3936 6176
436 250 535 312 I67

981 373 1310 430 EPISTOLA
1347 373 1456 428 VII.

921 508 987 545 AD
1016 507 1189 546 APRUI
1221 507 1286 545 Εἰ·
1315 507 1511 545 VERUM.

503 627 648 698 Apro
691 634 746 681 et
794 624 933 679 Vero
977 624 1279 679 Salvianus.
1319 623 1487 679 Olficii
1513 624 1609 689 sit,
1633 640 1700 677 an
1731 621 2009 694 impuden-

433 722 538 784 tim,
568 719 710 788 quod
740 718 884 789 prius
913 717 979 771 ad
1011 734 1104 772 vos
1132 718 1319 787 scripsi
1345 732 1504 786 quam
1535 733 1564 770 a
1592 718 1745 771 vobis
1760 715 1849 785 jus
1876 714 2009 768 scri-

434 813 592 869 bendi
620 814 916 883 acciperem
943 851 957 874 ,
1007 811 1148 865 malo
1191 812 1353 865 vestri
1381 826 1496 864 esse
1519 808 1706 878 judicii
1736 822 1895 877 quam
1924 822 2009 860 as-

433 907 681 962 sertionis
710 921 867 969 meae;
907 904 1030 973 quia
1060 919 1146 957 res
1174 903 1331 957 dubia
1361 918 1421 957 ac
1451 903 1623 955 latens
1651 901 1841 955 melius
1869 915 2008 954 sem-

435 1013 532 1067 per
558 997 712 1051 b0uis
740 994 1245 1064 interpretatorihus
1271 1008 1429 1062 quam
1459 992 1615 1046 malis
1641 991 2013 1045 defensoribus

436 1088 688 1143 creditur.
729 1085 834 1140 Sed
864 1086 987 1140 licet
1026 1086 1139 1140 haec
1183 1100 1308 1139 vere
1335 1100 1393 1138 se
1422 1084 1492 1138 ita
1522 1084 1757 1139 habeant
1785 1091 1840 1137 et
1866 1098 1895 1136 a
1924 1096 2013 1136 me

436 1180 509 1232 ita
539 1194 657 1232 esse
708 1179 989 1242 ducantur,
1041 1185 1220 1233 tamen
1266 1177 1312 1231 si
1359 1176 1485 1245 quid
1538 1177 1588 1229 in
1620 1176 1732 1230 veri
1760 1175 2014 1245 opinione

434 1269 724 1323 secundum
752 1266 1156 1335 intelligentiam
1186 1282 1357 1320 meam
1388 1267 1485 1329 sit,
1516 1266 1837 1320 audiendum
1867 1281 1895 1319 a
1926 1280 2013 1347 me

436 1361 666 1431 putatis,
699 1374 799 1428 ego
836 1362 914 1414 sic
951 1359 1201 1421 arbitror,
1233 1359 1279 1412 si
1321 1358 1535 1427 quando
1564 1357 1631 1411 de
1657 1354 1834 1411 officio
1863 1355 2012 1410 defr-

432 1453 599 1508 rendo
624 1454 802 1523 parvis
823 1493 838 1518 ,
891 1458 948 1506 ut
976 1465 1076 1519 ego
1106 1467 1223 1505 sum
1241 1492 1256 1515 ,
1289 1450 1429 1520 apud
1456 1450 1789 1519 superiores.
1834 1457 1890 1502 ut
1919 1463 2014 1502 vos

431 1544 579 1607 estis,
611 1551 795 1597 sancta
824 1543 1099 1598 contentio
1127 1550 1228 1607 est,
1260 1542 1449 1596 melius
1477 1557 1571 1595 eos
1597 1540 1776 1595 facere
1804 1540 1849 1593 si
1876 1555 2009 1609 pne-

430 1645 694 1706 occnpent
739 1637 938 1705 scripto
970 1643 1227 1705 patronos
1274 1650 1400 1688 suos
1428 1649 1588 1703 quam
1614 1634 1659 1686 si
1688 1634 1756 1686 ab
1786 1633 1850 1686 iis
1881 1647 2013 1701 pmo-

1363 263 1417 318 s.
1460 245 1778 318 SALVIANI
1817 251 2280 323 MASSILIENSIS
2319 246 2742 305 PRESBYTERI

3583 264 3699 321 168

2034 374 2085 431 Α
2113 365 2230 420 nori
2261 363 2416 429 cedat
2445 360 2642 416 ofﬁcio.
2675 359 2819 426 Hzec,
2850 355 2923 413 mi
2944 356 3146 414 domini
3165 355 3518 423 venerabiles,
3545 356 3694 428 juxta

2114 454 2511 525 opiniuuculam
2557 466 2732 506 meam
2784 467 2890 505 non
2938 457 3046 502 tam
3074 450 3495 519 prmsumptione
3522 450 3697 504 scien-

2116 547 2202 601 tiae
2227 560 2389 613 quam
2417 544 2623 597 honore
2650 540 2962 595 reverentiae
2989 548 3180 593 vestrae
3208 539 3489 594 scribenda
3517 539 3587 594 ad
3609 556 3701 594 vos

2110 634 2314 706 putavi.
2373 632 2430 687 Si
2476 630 2618 685 aliud
2664 646 2759 685 vos
2805 630 3004 685 sentire
3052 624 3425 695 ostenderitis,
3454 644 3557 698 ego
3586 646 3700 685 ma-

2115 739 2243 780 num
2271 723 2338 778 ad
2367 737 2429 777 os
2456 737 2635 776 meum
2665 737 2895 791 ponam;
2938 729 2994 775 et
3015 719 3169 790 juxta
3198 722 3502 791 exemplum
3532 725 3702 778 sancti

2114 812 2248 878 Job,
2280 812 2371 882 qui
2407 819 2530 881 post
2556 812 2790 866 divinam
2819 826 3007 866 vocem
3048 811 3102 865 in
3131 813 3590 882 comparationem
3620 814 3704 868 lo-

2116 904 2328 973 quentis
2357 904 2450 957 Dei
2481 917 2704 973 parvum
2747 917 2806 956 se
2843 910 2898 957 et
2934 901 3256 956 imbecillum
3285 918 3402 958 esse
3429 905 3703 973 cognovit,

2114 1005 2311 1052 terram
2340 1011 2455 1060 me,
2489 1004 2545 1049 ut
2570 1011 2719 1060 sum,
2750 994 3045 1063 squalidam
3068 1034 3083 1059 ,
3126 1001 3180 1049 et
3208 995 3533 1050 insincerum
3564 997 3704 1052 cice-

2115 1104 2227 1143 rem
2252 1088 2505 1157 judicabo
2530 1126 2546 1151 ,
2593 1087 2872 1154 dicamque
2911 1084 3037 1138 illud
3063 1102 3076 1137 :
3108 1083 3289 1139 Semel
3311 1086 3521 1140 locutus
3550 1102 3703 1140 sum:

2117 1196 2224 1234 non
2254 1178 2499 1247 adjiciam
2526 1195 2537 1232 :
2570 1176 2679 1231 Nec
2708 1176 2974 1231 immerito
3000 1192 3015 1228 :
3047 1175 3285 1230 incidere
3312 1176 3455 1231 enim
3479 1178 3532 1230 in
3556 1175 3706 1231 falsae

2115 1270 2384 1340 Opinionis
2431 1284 2667 1323 errorem
2710 1268 3022 1338 priusquam
3060 1281 3187 1321 vera
3235 1280 3557 1335 cognoscas,
3603 1268 3703 1322 im-

2115 1363 2271 1431 periti
2296 1361 2458 1415 animi
2493 1368 2575 1415 est
2594 1371 2649 1415 et
2677 1360 2961 1430 simplicis;
2992 1374 3342 1429 perseverare
3370 1375 3501 1416 vero
3530 1360 3585 1414 in
3612 1374 3704 1426 eo,

2118 1464 2397 1524 postquam
2428 1451 2733 1521 agnoveris,
2766 1450 3135 1505 contumaciae.
3162 1448 3371 1505 Valete.

2654 1537 2986 1595 EPISTOLA
3025 1539 3157 1594 VIII.

2697 1652 2765 1689 AD
2805 1649 3132 1689 EUCIIEBIUI.

431 1736 777 1798 occupentur.
818 1728 951 1781 Nam
990 1742 1109 1782 cum
1149 1726 1263 1796 ipsa
1288 1724 1552 1780 scribendi
1580 1724 2013 1791 rescribendique
2049 1745 2090 1802 Β
2190 1737 2214 1765 ⁸
2243 1728 2469 1782 Domino
2514 1734 2570 1782 et
2617 1726 2931 1782 dulcissimo
2978 1724 3550 1799 Eucheriotepiscopo,
3580 1723 3706 1779 sa]-

431 1818 714 1873 assiduitas
752 1816 943 1871 dandis
981 1816 1067 1870 vel
1093 1816 1325 1870 maxime
1354 1824 1407 1869 et
1434 1814 1720 1869 reddendis
1744 1814 2015 1882 obsequiis

432 1909 729 1974 deferatur;
775 1909 944 1963 multo
993 1923 1213 1963 necesse
1260 1915 1344 1962 est
1387 1890 1639 1961 humilius
1678 1907 1746 1960 sit
1773 1914 1827 1961 et
1854 1906 2013 1960 obse-

433 2003 718 2072 quentius,
750 2001 880 2056 dare
918 2000 1226 2070 quempiam
1268 2015 1485 2069 operam
1517 2007 1574 2053 ut
1602 1998 1835 2053 officium
1866 1999 2015 2068 prius
2063 2021 2070 2027 -

432 2094 634 2148 deferat
662 2108 822 2162 quam
852 2099 1166 2159 exspectare
1195 2099 1253 2143 ut
1276 2091 1420 2159 prius
1443 2090 1623 2158 capiat
1649 2107 1660 2140 :
1690 2079 1836 2156 quia,
1861 2087 2014 2157 juxta

434 2184 485 2238 id
513 2183 655 2253 quod
681 2197 842 2251 supra
880 2181 1137 2244 diximus,
1187 2178 1386 2234 delatio
1425 2177 1585 2233 officii
1623 2177 1802 2246 fugere
1839 2179 2013 2232 bono-

432 2290 546 2329 rem
569 2315 584 2340 ,
631 2272 983 2327 dissimulatio
1024 2268 1279 2325 all‘ectare
1307 2270 1569 2324 videatur.
1610 2267 1856 2341 Congrqe
1885 2283 2014 2335 ergo

430 2373 488 2419 et
530 2363 711 2418 multis
750 2362 921 2416 modis
961 2361 1353 2415 rationabiliter
1380 2367 1558 2414 actum
1589 2367 1689 2425 est,
1720 2368 1780 2413 ut
1807 2374 1906 2427 ego
1946 2358 2015 2412 ad

432 2469 530 2509 vos
565 2454 713 2523 prius
752 2453 1061 2508 scriberem.
1106 2450 1373 2515 Primum,
1405 2451 1533 2519 quia
1563 2450 1790 2519 turpiter
1817 2450 1884 2503 ad
1913 2450 2013 2503 ho-

434 2561 620 2600 norem
649 2544 879 2598 ambisse
906 2543 1116 2597 viderer
1145 2541 1381 2597 inferior.
1418 2542 1637 2607 Deinde,
1662 2542 1806 2610 quod
1827 2558 1922 2596 vos
1948 2542 2015 2596 ab

433 2636 580 2690 omni
624 2632 995 2703 hujuscemodi
1032 2635 1188 2704 193
1216 2633 1481 2703 opinionis
1528 2641 1655 2689 nota
1698 2635 1771 2687 ita
1806 2650 2016 2688 morum

431 2734 735 2781 vestrorum
771 2724 998 2792 dignitas
1039 2724 1302 2789 vindicat,
1335 2731 1392 2779 ut
1420 2741 1558 2794 pene
1580 2725 1837 2795 quidquid
1865 2741 1895 2779 a
1923 2743 2017 2779 vo-

430 2819 514 2874 bis
542 2819 619 2885 iit,
652 2818 783 2873 nihil
810 2834 920 2873 non
948 2826 1096 2899 recte
1123 2816 1319 2872 factum
1347 2833 1466 2873 esse
1494 2819 1763 2873 credatur.
1796 2817 2013 2873 Postre-

431 2930 542 2977 mo,
573 2913 717 2984 quod
742 2914 903 2968 etiam
945 2913 991 2968 si
1020 2913 1123 2968 hoc
1150 2914 1373 2973 consilio
1401 2930 1500 2968 vos
1530 2912 1598 2966 ad
1628 2928 1714 2967 me
1745 2928 1850 2967 non
1881 2914 2015 2966 seri-

430 3005 672 3076 psissetis
694 3045 710 3070 ,
760 3012 948 3081 ut'ego
973 3012 1227 3074 peccator
1251 2989 1321 3057 et.
1344 3003 1640 3058 imbecillus
1669 3004 1817 3073 prius
1842 3002 2016 3056 deler-

2118 1820 2304 1874 vianus
2331 1819 2632 1888 presbyter.
2674 1817 2803 1886 Legi
2823 1817 2991 1871 libros
3014 1831 3146 1885 quos
3172 1815 3532 1881 transmisisti,
3561 1817 3707 1887 stylo

2123 1913 2278 1981 199
2304 1910 2494 1965 breves
2516 1945 2531 1973 ,
2581 1909 2825 1965 doctrina
2871 1908 3091 1974 uberes,
3139 1908 3371 1963 lectione
3390 1892 3707 1977 expeditos,

2116 2002 2467 2056 instructione
2514 2000 2818 2070 perfectos,
2870 1999 3037 2054 menti
3088 2005 3286 2062 tureac
3305 1998 3495 2068 pietati
3520 2014 3709 2069 pares.

2115 2094 2226 2149 Nec
2268 2094 2435 2148 miror
2480 2092 2623 2163 quod
2664 2100 2774 2147 tam
2803 2092 2934 2147 utile
2963 2107 3027 2146 ac
3054 2091 3334 2163 pulchrum
3361 2106 3498 2161 Opus
3525 2090 3596 2145 ad
3619 2092 3709 2146 in-

2116 2186 2450 2257 stitutionem
2496 2185 2832 2255 potissimum
2879 2194 3189 2239 sanctorum
3206 2160 3300 2237 ‘ac
3345 2182 3373 2221 δ
3419 2184 3710 2239 beatorum

2117 2279 2397 2347 pignorum
2426 2276 2732 2331 condidisti.
2773 2273 2907 2329 Cum
2936 2276 3077 2330 enim
3102 2274 3357 2329 eximium
3386 2274 3439 2328 in
3467 2274 3545 2329 eis
3567 2283 3709 2328 temo

2116 2371 2263 2441 plum
2312 2368 2422 2424 Deo
2469 2368 2816 2423 tedilicaveris
2840 2408 2854 2431 ,
2905 2367 3149 2422 doctrina
3196 2382 3350 2422 nova:
3390 2366 3711 2422 eruditionis

2117 2462 2270 2530 quasi
2314 2458 2579 2514 summum
2627 2458 2835 2513 azdilicii
2886 2459 2960 2512 tui
3005 2459 3218 2513 culmen
3270 2457 3511 2522 ornasti;
3566 2466 3621 2510 et
3649 2466 3711 2510 ut

2118 2552 2323 2606 indoles
2349 2558 2549 2605 sanet-.e
2575 2564 2729 2618 aeque
2759 2548 3001 2603 doctrina
3030 2564 3092 2603 ac
3132 2548 3243 2602 vita
3269 2548 3710 2611 inlustrarentur,

2116 2658 2252 2712 quos
2277 2642 2465 2696 morali
2495 2641 2827 2695 institutione
2857 2640 3188 2695 formaveras
3207 2678 3221 2700 .
3253 2638 3476 2709 spiritali
3507 2638 3710 2693 instru-

2118 2733 2297 2791 Ctione
2344 2732 2629 2787 decorasti.
2671 2729 2930 2801 Superest
2967 2736 3024 2784 ut
3063 2730 3320 2784 Dominus
3349 2729 3490 2784 Deus
3517 2737 3710 2783 noster

2118 2822 2270 2895 cujus
2297 2824 2438 2879 dono
2481 2821 2927 2878 admirandissimi
2961 2820 3187 2889 juvenes
3212 2822 3343 2874 tales
3368 2827 3513 2882 sunt,
3543 2834 3711 2890 pares

2119 2931 2213 2970 eos
2238 2915 2399 2970 faciat
2430 2915 2579 2969 libris
2608 2914 2712 2969 tuis
2736 2955 2750 2979 ,
2802 2913 2854 2967 id
2884 2922 2984 2978 est,
3037 2919 3095 2966 ut
3141 2911 3398 2980 quidquid
3425 2911 3500 2965 illi
3524 2910 3711 2965 conti-

2118 3015 2247 3059 nent
2299 3006 2349 3059 in
2399 3004 2674 3075 mysterio,
2723 3003 2829 3057 hoc
2874 3011 3096 3071 uterque
3142 3001 3358 3055 illorum
3403 3000 3600 3054 habeat
3648 2999 3710 3054 in

427 3113 544 3152 rem
572 3094 745 3151 ofﬁcia
774 3110 933 3164 quam
955 3109 1259 3173 sumerem;
1286 3094 1374 3165 pio
1395 3095 1564 3163 magis
1594 3094 1647 3149 id
1669 3104 1763 3149 ros
1790 3095 2012 3148 consilio
2040 3104 2086 3165 c
2119 3114 2299 3153 sensu.
2343 3097 2408 3152 Et
2443 3098 2567 3167 quia
2603 3096 2712 3164 jam
2742 3095 3142 3165 dispensatione
3170 3093 3349 3148 divina
3376 3101 3536 3162 atque
3558 3092 3710 3162 judi-

430 3187 615 3243 fecisse
667 3186 1082 3242 existimandum
1139 3192 1256 3240 erat
1304 3200 1464 3253 quam
1518 3186 1806 3253 arroganti.
1877 3183 2010 3261 Cum

428 3278 571 3332 enim
599 3277 760 3332 totius
800 3275 966 3332 ferme
1007 3275 1320 3329 humilitatis
1348 3283 1401 3329 et
1430 3290 1595 3345 prope
1623 3275 1861 3330 omnium
1890 3275 2010 3329 oili-

427 3368 629 3422 ciorum
660 3367 893 3437 palmam
920 3364 1120 3435 indepti
1150 3364 1264 3419 sitis
1286 3405 1301 3430 ,
1349 3382 1455 3419 non
1487 3373 1592 3418 tam
1622 3365 1770 3419 credi
1800 3372 2013 3434 poterat

427 3474 521 3513 vos
549 3458 721 3513 amico
758 3457 991 3513 voluisse
1034 3450 1298 3512 honorem
1328 3471 1526 3526 negare
1554 3472 1716 3526 quam
1747 3473 1884 3512 onus
1914 3472 2014 3512 ιιο⁴

427 3551 588 3608 luisse
615 3553 911 3622 imponere.
952 3550 1206 3618 Quamvis
1235 3551 1378 3605 enim
1408 3551 1694 3605 honestum
1723 3558 1778 3605 et
1804 3550 2012 3618 religio-

426 3658 544 3697 sum
583 3629 818 3699 Studium
845 3643 914 3697 sit
942 3657 1319 3711 prmoccupare
1346 3642 1644 3695 humilitate
1673 3649 1727 3695 et
1754 3642 2003 3706 vincere;

426 3741 609 3787 tamen
653 3731 869 3801 quando
916 3731 1055 3784 inter
1099 3730 1233 3784 tales
1274 3737 1331 3784 ut
1360 3747 1459 3784 nos
1485 3746 1685 3797 sumus,
1719 3731 1900 3813 idest,
1934 3732 2015 3786 in-

428 3832 509 3878 ter
536 3838 774 3878 summos
820 3830 980 3889 atque
1021 3821 1292 3884 intimum,
1337 3822 1709 3890 hujuscemodi
1740 3824 2013 3892 negotium

428 3924 540 3980 est;
590 3912 995 3967 abundantioris
1023 3912 1300 3967 charitatis
1333 3928 1446 3968 rem
1483 3914 1657 3984 major
1684 3915 1812 3969 facit
1840 3916 1884 3970 si
1913 3917 2014 3971 mi-

2116 3188 2202 3243 cio
2250 3188 2411 3242 etiam
2453 3199 2475 3225 ο
2516 3186 2758 3254 magistri
2810 3184 3171 3240 Ecclesiarum
3219 3199 3341 3239 esse
3379 3190 3709 3252 cmperunt;

2112 3282 2286 3335 donec
2312 3281 2417 3334 hoc
2460 3277 2825 3345 benignissimi
2854 3277 2949 3331 Dei
2979 3277 3150 3347 pietas
3169 3317 3184 3341 ,
3216 3283 3276 3330 ut
3301 3275 3546 3330 doctrina
3574 3274 3709 3330 illo-

2115 3387 2231 3427 rum
2280 3371 2481 3426 fructus
2528 3371 2597 3426 sit
2646 3369 3008 3425 Ecclesiarum
3055 3376 3110 3424 et
3157 3376 3310 3434 tuus,
3349 3366 3711 3438 profectuque

2117 3462 2565 3518 excellentissimo
2616 3469 2724 3515 tam
2752 3461 2902 3517 illum
2933 3468 3129 3516 ornent
3168 3476 3200 3515 a
3229 3475 3337 3530 quo
3360 3467 3485 3514 sunt
3510 3459 3708 3527 geniti,

2112 3570 2275 3624 quam
2323 3569 2417 3609 eos
2462 3570 2597 3623 quos
2644 3553 2745 3623 ipsi
2786 3568 2883 3607 sua
2925 3551 3260 3606 institutione
3301 3550 3707 3620 generaverint.

2114 3645 2350 3714 Mihique
2380 3647 2483 3699 hoc
2505 3685 2521 3710 ,
2572 3645 2674 3699 etsi
2724 3659 2832 3698 non
2881 3636 3022 3698 inter
3049 3643 3228 3698 omnia
3247 3681 3262 3707 ,
3290 3649 3438 3698 certe
3466 3642 3549 3696 vel
3577 3652 3711 3712 post

2116 3739 2294 3792 omnia
2323 3738 2631 3792 misericors
2668 3736 2810 3791 Deus
2849 3736 3080 3799 tribuat,
3110 3742 3172 3789 ut
3196 3733 3288 3802 qui
3317 3733 3528 3788 fuerunt
3557 3729 3586 3770 ἀ
3614 3732 3711 3787 di-

2115 3832 2305 3901 scipuli
2355 3831 2624 3900 quondam
2674 3829 2817 3895 mei,
2868 3830 2977 3884 sint
3021 3844 3163 3884 nunc
3188 3827 3430 3896 quotidie
3456 3833 3711 3882 oratores

2117 3923 2242 3975 mei.
2286 3921 2437 3985 Vale,
2470 3921 2542 3973 mi
2570 3920 2817 3974 dominus
2846 3927 2900 3973 et
2928 3918 3110 3973 dulcis
3129 3933 3298 3972 meus.

1598 4044 1937 4101 STEPHANI
1976 4047 2249 4102 BALUZII
2288 4045 2514 4102 ΝΟΤλΕ.

500 4169 523 4199 ³
539 4160 616 4214 Ita
636 4167 786 4214 vetus
797 4159 966 4214 codex
984 4160 1290 4215 monasterii
1305 4158 1665 4217 Corbeiensis.
1686 4159 1738 4213 in
1763 4176 1869 4217 alio
1885 4177 2012 4215 con-

427 4227 845 4298 tinenturOpera
862 4228 1107 4284 Eucherii
1127 4229 1490 4293 Lugdunensis
1502 4230 1758 4298 episcopi.
1776 4227 2014 4287 Pithmus

428 4301 620 4355 edidit:
642 4299 865 4353 Domino
879 4310 927 4353 et
940 4300 1073 4353 dulci
1086 4315 1177 4353 suo
1192 4299 1445 4354 Eucherio
1458 4302 1691 4368 episcopo
1709 4298 2007 4355 Salvianus.

429 4370 651 4438 Reliqua
675 4369 827 4423 istius
841 4372 1092 4439 epistolae
1120 4370 1401 4423 emendata
1424 4379 1547 4423 sunt
1574 4369 1641 4423 ad
1684 4369 1838 4439 fidem
1870 4370 2012 4439 ejus-

426 4441 548 4495 dem
569 4437 795 4507 codicis
831 4437 1186 4503 Cdrbeiensis,
1215 4440 1306 4507 qui
1344 4456 1481 4493 nunc
1511 4448 1683 4493 exstat
1713 4437 1929 4495 Parisiis
1954 4442 2008 4495 in

429 4509 748 4565 bibliotheca
778 4506 958 4563 Sancti
988 4506 1241 4560 Germani
1265 4509 1331 4562 de
1354 4507 1543 4562 Pratis.

502 4579 526 4617 δ
557 4578 759 4633 Salonii
786 4577 1033 4631 videlicet
1053 4585 1107 4631 et
1134 4577 1346 4631 Verani.

503 4659 525 4729 ξ
552 4648 667 4729 lion
696 4656 826 4729 puto
864 4663 958 4702 eos
987 4655 1104 4728 tum.
1144 4645 1305 4701 fuisse
1332 4648 1779 4729 episcopoanon
1808 4649 2011 4729 diceret

427 4717 854 4773 enimSalvianus
866 4733 959 4773 eos
969 4717 1195 4786 cmpisse
1205 4732 1323 4772 esse
1335 4718 1616 4786 magistros
1628 4717 2004 4785 Ecclesiarum,

427 4787 521 4856 sed
557 4786 780 4841 dixisset
821 4787 931 4856 jam
969 4802 1086 4843 esse
1128 4790 1428 4855 magistros.
1469 4788 1597 4841 Nam
1634 4790 2007 4856 magistrorum

429 4855 681 4911 Ecclesia:
729 4855 1018 4925 appellatio
1064 4857 1293 4925 primum
1331 4858 1562 4926 pertinet
1589 4858 1654 4911 ad
1697 4855 2004 4927 episcopos;

425 4927 521 4980 sed
533 4933 708 4978 tamen
728 4927 886 4979 etiam
904 4928 968 4980 ad
986 4927 1139 4991 alios,
1161 4936 1219 4980 ut
1239 4928 2007 4994 eolligiturexCommonitorio

428 4996 692 5050 Vincentii
719 4994 1027 5050 Lirinensis.
1062 4995 1460 5052 UndeJulianus
1482 4996 1760 5053 Pomerius
1782 4998 1940 5052 inlib.
1967 5014 2002 5052 ιι

426 5065 494 5119 de
512 5064 629 5118 Vita
654 5067 943 5135 contempl.
968 5081 1085 5135 cap.
1107 5064 1143 5118 2
1165 5084 1175 5117 :
1200 5066 1283 5120 Ea
1302 5085 1419 5121 vera
1441 5083 1548 5121 esse
1570 5066 1755 5122 divinis
1777 5070 2004 5122 testimo-

426 5136 526 5188 niis
550 5133 774 5188 conabor
793 5133 1086 5206 osténderé;
1098 5138 1151 5206 Asi
1174 5139 1313 5206 prius
1334 5155 1497 5206 pauca
1519 5137 1580 5190 de
1600 5138 1751 5192 laude
1772 5155 2003 5192 verorum

426 5206 766 5277 sacerdotum,
797 5207 882 5276 qui
919 5216 1037 5259 sunt
1064 5204 1413 5277 Ecclesiarum
1434 5210 1686 5277 magistri,
1719 5210 1998 5277 protulero.

426 5273 634 5329 Primus
662 5273 821 5343 igitur
843 5276 1130 5342 magisterii
1154 5277 1367 5344 gradus,
1402 5286 1460 5331 ut
1492 5273 1592 5345 ego
1620 5273 1831 5344 quidem
1863 5279 2005 5333 arbi-

425 5355 557 5416 tror,
592 5345 688 5416 fuit
723 5345 1061 5416 inﬂgdiacouis.
1098 5350 1296 5401 Auctor
1330 5349 1472 5403 enim
1500 5356 1584 5403 est
1612 5346 2004 5416 Philostorgius

424 5415 517 5470 lib.
539 5433 594 5470 ιιι
611 5414 744 5487 Hist.
762 5412 987 5479 Eccles.,
1006 5432 1123 5486 cap.
1146 5416 1232 5481 I7,
1257 5416 1535 5472 Leontium
1562 5417 1858 5472 Antiochia)
1887 5412 2004 5487 Epi-

423 5502 642 5555 scopum
668 5485 880 5548 factam,
897 5485 1210 5555 discipulum
1227 5488 1593 5541 suumAetium
1607 5488 1912 5554 designasse
1925 5485 2002 5541 ad

423 5556 664 5627 ordinem
697 5558 924 5615 diaconi.
958 5559 1113 5627 eique
1144 5566 1201 5611 ut
1244 5557 1492 5612 Ecclesia:
1540 5558 1787 5625 dogmata
1818 5560 1871 5610 in
1914 5572 2000 5611 ec-

424 5626 582 5695 clesia
607 5626 823 5679 doceret
846 5626 1142 5689 mandasse,
1168 5629 1309 5681 hunc
1339 5644 1463 5680 vero
1486 5627 1822 5681 diaconatum
1845 5628 2001 5695 equi-

422 5691 544 5747 dem
598 5697 869 5763 suscipere
921 5698 1173 5764 noluisse,
1206 5698 1430 5753 docendi
1463 5705 1638 5752 tamen
1672 5714 1860 5754 munus
1895 5691 2002 5752 'ad—

2116 4161 2345 4215 misisse.
2397 4159 2544 4214 Idem
2589 4159 2727 4215 libro
2771 4175 2841 4224 tv,
2875 4174 2994 4229 cap.
3039 4157 3103 4224 3,
3136 4159 3211 4213 ait
3257 4157 3575 4229 Eudoxium,
3607 4160 3710 4228 qui

2118 4230 2342 4285 Leontio
2363 4239 2692 4284 successerat
2714 4231 2766 4284 in
2789 4227 3099 4298 episcopatu
3128 4229 3482 4291 Antiochcno,
3515 4227 3710 4282 Euno—

2114 4301 2283 4354 mium
2332 4300 2635 4367 designasse
2682 4301 2748 4353 ad
2791 4301 3163 4363 diaconatum,
3197 4300 3368 4367 ipsum
3408 4313 3537 4351 vero
3586 4314 3704 4353 non

2114 4371 2410 4440 suscepisse
2456 4366 2806 4440 ministerium
2849 4366 3461 4440 priusquamaccurate
3486 4366 3555 4440 ad
3601 4368 3709 4423 do-

2114 4435 2339 4495 ctrinam
2362 4440 2712 4510 pervenisset.
2736 4438 2815 4495 Ex
2837 4435 2919 4493 his
2939 4435 3149 4494 duobus
3174 4438 3305 4510 locis
3328 4435 3517 4510 confici
3540 4452 3711 4510 posse

2113 4519 2244 4581 puto
2272 4507 2498 4581 docendi
2522 4523 2731 4581 munus,
2762 4518 2949 4581 contra
2990 4507 3373 4581 quamplacuit
3398 4508 3513 4581 vir_o
3540 4507 3711 4581 docto

2038 4575 2086 4633 D
2114 4575 2329 4634 innixum
2382 4578 2543 4633 fuisse
2595 4578 2772 4634 officio
2828 4575 3057 4641 diaconi,
3105 4575 3293 4633 saltem
3350 4578 3401 4631 in
3461 4575 3707 4632 Ecclesia

2115 4648 2393 4704 Orientali.
2418 4649 2545 4703 Nam
2574 4648 2720 4716 quod
2759 4648 2826 4702 ad
2854 4646 3248 4703 Occidentalem
3277 4648 3538 4717 pertinet,
3568 4647 3709 4702 nihil

2115 4720 2291 4775 adhuc
2320 4719 2454 4773 certi
2493 4727 2827 4787 compertum
2870 4718 3063 4773 habeo.
3092 4718 3211 4787 Sed
3246 4734 3368 4772 cum
3414 4717 3712 4787 antiquitas

2114 4791 2370 4845 diaconos
2395 4789 2558 4843 etiam
2583 4786 2920 4844 constituerit
2948 4790 3002 4842 in
3032 4786 3356 4849 sacerdotio,
3376 4786 3551 4855 colligi
3576 4787 3710 4843 hinc

2117 4875 2222 4913 non
2253 4859 2481 4913 absurde
2522 4865 2712 4928 potest,
2738 4859 2910 4927 majus
2939 4856 3140 4927 aliquid
3166 4858 3326 4912 fuisse
3366 4856 3576 4911 illorum
3597 4858 3711 4928 got-

2116 4929 2293 4984 ficium
2305 4996 2316 4998 4
2329 4997 2332 4998 ν
2347 4942 2508 4998 quam
2525 4926 2535 4928 ⁷
2561 4927 2793 4998 εἰπψιθχ
2809 4997 2812 4998 ν
2830 4926 3212 4992 ministerium,
3244 4927 3487 4994 adeoque
3536 4926 3709 4980 etiam

2113 4996 2341 5054 docendi
2362 4996 2737 5052 auctoritatem
2765 4997 2869 5052 illis
2895 4998 3057 5052 fuisse
3096 4999 3435 5054 commissam
3474 5012 3583 5050 non
3612 5012 3711 5051 se-

2111 5084 2207 5152 cus
2235 5084 2298 5123 ac
2325 5068 2579 5150 episcopo
2608 5074 2662 5122 et
2691 5068 3026 5139 presbytero,
3064 5083 3171 5123 non
3201 5077 3380 5123 tamen
3410 5066 3524 5120 sine
3545 5066 3709 5135 jussu

2109 5153 2369 5194 eDISCODI.

2146 5153 2444 5263 piscr93éi-at
2471 5207 2613 5261 enim
2641 5206 2941 5272 Salvianus,
2968 5209 3044 5262 uti
3065 5208 3174 5276 jam
3194 5222 3302 5262 non
3327 5205 3493 5261 semel
3514 5205 3712 5260 obser-

2086 5279 2368 5341 vavimus,
2399 5279 2655 5347 magister
2699 5278 2903 5333 Salonii
2940 5286 2996 5332 et
3024 5278 3250 5342 Verani;
3303 5284 3361 5331 ut
3398 5276 3558 5347 docet
3585 5276 3712 5347 ipse

2110 5348 2411 5411 Salvianus,
2444 5344 2568 5403 cum
2614 5348 2668 5402 in
2707 5349 2810 5403 hoc
2840 5348 2980 5412 loco,
3022 5355 3137 5401 tum
3164 5348 3328 5401 etiam
3368 5347 3422 5400 in
3470 5344 3711 5415 epistola

2110 5419 2375 5486 sequenti.
2407 5416 2561 5482 Quod
2589 5417 2749 5471 etiam
2779 5423 3004 5472 testatur
3050 5415 3346 5472 Eucherius
3388 5417 3440 5470 in
3472 5415 3713 5486 epistola

2110 5484 2480 5541 ad'Salonium
2510 5502 2628 5556 qua:
2651 5488 2847 5556 prteligi
2878 5488 3015 5541 solet
3034 5484 3712 5556 qutestionihusveteriset

2106 5558 2229 5611 novi
2273 5553 2618 5611 Testamenti.
2652 5553 2821 5612 Ideni
2851 5553 3159 5612 Gennadius
3201 5557 3268 5611 de
3322 5556 3577 5611 Salviano
3620 5553 3715 5607 10-

2103 5641 2318 5751 qfuens;
2360 5626 2613 5699 Magister
2653 5629 3007 5700 episcoporum
3054 5634 3351 5682 sanctorum
3400 5623 3607 5681 Salonii
3652 5632 3712 5679 et

2158 5713 2326 5751 eram.

2158 5713 2326 5752 eram.
