4006 6182
318 336 405 392 tau
1729 340 2101 398 EPISTULA}.
2179 324 2215 355 ‘

843 446 1170 504 EPISTOLA
1208 452 1297 506 IX.

877 597 946 635 AD
985 595 1260 637 SALONIUII.

369 747 391 771 ἰ
421 733 639 788 Domino
685 748 747 787 ac
792 733 1098 787 beatissimo
1147 732 1436 802 discipulo,
1479 734 1584 787 lilio
1614 744 1667 789 et
1697 737 1861 805 patti,

304 841 389 895 per
429 824 812 877 institutionem
841 822 1120 891 discipulo,
1152 837 1250 892 per
1278 838 1515 878 amorem
1545 824 1674 891 ﬁlio,
1707 826 1732 864 δ
1761 843 1858 896 per

304 918 542 969 honorem
575 913 732 984 patri,
770 924 790 952 ο
821 912 1038 968 Salonio
1066 914 1336 984 episcopo,
1368 913 1663 971 Salvianus.
1697 916 1854 983 Qua:-

306 1007 369 1058 ris
394 1022 422 1057 a
448 1021 552 1067 me,
587 1022 620 1058 o
648 1006 721 1057 mi
751 1002 967 1067 Saloni,
999 1004 1229 1058 Charitas
1256 1020 1393 1069 mea,
1424 1021 1520 1059 cur
1543 1007 1733 1062 libellis
1759 1025 1855 1064 nu-

301 1113 386 1165 per
412 1114 439 1148 a
465 1096 698 1164 quodam
737 1094 894 1163 hujus
937 1095 1192 1164 temporis
1221 1095 1435 1149 homine
1464 1095 1529 1149 ad
1561 1097 1853 1153 Ecclesium

300 1188 434 1242 tactis
461 1186 738 1239 Timothei-
759 1200 951 1239 nomen
988 1185 1291 1253 inscriptum
1320 1185 1406 1238 sit.
1448 1185 1609 1240 Addis
1638 1195 1854 1256 printer-

298 1292 353 1330 ea
378 1276 513 1344 quod
544 1275 644 1328 nisi
671 1275 932 1328 rationem
960 1274 1204 1327 vocabuli
1224 1273 1497 1328 evidenter
1516 1291 1849 1345 expressero,

298 1366 409 1419 dum
455 1364 801 1419 nominantur
843 1364 1004 1435 200
1050 1362 1350 1428 Timothei,
1384 1364 1521 1418 inter
1548 1368 1853 1436 apocrypha

297 1455 391 1508 sint
432 1453 659 1507 fortasse
702 1452 1004 1521 reputandi.
1076 1450 1189 1519 Ago
1233 1453 1428 1519 gratias
1473 1460 1633 1522 atque
1680 1454 1852 1510 habeo

296 1546 420 1613 quod
446 1545 513 1598 de
544 1560 629 1599 me
659 1544 730 1597 ita
754 1542 990 1611 jndicas,
1022 1550 1078 1595 ut
1108 1543 1371 1611 pertinere
1399 1544 1502 1597 hoc
1527 1544 1757 1600 mstimes
1785 1546 1852 1600 ad

295 1633 400 1686 tidei
444 1647 580 1685 [ηοω
630 1645 813 1686 curam
858 1646 925 1685 ne
953 1628 1080 1699 quid
1108 1630 1451 1685 ecclesiastici
1480 1633 1657 1702 operis
1683 1634 1850 1712 vacil-

3429 347 3528 401 170

1886 467 1930 519 Α
1963 466 2103 511 sunt.
2145 456 2253 511 Cur
2280 458 2323 511 is
2350 459 2441 527 qui
2469 450 2704 529 scripsit,
2737 460 2803 515 ad
2834 459 3124 516 Ecclesium
3154 460 3445 531 scripserit,
3475 476 3529 517 et

1965 554 2140 599 utrum
2181 546 2357 601 alieno
2407 548 2650 613 nomine,
2701 557 2755 602 et
2799 564 2868 602 an
2911 564 3046 604 suo:
3078 550 3259 605 sinon
3288 562 3406 617 suo,
3433 567 3529 606 cur

1962 636 2136 691 alieno
2166 653 2178 688 ε
2211 644 2267 690 et
2292 638 2336 690 si
2366 638 2558 703 alieno,
2590 653 2685 693 cur
2713 638 2975 695 Timothei
3007 642 3163 713 201
3193 642 3527 710 potissimum

1962 742 2154 782 nomen
2183 728 2326 796 quod
2360 729 2682 784 scriberetur
2715 730 2956 799 elegerit.
2996 733 3161 800 Igitur
3184 741 3241 787 ut
3269 733 3433 788 libelli
3459 734 3528 787 ad

1960 814 2251 870 Ecclesiam
2279 818 2657 882 scriberentur,
2689 818 2805 874 haec
2830 835 2990 875 causa
3018 828 3116 876 est.
3155 821 3397 891 Scriptor
3415 823 3523 886 ille,

1961 914 2016 959 ut
2045 906 2204 959 etiam
2251 908 2448 976 scripta
2495 908 2609 978 ipsa
2654 916 2935 975 testantur,
2985 911 3147 965 habet
3192 912 3334 967 hunc
3378 913 3434 967 in
3468 928 3528 967 se

1958 1000 2159 1054 cultum
2205 1008 2363 1067 atque
2393 999 2640 1056 allectum
2688 999 2801 1060 Dei.
2828 1009 2886 1055 ut
2915 1002 3024 1056 Deo
3056 1002 3183 1056 nihil
3211 1018 3527 1072 prmponen—

1958 1088 2085 1143 dum
2132 1099 2320 1159 putet,
2369 1091 2658 1147 secundum
2705 1092 2831 1145 illud
2878 1090 3081 1147 scilicet
3119 1092 3329 1148 Domini
3356 1096 3526 1148 nostri

1958 1178 2193 1244 dictum,
2235 1195 2342 1248 quo
2388 1182 2464 1235 ait
2499 1201 2510 1235 :
2547 1181 2645 1246 Qui
2684 1191 2824 1236 amat
2861 1181 3029 1252 ﬁlium
3074 1176 3164 1235 aut
3206 1184 3372 1253 filiam
3410 1185 3525 1261 plus

1957 1282 2109 1340 quam
2135 1287 2234 1330 me,
2266 1286 2367 1323 non
2387 1280 2462 1324 est
2478 1288 2558 1327 me
2577 1272 2761 1342 dignus
2789 1271 3004 1341 (Matth.
3036 1287 3088 1336 ι,
3120 1272 3231 1342 57).
3273 1272 3526 1338 Quamvis

1956 1357 2153 1413 dictum
2182 1359 2286 1414 hoc
2314 1360 2621 1429 tepidissimi
2651 1376 2713 1415 ac
2741 1361 3175 1428 negligentissimi
3203 1362 3400 1431 quique
3428 1364 3525 1421 ho-

1956 1448 2128 1501 mines
2183 1449 2300 1503 solo
2361 1457 2567 1504 tantum
2615 1451 2998 1520 persecutionis
3046 1459 3287 1522 tempore
3333 1462 3523 1522 putent

1956 1552 2075 1591 esse
2119 1539 2456 1593 servandum.
2500 1539 2660 1605 Quasi
2709 1555 2835 1595 vero
2874 1541 3040 1595 ullum
3069 1542 3286 1596 omnino
3315 1550 3524 1613 tempus

1954 1627 2022 1681 sit
2067 1644 2174 1696 quo
2220 1629 2454 1699 pneferri
2483 1631 2679 1700 aliquid
2711 1631 2820 1686 Deo
2846 1632 3069 1697 debeat;
3101 1640 3193 1688 aut
3218 1634 3309 1702 qui
3338 1649 3522 1703 perse-

292 1723 390 1776 lare
416 1722 759 1791 permittam;
811 1721 1013 1775 scilicet
1065 1727 1120 1773 ut
1164 1735 1251 1775 res
1279 1735 1498 1775 summa:
1526 1722 1853 1780 salubritatis
1883 1740 1929 1800 Β
1955 1719 2186 1772 cutionis
2226 1727 2468 1789 tempore
2508 1721 2876 1790 pretiosiorem
2908 1722 3154 1775 omnibus
3179 1723 3337 1777 rebus
3364 1720 3520 1777 Chri-

291 1829 383 1866 non
411 1813 477 1866 sit
506 1813 732 1867 minoris
760 1812 915 1881 pretii
948 1826 1053 1880 per
1078 1811 1345 1880 opinionis
1373 1812 1654 1867 incertum.
1695 1813 1854 1869 Suﬂi-

288 1920 397 1959 cere
424 1905 608 1971 itaque
648 1901 715 1955 ad
755 1900 1138 1956 excludendum
1175 1902 1386 1971 penitus
1412 1904 1703 1974 apocryphi
1730 1904 1853 1976 styli

286 1993 631 2060 suspicionem
661 1990 822 2045 etiam
850 1990 953 2044 hoc
980 1990 1151 2043 solum
1180 1998 1408 2059 poterat,
1439 1992 1584 2059 quod
1610 1994 1853 2063 superius

287 2080 497 2135 iudicavi
532 2080 697 2135 libros
723 2079 1015 2133 neoterice
1035 2079 1406 2147 disputationis
1425 2095 1560 2148 esse,
1584 2089 1639 2136 et
1665 2097 1696 2137 a
1717 2099 1853 2153 prie-

285 2172 435 2224 scntis
480 2159 746 2240 temporis
784 2167 1003 2223 homine
1031 2167 1326 2222 divinarum
1356 2184 1537 2225 rerum
1564 2172 1741 2228 studio
1769 2179 1853 2227 at-

284 2277 376 2330 que
401 2276 587 2314 amore
631 2260 985 2329 conscriptos.
1033 2257 1230 2313 Carent
1270 2260 1410 2313 enim
1440 2261 1728 2331 apocryphi
1757 2278 1850 2316 su-

286 2352 550 2419 spicione,
602 2351 695 2418 qui
744 2360 1104 2416 agnoscuntur
1148 2348 1415 2404 Timothei
1465 2352 1696 2420 apostoli
1742 2368 1849 2407 non

287 2441 448 2496 fuisse.
491 2439 603 2495 Sed
633 2440 853 2508 requirit
893 2438 1112 2493 forsitan
1141 2438 1361 2507 aliquis,
1401 2440 1521 2508 quis
1548 2441 1636 2495 ille
1664 2450 1850 2497 auctor

283 2532 358 2594 sit,
387 2532 430 2585 si
457 2530 738 2602 apostolus
767 2546 870 2584 non
900 2538 1001 2593 est,
1034 2537 1088 2584 et
1117 2538 1291 2583 utrum
1313 2545 1465 2583 suum
1504 2531 1695 2586 libellis
1721 2532 1848 2603 ipsis

283 2637 340 2674 an
384 2622 623 2677 alienum
670 2636 865 2676 nomen
912 2619 1261 2688 inscripserit.
1303 2618 1500 2673 Verum
1532 2629 1630 2676 est.
1664 2622 1851 2679 Potest

283 2713 373 2767 hoc
412 2712 637 2782 quidem
682 2712 868 2780 quceri.
927 2708 995 2763 Et
1023 2717 1169 2764 recte
1198 2710 1471 2777 quau-itur,
1504 2712 1547 2766 si
1575 2714 1847 2782 inquisitio

283 2805 408 2865 valet
434 2805 499 2865 ad
530 2804 765 2864 fructum
802 2804 1030 2877 aliquem
1060 2807 1356 2878 pervenire.
1399 2802 1660 2860 Cmterum
1688 2806 1733 2863 si
1761 2807 1846 2865 in-

282 2902 535 2958 fructuosa
566 2911 682 2967 est,
715 2903 841 2970 quid
870 2917 1087 2956 necesse
1116 2908 1198 2955 est
1228 2907 1283 2953 ut
1312 2900 1515 2954 laboret
1542 2901 1840 2969 curiositas,

280 3008 386 3047 cum
431 2992 736 3062 profectum
783 2991 1105 3046 curiositatis
1152 3005 1256 3042 non
1294 2990 1363 3043 sit
1392 2990 1632 3043 habitura
1660 2991 1845 3059 cogni-

282 3082 382 3134 tio?
409 3083 464 3136 ιη
494 3081 649 3136 omni
679 3081 821 3136 enim
863 3080 1128 3133 volumine
1159 3078 1428 3148 profettus
1455 3080 1623 3146 magis
1648 3080 1843 3148 quieri-

281 3180 355 3225 tur
381 3171 637 3227 lectionis
683 3186 844 3239 quam
891 3168 917 3207 ά
970 3184 1165 3223 nomen
1215 3169 1468 3223 auctoris.
1525 3167 1592 3221 Et
1635 3169 1755 3224 ideo
1793 3171 1838 3224 si

279 3263 533 3330 profectus
582 3271 669 3316 est
716 3263 769 3315 in
816 3262 1077 3323 lectione,
1106 3270 1159 3314 et
1189 3260 1347 3314 habet
1374 3260 1613 3328 quiquis
1643 3261 1729 3315 ille
1758 3271 1841 3316 est

277 3351 404 3418 quod
431 3358 618 3421 potest
666 3350 927 3403 instruere
973 3349 1203 3404 lecturos
1225 3388 1240 3413 ,
1289 3349 1414 3418 quid
1451 3350 1499 3402 ei
1528 3366 1647 3403 eum
1674 3365 1838 3406 voca-

278 3440 389 3495 bulo
415 3442 563 3512 quod
591 3440 781 3508 juvare
812 3456 914 3491 non
945 3424 1121 3509 potest
1150 3440 1427 3493 curiosos?
1449 3439 1525 3494 Ita
1557 3448 1612 3493 ut
1638 3441 1838 3509 dignis-

279 3532 395 3584 sime
421 3532 545 3585 huic
599 3528 899 3598 iuquisitori
941 3528 1234 3598 angelicum
1263 3529 1388 3581 illud
1417 3528 1798 3599 respondeatur
1824 3551 1835 3583 :

278 3618 497 3674 Patriam
526 3620 722 3692 quieris
740 3660 755 3682 ,
801 3635 869 3671 an
898 3619 1269 3671 mercenarium
1301 3616 1449 3686 (Tob.
1472 3635 1524 3680 γ,
1559 3619 1681 3690 1'7)?
1706 3618 1840 3673 Cum

278 3712 402 3764 enim
448 3713 634 3766 nullus
679 3709 947 3781 prolectus
974 3710 1044 3763 sit
1073 3711 1124 3763 in
1154 3711 1396 3776 nomine;
1427 3712 1517 3780 qui
1547 3711 1839 3782 profectum

279 3800 324 3853 in
350 3803 557 3872 scriptis
593 3800 817 3866 invenit,
846 3799 1113 3869 superflue
1140 3815 1333 3854 nomen
1363 3802 1638 3871 scriptoris
1666 3801 1838 3871 inqui-

279 3892 357 3944 rit.
392 3891 586 3948 Causa:
617 3905 770 3958 ergo,
816 3899 876 3944 ut
920 3889 1067 3954 dixi,
1118 3889 1217 3944 ista
1254 3890 1539 3945 sufficiunt.
1580 3891 1684 3945 Sed
1712 3893 1838 3959 quia

278 3981 378 4046 tibi,
405 3999 440 4037 ο
484 3984 559 4036 mi
617 3979 825 4045 Saloni,
853 3979 1016 4033 decus
1059 3986 1300 4032 nostrum
1342 3987 1500 4048 atque
1527 3980 1835 4045 subsidium,

279 4084 454 4137 negare
481 4070 620 4126 nihil
644 4083 950 4139 possumus,
981 4066 1246 4120 evidentia
1268 4065 1523 4120 dicemus.
1566 4067 1689 4121 Tria
1716 4077 1840 4121 sunt

276 4172 380 4227 qua:
406 4161 457 4215 in
482 4160 685 4216 libellis
721 4158 838 4213 istis
875 4156 942 4211 de
981 4156 1173 4225 quibus
1202 4154 1486 4223 loquimur,
1517 4158 1682 4223 quaeri
1711 4172 1837 4226 pos-

1954 1814 2095 1861 stnm
2142 1808 2338 1863 habere
2382 1809 2579 1874 debet,
2618 1810 2826 1878 reliquo
2869 1810 3017 1864 omni
3058 1818 3296 1882 tempore
3323 1812 3522 1868 habere

1952 1898 2146 1953 debeat
2174 1900 2433 1955 viliorem.
2494 1900 2646 1968 Quod
2683 1902 2727 1956 si
2754 1903 2829 1955 ita
2858 1910 2969 1967 est,
3010 1918 3249 1959 amorem
3275 1906 3371 1961 Dei
3398 1922 3520 1976 per—

1950 1989 2211 2044 secutioni
2257 1989 2566 2045 debebimus
2589 2032 2603 2056 ,
2636 2006 2741 2046 non
2771 1989 2919 2057 fidei;
2951 2000 3007 2046 et
3036 2001 3161 2048 tunc
3188 2001 3395 2048 tantum
3423 2011 3520 2064 po-

1954 2078 2170 2134 terimus
2197 2080 2410 2149 quando
2439 2097 2536 2138 nos
2563 2082 2709 2151 impii
2738 2090 3158 2152 persequentur:
3190 2101 3311 2141 cum
3334 2088 3518 2155 utique

1930 2177 2043 2223 'aut
2110 2172 2367 2239 majorem
2431 2181 2523 2227 aut
2569 2181 2715 2228 certe
2761 2190 2868 2228 non
2913 2174 3175 2229 minorem
3221 2178 3519 2245 tranquillis

1904 2318 1911 2325 _
1949 2273 2111 2326 quam
2168 2261 2373 2329 asperis
2424 2262 2584 2317 rebus
2640 2261 2887 2317 affectum
2931 2262 3158 2318 Domino
3207 2264 3512 2320 debeamus.

1950 2346 2085 2414 Quia
2124 2358 2180 2404 et
2220 2351 2323 2406 hoc
2352 2351 2469 2421 ipso
2499 2367 2529 2406 a
2555 2353 2710 2406 nobis
2739 2356 2857 2421 plus
2881 2352 3041 2407 debet
3067 2353 3233 2422 diligi,
3263 2356 3391 2423 quia
3420 2372 3519 2412 nos

1948 2453 1979 2492 a
2007 2441 2162 2495 malis
2190 2457 2298 2496 non
2327 2442 2530 2512 patitur
2577 2441 2770 2512 afﬂigi;
2803 2443 3127 2512 indulgentia
3156 2446 3358 2501 scilicet
3383 2447 3515 2516 piis-

1948 2527 2068 2582 simi
2096 2537 2151 2585 et
2176 2530 2473 2586 mollissimi
2518 2532 2686 2603 patris
2714 2532 2988 2589 nobiscum
3017 2547 3198 2601 agens,
3229 2535 3320 2603 qui
3347 2539 3518 2606 magis

1948 2619 2062 2673 vult
2088 2637 2188 2675 nos
2235 2623 2289 2675 in
2338 2637 2469 2692 pace
2516 2630 2571 2678 et
2597 2624 2778 2692 quiete
2805 2623 2964 2677 fidem
2990 2631 3227 2679 nostram
3257 2626 3518 2695 religiosis

1948 2711 2202 2781 operibus
2231 2711 2535 2779 ostendere,
2564 2728 2723 2782 quam
2753 2713 2806 2766 in
2833 2714 3203 2783 persecutione
3228 2716 3401 2785 pinnis
3419 2733 3519 2773 no-

1946 2810 2179 2861 strorum
2227 2822 2511 2877 corporum
2557 2806 2929 2878 comprobare.
2991 2806 3059 2861 Et
3087 2807 3208 2863 ideo
3234 2809 3279 2863 si
3309 2816 3437 2865 tunc
3463 2813 3515 2866 ei

1944 2898 2019 2951 nil
2048 2897 2429 2967 prinferendum
2459 2908 2540 2953 est
2566 2898 2780 2967 quando
2809 2898 3083 2953 nobiscum
3112 2914 3301 2969 aspere
3319 2901 3512 2969 agitur,

1946 3005 2013 3043 ne
2042 2996 2168 3043 tunc
2192 2989 2404 3058 quidem
2434 2989 2670 3059 prmferri
2696 2988 2851 3044 debet
2881 2989 3097 3058 quando
3115 3005 3214 3060 per
3238 2991 3515 3060 indulgen-

1946 3078 2074 3133 tiam
2103 3079 2220 3149 plus
2246 3089 2501 3135 merctur.
2540 3078 2645 3135 Sed
2674 3081 2785 3135 haec
2813 3081 2903 3135 alii
2932 3083 3161 3152 tempori
3186 3083 3354 3151 magis
3379 3098 3514 3138 con-

1944 3177 2158 3237 gruunt.
2216 3169 2367 3225 Nunc
2411 3169 2553 3239 quod
2599 3170 2857 3241 empimus
2902 3186 3274 3242 exsequamur.
3315 3171 3513 3228 Vidi-ns

1945 3259 2104 3328 igitur
2145 3260 2372 3329 scriptor
2417 3260 2505 3315 ille
2542 3275 2700 3329 quem
2728 3260 2958 3316 diximus
2984 3275 3172 3329 graves
3198 3268 3359 3331 atque
3388 3265 3515 3317 mul-

1947 3349 2151 3417 tiplices
2185 3348 2606 3403 Christianorum
2642 3366 2779 3419 pene
2818 3352 3056 3406 omnium
3085 3354 3321 3419 morbos,
3351 3361 3512 3422 atque

1947 3453 1976 3491 a
2007 3439 2214 3493 cunctis
2243 3439 2296 3492 in
2323 3436 2561 3493 Ecclesia
2591 3440 2774 3507 positis
2800 3456 2906 3494 non
2934 3442 3107 3496 solum
3137 3458 3241 3497 non
3263 3445 3513 3512 postponi

1947 3526 2123 3579 omnia
2170 3526 2315 3592 Deo,
2347 3526 2442 3580 sed
2498 3542 2665 3597 prope
2710 3537 2903 3583 cuncta
2947 3532 3203 3600 praeponi.
3246 3532 3417 3602 (Nam
3458 3544 3515 3588 et

1944 3618 2138 3671 ebriosi
2185 3619 2237 3672 in
2283 3619 2630 3674 ebrietatibus
2676 3618 2841 3674 Deum
2881 3635 3136 3689 spernere
3165 3621 3426 3689 videntur,
3443 3630 3513 3678 'et

1944 3708 2120 3778 cupidi
2172 3711 2224 3763 in
2271 3694 2596 3781 cupiditate,
2645 3717 2700 3764 et
2727 3709 2978 3778 impudici
3004 3710 3058 3765 in
3087 3711 3320 3778 libidine,
3351 3714 3510 3786 ξαρ

1944 3805 1997 3853 et
2026 3799 2229 3858 cruenti
2277 3800 2331 3853 in
2383 3798 2730 3864 crudelitate,
2783 3806 2839 3853 et
2883 3800 2937 3853 in
2980 3800 3065 3854 his
3104 3792 3355 3857 omnibus
3373 3818 3513 3873 pene

1944 3904 2166 3944 omnes:
2207 3897 2368 3958 atque
2407 3891 2510 3944 hoc
2537 3905 2602 3944 eo
2631 3890 2860 3958 gravius,
2892 3891 3037 3958 quod
3066 3906 3171 3945 non
3199 3891 3371 3947 s'olum
3400 3895 3514 3951 hinc

1943 3992 2039 4047 per
2054 3978 2227 4032 scelus
2246 3978 2633 4032 atrocissimum
2655 3978 2744 4032 diu
2770 3978 3138 4045 admittuntur,
3155 3979 3249 4034 sed
3277 3996 3345 4035 ne
3367 3990 3511 4049 post-

1944 4083 2005 4122 ea
2051 4066 2268 4136 quidem
2314 4083 2411 4137 per
2450 4068 2817 4136 pmnitentiam
2864 4067 3234 4135 corriguntur;
3282 4070 3511 4123 maxime

1946 4172 2067 4211 cum
2095 4156 2256 4210 etiam
2284 4156 2336 4209 in
2366 4156 2448 4210 his
2466 4157 2557 4224 qui
2580 4156 2898 4217 pmnitentes
2918 4170 3035 4212 esse
3061 4156 3324 4225 dicuntur,
3361 4168 3384 4197 ο
3412 4174 3513 4214 ηοο

1428 4245 1761 4302 STEPHANI
1798 4244 2065 4300 BALUZII
2100 4243 2328 4300 NOTAE.

350 4353 374 4381 ι
409 4343 532 4399 Hice
561 4342 862 4411 inscriptio,
885 4356 1003 4409 qua:
1042 4339 1194 4411 deest
1234 4338 1286 4392 in
1324 4338 1443 4411 aliis
1472 4339 1802 4411 editionibus
1826 4378 1841 4405 ,

278 4421 468 4481 sumpta
496 4421 582 4467 est
612 4428 680 4466 ex
702 4409 1009 4481 pervetusto
1037 4410 1219 4481 codice
1246 4424 1344 4462 ms.
1376 4409 1711 4481 bibliothecae
1740 4409 1843 4463 Re-

278 4477 457 4547 giae,'in
524 4497 595 4536 uo
622 4477 970 4536 continentur
998 4479 1114 4532 libri
1162 4487 1395 4546 quatuor
1433 4477 1690 4532 adversus
1717 4494 1843 4531 ava-

279 4550 458 4603 ritiam.
484 4496 735 4605 Similem
773 4548 948 4602 Strahi
974 4547 1252 4601 Fuldensis
1278 4548 1602 4605 epigranhen
1634 4565 1703 4602 ex
1729 4547 1843 4605 eoi-

279 4550 458 4603 titiam.

279 4620 400 4671 stola
428 4622 495 4674 ad
522 4619 837 4685 Gerungum
878 4634 976 4671 nos
1016 4617 1143 4669 olim
1181 4617 1454 4672 attulimus
1494 4617 1547 4669 in
1592 4618 1732 4671 notis
1775 4616 1842 4669 ad

279 4687 541 4754 epistolam
571 4689 836 4742 decimam
874 4685 1005 4756 Lupi
1049 4685 1422 4756 Ferrariensis.
1470 4685 1591 4756 Non
1630 4693 1842 4739 exstare

276 4767 438 4809 autem
467 4758 627 4811 istam
647 4756 881 4809 Salviani
911 4754 1196 4811 epistolam
1219 4756 1268 4807 in
1288 4754 1647 4809 vetustissimo
1663 4770 1842 4808 exem-

276 4771 438 4809 autem
467 4771 627 4811 istam
647 4771 881 4809 Samani
911 4773 940 4808 e
983 4771 1196 4809 Istoiam
1219 4771 1268 4807 In
1288 4771 1647 4809 vetusussimo
1663 4771 1839 4808 exem-

276 4824 397 4890 plari
424 4842 523 4880 suo
550 4825 829 4879 admonuit
857 4771 1113 4879 Pitﬁmus.
1148 4824 1319 4877 Porro
1347 4841 1466 4879 cum
1491 4838 1554 4877 ea
1582 4825 1839 4878 hactenus

277 4894 405 4948 edita
434 4895 598 4949 fuerit
624 4896 676 4947 in
706 4892 879 4947 fronte
919 4894 1173 4947 librorum
1213 4893 1467 4947 adversus
1514 4892 1827 4958 Avaritiam,

279 4962 383 5016 vice
425 4963 785 5032 pnefationis,
828 4978 925 5017 nos
965 4978 1081 5017 eam
1131 4962 1198 5016 ad
1243 4963 1433 5016 librum
1482 4961 1835 5032 Epistolarum

278 5029 545 5085 cens-iites
571 5035 841 5101 pertinere
868 5032 1082 5096 debere,
1114 5032 1178 5084 ab
1207 5046 1272 5086 eo
1300 5032 1418 5086 loco
1441 5031 1585 5086 illam
1629 5029 1834 5093 amovi-

280 5112 399 5169 mus,
431 5109 486 5155 et
515 5102 657 5154 inter
677 5102 930 5169 epistolas
951 5101 1303 5169 reposuimus.

338 5168 364 5238 lt
396 5169 523 5224 ldeo
544 5171 795 5225 Salonius
822 5168 1052 5223 Salviani
1086 5179 1240 5238 pater
1276 5176 1391 5224 erat
1429 5184 1526 5238 per
1554 5170 1836 5236 honorem,

278 5236 390 5303 quia
416 5241 703 5308 episcopus
730 5247 864 5308 erat.
889 5236 1137 5308 Episcopi
1166 5239 1305 5293 enim
1351 5236 1447 5306 per
1471 5239 1587 5292 illas
1637 5248 1840 5308 tempe—

277 5314 429 5362 states
449 5307 718 5379 inferioris
745 5307 951 5379 ordinis
974 5307 1198 5362 clericos
1221 5348 1259 5379 ,Α
1280 5315 1440 5374 atque
1468 5309 1603 5379 adeo
1631 5311 1846 5379 presby-

280 5380 437 5446 teros,
466 5387 527 5431 ut
576 5377 861 5446 plurimum
908 5377 1044 5432 ﬁlios
1090 5377 1445 5446 appellabant.
1491 5376 1844 5446 Hieronymus

277 5442 562 5511 Augustino
578 5442 608 5499 'z
646 5447 772 5501 Vale
793 5486 808 5511 ,
830 5448 899 5500 mi
927 5449 1088 5516 amice
1123 5442 1439 5509 charissime,
1465 5456 1618 5501 wtate
1645 5442 1742 5516 ﬁli,
1766 5448 1840 5499 di-

276 5516 458 5580 gnitate
490 5532 701 5585 parens.
743 5515 1384 5585 SidoniusﬁArvernoruin
1433 5515 1714 5585 episcopus
1744 5517 1833 5569 lib.

277 5594 340 5633 vn
365 5582 516 5651 epist.
545 5584 612 5636 Π
639 5586 861 5653 loquens
886 5585 952 5638 de
978 5584 1216 5639 Victorio
1244 5584 1439 5639 comite
1468 5582 1485 5636 Ξ
1522 5582 1681 5647 Quem
1721 5586 1840 5653 jure

277 5653 497 5723 «sculari
521 5662 811 5723 patronum,
841 5653 1325 5723 jureeccfesiastico
1353 5654 1547 5723 ﬁlium,
1583 5653 1760 5707 excolo
1784 5663 1843 5707 ut

277 5722 445 5786 uim,
475 5722 532 5775 ut
551 5731 697 5791 pater
736 5722 913 5795 diligo.
955 5722 1306 5778 Cassiodorus
1356 5722 1409 5777 in
1456 5724 1645 5793 psahn.
1688 5739 1772 5778 eix
1827 5742 1839 5775 :

546 5815 814 5876 Ρλτιιιοι..
874 5812 1019 5875 U11.

533 4552 735 4627 i_milem
773 4548 948 4602 Strahi
974 4547 1252 4627 Fuldensis
1278 4548 1602 4627 epigraphen
1634 4565 1703 4627 es
1729 4547 1843 4627 epi-_-
1872 4546 1916 4604 Ι)
1943 4548 2250 4627 Hieronymi
2277 4548 2344 4602 de
2369 4546 2641 4627 episcopis
2683 4565 2695 4600 :

1951 4341 2099 4405 Quod
2125 4339 2359 4411 etiamin
2385 4339 2479 4411 hac
2499 4346 2678 4393 nostra
2705 4342 3088 4394 conversatione
3110 4339 3356 4411 hodieque
3387 4359 3511 4398 cou-

1949 4412 2117 4481 tingit,
2143 4419 2198 4461 ut
2224 4410 2362 4478 ﬁlius
2383 4410 2651 4481 episcopus
2688 4412 2874 4481 factus,
2904 4412 3069 4480 patris
3094 4412 3177 4481 sui
3192 4410 3337 4481 pater
3365 4429 3512 4467 vore-

1949 4477 2047 4543 tur,
2078 4495 2180 4533 non
2208 4477 2451 4532 nascendi
2478 4477 2697 4543 ordine,
2721 4478 2810 4532 sed
2836 4477 3045 4533 honore.
3094 4477 3228 4533 Hinc
3274 4479 3360 4533 illa
3402 4498 3507 4537 vox

2735 4546 3063 4601 Meminerint
3093 4565 3147 4601 se
3181 4557 3352 4616 patres
3377 4567 3508 4616 esse,

1944 4634 2047 4672 non
2076 4615 2327 4690 dominos.
2355 4615 2678 4690 Augustinus
2715 4625 2892 4690 tamen
2930 4615 3209 4690 episcopus
3249 4615 3527 4690 Hierony;~

1943 4703 2086 4741 mum
2108 4687 2475 4767 presbyterum
2504 4685 2736 4767 appellat
2766 4684 3013 4765 fratrem.
3059 4684 3177 4767 Jam
3216 4693 3327 4767 tum
3367 4684 3511 4744 enim

1943 4755 2215 4827 receptum
2245 4755 2360 4809 erat
2388 4755 2670 4827 discrimen
2694 4755 3064 4827 episcoporum
3091 4763 3145 4809 et
3169 4756 3510 4827 presbytero-

1943 4824 2083 4879 rum.
2113 4824 2417 4900 Quanquam
2437 4827 2592 4900 enim,
2624 4824 2795 4900 inquit
2815 4824 3138 4900 Augustinus
3158 4825 3223 4900 ad
3252 4824 3508 4900 lliéronyo

1945 4910 2089 4977 mum
2117 4893 2371 4976 scribens,
2402 4895 2679 4977 secundum
2698 4893 2946 4977 [tonorum
2974 4893 3217 4977 vocabula
3261 4893 3509 4977 quaz’jq'm

1948 4962 2194 5038 Ecclesia:
2223 4980 2343 5038 usus
2376 4962 2615 5038 obtinuit,
2645 4964 2963 5038 episcopatus
3004 4962 3323 5038 presbyterio
3342 4962 3544 5038 major—

1938 5035 2025 5095 sit,
2057 5043 2227 5086 tamen
2254 5035 2307 5088 in
2339 5032 2512 5086 multis
2540 5030 2690 5085 rebus
2709 5030 3024 5103 Augustinus
3063 5030 3382 5105 Hieronymo
3409 5030 3498 5091 {ni-

1938 5119 2034 5157 ηον
2060 5111 2152 5155 est.

2017 5182 2039 5210 ο
2081 5170 2213 5240 Vide
2232 5177 2385 5240 notas
2411 5169 2478 5240 ad
2505 5169 2871 5240 praefationem
2891 5171 3146 5240 librorum
3183 5170 3251 5240 de
3297 5171 3507 5228 Guber-

1943 5240 2158 5321 natione
2176 5239 2311 5359 (misi,
2336 5247 2390 5293 et
2417 5237 2758 5295 Siriuondum
2807 5242 2860 5294 in
2897 5240 3042 5295 notis
3065 5239 3134 5295 ad
3178 5239 3363 5295 Sidon.
3411 5242 3504 5296 lib.

1943 5326 2035 5359 νη.
2057 5325 2170 5359 eDIS
2199 5348 2211 5359 .
2281 5327 2330 5359 ι).
2555 5321 2580 5341 ⁸

1942 5326 2035 5372 vn,
2057 5309 2211 5374 epist.
2247 5309 2330 5360 lii.
2555 5321 2580 5341 ε

2013 5376 2039 5415 ά
2078 5378 2365 5432 Cassianus
2391 5378 2570 5432 collat.
2592 5377 2662 5431 28
2690 5394 2808 5434 cao.
2839 5377 2863 5430 l
2900 5378 2974 5433 ait
3001 5393 3215 5433 omnem
3242 5377 3508 5434 dictorum

1946 5448 2193 5501 vacillare
2236 5448 2604 5502 auctoritatem
2659 5448 2704 5501 si
2734 5447 2957 5503 dicentis
2998 5448 3243 5501 meritum
3289 5447 3505 5502 subtra-

1941 5517 2118 5570 hatur.

2018 5598 2040 5623 ο
2074 5585 2150 5639 lta
2180 5584 2398 5653 omnino
2426 5585 2596 5640 codex
2622 5586 2817 5653 regius.
2850 5584 2955 5639 Pro
2982 5600 3089 5652 quo
3112 5582 3304 5640 Pithmi
3337 5582 3508 5644 editio

1945 5656 2134 5726 habuit
2164 5673 2176 5705 :
2217 5652 2419 5726 Nomen
2458 5656 2524 5708 sit
2558 5652 2721 5726 magis
2765 5656 3259 5726 pernimitimquam
3287 5654 3507 5726 fndus.

1946 5727 2034 5780 Sic
2066 5724 2308 5779 [turi-ius
2360 5722 2699 5781 Lemovicum
2737 5722 3297 5795 meorumrpiscOpus'
3330 5725 3404 5778 ait
3448 5728 3508 5783 in

3162 5817 3203 5875 6
