3866 6178
414 289 512 348 171

1352 287 1409 343 S.
1449 285 1759 342 SALVIANI
1798 279 2256 339 MASSILIENSIS
2295 281 2715 339 PRESBYTERI

3551 292 3640 346 1Ὶὲ

412 420 534 460 men
581 403 651 458 sit
695 401 863 470 magis
905 400 1217 470 paenitentia
1255 401 1369 471 ipsa
1397 416 1561 471 quam
1588 401 1826 457 fructus:
1857 399 1981 469 quia
2012 399 2055 457 A
2086 398 2207 454 licet
2233 416 2336 453 una
2367 402 2437 455 sit
2478 417 2638 455 causa
2689 401 2945 465 maxima;
2994 402 3171 456 multae
3202 410 3397 468 tamen,
3429 413 3485 474 ut
3510 422 3638 470 reor.

412 512 599 567 parum
626 501 752 549 sunt
778 508 957 547 rerum
984 492 1245 548 vocabula
1276 493 1420 562 ipsas
1460 508 1547 547 res
1577 508 1685 548 non
1709 490 1982 554 habentia,

409 595 464 641 et
492 585 619 640 nihil
654 584 921 639 virtutum
961 583 1125 637 verba
1170 583 1286 637 sine
1315 582 1535 637 viribus.
1586 579 1806 635 Plurimi
1832 593 1985 633 nam-

407 691 512 745 que
539 690 602 728 ac
629 688 767 743 pene
790 674 987 738 cuncti,
1018 680 1073 727 et
1099 687 1277 727 rerum
1305 672 1670 735 abundantes,
1701 679 1757 725 et
1782 667 1984 724 conscii

407 766 688 820 criminum
713 779 778 820 ac
813 762 1135 833 ﬂagitiorum
1163 779 1383 818 suorum
1401 801 1417 826 ,
1450 778 1557 817 non
1585 761 1747 816 modo
1773 775 1836 815 ea
1864 772 1983 829 qua’.

409 854 758 920 admiserunt,
792 861 819 890 ι
841 852 1207 921 exomologesi
1254 867 1319 908 ac
1364 850 1747 913 satisfactione,
1778 849 1874 903 sed
1915 861 1983 902 ne

404 945 511 1000 hoc
554 944 768 1014 quidem
820 942 965 1012 quod
1011 943 1320 998 facillimum
1368 949 1469 1008 est,
1519 942 1675 997 donis
1703 942 1890 995 saltem
1918 954 1983 993 ac

407 1034 792 1092 misericordiis
837 1033 1101 1089 redimere
1126 1033 1412 1102 dignantur
1438 1051 1450 1085 :
1483 1039 1644 1101 atque
1672 1047 1776 1085 non
1806 1030 1979 1085 solum

407 1128 462 1183 id
488 1128 543 1182 iu
568 1126 844 1197 prosperis
888 1126 1199 1194 negligunt,
1250 1125 1344 1180 sed
1380 1125 1523 1193 quod
1553 1124 1776 1178 multum
1804 1121 1977 1176 irreli-

408 1218 645 1287 giosius,
695 1218 749 1271 in
796 1216 1066 1281 adversis;
1119 1230 1224 1269 non
1270 1216 1442 1270 solum
1503 1214 1837 1276 incolumes,
1884 1209 1978 1265 sed

406 1310 566 1363 etiam
594 1308 920 1363 deﬁcientes.
964 1305 1135 1360 Tanta
1163 1304 1503 1359 incredulitas
1521 1309 1603 1357 est
1622 1301 1896 1356 hominum
1924 1305 1981 1352 et

405 1406 516 1454 tam
561 1398 738 1466 gravis
783 1395 1075 1452 inﬁdelium
1123 1395 1345 1462 languor
1392 1394 1727 1456 animarum,
1768 1397 1829 1444 ut
1854 1403 1977 1443 cum

405 1489 558 1545 multi
587 1488 845 1542 maximas
873 1500 1003 1554 opes
1032 1485 1363 1549 hasredibus,
1392 1482 1658 1538 interdum
1687 1482 1850 1535 etiam
1877 1494 1975 1535 ex-

408 1579 606 1634 traneis
650 1576 1054 1646 derelinquant;
1102 1574 1208 1629 hoc
1234 1574 1405 1629 solum
1449 1588 1508 1628 se
1534 1579 1726 1642 putant
1751 1571 1978 1643 perdere

404 1669 549 1741 quod
594 1682 692 1736 pro
738 1681 834 1735 spe
879 1680 974 1719 sua
1023 1664 1270 1719 dederint
1311 1678 1376 1718 ac
1416 1663 1606 1718 salute.
1665 1660 1734 1715 Et
1758 1659 1976 1730 quidem

2087 506 2205 545 esse
2253 498 2559 561 potuerunt.
2619 491 2694 544 Ac
2739 492 2908 559 prima
2956 492 3044 545 illa
3089 492 3309 548 veniens
3346 510 3376 547 a
3406 496 3638 550 mandato

2085 578 2219 644 Dei,
2265 594 2374 647 quo
2419 580 2755 648 prtecipimur
2799 579 2970 633 vitare
3010 582 3256 636 omnibus
3284 582 3455 636 modis
3483 593 3638 638 terre—

2084 668 2208 722 stris
2236 668 2419 735 gloriae
2460 668 2778 733 vanitatem;
2829 684 2895 722 ne
2923 669 3046 722 dum
3074 670 3319 725 humana:
3346 671 3513 725 laudis
3540 673 3640 727 ina-

2085 774 2208 812 nem
2237 758 2475 811 aurulam
2518 758 2823 826 quaerimus,
2872 760 3148 828 prtemium
3195 762 3413 818 cmleste
3460 765 3641 833 perda-

2084 862 2223 900 mus.
2267 845 2343 899 Ex
2383 862 2490 915 quo
2537 848 2699 901 etiam
2739 846 2867 901 illud
2898 856 2978 902 cst
3005 849 3149 918 quod
3173 858 3226 904 et
3253 852 3395 905 orari
3424 853 3560 907 Deus
3593 863 3642 910 et

2082 938 2269 994 donari
2292 935 2502 991 occulte
2530 937 2753 1006 jubcns,
2804 940 2917 993 vult
2943 955 3040 994 nos
3069 941 3296 996 fructum
3322 943 3450 997 boni
3479 947 3643 1013 operis

2081 1030 2457 1084 commendare
2500 1039 2734 1096 secreto;
2765 1032 2892 1101 quia
2933 1033 3075 1087 nulla
3105 1035 3175 1089 sit
3202 1036 3374 1104 major
3411 1037 3529 1093 ﬁdei
3556 1038 3640 1092 de-

2080 1121 2228 1174 votio
2275 1135 2433 1189 quam
2462 1134 2581 1188 qua:
2610 1121 2990 1175 conscientiam
3028 1124 3161 1177 vitat
3190 1125 3497 1192 hominum,
3542 1128 3642 1181 Deo

2084 1217 2221 1264 teste
2248 1217 2520 1264 contenta.
2564 1208 2779 1264 Nesciet
2797 1213 2951 1279 enim,
2979 1213 3148 1281 inquit
3173 1214 3438 1280 Salvator,
3470 1234 3642 1271 manus

2084 1308 2168 1352 tua
2195 1299 2406 1352 sinistra
2428 1299 2550 1370 quid
2578 1300 2739 1370 faciat
2759 1300 2970 1355 dextera
2992 1312 3077 1355 tua
3100 1319 3117 1355 :
3138 1313 3189 1357 et
3215 1304 3377 1359 Pater
3404 1315 3536 1369 tuus,
3564 1307 3642 1377 qui

2081 1388 2216 1442 videt
2241 1389 2297 1441 in
2338 1387 2606 1454 absconso,
2656 1389 2831 1463 reddet
2870 1389 2959 1444 tibi
3001 1390 3212 1461 (Matth.
3262 1410 3330 1458 vi,
3375 1394 3426 1458 '5,
3466 1393 3541 1461 Δ).
3581 1394 3639 1447 Et

2080 1477 2203 1533 ideo
2248 1477 2496 1547 scriptori
2540 1478 2615 1531 illi
2661 1479 2727 1533 ad
2767 1479 3181 1535 subtrahendum
3211 1497 3243 1536 e
3271 1483 3426 1539 titulo
3455 1500 3643 1539 nomen

2077 1582 2236 1623 suum
2298 1575 2459 1636 atque
2506 1566 2786 1621 celandum
2827 1568 3072 1623 sufﬁcere
3114 1572 3231 1625 haec
3280 1564 3644 1627 tantummodo

2080 1672 2241 1713 causa
2287 1657 2488 1726 potuit;
2535 1663 2591 1711 ut
2618 1657 2759 1726 quod
2798 1658 2851 1712 in
2880 1659 3138 1715 honorem
3165 1661 3378 1716 Domini
3403 1665 3487 1718 sui
3514 1665 3644 1719 lece-

406 1760 547 1815 istud
592 1758 719 1812 licet
764 1756 821 1810 in
869 1753 1116 1810 omnibus
1160 1753 1272 1808 fere
1311 1767 1473 1822 grave
1500 1752 1598 1816 sit,
1628 1750 1895 1821 praecipue
1921 1748 1974 1803 in
2005 1754 2054 1814 Β
2078 1758 2199 1814 rat,
2253 1748 2445 1804 divina:
2492 1757 2694 1804 tantum
2738 1753 3079 1808 conscientia
3106 1768 3435 1821 reservaret,
3483 1766 3540 1814 et
3566 1775 3647 1814 res

410 1851 490 1906 his
538 1858 714 1903 tamen
754 1861 899 1916 quos
944 1846 997 1900 in
1059 1844 1322 1900 consimili
1383 1844 1605 1900 crimine
1650 1840 1976 1897 inﬁdelitatis

300 1965 316 1981 ~
406 1940 565 1996 etiam
594 1936 624 1976 δ
652 1935 914 2008 professio
939 1934 1237 1989 sanctitatis
1261 1941 1493 1988 accusat.
1532 1930 1638 1987 Sed
1664 1930 1806 1986 idem
1832 1945 1977 1985 mor-

406 2031 507 2085 bus
552 2029 639 2083 hic
684 2043 790 2082 non
837 2024 1169 2080 saecularium
1218 2029 1428 2077 tantum
1472 2028 1595 2085 est,
1646 2020 1741 2076 sed
1788 2034 1975 2075 eorum

406 2118 568 2173 etiam
613 2116 703 2184 qui
732 2114 833 2171 sibi
876 2128 1072 2169 nomen
1119 2112 1390 2180 religionis
1430 2109 1733 2182 usurpant.)
1762 2108 1829 2163 Et
1855 2109 1976 2164 ideo

405 2208 590 2262 videns
632 2206 721 2260 ille
766 2205 859 2273 qui
902 2203 1154 2273 scripsit,
1185 2216 1467 2258 commune
1492 2216 1611 2258 esse
1642 2202 1748 2256 hoc
1774 2200 1974 2255 malum

407 2312 571 2368 prope
598 2296 985 2359 universorum,
1016 2293 1299 2363 labemque
1326 2293 1466 2348 hanc
1490 2307 1599 2347 non
1636 2291 1703 2346 ad
1730 2291 1976 2346 mundia-

405 2389 482 2443 les
510 2395 714 2440 tantum
742 2385 1023 2449 homines,
1061 2383 1155 2438 sed
1181 2383 1342 2438 etiam
1374 2383 1442 2437 ad
1469 2382 1791 2453 pmnitentes
1815 2389 1976 2451 atque

403 2492 722 2541 conversos,
754 2474 822 2529 ad
851 2474 1036 2541 viduas
1062 2487 1275 2542 quoque
1296 2472 1406 2541 jam
1433 2472 1817 2528 continentiam
1845 2487 1976 2541 pro-

404 2568 567 2624 fessas
596 2576 754 2635 atque
783 2566 851 2621 ad
891 2565 1094 2634 puellas
1133 2563 1186 2617 in
1214 2563 1380 2618 sacris
1406 2563 1661 2617 altaribus
1688 2577 1974 2617 consecra-

401 2668 513 2723 tas;
543 2657 810 2726 quodque,
859 2664 918 2711 ut
965 2655 1038 2708 ita
1066 2653 1329 2718 dixerim,
1373 2667 1543 2722 prope
1568 2652 1706 2706 inter
1731 2648 1972 2706 monstra

404 2746 752 2819 reputandum
782 2753 884 2811 est,
913 2743 979 2799 ad
1008 2743 1196 2798 levitas
1220 2743 1383 2798 etiam
1410 2750 1569 2810 atque
1592 2742 1970 2814 presbyteros;

401 2846 457 2893 et
479 2836 625 2906 quod
653 2836 735 2890 his
785 2833 1001 2889 feralius
1043 2833 1212 2887 multo
1255 2840 1369 2900 est,
1404 2832 1569 2888 etiam
1598 2832 1666 2887 ad
1693 2831 1974 2903 episcopos

404 2925 709 2996 pervenisse
730 2962 746 2988 ,
795 2936 862 2977 ex
896 2922 1091 2992 quibus
1135 2922 1287 2977 multi
1322 2937 1463 2993 quos
1500 2938 1659 2993 supra
1688 2922 1823 2987 dixi,
1854 2923 1972 2978 sine

402 3012 679 3069 all'ectibus
704 3050 721 3077 ,
765 3011 883 3067 sine
926 3011 1149 3081 pignore
1171 3050 1188 3074 ,
1246 3026 1353 3067 non
1401 3009 1644 3078 familias,
1674 3011 1833 3083 203
1861 3028 1969 3067 non

2079 1839 2556 1894 commendabilior
2581 1840 2694 1895 Deo
2722 1838 2875 1896 ﬁeret
2900 1840 3020 1911 quae
3048 1844 3242 1900 famam
3271 1848 3539 1917 publicam
3565 1850 3646 1904 dc-

2079 1930 2319 1984 vitasset.
2377 1928 2483 1984 Sed
2527 1936 2702 1984 tamen
2724 1972 2739 1997 ,
2768 1933 2909 2002 quod
2937 1935 3299 1992 conﬁtendum
3326 1947 3429 2003 est,
3459 1941 3647 2009 praeci-

2077 2034 2243 2090 puum
2291 2019 2420 2073 illud
2466 2019 2596 2086 fuit,
2645 2022 2770 2089 quia
2800 2022 3029 2092 scriptor
3053 2025 3159 2090 ille,
3192 2035 3252 2080 ut
3276 2027 3522 2097 legimus,
3553 2030 3650 2084 hu—

2077 2108 2218 2162 milis
2264 2115 2346 2163 est
2371 2106 2530 2180 205
2556 2109 2609 2162 in
2639 2110 2804 2165 oculis
2847 2113 2956 2167 suis
3003 2128 3069 2169 ac
3105 2115 3223 2171 vilis
3247 2117 3365 2184 sibi,
3397 2119 3646 2187 exiguum

2076 2213 2136 2254 se
2162 2197 2376 2268 penitus
2402 2207 2563 2267 atque
2592 2199 2837 2254 ultimum
2866 2211 3088 2272 putans,
3120 2212 3176 2259 et
3200 2206 3332 2272 hoc,
3357 2208 3504 2277 quod
3534 2224 3648 2262 ma—

2070 2289 2161 2360 jus
2188 2297 2289 2356 est,
2322 2290 2456 2343 mira
2479 2289 2581 2344 ﬁde
2605 2308 2618 2343 :
2651 2306 2758 2345 non
2787 2290 2963 2349 ofﬁcio
2989 2295 3302 2353 humilitatis
3340 2308 3644 2369 assumpta»

2076 2380 2171 2435 sed
2192 2379 2380 2449 judicii
2418 2380 2675 2450 simplicis
2700 2383 2946 2438 veritate.
2990 2382 3142 2440 Unde
3168 2395 3250 2441 cst
3275 2387 3419 2455 quod
3441 2386 3568 2456 jure
3594 2404 3649 2441 se

2075 2471 2238 2527 etiam
2283 2471 2350 2525 ab
2395 2470 2513 2527 aliis
2560 2470 2717 2527 talem
2753 2471 3055 2528 habendum
3085 2483 3278 2545 putans
3302 2477 3480 2545 qualis
3510 2492 3541 2531 a
3569 2492 3651 2531 se-

2074 2562 2302 2630 metipso
2330 2561 2636 2629 haberetur,
2665 2571 2812 2619 recte
2839 2563 3030 2620 libellis
3056 2566 3165 2619 suis
3192 2565 3423 2620 alienum
3451 2582 3649 2622 nomen

2074 2649 2324 2716 inseruit;
2363 2652 2566 2708 scilicet
2601 2667 2668 2707 ne
2704 2653 3075 2708 auctoritatem
3110 2654 3408 2711 salubribus
3434 2656 3652 2727 scriptis

2073 2753 2315 2810 persona:
2342 2755 2450 2796 sua:
2477 2741 2710 2811 parvitas
2736 2740 3055 2811 derogaret:
3087 2743 3267 2797 omnia
3314 2745 3456 2799 enim
3509 2761 3652 2800 amo-

2070 2827 2143 2884 do
2187 2828 2328 2884 dicta
2379 2830 2513 2884 tanti
2560 2830 2966 2897 existimantur,
2997 2841 3226 2901 quantus
3271 2842 3354 2888 est
3392 2834 3514 2903 ipse
3560 2836 3651 2904 qui

2073 2919 2226 2974 dixit.
2268 2919 2324 2975 Si
2364 2920 2580 2989 quidem
2626 2928 2736 2975 tam
2783 2922 3043 2977 imbecilla
3095 2932 3220 2979 sunt
3260 2924 3458 2994 judicia
3493 2926 3652 2996 hujus

2073 3009 2332 3080 temporis
2370 3025 2435 3066 ac
2470 3025 2610 3081 pene
2637 3017 2747 3066 tam
2776 3013 2917 3067 nulla
2940 3050 2954 3075 ,
2986 3020 3044 3067 tit
3069 3014 3161 3081 qui
3189 3014 3373 3082 legunt
3400 3030 3512 3070 non
3543 3023 3653 3069 tam

402 3105 537 3160 ﬁlios
562 3103 848 3169 habentes,
884 3116 1015 3172 opes
1054 3110 1111 3157 et
1136 3102 1459 3158 substantias
1485 3118 1609 3158 suas
1637 3120 1743 3158 non
1772 3118 1972 3174 paupe-
1993 3110 2045 3175 α
2074 3101 2413 3155 considerent
2447 3101 2575 3170 quid
2601 3101 2780 3170 legant
2806 3118 2968 3171 quam
3007 3102 3157 3172 cujus
3185 3104 3381 3173 legant,
3409 3121 3515 3161 nec
3543 3115 3651 3160 tam

401 3195 546 3249 ribus
570 3234 585 3259 ,
618 3209 725 3248 non
754 3193 995 3248 ecclesiis
1018 3232 1033 3256 .
1083 3207 1189 3248 non
1236 3193 1339 3248 sibi
1367 3193 1496 3264 ipsis
1517 3232 1533 3259 ,
1583 3209 1688 3248 non
1718 3193 1968 3262 denique,

399 3283 544 3353 quod
571 3284 654 3338 his
680 3283 928 3338 omnibus
972 3282 1144 3351 majus
1195 3291 1279 3338 est
1323 3298 1388 3338 ac
1434 3284 1803 3353 praestantius,
1835 3284 1966 3350 Deo,

399 3372 493 3429 sed
520 3373 862 3428 saecularibus
886 3372 973 3427 vel
1001 3372 1230 3428 maxime
1258 3380 1313 3428 et
1339 3372 1589 3428 divitibus
1618 3382 1672 3428 et
1699 3375 1970 3430 extraneis

398 3465 744 3534 deputarent;
776 3466 942 3536 factus
970 3473 1045 3518 est
1070 3465 1126 3517 in
1153 3463 1306 3518 corde
1335 3464 1517 3533 ipsius,
1549 3464 1685 3520 sicut
1712 3466 1969 3535 scriptum

397 3561 499 3619 est,
543 3555 691 3610 zelus
734 3552 942 3608 Domini
987 3553 1133 3624 quasi
1169 3553 1305 3623 ignis
1355 3552 1542 3607 ardens
1593 3552 1724 3624 (Jer.
1768 3569 1856 3617 xx,
1889 3552 1964 3619 9).

398 3644 465 3700 Et
508 3645 632 3714 quia
656 3683 673 3710 ,
717 3645 1065 3699 testuantibus
1111 3659 1264 3698 sacro
1311 3643 1505 3698 affectu
1548 3644 1794 3699 medullis
1837 3646 1965 3711 suis,

398 3733 541 3788 aliud
578 3734 633 3788 in
658 3732 755 3786 tali
797 3740 931 3786 testu
961 3731 1137 3786 facere
1166 3748 1271 3786 nou
1302 3732 1493 3800 potuit,
1523 3732 1577 3785 in
1603 3747 1791 3787 vocem
1818 3733 1971 3788 dolo-

400 3823 473 3877 ris
501 3822 694 3891 erupit.
735 3820 852 3875 Vox
891 3829 1068 3874 autem
1100 3821 1211 3890 ipsa
1239 3822 1323 3875 cui
1354 3820 1765 3889 impenderetur,
1796 3824 1969 3879 nullus

399 3911 568 3979 magis
595 3911 820 3966 idoneus
846 3911 991 3963 visus
1018 3917 1101 3963 est
1125 3924 1287 3977 quam
1318 3908 1572 3976 Ecclesia,
1605 3910 1755 3981 cujus
1783 3913 1967 3981 utique

399 4019 523 4074 pars
550 4002 650 4073 ipsi
676 4009 831 4058 erant
873 4003 963 4069 qui
1014 4000 1117 4055 ista
1164 4002 1446 4056 iaciebant.
1506 4002 1785 4073 Superilue
1824 4005 1967 4060 enim

399 4097 488 4151 uni
517 4103 608 4150 aut
648 4093 831 4164 paucis
871 4093 1138 4156 scribitur,
1191 4093 1279 4147 ubi
1326 4100 1595 4148 estcausa
1627 4102 1962 4151 cunctorum.

397 4187 520 4243 limo
546 4200 674 4255 ergo
703 4187 842 4241 ratio
870 4193 921 4240 et
951 4186 1212 4256 persuasit
1237 4193 1291 4239 et
1318 4186 1591 4255 compulit,
1624 4195 1682 4241 ut
1708 4187 1871 4243 libelli
1898 4189 1966 4244 de

396 4278 589 4348 quibus
635 4277 903 4344 loquimur
957 4274 1023 4330 ad
1067 4274 1359 4330 Ecclesium
1398 4276 1755 4331 mitterentur.
1815 4278 1965 4334 Nunc

2073 3191 2321 3247 dictionis
2348 3192 2456 3245 vim
2493 3201 2653 3260 atque
2684 3193 2930 3247 virtutem
2973 3208 3132 3262 quam
3180 3194 3457 3250 dictatoris
3504 3197 3651 3265 cogi-

2069 3290 2185 3339 tent
2210 3282 2540 3351 dignitatem.
2580 3280 2784 3338 Idcirco
2821 3284 2980 3352 igitur
3017 3283 3246 3353 scriptor
3273 3267 3362 3340 ille
3390 3286 3652 3342 abscondi

2068 3383 2124 3431 et
2150 3374 2362 3429 latitare
2407 3374 2654 3430 omnibus
2700 3374 2873 3430 modis
2898 3362 3083 3441 voluit,
3116 3391 3185 3431 ne
3212 3376 3409 3446 scripta
3437 3393 3566 3446 quae
3597 3378 3649 3431 in

2067 3480 2128 3521 se
2175 3465 2374 3519 habent
2419 3464 2707 3533 plurimum
2750 3464 3109 3531 salubritatis,
3162 3466 3371 3521 minora
3414 3466 3651 3522 forsitan

2069 3555 2259 3610 ﬂerent
2300 3569 2397 3624 per
2444 3569 2637 3608 nomen
2689 3554 2942 3609 auctoris.
2990 3554 3163 3610 Habet
3197 3557 3377 3627 itaque
3402 3558 3653 3627 quisquis

2068 3647 2159 3702 ille
2184 3652 2268 3701 est
2292 3646 2383 3715 qui
2412 3646 2634 3713 requirit
2658 3685 2672 3709 ,
2703 3660 2798 3700 cur
2825 3646 3054 3701 alienum
3088 3662 3283 3701 nomen
3310 3644 3651 3718 assumptum

2066 3739 2156 3795 sit.
2198 3736 2385 3791 Restat
2410 3733 2590 3790 dicere
2618 3750 2714 3790 cur
2758 3734 3043 3790 Timothei.
3101 3734 3256 3802 Quod
3293 3747 3351 3791 ut
3376 3736 3646 3801 dicamus,

2067 3826 2132 3881 ad
2180 3831 2455 3879 auctorem
2499 3824 2676 3878 denuo
2722 3825 2987 3879 reversuri
3023 3841 3221 3879 sumus.
3263 3825 3313 3880 ls
3339 3827 3483 3880 enim
3513 3843 3650 3882 cau-

2065 3930 2243 3970 sarum
2271 3913 2508 3968 omnium
2543 3927 2703 3968 causa
2745 3920 2863 3969 est:
2913 3913 3006 3983 qui
3029 3914 3164 3969 sicut
3191 3915 3475 3970 humilitati
3506 3932 3651 3988 prae-

2065 4006 2199 4063 stitit
2227 4013 2286 4060 ut
2312 4004 2543 4059 alienum
2560 4044 2575 4069 ,
2616 4004 2695 4059 sic
2722 4004 2901 4058 timori
2930 4015 3087 4074 atque
3115 4006 3337 4060 cautelae
3364 4015 3422 4059 ut
3449 4005 3651 4063 Time-

2065 4098 2173 4153 thei
2221 4111 2415 4152 nomen
2459 4094 2735 4151 scriberet.
2773 4092 3002 4150 Pavidus
3041 4095 3237 4165 quippe
3265 4105 3347 4151 est
3374 4104 3429 4151 et
3454 4095 3652 4153 formio

2065 4190 2299 4252 dolosus,
2331 4203 2394 4244 ac
2422 4200 2801 4254 nonnunquam
2828 4186 2988 4241 etiam
3017 4187 3209 4241 levium
3238 4187 3650 4244 mendaciorum

2064 4280 2242 4348 fugax,
2269 4286 2432 4347 atque
2457 4278 2509 4331 in
2537 4284 2740 4331 tantum
2770 4290 2993 4345 peccare
3018 4284 3260 4332 metuens
3285 4287 3344 4332 ut
3371 4278 3651 4334 interdum

397 4367 527 4423 illud
568 4367 792 4423 dicimus
835 4366 979 4433 quod
1023 4364 1316 4420 secundum
1362 4373 1463 4429 est,
1511 4367 1750 4430 scilicet,
1781 4384 1879 4423 cur
1906 4370 1958 4424 in
2036 4356 2254 4424 etnon
2300 4366 2537 4421 timenda
2584 4364 2849 4421 formidet.
2918 4362 3052 4419 Cum
3094 4380 3223 4433 ergo
3260 4367 3589 4423 subtrahere
3620 4384 3653 4419 θ

395 4458 552 4513 titulo
598 4454 902 4512 libellorum
946 4468 1053 4508 non
1081 4454 1150 4508 sit
1188 4468 1384 4508 nomen
1413 4457 1665 4510 auctoris.
1704 4456 1866 4527 Cujus
1891 4464 1969 4517 rei
1997 4459 2048 4519 D
2071 4461 2226 4517 titulo
2252 4472 2446 4513 nomen
2474 4469 2630 4512 suum
2658 4462 2713 4510 et
2760 4455 2996 4510 inserere
3038 4455 3201 4511 vellet
3230 4455 3483 4524 alienum,
3518 4470 3543 4498 ε
3578 4459 3653 4513 ti-

1559 4544 1892 4607 STEPHANI
1926 4553 2195 4611 BALUle
2231 4547 2459 4605 NOTAE.

395 4643 530 4722 libro
549 4657 587 4697 ιι
610 4641 766 4722 epist.
799 4639 867 4722 1?
890 4657 911 4722 ς
938 4640 1268 4722 Ρφηὶιειξιὶα,
1298 4641 1462 4722 frater
1489 4640 1817 4722 citatissime,
1849 4663 1953 4722 non
1983 4654 2032 4714 Ι)
2058 4652 2446 4722 [νεεᾳιιιεηιαιιινι
2462 4638 2835 4722 exomologesis
2863 4649 2959 4722 est,
2989 4655 3089 4722 qua
3104 4640 3360 4721 .detictum
3404 4639 3652 4722 Domino

394 4712 597 4767 nomine
622 4708 697 4765 est
715 4711 1055 4782 suscipienda,
1078 4710 1167 4763 sed
1194 4708 1375 4782 opere1
1388 4708 1478 4782 Sic
1504 4711 1648 4782 enim
1675 4712 1954 4781 legendum
1983 4708 2019 4714 ”
2058 4708 2294 4773 nostrum
2314 4711 2637 4782 conﬁtemur,
2667 4708 2771 4782 non
2796 4708 3072 4782 quiuerunt
3098 4709 3313 4782 ignaro,
3331 4710 3422 4782 sed
3449 4722 3650 4782 quate-

394 4789 602 4853 estpro
621 4794 693 4833 eo
714 4776 861 4853 quod
883 4778 1125 4853 Canisius
1144 4776 1309 4853 edidit
1335 4776 1615 4853 Patientia,
1640 4776 1829 4853 frater,
1847 4795 1953 4841 etc.
2059 4803 2156 4840 nus
2188 4776 2479 4853 satisfactio
2513 4776 2834 4853 confessione
2855 4776 3513 4853 disponitur,_confessione
3535 4798 3658 4850 pc-

394 4845 592 4904 Eadem
619 4845 880 4919 medicina
912 4848 1207 4904 adhibenda
1249 4848 1591 4919 esthomiliae
1636 4845 1705 4904 35
1739 4845 1954 4910 Caisarii
2059 4854 2276 4909 nitentia
2311 4845 2568 4913 nascitur,
2606 4845 3081 4919 paenitentiaDeus
3104 4845 3406 4919 _mitigatur.
3452 4845 3657 4919 Itaque

394 4918 630 4992 episcopi
660 4917 1019 4992 Arelatensis,
1041 4920 1093 4972 in
1115 4934 1219 4992 qua
1247 4918 1645 4992 hodie-legitur,
1669 4930 1727 4972 ut
1756 4939 1874 4992 cum
1900 4927 1954 4978 in
2063 4921 2430 4992 exomologesis
2451 4916 2804 4992 prosternendi
2831 4916 3279 4992 ethumitiﬁcandi
3308 4917 3534 4992 hominis
3560 4916 3654 4992 li-

393 4986 467 5062 εἷς
488 4986 950 5062 oculos_patienti¢e
969 4986 1239 5062 clauserit,
1257 5002 1377 5062 cum
1412 4986 1791 5062 legendumsn
1808 5033 1821 5055 ,
1852 5009 1956 5062 pae-
2059 4986 2399 5062 sciplinaest,
2428 4986 2859 5062 conversationem
2882 4987 3154 5062 injungens
3175 4987 3551 5062 misericordia:
3577 4990 3657 5042 ii-

395 5052 799 5130 nitentiae.‘ltcm
838 5056 1066 5130 homiliaa
1095 5055 1244 5130 Pauli
1266 5052 1485 5130 Diaconi
1517 5077 1529 5109 :
1564 5055 1742 5113 Omnis
1771 5052 1955 5130 pecca-
2060 5052 2227 5116 licem.
2270 5061 2343 5112 De
2360 5061 2470 5130 ipso
2490 5072 2686 5127 quoque
2713 5052 3057 5130 habitantque
3078 5056 3208 5130 victa
3229 5055 3464 5119 mandat,
3483 5071 3658 5130 sacco

397 5143 493 5190 tor,
510 5126 556 5178 si
580 5125 779 5203 imitati
797 5127 995 5203 ueniam
1016 5128 1278 5203 attingere,
1303 5125 1499 5195 abjecto
1520 5131 1752 5203 universo
1771 5120 1956 5186 'cordis
2059 5141 2109 5184 et
2129 5131 2289 5203 cineri
2314 5120 2585 5203 incubare,
2603 5120 2801 5203 corpus
2829 5120 3065 5178 sordibus
3086 5120 3380 5203 obstgrare,
3405 5126 3661 5203 animum

395 5206 592 5249 tumore
619 5194 763 5249 debet
794 5192 1097 5266 omnimodis
1129 5192 1185 5248 se
1216 5192 1404 5248 terrain
1437 5206 1485 5248 et
1512 5199 1733 5251 cinerem
1778 5202 1959 5253 eaiszi-
2065 5198 2366 5254 maeroribus
2385 5197 2632 5266 dejicere,
2662 5192 2738 5266 illi
2768 5209 2879 5266 qua:
2900 5192 3121 5266 percepit
3151 5192 3287 5266 tristi
3308 5195 3658 5266 tractatione,

2064 5279 2169 5323 etc.
2192 5268 2325 5323 Vide
2350 5259 2689 5337 Cyprianum
2718 5259 2936 5337 iu'li_bro_
2955 5262 3023 5337 de
3050 5259 3256 5337 _Laps_iS,
3290 5262 3381 5315 ubi
3403 5262 3471 5316 de
3499 5262 3665 5316 Ana-

2063 5340 2173 5399 nia,
2205 5329 2427 5401 Azan-ia;
2447 5329 2783 5401 Misaheleiet
2808 5331 3026 5385 Daniele
3049 5329 3303 5401 loquitur.

2137 5400 2760 5479 “Videsepraras-E
3202 5400 3233 5479 ί.
3358 5468 3371 5479 .
3502 5466 3544 5479 ..

2138 5488 2159 5517 ο
2196 5476 2368 5530 Antea
2396 5466 2671 5541 legebatur
2701 5469 2973 5541 Timothei2
3016 5483 3122 5524 non
3154 5466 3326 5541 solum
3357 5468 3410 5522 in
3456 5466 3660 5532 editis,

2064 5545 2159 5602 sed
2204 5546 2367 5601 etiam
2417 5537 2474 5597 in
2510 5541 2698 5597 codice
2735 5540 2906 5605 regio.
2955 5538 3139 5607 itaque
3181 5537 3670 5607 quiarconstahat

2065 5615 2314 5672 mendum
2344 5614 2431 5668 hic
2450 5625 2587 5684 esse,
2618 5617 2674 5663 et
2700 5606 3122 5684 substituendam
3140 5620 3261 5660 esse
3276 5606 3510 5683 aliquam
3542 5622 3668 5660 vo-

2068 5700 2185 5742 cem
2212 5699 2330 5753 quac
2356 5679 2669 5739 conveniret
2697 5678 2897 5734 Lumina
2949 5696 3007 5746 ;.εσ
3038 5678 3062 5723 ’ἶ
3130 5706 3133 5713 ‹
3170 5684 3212 5724 .“ἶ
3276 5678 3283 5683 ’
3327 5695 3344 5728 ,ι
3448 5680 3449 5683 ‘
3653 5718 3667 5743 ,

395 5283 566 5330 mare;
588 5274 642 5318 ut
671 5281 701 5317 a
722 5281 840 5318 vera
861 5264 1148 5316 humilitate
1177 5266 1442 5331 incipiam,
1472 5267 1637 5319 valeat
1664 5267 1763 5321 sibi
1793 5286 1824 5321 a
1852 5270 1959 5323 Do-

395 5337 532 5409 mino
562 5336 860 5409 patientiam
887 5334 1179 5402 impetrare.
1208 5332 1510 5401 Legendqu
1543 5344 1626 5389 est
1660 5337 1838 5406 itaque
1862 5355 1962 5409 ρω-

394 5406 679 5459 nitentium.

466 5485 492 5512 ι
531 5474 667 5529 Infra
698 5473 788 5527 lib.
822 5489 837 5527 ι
866 5472 1118 5528 adversus
1153 5473 1461 5536 Avaritiam,
1511 5487 1629 5542 pag.
1662 5474 1758 5529 221
1797 5495 1810 5529 :
1854 5475 1961 5533 Sed

394 5546 645 5610 quomodo
676 5545 723 5597 ei
750 5543 1116 5613 exomologesis
1155 5542 1755 5613 diutunta_opitulabitur
1787 5548 1842 5600 in
1868 5563 1960 5601 ea:-

399 5616 568 5687 tremis
598 5614 734 5666 sila?
761 5610 1118 5687 Tertulliauus
1143 5613 1196 5667 in
1231 5611 1366 5665 libro
1387 5610 1455 5687 de
1480 5610 1800 5687 Pmnitentia
1830 5631 1950 5687 cap.

394 5679 432 5738 θ
454 5696 468 5735 :
494 5680 549 5737 Is
577 5692 720 5736 actus
762 5685 846 5752 qui
878 5685 1041 5754 magis
1076 5681 1255 5737 Οτωσο
1303 5682 1546 5738 vocabulo
1577 5683 1881 5753 exprimitur
1896 5679 1961 5741 "et
