3936 6176
234 355 321 410 ΠΥ

1320 349 1676 407 ADVERSUS
1714 351 2085 408 AV'ARlTlAM
2128 355 2249 409 ΜΒ.
2292 354 2330 408 l-.

3345 360 3446 418 t78

233 474 419 538 putant,
438 465 526 535 qui
545 463 774 520 fortasse
802 478 988 518 aurum
1016 479 1080 518 ac
1107 463 1384 517 facultates
1411 477 1534 517 suas
1557 464 1609 516 in
1637 469 1777 516 terra
1806 468 1851 523 Α
1882 464 2051 519 multo
2086 466 2347 521 malorum
2384 464 2622 521 continet
2648 481 2809 535 quam
2837 466 3127 536 bonorum,
3159 475 3448 528 secundum

236 573 328 613 non
353 555 543 611 habent
565 597 580 622 ,
620 563 675 611 et
703 562 879 609 tamen
914 554 1218 623 ubicunque
1246 554 1521 608 abstrusas
1556 553 1774 607 habent.

240 648 388 705 Nemo
412 661 468 701 se
494 645 731 701 ridiculis
758 645 1100 715 opinionibus
1135 644 1301 698 fallat.
1333 643 1646 712 Quicunque
1682 658 1776 697 au-

1880 554 2009 607 illud
2044 554 2332 626 Scriptura:
2378 571 2542 611 sacra:
2575 575 2586 608 :
2627 556 2801 611 Radix
2825 560 3051 614 omnium
3080 562 3333 616 malorum
3377 576 3451 619 est

1879 644 2130 714 cupiditas
2175 645 2216 715 (1
2250 644 2380 697 Tim.
2410 662 2500 709 vr,
2550 645 2655 714 10).
2703 645 2887 715 Itaque
2924 647 2967 701 si
2998 649 3150 701 radix
3190 651 3449 704 malorum

234 737 398 807 gendis
434 737 623 806 opibus
658 744 871 790 terrena
898 735 1193 805 cupiditate
1220 733 1561 798 famulantur,
1592 748 1781 786 aurum
1880 734 2117 789 omnium
2132 743 2222 817 est
2248 733 2528 802 cupiditas,
2562 743 2723 803 atque
2751 735 2863 789 lucc
2889 736 3102 803 pietatis
3122 740 3344 793 matrice
3373 741 3452 808 gi-

237 840 373 883 terra:
413 842 625 896 semper
668 826 953 880 infodiunt.
1002 827 1163 898 209
1191 825 1305 880 Hoc
1343 833 1428 879 est
1465 825 1608 878 enim
1654 824 1781 878 illud
1881 826 2060 891 gnitur
2088 833 2143 879 et
2181 826 2335 893 quasi
2369 826 2548 879 viroso
2588 825 2825 893 ejusdem
2857 826 2994 881 laete
3036 829 3267 883 nutritur
3290 870 3305 895 ,
3346 847 3451 884 non

234 920 359 991 quod
382 918 625 973 Salvator
644 919 696 971 in
719 917 1010 986 Evangelio
1034 918 1191 971 docet
1214 918 1398 972 dicens
1430 934 1442 969 :
1468 915 1648 971 Nolite
1677 917 1785 968 tlte-

234 1012 478 1064 smtrizare
507 1008 646 1063 vobis
681 1010 950 1063 thesauros
975 1010 1030 1062 in
1063 1018 1197 1062 terra
1229 1008 1439 1079 (Matth.
1469 1025 1541 1072 γι,
1574 1007 1685 1078 19).
1719 1006 1787 1061 Et

124 1108 139 1117 '
236 1102 403 1157 iterum
436 1118 448 1150 :
489 1099 854 1154 Thesaurizate
890 1108 1059 1152 autem
1098 1097 1237 1151 vobis
1278 1098 1551 1152 thesauro}
1569 1099 1621 1151 in
1661 1097 1786 1153 caelo

237 1188 400 1257 (lbid.,
428 1188 546 1259 20).
568 1188 793 1257 lntelligi
812 1188 965 1256 juxta
985 1188 1252 1242 carnalem
1281 1187 1518 1241 auditum
1547 1188 1647 1242 ista
1678 1202 1786 1243 non

235 1288 456 1352 possunt.
488 1280 736 1349 Nunquid
766 1282 907 1333 enim
933 1286 1027 1333 aut
1054 1293 1242 1334 omnes
1263 1279 1389 1334 mali
1419 1279 1472 1335 in
1501 1286 1640 1333 terra
1667 1293 1788 1334 cor-

235 1371 428 1443 porales
454 1370 738 1427 thesauros
761 1386 888 1426 suos
910 1408 925 1434 ,
957 1376 1050 1425 aut
1077 1384 1263 1423 omnes
1288 1369 1415 1423 boni
1454 1370 1508 1423 in
1543 1369 1682 1425 ctelo
1706 1368 1789 1423 lo—

236 1462 375 1517 cant?
400 1461 516 1515 Non
546 1462 749 1529 utique.
781 1460 849 1515 Et
876 1462 997 1516 ideo
1024 1460 1248 1520 effectus
1266 1461 1580 1532 spiritalium
1607 1477 1786 1516 rerum

234 1561 377 1620 atque
402 1552 632 1606 virtutes
654 1552 732 1607 vis
759 1567 927 1607 sacra:
951 1552 1236 1608 locutionis
1263 1552 1541 1622 expressit.
1575 1551 1790 1607 Scilicet

233 1652 285 1698 ut
306 1646 424 1713 quia
449 1644 730 1714 cupiditati
759 1650 815 1699 et
842 1645 1076 1699 avaritia:
1105 1651 1315 1698 terrena
1345 1650 1505 1712 atque
1535 1652 1785 1709 tartarea,

232 1736 600 1797 misericordiae
629 1745 809 1793 autem
856 1750 921 1790 ac
948 1735 1179 1803 largitati
1222 1735 1460 1790 caelestia
1498 1750 1562 1791 ac
1589 1735 1786 1804 sempi-

1884 924 1991 968 tam
2020 916 2284 985 cupiditas
2306 916 2741 984 reprehendenda
2764 920 2881 985 qua:
2909 934 2976 972 ex
3006 918 3204 988 pietate
3232 931 3455 990 parente

1885 1005 2136 1069 nascitur,
2168 1020 2325 1074 quam
2353 1005 2465 1074 ipsa
2495 1006 2664 1074 pietas
2695 1021 2761 1060 ex
2787 1022 2891 1075 qua
2923 1008 3044 1062 talis
3071 1007 3177 1062 ﬁlia
3204 1025 3452 1079 procrea-

1888 1108 1990 1153 tur.
2025 1096 2142 1163 Quo
2173 1098 2229 1151 lit
2257 1104 2317 1152 ut
2344 1097 2388 1151 si
2414 1104 2522 1151 tam
2548 1097 2802 1166 pestilens
2829 1106 2910 1153 est
2934 1100 3105 1168 pietas
3130 1115 3193 1155 ac
3221 1109 3329 1155 tam
3361 1120 3455 1157 no-

1888 1207 2038 1252 cens,
2077 1203 2174 1243 nec
2200 1184 2382 1242 amare
2409 1187 2659 1256 expediat
2683 1202 2783 1242 nec
2812 1189 2979 1243 amari
3023 1206 3037 1243 :
3078 1193 3203 1259 quia
3233 1207 3332 1247 nec
3359 1209 3455 1263 pa—

1886 1286 2067 1333 rentes
2107 1292 2347 1332 amorem
2388 1277 2586 1331 debent
2632 1284 2886 1346 appetere
2915 1279 3013 1334 sibi
3062 1280 3316 1345 noxium,
3360 1297 3461 1336 nec

1886 1368 2194 1423 desiderare
2230 1366 2322 1422 ﬁlii
2367 1367 2681 1437 parentibus
2725 1367 3051 1423 obfuturum.
3086 1369 3341 1437 Quamvis
3370 1372 3461 1428 ille

1890 1473 1995 1511 non
2042 1458 2352 1527 parentibus
2375 1464 2600 1521 tantum,
2642 1456 2737 1512 sed
2765 1459 2926 1513 etiam
2961 1457 3081 1515 ﬁliis
3108 1461 3352 1516 morbum
3383 1461 3460 1517 fe-

1890 1556 1974 1601 rat
2003 1567 2015 1600 :
2048 1548 2175 1617 quia
2216 1554 2271 1602 et
2300 1548 2405 1602 illis
2429 1549 2606 1615 gravis
2635 1555 2716 1603 est
2752 1549 2843 1618 qui
2889 1552 3218 1619 perniciosas
3247 1554 3460 1621 pariunt

1888 1638 2258 1700 lmreditates,
2302 1644 2358 1692 et
2396 1638 2501 1693 illis
2526 1638 2617 1705 qui
2647 1638 2788 1693 inter
2826 1638 3276 1707 improbissimum
3307 1656 3459 1711 qua:-

1888 1738 2029 1787 szum
2059 1727 2288 1800 improbi
2326 1729 2621 1783 educantur
2657 1728 2927 1787 haeredes.
2945 1728 3012 1782 Et
3048 1731 3171 1786 hinc
3197 1739 3280 1785 est
3316 1732 3462 1801 quod

230 1834 367 1880 tema
388 1826 684 1892 debentur;
714 1825 912 1882 idcirco
940 1824 1219 1879 diversitas
1250 1826 1456 1880 terreni
1475 1833 1530 1879 et
1557 1826 1789 1881 cmlestis
1820 1813 1864 1872 Β
1890 1836 2028 1893 pene
2062 1836 2251 1876 omnes
2278 1820 2590 1890 parentibus
2615 1819 2726 1873 suis
2750 1819 2841 1873 ﬁlii
2871 1835 2979 1875 non
3008 1822 3174 1889 magis
3203 1821 3255 1875 in
3296 1823 3464 1890 patri-

227 1918 451 1972 tbesauri
480 1917 658 1986 posita
679 1924 765 1972 est
794 1935 807 1971 :
836 1924 895 1970 ut
920 1917 1011 1984 qui
1035 1915 1314 1986 cupiditati
1342 1924 1396 1970 et
1425 1917 1661 1972 avaritiae
1683 1917 1791 1971 the-

227 2009 566 2071 saurizarent,
598 2008 650 2061 in
681 2006 890 2063 inferno
911 2022 971 2061 se
1000 2022 1132 2077 opes
1167 2006 1346 2063 locare
1374 2016 1788 2077 cognoscerent;

226 2096 306 2165 qui
334 2113 462 2152 vero
493 2096 873 2152 misericordiae
893 2104 946 2152 et
970 2096 1305 2164 humanitati,
1326 2098 1571 2153 caelestes
1598 2114 1656 2153 se
1674 2099 1798 2154 mea

226 2202 399 2241 sauros
425 2202 735 2257 prteparare
761 2186 1074 2255 gauderent.
1119 2186 1260 2242 Loca
1289 2187 1468 2257 itaque
1509 2189 1794 2244 thesauros

228 2291 329 2329 rum
357 2276 424 2330 de
452 2277 664 2335 meritis
692 2277 1169 2337 thesaurizantium
1199 2277 1512 2335 nominavit.
1542 2278 1619 2335 lbi
1649 2278 1791 2332 enim

227 2363 462 2418 dicuntur
486 2380 612 2419 esse
646 2364 756 2433 jam
787 2365 1056 2431 thesauri,
1102 2365 1192 2420 ubi
1220 2375 1344 2420 sunt
1373 2367 1794 2425 thesaurizantes

228 2451 394 2507 futuri.

284 2541 366 2597 Ill.
408 2542 522 2598 Sed
566 2552 778 2598 austera
817 2544 1038 2599 forsitan
1078 2544 1323 2601 videatur
1363 2560 1484 2602 esse
1528 2547 1791 2602 sententia

225 2641 430 2689 cunctos
474 2634 759 2703 :equaliler
802 2634 869 2688 ad
912 2635 1295 2704 perfectionem
1339 2652 1541 2693 vocans
1586 2646 1643 2692 et
1686 2654 1792 2693 una

222 2737 397 2779 omnes
424 2724 553 2793 lege
579 2725 939 2794 compellans,
972 2742 1093 2781 cum
1122 2727 1306 2796 utique
1337 2745 1441 2782 non
1474 2729 1544 2783 sit
1580 2730 1794 2786 univer-

220 2828 390 2867 sorum
420 2830 536 2868 una
573 2816 828 2871 conditio.
862 2815 1178 2873 Rectissime
1200 2819 1413 2887 quidem
1451 2820 1556 2875 dici
1585 2821 1654 2875 ad
1691 2822 1789 2877 ista

218 2913 457 2974 poterat,
513 2907 656 2976 quod
696 2923 817 2963 cum
865 2924 1051 2964 omnes
1077 2920 1338 2980 perpetuo
1366 2913 1536 2968 velint
1579 2915 1788 2979 vivere,

219 3009 392 3049 omnes
419 2995 481 3049 id
512 3009 674 3064 agere
700 2997 957 3054 deberent
988 3010 1043 3053 ut
1076 3002 1240 3054 vitam
1269 3011 1293 3038 ι
1318 3004 1636 3073 participare
1671 3020 1795 3075 pos-

218 3084 314 3137 sint
358 3104 371 3138 :
402 3086 541 3157 quia
570 3084 1080 3144 inconsultissimum
1109 3105 1173 3145 ac
1212 3092 1579 3148 stultissimum
1605 3103 1688 3149 est
1715 3095 1787 3160 id,

1889 1912 2070 1967 monia
2099 1925 2260 1981 quam
2290 1911 2341 1964 in
2371 1910 2500 1964 vitia
2521 1909 2831 1975 succedunt,
2863 1925 2963 1965 nec
2989 1910 3159 1978 magis
3186 1908 3464 1967 facultates

1887 2010 2143 2073 paternas
2172 2008 2392 2056 sumunt
2419 2015 2578 2069 quam
2615 2000 2911 2070 pravitates
2940 2017 2953 2053 :
2983 2015 3047 2055 ac
3073 2001 3151 2055 sic
3180 2008 3463 2056 transeun-

1890 2103 1974 2151 tes
2011 2109 2225 2164 semper
2250 2093 2303 2149 in
2332 2107 2513 2147 mores
2539 2101 2749 2162 patrum
2773 2133 2787 2157 ,
2830 2100 2955 2147 ante
2983 2107 3171 2149 eorum
3208 2092 3466 2162 incipiunt

1892 2184 2184 2253 nequitiam
2213 2197 2379 2252 quam
2419 2181 2772 2236 substantiam
2802 2181 3099 2260 possidere.
3144 2181 3293 2238 Bona
3322 2184 3467 2239 enim

1890 2280 2173 2344 parentum
2206 2272 2419 2327 nonnisi
2460 2270 2685 2325 mortuis
2713 2269 2794 2325 eis
2832 2270 3137 2340 possident;
3168 2271 3467 2328 viventibus

1892 2372 2072 2419 autem
2113 2362 2289 2417 adhuc
2329 2370 2385 2416 et
2420 2360 2760 2424 valentibus,
2800 2375 2979 2415 mores
3027 2378 3039 2413 :
3083 2363 3240 2433 211
3285 2377 3348 2416 ac
3389 2364 3474 2417 sie

1891 2453 2201 2523 priusquam
2232 2452 2285 2506 in
2314 2451 2552 2506 dominio
2590 2466 2687 2505 suo
2730 2449 2929 2505 habere
2969 2451 3227 2521 incipiant
3255 2468 3341 2506 res
3379 2470 3470 2523 pa-

1891 2550 2096 2609 ternas,
2138 2541 2339 2597 habent
2368 2542 2421 2595 in
2465 2541 2657 2595 animis
2688 2540 2834 2610 ipsos
2861 2547 3068 2610 patres;
3099 2548 3156 2595 et
3182 2550 3468 2612 antequam

1892 2632 2127 2688 habeant
2158 2634 2244 2686 illa
2286 2647 2404 2703 qua:
2447 2629 2581 2686 falso
2628 2631 2880 2686 dicuntur
2924 2631 3104 2698 bona,
3132 2631 3333 2686 habent
3379 2632 3467 2685 illa

1893 2740 2012 2795 quae
2033 2739 2159 2780 vere
2180 2723 2475 2794 probantur
2493 2721 2653 2776 mala.

1961 2815 2047 2870 IV.
2080 2815 2217 2883 Quid
2244 2815 2411 2884 ergo?
2435 2829 2555 2869 cum
2584 2813 2699 2868 haec
2728 2813 2801 2867 ita
2830 2813 2955 2879 sint,
2990 2813 3314 2871 interdicere
3354 2813 3467 2872 for-

1893 2923 1989 2963 san
2039 2907 2351 2978 parentibus
2400 2904 2630 2960 ﬁliorum
2677 2905 2865 2961 videor
2895 2906 3466 2962 ‘all‘ectum‘iMinime.

1895 2999 2030 3067 Quid
2061 3000 2201 3054 enim
2251 3005 2359 3052 tam
2403 2995 2605 3064 ferum,
2638 3003 2745 3051 tam
2798 2998 3147 3053 inhumanum
3172 3037 3188 3065 ,
3217 3006 3323 3051 tam
3369 2998 3470 3067 legi

1892 3092 2160 3155 aemulum,
2192 3104 2350 3159 quam
2376 3088 2421 3142 si
2449 3103 2554 3142 non
2601 3086 2860 3143 amandos
2911 3088 3151 3143 dicamus
3180 3088 3315 3143 ﬁlios
3337 3131 3351 3155 ,
3380 3090 3473 3160 qui

200 3175 468 3240 .qnosdam
517 3191 677 3245 agere
705 3187 764 3232 ut
803 3180 946 3249 quod
985 3178 1180 3235 all‘ectu
1214 3197 1278 3237 ac
1317 3191 1446 3237 voto
1479 3185 1695 3250 volunt,
1738 3188 1788 3240 id
1818 3166 1864 3229 (ἶ
1896 3181 2151 3236 amandos
2172 3172 2399 3235 fatemur
2418 3178 2699 3234 inimicos?
2729 3186 2821 3232 aut
2843 3179 2888 3233 si
2909 3177 3156 3234 allectum
3190 3193 3347 3248 quem
3375 3195 3463 3233 na-

218 3264 376 3333 ipsum
418 3283 495 3323 re
532 3275 695 3336 atque
721 3276 842 3322 actu
873 3269 1016 3324 nolle
1039 3270 1339 3325 videantur.
1375 3270 1480 3327 Sed
1513 3280 1689 3329 tamen
1712 3276 1793 3328 vi-

218 3353 425 3412 deamus
453 3372 585 3412 eam
611 3358 844 3412 maxime
872 3358 1324 3425 Christianorum,
1357 3361 1406 3415 id
1431 3370 1532 3427 est,
1566 3364 1795 3418 ﬁliorum

219 3451 425 3501 tuorum
471 3455 696 3518 partem
718 3462 839 3517 quae
884 3449 1046 3504 certis
1093 3465 1270 3505 rerum
1311 3452 1704 3521 impedimentis
1741 3461 1798 3509 et

221 3535 717 3608 inexpugnabilibus
738 3580 754 3606 ,
793 3549 855 3594 ut
882 3548 1062 3610 putat,
1095 3542 1544 3598 necessitudinum
1572 3547 1796 3602 vinculis

218 3644 243 3681 a
289 3631 633 3699 perfectione
658 3640 959 3687 revocatur.
1009 3634 1086 3689 Ac
1114 3635 1340 3704 primum
1371 3635 1423 3690 in
1473 3638 1573 3693 hac
1600 3648 1752 3709 parte
1777 3679 1793 3705 ,

220 3719 304 3783 illi,
334 3724 556 3793 Opinor,
590 3731 714 3777 sunt
744 3724 848 3792 'qui
878 3724 945 3779 ad
972 3726 1289 3795 quaerendas
1328 3730 1581 3797 pecunias
1608 3739 1661 3785 et
1689 3746 1797 3785 am-

218 3809 451 3877 pliandas
503 3813 759 3867 latissime
788 3829 918 3884 opes
957 3815 1204 3885 compelli
1233 3832 1291 3871 se
1338 3818 1618 3886 pignorum
1666 3836 1792 3875 cura

217 3904 440 3969 etquasi
487 3903 732 3959 violento
781 3905 1010 3959 ﬁliorum
1055 3921 1239 3962 amore
1276 3916 1582 3966 causantur.
1634 3912 1796 3981 210

217 3988 369 4056 Quasi
400 4009 543 4048 vero
581 3996 887 4064 quicunque
921 4005 1103 4066 patres
1141 4006 1293 4064 sunt,
1326 4015 1661 4071 nequaquam
1702 4012 1796 4056 aut

215 4086 413 4149 possint
428 4092 529 4139 aut
548 4085 783 4142 debeant
799 4087 1018 4143 omnino
1038 4104 1156 4143 esse
1178 4090 1278 4144 nisi
1303 4090 1512 4157 divites,
1539 4101 1591 4147 et
1614 4107 1794 4148 amare

214 4169 345 4227 ﬁlios
370 4189 509 4230 suos
556 4174 674 4231 sine
718 4190 880 4245 opum
917 4179 1365 4248 multiplicatione
1409 4198 1523 4235 non
1547 4182 1790 4249 valeant;

216 4271 301 4316 aut
329 4280 458 4320 vero
487 4264 665 4320 virtus
692 4282 755 4321 ac
783 4268 1028 4323 medulla:
1057 4268 1343 4325 affectuum
1372 4273 1594 4328 avaritia
1625 4282 1680 4328 et
1707 4290 1793 4329 cu-

216 4353 462 4421 piditates
485 4358 601 4410 sint
631 4374 645 4408 :
677 4357 798 4425 quia
827 4358 1059 4426 scilicet,
1092 4368 1151 4415 ut
1178 4360 1255 4414 illi
1280 4370 1489 4431 putant,
1517 4363 1654 4418 sicut
1681 4378 1794 4419 cor-

216 4458 308 4512 pus
334 4447 453 4500 sine
486 4435 724 4500 medulla
744 4488 757 4512 ,
789 4447 867 4502 sic
894 4463 1048 4502 amor
1073 4450 1188 4503 sine
1217 4451 1511 4520 cupiditate
1539 4467 1656 4508 esse
1683 4469 1790 4507 non

214 4534 395 4600 possit.
430 4533 594 4601 Quod
634 4536 679 4588 si
708 4536 781 4589 ita
811 4544 909 4599 est,
943 4539 1117 4592 omnis
1167 4539 1368 4609 absque
1398 4540 1560 4596 dubio
1599 4545 1787 4612 pietas,
1822 4521 1867 4578 ί)

214 4625 333 4678 mali
359 4640 529 4680 causa
557 4634 671 4691 est;
695 4641 870 4695 neque
896 4628 947 4681 in
978 4644 1043 4683 ea
1065 4645 1253 4686 sensus
1281 4640 1406 4686 sunt
1427 4632 1690 4689 bonorum
1712 4636 1790 4690 af-

215 4710 486 4779 fectuum,
530 4716 628 4772 sed
673 4717 941 4772 incentiva
970 4719 1241 4775 vitiorum.
1293 4721 1358 4776 Et
1387 4723 1474 4778 ubi
1516 4725 1640 4779 illud
1689 4727 1792 4783 erit

212 4818 417 4860 sacrum
446 4807 648 4862 divina).
681 4811 1019 4865 auctoritatis
1046 4814 1320 4867 oraculum
1350 4832 1361 4866 :
1387 4815 1564 4871 Pietas
1586 4818 1655 4871 ad
1682 4836 1792 4872 om-

213 4897 296 4948 nia
321 4898 470 4951 utilis
501 4908 579 4952 est
608 4898 653 4969 (Ι
681 4899 811 4953 Tim.
842 4917 913 4966 tv,
943 4900 1035 4972 8)?
1064 4900 1178 4957 Hoc
1206 4905 1351 4961 enim
1380 4906 1541 4961 modo
1570 4923 1676 4962 non
1702 4924 1791 4964 so-

214 4982 316 5038 lum
350 5002 464 5041 non
490 4987 557 5040 ad
589 4989 767 5042 omnia
797 4989 972 5055 utilis,
1006 4991 1099 5046 sed
1123 5006 1262 5061 pene
1286 4993 1340 5047 in
1369 4996 1616 5051 omnibus
1645 4997 1787 5053 insa-

215 5074 399 5135 lubris.
423 5077 484 5132 Si
503 5079 645 5133 enim
673 5081 975 5148 generatrix
999 5082 1352 5154 cupiditatum
1372 5093 1470 5152 est,
1503 5088 1620 5157 plus
1648 5091 1701 5144 in
1730 5106 1790 5146 se

1899 3282 2015 3329 tura
2044 3281 2269 3344 praestat
2282 3272 2682 3343 prohibeamus,
2714 3271 2804 3340 qui
2833 3271 2995 3324 etiam
3026 3286 3147 3325 eum
3182 3285 3343 3339 quem
3372 3287 3469 3326 na-

1899 3374 2014 3420 tura
2044 3365 2292 3435 prohibet
2320 3362 2714 3433 impendimus?
2738 3370 2832 3415 aut
2850 3362 2899 3417 si
2932 3362 3248 3416 charitatem
3277 3364 3472 3419 mentis

1896 3466 2313 3527 extorqueamus
2336 3469 2496 3523 quam
2524 3453 2706 3516 habet,
2738 3452 2828 3521 qui
2858 3453 3019 3506 etiam
3050 3454 3194 3507 illam
3224 3454 3273 3508 ei
3305 3468 3471 3513 conat-

1895 3566 2016 3605 mur
2036 3550 2272 3604 inserere
2298 3562 2457 3617 quam
2487 3560 2595 3601 non
2622 3544 2822 3599 habet?
2850 3543 2965 3598 Non
3006 3544 3077 3597 ita
3111 3552 3208 3599 est.
3233 3544 3351 3599 Non
3378 3560 3470 3600 so-

1896 3640 2005 3694 lum
2061 3638 2203 3693 enim
2250 3636 2507 3691 amandos
2535 3634 2760 3689 dicimus
2790 3633 2950 3696 ﬁlios,
2979 3633 3073 3689 sed
3115 3636 3380 3705 praecipue
3408 3652 3473 3692 ac

1895 3746 2055 3799 super
2083 3728 2260 3783 omnia
2283 3724 2558 3790 amandos,
2580 3740 2681 3779 nec
2700 3724 2987 3794 quidquam
3020 3724 3101 3778 his
3129 3726 3347 3780 omnino
3376 3742 3472 3780 an-

1898 3820 2280 3891 teponendum,
2313 3819 2411 3872 nisi
2433 3817 2601 3872 Deum
2630 3817 2823 3870 solum.
2854 3814 2989 3870 Nam
3017 3824 3073 3871 et
3100 3818 3202 3873 hoc
3227 3827 3309 3872 est
3335 3833 3470 3888 pne-

1895 3914 2048 3981 cipue
2072 3925 2274 3975 amare,
2304 3910 2451 3963 illum
2481 3907 2603 3963 ﬁliis
2624 3915 2953 3978 anteponere
2981 3924 3139 3979 quem
3169 3925 3276 3964 non
3305 3925 3471 3980 expe-

1895 4002 2005 4056 diat
2034 4000 2252 4055 omnino
2280 3990 2621 4070 postponere.
2655 3996 2791 4063 Quid
2821 4004 2903 4052 est
2929 4012 3079 4067 ergo,
3121 4007 3214 4053 aut
3246 4014 3472 4070 quomo-

1896 4093 1965 4146 do
1994 4091 2249 4149 ama.;dos
2277 4090 2500 4146 dicimus
2548 4088 2716 4142 ﬁlios?
2744 4087 2862 4154 Quo
2911 4080 3112 4160 alisque
3140 4089 3322 4154 dubio,
3368 4090 3469 4144 nisi

1895 4197 2002 4250 quo
2032 4181 2173 4235 Deus
2213 4180 2326 4250 ipse
2354 4179 2669 4234 constituit?
2696 4177 2879 4247 Neque
2907 4179 3048 4234 enim
3077 4187 3160 4234 est
3189 4179 3327 4233 ullus
3355 4195 3470 4237 ωε-

1895 4273 1997 4329 lior
2023 4272 2249 4327 ﬁliorum
2280 4285 2431 4325 amor
2461 4284 2621 4338 quam
2651 4282 2809 4337 quem
2860 4269 2949 4323 ille
2976 4268 3158 4323 docuit
3203 4269 3295 4340 qui
3324 4268 3472 4340 ipsos

1896 4365 2034 4419 ﬁlios
2081 4362 2248 4417 dedit.
2282 4361 2465 4429 Neque
2519 4365 2743 4431 possunt
2787 4360 3011 4429 pignora
3065 4359 3255 4415 melius
3301 4360 3471 4415 amari

1895 4469 2055 4524 quam
2098 4453 2143 4507 si
2172 4452 2224 4506 in
2265 4465 2331 4506 eo
2379 4451 2495 4520 ipso
2525 4466 2553 4505 a
2583 4464 2690 4518 quo
2721 4449 2843 4505 data
2873 4457 2994 4506 sunt
3022 4458 3286 4505 amentur.
3319 4449 3467 4516 Quo-

1895 4546 2055 4602 modo
2078 4545 2236 4614 igitur
2262 4543 2403 4598 Deus
2428 4543 2598 4596 amari
2630 4541 2765 4597 lilios
2789 4540 3032 4611 jusserit,
3060 4557 3167 4597 non
3196 4540 3317 4597 dico
3344 4556 3465 4611 ego.

1895 4638 2047 4694 Dicat
2075 4651 2252 4692 sermo
2278 4634 2393 4706 ipse
2413 4633 2642 4695 divinus,
2670 4633 2760 4701 qui
2799 4632 2864 4687 ad
2887 4639 3067 4703 patres
3094 4647 3278 4687 omnes
3306 4646 3469 4701 gene—

1893 4728 2080 4783 raliter
2108 4727 2180 4781 ita
2208 4724 2447 4793 loquitur
2471 4741 2483 4776 :
2511 4721 2580 4778 Ut
2608 4722 2783 4776 tradat
2804 4721 3051 4775 mandata
3079 4722 3172 4777 Dei
3195 4720 3316 4779 ﬁliis
3334 4725 3464 4789 suis,

1893 4827 1951 4872 ut
1978 4826 2176 4889 ponant
2202 4817 2258 4868 iu
2284 4814 2396 4869 Deo
2418 4830 2560 4884 spem
2579 4829 2747 4877 suam,
2776 4821 2823 4865 et
2846 4828 2944 4867 non
2967 4811 3330 4870 obliviscantur
3349 4835 3470 4888 ope-

1895 4924 2008 4963 rum
2061 4905 2159 4959 Dei
2202 4905 2314 4969 sui,
2363 4911 2414 4956 et
2456 4901 2705 4956 mandata
2751 4903 2863 4973 ejus
2916 4905 3188 4976 exquirant
3230 4905 3464 4977 (Psalm.

1896 5017 2093 5066 uxvn,
2129 4986 2368 5069 7).'Alihi
2397 5009 2647 5065 quoque:
2680 4995 2751 5049 Et
2779 5012 2897 5062 vos,
2929 4997 3117 5066 inquit,
3148 5010 3338 5070 patres,
3369 5018 3469 5054 ηο-

1894 5093 1983 5147 lite
2012 5090 2038 5129 ι’
2069 5088 2138 5142 ad
2164 5087 2490 5142 iracundiam
2516 5103 2799 5156 provocare
2824 5088 2964 5159 ﬁlios
2992 5098 3213 5158 uestros,
3235 5090 3328 5146 sed
3345 5091 3473 5146 eda-

1387 5194 1717 5252 STEPHANI
1753 5198 2022 5258 BALUZII
2058 5195 2285 5255 NOTAE.

279 5307 304 5335 ⁸
331 5299 422 5377 ita
451 5301 619 5357 editio
666 5302 860 5377 ἰξίιῂᾼωί
905 5313 961 5361 et
998 5307 1114 5361 libri
1161 5310 1524 5377 manuscripti.
1576 5310 1793 5367 Macile-

210 5369 458 5490 reptinus
488 5378 667 5427 tamen
692 5375 821 5443 legit
848 5386 1164 5447 perpetuare.
1189 5377 1319 5443 Qua:
1338 5369 1499 5433 lectio
1517 5381 1656 5434 mala
1686 5397 1798 5439 non

210 5452 266 5488 rs
293 5478 308 5489 .

209 5452 308 5489 «δεῖ.

278 5507 305 5585 ξ
343 5506 545 5585 ΙιρεδιιεΔ
561 5519 639 5565 est
659 5528 724 5585 ex
745 5514 920 5585 capite
940 5522 1095 5585 sexto
1115 5510 1367 5585 Epistulae
1386 5517 1527 5572 beati
1556 5516 1703 5573 Pauli
1727 5521 1790 5573 ad

212 5573 498 5657 Ephesios,
534 5573 1084 5657 interdum'laudatus
1120 5573 1464 5657 alveteribus.
1497 5588 1793 5657 Cyprianus

212 5647 260 5730 lu
292 5647 434 5699 libro
466 5651 649 5730 tertio‘
663 5651 734 5730 ad
766 5650 1063 5719 Quirinum,
1092 5670 1210 5725 cap.
1244 5656 1353 5730 7l_:
1386 5647 1792 5730 Patres-quoque

213 5728 425 5785 asperos
448 5718 590 5771 circa
615 5721 748 5790 ﬁlios
777 5718 884 5776 esse
905 5740 1004 5778 non
1027 5718 1273 5794 oportere.
1302 5726 1369 5779 Et
1396 5744 1502 5789 vos,
1535 5718 1787 5797 parent'cs.

1896 5313 2056 5386 nolite
2092 5311 2147 5364 in
2193 5308 2750 5386 iracundi-agmine?
2793 5311 2931 5386 filios
2959 5321 3166 5386 uestros.
3204 5313 3467 5386 Hierony-

1897 5397 2016 5435 mus
2043 5380 2094 5433 in
2123 5379 2345 5448 epistola
2374 5379 2440 5433 ad
2468 5377 2816 5448 Theophilum
2846 5381 3256 5437 Alexandrinum
3279 5377 3467 5437 adve'r-

1898 5467 1989 5505 sus
2016 5447 2227 5505 errores
2244 5447 2466 5502 Joannis
2495 5447 2961 5520 Hierosolymitani
2990 5469 3002 5504 :
3034 5451 3103 5504 Et
3132 5454 3178 5505 si
3219 5452 3306 5504 ille
3327 5491 3341 5520 ,
3385 5454 3466 5505 in-

1898 5522 2032 5589 quit,
2064 5520 2227 5591 perire
2243 5520 2383 5591 cupit
2399 5534 2463 5591 ne
2480 5518 2666 5591 perditi
2685 5518 2912 5589 pereant,
2928 5530 3116 5591 quanto
3137 5522 3299 5591 magis
3322 5518 3464 5577 bonis

1899 5587 2193 5659 parentibus
2247 5587 2606 5660 providendum
2655 5587 2731 5660 est
2770 5606 2833 5642 ne
2877 5587 2949 5642 ad
2980 5587 3298 5660 iracundiam
3347 5609 3467 5660 pro-

1895 5658 2071 5729 vocent
2089 5659 2225 5729 ﬁlios
2242 5675 2363 5729 suos
2379 5658 2829 5729 .'The_ophylactus
2852 5660 2902 5712 in
2924 5660 3063 5714 hunc
3085 5658 3231 5715 Pauli
3256 5658 3427 5717 locum
3448 5679 3461 5714 :

1899 5728 2019 5782 Non
2052 5726 2198 5794 dixit,
2232 5726 2459 5799 Diligitc.
2486 5726 2599 5782 Hoc
2623 5726 2759 5780 enim
2783 5737 2968 5786 natura
2997 5730 3059 5783 ab
3087 5731 3208 5802 ipsis
3234 5732 3311 5787 rel
3338 5732 3468 5785 invi-
