3866 6178
486 359 582 414 «το

1414 357 1468 412 S.
1512 352 1818 411 SALVIANI
1858 347 2314 406 MASSILIENSIS
2349 343 2767 400 PRESBYTER]

3585 345 3669 397 180

481 476 596 518 cule
619 465 734 519 illos
763 466 814 517 in
844 464 1119 534 disciplina
1143 474 1192 517 et
1219 466 1539 535 correptione
1575 463 1785 518 Domini
1816 463 2043 535 (Ephes.
2075 467 2127 523 Α
2153 459 2430 514 titudinem
2453 471 2516 511 ea
2543 471 2662 524 quae
2691 453 3006 510 naturaliter
3029 453 3225 510 caduca
3252 463 3374 510 sunt
3402 455 3546 512 bonis
3565 474 3670 527 ope-

482 570 552 616 vr,
583 553 660 622 4).
695 553 896 608 Videtis
943 569 1075 623 quas
1124 554 1297 622 parari
1346 569 1477 623 opes
1505 569 1535 606 a
1583 554 1892 622 parentibus
1929 552 2050 606 ﬁliis

484 643 622 697 Deus
641 643 824 710 jubeat
847 682 860 704 ,
895 659 999 696 non
1031 643 1364 711 pecuniarios
1411 644 1692 698 thesauros
1720 657 1818 696 nec
1862 655 2050 710 graves

485 732 699 784 metallo
725 747 888 786 aureo
917 748 1120 795 saccos,
1154 733 1411 785 habentes
1431 734 1643 800 quidem
1663 734 1886 788 multmn
1907 749 2047 802 pon-

483 821 642 886 deris,
667 821 759 874 sed
787 822 904 890 plus
939 831 1114 875 tamen
1145 813 1463 890 iniquitatis;
1495 825 1652 893 212
1703 839 1810 876 non
1856 836 2047 891 super-

482 914 576 965 bas
625 927 688 965 ac
716 912 1124 981 praeminentes
1171 912 1394 966 excelsis
1423 913 1644 966 urbibus
1689 913 1908 976 domos;
1940 927 2046 966 non

481 1017 638 1070 supra
667 1003 928 1056 humanos
955 1003 1096 1055 visus
1121 1003 1257 1056 elata
1301 1002 1530 1056 culmina
1549 1041 1563 1065 ,
1595 1017 1695 1056 nec
1723 1003 1923 1056 inserta
1950 1017 2048 1054 nu-

479 1093 635 1146 bibus
664 1093 810 1146 aerio
848 1092 1152 1146 habitatore
1191 1091 1431 1159 fastigia;
1462 1107 1570 1145 non
1600 1091 1828 1160 denique
1857 1090 2047 1144 fundos

480 1182 901 1236 interminabiles
929 1190 983 1235 et
1009 1182 1256 1235 notitiam
1301 1183 1382 1234 sui
1434 1181 1756 1250 possessoris
1784 1179 2047 1234 exceden-

482 1284 579 1337 tes,
608 1273 698 1339 qui
728 1281 1006 1326 consortes
1033 1271 1144 1340 pati
1173 1270 1442 1338 indignum
1473 1271 1756 1332 aestiment,
1785 1278 1840 1322 et
1868 1269 2048 1323 vicini-

478 1362 918 1430 tatem-injuriam
943 1368 1150 1430 putent.
1183 1359 1299 1412 Non
1321 1373 1448 1426 ergo
1477 1360 1590 1414 haec
1618 1360 1757 1413 Deus
1787 1359 2042 1428 prcecipit,

477 1467 575 1506 nec
615 1451 667 1504 in
709 1451 920 1504 servilia
948 1457 1173 1502 terrena:
1201 1448 1594 1517 procurationis
1642 1445 1815 1501 ofﬁcia
1863 1462 2044 1500 curam

474 1543 660 1612 patrim
689 1543 900 1611 pietatis
928 1540 1185 1594 extendit.
1211 1537 1385 1592 Pauca
1412 1546 1531 1591 sunt
1554 1553 1671 1606 qua:
1690 1538 1927 1604 mandat,
1951 1537 2046 1592 sed

474 1633 759 1697 salutaria;
789 1631 1055 1701 expedita,
1079 1629 1172 1684 sed
1200 1637 1415 1694 sancta;
1447 1637 1712 1698 prmcepto
1740 1643 1920 1697 parva,
1951 1631 2047 1686 sed

476 1725 646 1776 fructu
673 1722 920 1788 grandia;
951 1721 1152 1789 scripto
1180 1719 1359 1773 brevia
1379 1759 1392 1783 ,
1434 1718 1526 1772 sed
1551 1717 1878 1771 beatitudine
1904 1732 2045 1771 sem-

477 1813 703 1880 piterna.
729 1811 980 1864 Parentes
1018 1809 1180 1872 enim,
1214 1809 1403 1876 inquit,
1435 1808 1594 1860 nolite
1639 1808 1707 1859 ad
1729 1807 2044 1876 indignatio-

475 1920 590 1956 nem
616 1918 889 1974 provocare
913 1902 1050 1971 ﬁlios
1080 1910 1294 1965 vestros,
1317 1899 1408 1952 sed
1434 1898 1644 1950 educate
1665 1898 1780 1951 illos
1802 1900 1856 1950 in
1887 1898 2040 1950 disci-

475 1992 618 2061 plina
641 2001 691 2045 ct
726 1992 1046 2060 correptione
1073 1989 1285 2044 Domini
1321 1988 1506 2059 (lbid.)
1543 2005 1554 2039 :
1589 1995 1648 2041 ut
1675 1994 1876 2056 ponant
1898 1987 2042 2041 scili-

475 2091 580 2148 cet,
610 2082 746 2136 sicut
773 2081 1032 2150 propheta
1055 2081 1207 2141 dixit,
1225 2088 1280 2132 ut
1299 2091 1494 2150 ponant
1515 2081 1566 2131 in
1590 2077 1698 2131 Deo
1719 2095 1858 2148 spem
1872 2095 2036 2143 suam,

476 2184 522 2225 et
546 2189 649 2226 non
679 2171 1040 2226 obliviscantur
1080 2187 1286 2240 Operam
1317 2169 1410 2223 Dei
1439 2171 1540 2232 sui,
1569 2178 1618 2222 et
1654 2169 1900 2221 mandata
1929 2169 2040 2237 ejus

476 2263 747 2332 exquirant
775 2260 995 2331 (Psalm.
1029 2275 1226 2322 Lxxvu,
1252 2257 1327 2327 Ἰ).
1359 2257 1437 2310 En
1462 2257 1646 2326 quales
1673 2257 1882 2312 divitias
1902 2257 2042 2310 Deus

475 2351 673 2419 diligit,
706 2367 772 2405 en
802 2365 935 2418 quas
962 2351 1137 2419 parari
1167 2350 1392 2418 imperat
1421 2348 1722 2412 facultates,
1741 2347 1912 2401 ﬁdem
1947 2349 2044 2402 sci-

477 2445 604 2499 licet
633 2459 695 2498 ac
724 2445 969 2497 timorem
999 2442 1114 2504 Dei,
1137 2441 1472 2505 modestiam,
1503 2440 1931 2500 sanctimoniam,
1962 2439 2044 2494 di-

478 2533 776 2602 sciplinam,
811 2548 917 2585 non
948 2530 1164 2585 caduca.
1196 2528 1456 2583 Przeclara
1497 2530 1699 2596 utique.
1729 2529 1862 2583 Cum
1899 2530 2042 2582 enim

481 2635 502 2656 ⁸·
524 2623 663 2676 Deus
685 2622 923 2674 vivorum
945 2621 1032 2682 sit,
1053 2635 1157 2674 non
1179 2628 1510 2673 mortuorum
1540 2619 1754 2689 (Matth.
1776 2636 1906 2684 xm,
1931 2619 2042 2689 52),

479 2720 624 2767 recte
646 2711 732 2764 illa
754 2711 931 2780 parari
956 2710 1075 2764 ﬁliis
1097 2709 1255 2778 jussit
1283 2724 1378 2777 per
1396 2724 1513 2776 qua:
1543 2709 1592 2761 in
1617 2717 1875 2763 :eternum
1907 2709 2046 2762 vive-

481 2811 618 2866 rent,
651 2819 757 2858 non
800 2819 894 2872 per
921 2817 1039 2871 qua:
1067 2802 1118 2855 in
1162 2802 1461 2857 mternitate
1491 2809 1844 2858 morerentur.
1877 2801 2044 2855 Nemo

481 2897 623 2948 enim
653 2894 859 2948 dubitat
894 2894 1138 2947 omnibus
1169 2891 1332 2946 ferme
1376 2891 1531 2946 malis
1559 2898 1614 2946 et
1643 2888 1938 2946 inﬁdelibus
1964 2889 2046 2944 di-

483 2985 639 3040 vitias
683 2985 976 3038 mundiales
1021 2997 1232 3037 causam
1281 2981 1469 3036 mortis
1511 2981 1680 3049 magis
1724 2996 1842 3035 esse
1884 2995 2044 3048 quam

483 3078 633 3138 vilic,
663 3075 952 3131 secundum
984 3073 1110 3127 illud
1151 3072 1292 3141 quod
1337 3071 1477 3126 Deus
1503 3071 1632 3126 dicit
1663 3089 1676 3124 :
1710 3069 1875 3134 Quam
1912 3071 2046 3141 dilﬁ-

2152 551 2300 616 ribus
2337 551 2390 604 in
2421 557 2618 603 interna
2647 554 2982 603 convertant.
3031 545 3166 612 Quid
3209 561 3336 616 ergo
3372 556 3568 612 aestuas,
3595 566 3673 618 pa~

2153 652 2307 697 terna
2335 639 2545 709 pietas?
2572 636 2711 705 Quid
2757 636 2822 690 ad
2850 636 3207 704 conquirenda
3249 645 3452 691 terrena
3480 646 3532 691 et
3568 654 3672 708 per-

2152 732 2288 786 itura
2330 728 2688 784 distenderis?
2715 726 2857 782 Nihil
2898 727 3070 794 majus
3114 733 3365 795 prazstare
3398 727 3513 781 ﬁliis
3547 738 3677 796 potes

2147 835 2310 889 quam
2347 821 2390 873 si
2438 819 2541 872 hoc
2567 818 2766 872 bonum
2793 831 2891 886 per
2918 823 2972 870 te
3020 815 3248 870 habeant
3276 817 3413 884 quod
3441 833 3675 885 nunquam

2149 910 2360 980 penitus
2405 907 2670 961 amittant.
2712 905 2831 960 Non
2879 920 3098 959 necesse
3123 913 3204 959 est
3231 919 3356 972 ergo
3394 914 3451 960 ut
3477 905 3574 959 ﬁlio
3599 916 3676 960 tuo

2151 1010 2392 1054 terrenos
2441 998 2721 1052 thesauros
2761 995 3038 1050 recondas.
3072 994 3224 1048 Nulla
3270 1010 3328 1049 re
3374 1011 3489 1049 eum
3539 995 3678 1050 facies

2147 1092 2392 1146 ditiorem
2419 1104 2580 1158 quam
2609 1089 2653 1142 si
2699 1087 2872 1157 ipsum
2911 1086 3074 1140 ﬁlium
3096 1095 3244 1141 tuum
3273 1087 3565 1140 thesaurum
3598 1087 3674 1140 Dei

2146 1182 2354 1235 leceris.

2218 1271 2282 1324 V.
2322 1271 2634 1340 Quanquam
2657 1271 2768 1323 hmo
2788 1269 2912 1323 licet
2937 1283 2996 1322 se
3025 1269 3096 1322 ita
3125 1269 3354 1322 habeant
3378 1275 3430 1322 et
3455 1269 3553 1322 sint
3574 1283 3679 1324 vera

2147 1377 2211 1416 ac
2230 1361 2594 1424 saluberrima,
2619 1371 2794 1414 tamen
2815 1376 2920 1414 non
2943 1360 3014 1412 ita
3041 1358 3210 1414 dicam
3233 1360 3380 1428 quasi
3402 1359 3530 1414 ﬁlios
3552 1360 3682 1414 bonis

2147 1459 2203 1505 et
2230 1451 2566 1504 facultatibus
2593 1449 2826 1517 paternis
2853 1449 3062 1517 penitus
3083 1449 3376 1510 excludam.
3399 1448 3498 1503 Sed
3520 1449 3579 1502 de
3597 1451 3681 1504 hoc

2146 1551 2330 1612 postea
2361 1541 2762 1610 disputabimus.
2796 1540 3010 1593 Interim
3032 1541 3154 1608 quia
3177 1555 3299 1594 reos
3325 1555 3382 1594 se
3401 1540 3594 1607 quidam
3616 1541 3682 1593 iu-

2147 1643 2297 1688 turos
2317 1649 2422 1687 non
2451 1641 2657 1702 putant,
2675 1633 2718 1684 si
2743 1631 3064 1685 substantias
3084 1645 3206 1684 suas
3229 1646 3334 1684 non
3361 1631 3423 1682 ad
3444 1629 3680 1696 Evangelii

2146 1723 2428 1781 honorem,
2459 1738 2564 1775 non
2593 1721 2658 1774 ad
2681 1721 2904 1775 salutem
2944 1735 3113 1782 suam,
3157 1736 3263 1772 non
3301 1718 3365 1772 ad
3409 1720 3560 1772 ullum
3583 1718 3683 1773 ofﬁ-

2076 1822 2119 1879 Β
2146 1814 2284 1868 cium
2333 1814 2426 1866 Dei
2474 1811 2768 1875 conferant,
2799 1811 2893 1866 sed
2932 1826 3029 1880 pro
3070 1810 3287 1864 libidine
3326 1818 3378 1863 et
3410 1809 3684 1863 infidelitate

2143 1903 2544 1972 quibuscuuque
2585 1903 2882 1956 ili’Cl‘CdlbUS
2921 1901 3119 1970 passim
3163 1901 3251 1954 vel
3295 1901 3582 1967 irreligiosis
3613 1899 3684 1952 vel

2142 1995 2496 2064 locupletibus
2516 1995 2674 2064 impia
2713 2002 2768 2046 et
2796 1993 3049 2062 paganica
3078 1991 3431 2045 sollicitudine
3458 1991 3682 2044 transcri-

2141 2088 2301 2150 bant;
2323 2086 2597 2139 videamus
2619 2084 2852 2138 breviter
2876 2083 2960 2136 vel
2983 2097 3012 2135 a
3042 2097 3147 2150 quo
3169 2082 3277 2135 sint
3294 2081 3425 2135 datm
3441 2081 3685 2134 facultates

2143 2179 2287 2248 ipsae,
2312 2176 2396 2231 vel
2419 2176 2487 2229 ob
2507 2175 2634 2244 quid
2653 2174 2821 2239 data);
2845 2181 2904 2226 ut
2923 2187 3043 2226 cum
3066 2180 3120 2224 et
3138 2179 3409 2225 auctorem
3423 2180 3474 2224 et
3495 2183 3682 2222 causam

2141 2268 2279 2322 data:
2299 2267 2376 2319 rei
2405 2265 2814 2328 ostenderimus,
2846 2261 3052 2316 facilius
3079 2269 3134 2314 et
3161 2261 3230 2316 ad
3258 2275 3413 2329 quem
3439 2257 3681 2313 referenda

2142 2358 2267 2411 etin
2297 2371 2453 2424 quem
2481 2371 2633 2409 usum
2660 2351 2982 2408 conferenda
3010 2353 3080 2405 sit
3105 2353 3402 2421 approbare
3431 2350 3678 2418 possimus.

2141 2447 2364 2501 Omnem
2401 2445 2750 2500 substantiam
2788 2442 3112 2497 mundialem
3159 2441 3340 2495 divino
3361 2439 3554 2496 cunctis
3582 2454 3683 2491 mu-

2142 2553 2270 2592 nere
2290 2537 2403 2590 dari
2431 2535 2602 2588 nullus
2619 2535 2799 2597 homo,
2825 2540 2883 2586 ut
2909 2547 3052 2594 reor,
3081 2531 3322 2598 ambigit,
3343 2531 3429 2598 qui
3466 2528 3610 2583 modo
3640 2528 3682 2580 in

2143 2627 2415 2682 hominum
2437 2638 2715 2677 numerum
2745 2621 2933 2677 referri
2954 2628 3152 2691 potest.
3178 2620 3288 2675 Nisi
3312 2619 3444 2675 forte
3461 2619 3570 2688 quis
3585 2627 3685 2671 tan-

2145 2729 2211 2774 ta:
2229 2719 2301 2772 sit
2329 2717 2663 2786 insipientite,
2684 2713 2848 2786 214
2865 2722 2924 2768 ut
2950 2729 3072 2768 cum
3095 2715 3330 2767 humano
3356 2711 3530 2780 generi
3553 2725 3686 2763 mun-

2142 2812 2241 2866 dus
2263 2811 2374 2880 ipse
2395 2825 2424 2862 a
2447 2809 2556 2863 Deo
2578 2781 2734 2862 datus
2746 2781 2841 2871 En}
2870 2821 2934 2860 ea
2949 2820 3068 2874 quae
3097 2805 3150 2858 in
3180 2804 3386 2859 mundo
3407 2810 3524 2858 sunt
3542 2816 3636 2856 non
3658 2813 3686 2852 a

2145 2904 2255 2958 Deo
2277 2902 2576 2958 hominibus
2603 2899 2724 2954 data
2755 2899 3058 2954 arbitretur.
3081 2897 3250 2967 Igitur
3275 2899 3319 2952 si
3341 2897 3511 2952 omnia
3533 2893 3685 2949 omni-

2144 2997 2244 3050 bus
2265 2996 2403 3049 Deus
2426 2993 2627 3056 tribuit,
2656 2990 2855 3046 nemini
2879 2990 3096 3044 dubium
3124 2997 3210 3042 est
3237 2987 3380 3059 quod
3398 3003 3458 3042 ea
3481 3000 3588 3055 qua:
3606 2982 3686 3037 Dei

2146 3087 2288 3140 dono
2317 3085 2638 3153 accepimus,
2669 3080 2736 3134 ad
2759 3081 2852 3135 Dei
2880 3080 3083 3135 cultum
3121 3080 3326 3134 referre
3354 3078 3618 3134 debeamus
3641 3079 3686 3127 et
3717 3112 3722 3118 .

483 3167 580 3247 cile
609 3166 758 3237 [tiqui
785 3165 1024 3235 pecunias
1053 3161 1534 3215 habentintroibunt
1552 3162 1606 3214 in
1628 3177 1787 3230 regna
1807 3161 2042 3213 caelorum
2070 3173 2115 3240 ο
2145 3177 2199 3230 in
2247 3177 2362 3243 ejus
2406 3189 2569 3242 opere
2597 3185 2913 3227 consumere
2956 3185 3076 3238 qua,
3114 3168 3356 3238 ejusdem
3403 3167 3687 3237 sumpsimus

487 3259 633 3320 (Luc.
667 3275 811 3326 svnt,
842 3255 970 3320 σιω-ε
1000 3255 1067 3309 Et
1092 3255 1282 3309 iterum
1310 3272 1322 3306 :
1355 3252 1587 3306 Facilius
1615 3263 1709 3318 est,
1742 3253 1932 3321 inquit,
1957 3270 2046 3306 ca-

484 3351 670 3403 melam
700 3367 788 3421 per
803 3352 1034 3420 foramen
1057 3361 1179 3399 acus
1203 3346 1440 3409 transire,
1455 3361 1606 3415 quam
1627 3343 1828 3397 divitem
1852 3345 2048 3396 intrare

485 3443 538 3492 in
561 3456 769 3510 regnum
798 3437 1038 3492 ctelorum
1063 3434 1245 3507 (Ibid.,
1271 3432 1381 3504 95).
1409 3431 1557 3488 Unde
1578 3442 1632 3487 et
1654 3433 1781 3487 illud
1801 3440 1882 3488 est
1904 3431 2050 3501 quod

487 3533 793 3600 specialiter
825 3531 977 3600 jubet
1017 3530 1198 3584 dicens
1234 3546 1247 3579 :
1298 3525 1476 3580 Nolite
1518 3526 1866 3585 tltesaurizare
1912 3525 2049 3578 vobis

487 3624 751 3676 thesauros
775 3623 826 3674 in
860 3631 1032 3684 terra;
1066 3621 1405 3673 thesaurizate
1426 3628 1594 3671 autem
1622 3614 1758 3670 vobis
1789 3615 2049 3668 thesauros

488 3716 539 3766 in
570 3713 693 3766 cmlo
724 3710 933 3781 (Malui.
959 3728 1027 3773 vi,
1056 3709 1266 3780 i9,?.0).
1293 3710 1317 3746 ιι
1338 3709 1710 3778 Superioribus
1734 3722 1798 3760 ac
1818 3720 2050 3774 sequen-

491 3805 631 3856 tibus
676 3801 831 3854 dictis
882 3800 986 3854 duo
1034 3801 1403 3854 thesaurorum
1434 3812 1626 3866 genera
1656 3805 2048 3862 monstrantur;

493 3907 651 3944 unum
681 3890 883 3945 scilicet
913 3891 1068 3960 213
1115 3904 1222 3956 quo
1265 3886 1385 3942 ﬁliis
1437 3888 1793 3942 thesaurizent
1841 3894 2050 3956 patres,

492 3980 634 4035 aliud
655 3995 762 4048 quo
790 3979 909 4032 sibi.
941 3979 978 4032 F
986 3979 1087 4032 iliis
1114 3977 1416 4045 quomodo?
1444 3975 1514 4031 Ut
1556 3977 1800 4032 erudiant
1827 3977 1946 4030 illos
1975 3975 2055 4030 of-

493 4072 612 4125 licio
643 4085 705 4125 ac
733 4070 924 4125 timore
951 4071 1148 4123 divino.
1199 4067 1308 4123 Sibi
1364 4068 1668 4136 quomodo?
1698 4067 1767 4122 Ut
1795 4069 2058 4123 thesauri-

493 4172 615 4216 rem
634 4163 732 4216 sibi
757 4162 1036 4217 thesauros
1065 4162 1115 4215 in
1139 4161 1296 4215 coelo.
1325 4159 1544 4214 Blirilice
1571 4160 1775 4215 scilicet
1805 4179 1817 4212 :
1849 4169 1908 4214 ut
1930 4161 2053 4229 quia

493 4254 713 4321 pecunia
737 4252 933 4307 caduca
976 4261 1074 4316 est,
1103 4252 1376 4320 disciplina
1407 4250 1741 4312 immortalis,
1771 4260 1826 4304 et
1871 4265 2059 4304 omnes

494 4347 602 4396 lere
649 4353 896 4412 parentes
924 4343 1043 4411 plus
1083 4352 1262 4396 amant
1296 4341 1432 4394 ﬁlios
1475 4355 1634 4408 quam
1684 4341 1908 4408 seipsos,
1955 4339 2057 4392 sibi

491 4435 770 4488 mnferant
805 4434 945 4487 bona
975 4435 1191 4496 caduca,
1219 4431 1340 4486 ﬁliis
1384 4434 1736 4501 sempiterna;
1769 4447 1832 4485 ac
1882 4432 1958 4486 sic
2005 4440 2060 4484 et

2147 3267 2408 3334 largitate.
2441 3263 2554 3318 Iloc
2580 3270 2662 3316 est
2681 3261 2822 3316 enim
2851 3275 3142 3328 agnoscere
3168 3275 3363 3314 munus
3381 3258 3472 3312 Dei
3496 3264 3548 3311 et
3572 3253 3690 3309 divi-

2148 3358 2230 3412 nis
2273 3354 2542 3410 beneﬁciis
2567 3353 2705 3406 bene
2743 3350 2838 3414 uti,
2862 3357 2921 3404 ut
2946 3348 3084 3402 datis
3119 3349 3234 3403 suis
3260 3348 3406 3402 illum
3431 3347 3638 3400 honores
3659 3354 3686 3393 a

2147 3461 2253 3515 quo
2275 3444 2398 3498 data
2421 3445 2532 3512 ipsa
2554 3439 2824 3509 acceperis
2847 3456 2859 3489 :
2883 3436 3026 3506 quod
3040 3435 3436 3506 quidemaetiam
3461 3436 3688 3488 humana-

2148 3553 2264 3592 rum
2289 3549 2462 3588 rcrum
2485 3531 2726 3600 exempla
2755 3530 2969 3585 docent.
3001 3527 3056 3583 Si
3082 3529 3228 3583 enim
3257 3543 3380 3584 usus
3416 3540 3580 3582 rerum
3604 3522 3689 3576 ali-

2150 3639 2371 3694 quarum
2399 3622 2629 3691 cuipiam
2655 3619 2856 3674 homini
2879 3618 3096 3672 alterius
3120 3617 3352 3672 hominis
3382 3613 3622 3671 beneﬁcio
3639 3623 3692 3663 ac

2152 3713 2396 3780 largitate
2423 3712 2704 3773 tribuatur,
2736 3709 2888 3776 isque
2935 3707 3219 3761 immemor
3253 3708 3392 3762 illius
3418 3721 3448 3759 a
3473 3718 3572 3773 quo
3601 3700 3692 3754 fru-

2153 3813 2295 3858 ctum
2342 3816 2520 3856 rerum
2560 3798 2805 3868 indeptus
2852 3805 2961 3861 est,
2991 3805 3235 3852 avertere
3271 3798 3338 3852 ab
3364 3811 3430 3852 eo
3457 3796 3564 3864 ipso
3587 3803 3695 3861 pro-

2153 3893 2432 3962 prietatem
2459 3889 2707 3960 prmstita:
2734 3888 2810 3942 rei
2831 3896 2990 3956 atque
3011 3886 3249 3942 alienare
3275 3894 3520 3949 conetur;
3542 3891 3695 3936 nonne

2155 3981 2540 4049 ingratissimus
2568 3979 2802 4032 omnium
2831 3986 2990 4045 atque
3016 3975 3410 4031 inﬁdelissimus
3439 3973 3692 4043 judieetur.

2158 4073 2249 4142 qui
2278 4071 2472 4126 oblitus
2498 4070 2702 4124 scilicet
2741 4068 2972 4121 hominis
3008 4065 3236 4121 beneﬁci
3267 4082 3330 4121 ac
3353 4057 3691 4120 liberalissimi,

2158 4163 2389 4231 spoliare
2436 4160 2582 4213 illum
2623 4158 2742 4227 jure
2763 4157 2982 4211 dominii
3028 4156 3109 4210 sui
3139 4156 3267 4209 velit
3288 4156 3377 4225 qui
3406 4169 3522 4208 eum
3550 4152 3694 4220 ipsum

2160 4268 2286 4305 usus
2319 4249 2655 4320 possessione
2699 4247 2979 4302 ditaverit?
3007 4245 3074 4298 Et
3101 4261 3202 4298 nos
3229 4246 3408 4313 itaque
3434 4257 3575 4297 nsum
3600 4249 3696 4291 tan-

2160 4350 2269 4395 tum
2294 4354 2475 4395 earum
2500 4352 2678 4392 rerum
2700 4335 2998 4404 accepimus
3023 4349 3154 4402 quas
3174 4341 3419 4387 tenemus
3447 4349 3460 4384 :
3491 4340 3700 4385 commo-

2159 4434 2296 4487 datis
2317 4433 2455 4485 enim
2473 4446 2501 4482 a
2523 4429 2634 4482 Deo
2655 4426 2993 4482 facultatibus
3013 4426 3230 4487 utimur,
3255 4432 3309 4478 et
3334 4423 3481 4493 quasi
3502 4415 3698 4490 precarii

496 4523 684 4587 pietati
726 4538 835 4576 sua:
881 4523 1162 4576 consulant
1206 4529 1260 4574 et
1289 4522 1475 4585 saluti,
1507 4537 1625 4575 cum
1655 4521 1850 4589 duplici
1898 4529 2057 4588 atque
2088 4501 2137 4558 θ
2161 4536 2492 4593 possessores
2511 4535 2712 4574 sumus.
2738 4517 2973 4586 Denique
2993 4515 3326 4583 egredientes
3346 4531 3377 4568 e
3404 4511 3589 4567 mundo
3614 4507 3698 4560 isto

499 4611 784 4664 i::nnortali
813 4611 956 4664 bono
976 4619 1031 4664 et
1061 4626 1155 4678 per
1193 4625 1256 4662 ea
1283 4624 1400 4678 qum
1437 4618 1634 4662 acterna
1665 4621 1788 4663 sunt
1830 4621 2063 4665 mtcrnos

496 4717 611 4753 esse
643 4699 778 4754 ﬁlios
804 4715 928 4753 suos
958 4699 1172 4764 faciant,
1205 4707 1258 4752 et
1281 4698 1344 4751 ad
1375 4699 1788 4765 conquirendum
1810 4699 1906 4753 sibi
1930 4700 2060 4754 bea-

2161 4614 2382 4666 velimus
2411 4611 2641 4665 nolimus
2680 4608 2767 4662 hic
2804 4614 2995 4660 cuncta
3037 4605 3404 4672 relinquimus.
3452 4601 3552 4656 Cur
3590 4609 3698 4661 ergo

2161 4717 2279 4757 cum
2323 4713 2656 4772 possessores
2689 4703 2895 4750 tantum
2943 4692 3321 4748 usufructuarii
3365 4691 3541 4754 simus,
3578 4679 3699 4754 quod

1635 4854 1962 4910 STEPHANI
2001 4855 2265 4912 BALUZII
2305 4855 2530 4910 NOTAE.

499 4969 560 5017 tis
589 4963 829 5029 postulat.
849 4961 974 5023 Sed,
992 4961 1073 5014 Nc
1093 4962 1160 5014 ad
1181 4962 1497 5014 iracundiam
1521 4964 1814 5031 proroeetis.
1834 4962 1947 5016 Hoc
1965 4974 2060 5027 est,

497 5049 601 5088 non
629 5031 1032 5104 exltwredeseos
1064 5034 1292 5099 faciatis,
1323 5049 1480 5104 neque
1501 5031 1740 5084 abductis
1762 5051 1865 5096 eos,
1909 5050 2066 5104 neque

497 5117 738 5158 ωηεν-οεοῦ
765 5117 850 5154 ros
876 5103 978 5152 illis
1008 5117 1066 5152 ac
1095 5118 1254 5153 sa'ros
1281 5102 1580 5164 exhibeatis,
1610 5119 1697 5154 ceu
1729 5119 1830 5155 non
1863 5104 1966 5154 sint
1986 5102 2064 5155 Ἰἰ-

498 5174 624 5235 beri,
655 5171 1028 5241 sulm/incipit:
1052 5210 1066 5232 ,
1107 5187 1396 5237 sentpe‘tme
1437 5189 1557 5239 erga
1605 5173 1738 5241 ipsos
1786 5189 1921 5240 (egro
1955 5174 2066 5225 sitis

499 5244 686 5294 animo.
720 5239 996 5307 Egregiam
1027 5255 1184 5307 porro
1219 5242 1450 5303 regulam
1482 5239 1655 5305 qumid
1689 5244 1787 5294 hoc
1817 5239 2066 5308 proponit

501 5312 736 5364 Muretus
779 5319 1160 5361 contemnamus
1190 5320 1336 5360 Πιρψ
1368 5310 1416 5361 iu
1455 5311 1586 5362 libro
1617 5312 1840 5376 septimo
1880 5312 2067 5364 Varia-

498 5398 616 5434 rum
649 5380 976 5448 Lectionum,
1001 5392 1115 5445 cap.
1141 5376 1192 5436 4,
1224 5377 1363 5444 quod
1391 5397 1432 5428 υς
1452 5387 1470 5428 ι
1489 5379 1554 5431 de
1571 5378 1764 5434 Oiliciis
1789 5389 2066 5448 parentum

503 5456 550 5503 in
579 5453 788 5503 liberos.

505 5525 608 5574 mni
654 5524 798 5590 [rma
840 5518 1077 5590 Laurentia
1111 5527 1271 5590 sunt,
1316 5532 1473 5590 neque
1513 5521 1655 5590 {erat
1695 5518 1818 5572 tctus
1867 5522 2070 5574 duriore

504 5601 537 5642 η
555 5581 662 5642 ιίιυί
680 5607 774 5658 par
803 5595 875 5640 est
906 5589 1113 5657 imperio
1135 5581 1472 5658 magiseiinm
1494 5581 1846 5658 afrisperandu
1861 5608 1876 5653 ;
1899 5591 1987 5642 sed
2010 5608 2069 5641 ea

508 5670 537 5702 τ(
564 5656 743 5711 nulum
770 5656 1068 5710 dexteritate
1088 5668 1142 5709 ut
1170 5657 1202 5707 ii
1233 5656 1313 5724 qui
1348 5656 1772 5720 repre/u‘ntluntur
1794 5701 1807 5718 ,
1839 5661 1934 5726 ipsi
1967 5676 2066 5711 non

511 5729 623 5780 eu’io
655 5730 762 5792 sui,
800 5728 888 5780 sed
918 5745 1083 5780 «more
1109 5728 1276 5800 ponus
1305 5736 1349 5776 εἰ
1377 5726 1700 5792 lunia/iocanti
1731 5727 1782 5780 id
1809 5729 1920 5791 ﬁeri
1950 5745 2068 5780 seu-

812 5445 999 5509 Qrmre.
1021 5447 1206 5519 inquit,
1231 5463 1390 5514 neque
1409 5449 1683 5502 ea‘sultunti
1700 5445 1938 5519 jurenum
1964 5449 2072 5503 libi-

2166 4967 2327 5028 tiant;
2358 4966 2658 5032 omninoque
2682 4963 2753 5014 ita
2783 4960 3110 5032 temperanda
3146 4964 3396 5014 omnium
3415 4957 3475 5010 ab
3501 4952 3608 5032 adio
3629 4965 3699 5002 se-

2163 5037 2423 5086 ueritatem
2445 5027 2659 5086 comitas
2685 5027 2919 5094 vindicet,
2945 5041 2993 5081 et
3018 5047 3047 5080 (ι
3069 5039 3357 5098 contemptu
3379 5027 3604 5080 severitas
3629 5035 3701 5071 σοι

2165 5106 2410 5156 tilitatem.

2239 5184 2260 5207 ἰ
2304 5173 2353 5223 l-l
2386 5181 2486 5231 est,
2517 5185 2699 5223 eorum
2730 5169 2818 5238 qui
2848 5167 3083 5238 crodunt,
3119 5168 3347 5238 futuram
3394 5157 3704 5238 resurrectio:

2164 5256 2284 5294 nem
2311 5230 2659 5292 nun-tuorum.
2686 5230 2814 5291 Nam
2845 5239 3002 5305 prisci
3032 5237 3313 5289 Christiani
3343 5250 3436 5305 eos
3455 5230 3706 5305 vocabant

2167 5322 2406 5363 "mrtuus
2430 5311 2518 5376 qui
2551 5309 2812 5373 negabant
2839 5301 3278 5359 resurrectionem
3295 5347 3307 5367 ,
3332 5303 3408 5376 uti
3424 5303 3617 5376 dictum
3638 5301 3707 5344 ρει

2169 5380 2232 5432 ad
2257 5371 2535 5448 epistulam
2566 5371 2852 5448 secundam
2887 5376 3127 5448 Leidradi
3156 5371 3708 5448 episcopiLugii-nien-

2167 5450 2258 5506 sis,
2278 5437 2394 5517 qua-
2410 5449 2547 5501 edita
2566 5457 2641 5499 est
2661 5462 2779 5499 cum
2801 5445 3058 5517 Operibus
3081 5437 3362 5517 Agabardi‘.
3384 5443 3549 5517 Alias:
3571 5437 3704 5517 Deus2

2171 5507 2309 5571 Deus
2331 5529 2409 5572 est
2437 5527 2762 5570 mortuorum
2794 5507 3140 5568 et'vivorumf
3157 5513 3352 5568 Omnes
3377 5513 3513 5566 enim
3550 5507 3710 5558 vivunt

2170 5591 2238 5650 ei,
2272 5599 2322 5641 ut
2352 5589 2424 5640 ait
2453 5595 2664 5639 sanctus
2687 5585 2870 5638 Lucas.

2243 5659 2264 5694 ι’
2311 5658 2434 5711 Vide
2467 5658 2594 5709 iulra
2619 5669 2734 5722 pag.
2759 5653 2882 5708 9.67.
