3936 6176
245 307 368 398 ἰλιι

1398 343 1760 399 Αυγιμάδυε.
1799 341 2172 398 ᾹΥᾹξὶΙΉίυι
2215 369 2338 400 Lua.
2375 353 2396 399 ἰ

3425 329 3526 400 {si

275 457 544 511 uobiscum
569 454 777 510 auferre
805 471 910 510 non
939 471 1239 525 possumus,
1275 467 1518 512 avertere
1545 473 1574 511 a
1605 456 1846 525 proprie-
1873 461 1920 514 Α
1951 457 2140 510 άὶυἰιίτε
2160 467 2472 512 conservata:
2499 461 2551 511 in
2573 460 2762 513 malum
2787 460 2977 512 domini
3005 461 3084 514 sui
3111 457 3302 528 (Eccte.
3328 476 3378 522 v,
3414 460 3521 530 l2).

276 556 380 600 tate
402 545 609 598 Domini
651 553 810 612 atque
839 547 1072 601 alienare
1109 548 1411 601 teutamus?
1439 545 1546 601 Cur
1569 561 1675 599 non
1708 547 1846 598 bona

278 636 377 688 ﬁde
403 635 544 688 datis
573 650 602 687 a
625 635 733 688 Deo
755 636 971 689 resculis
1000 637 1232 689 utimur?
1261 636 1549 690 Tenuimus
1577 635 1751 705 quoad
1781 634 1846 686 li-

275 743 302 782 c
327 728 397 786 .it,
429 727 696 778 tenuimus
724 726 899 793 quoad
928 728 1165 794 permisit
1194 727 1281 780 ille
1303 728 1390 795 qui
1414 727 1678 796 praestitit.
1712 724 1847 790 Quid

274 817 484 877 rectius,
503 815 630 883 quid
656 817 947 881 hooestius,
972 834 1132 886 quam
1156 828 1211 871 ut
1239 818 1327 871 ubi
1352 834 1438 872 res
1459 819 1603 871 abeo
1624 817 1847 871 discedit

273 909 360 977 qui
377 923 528 961 nsum
545 907 749 970 habuit,
769 917 1068 962 revertatur
1085 910 1150 960 ad
1172 924 1291 963 eum
1309 909 1573 978 possessio
1583 909 1674 976 qui
1690 916 1844 962 uten-

273 1001 390 1052 dam
412 999 711 1052 concessit?
740 998 975 1065 Denique
996 999 1154 1052 etiam
1182 1001 1309 1067 ipsa:
1330 999 1434 1053 hoc
1453 999 1546 1052 Dei
1571 1013 1732 1052 voces
1751 1014 1848 1068 per

272 1089 477 1156 linguas
502 1089 798 1143 litterarum
827 1105 1094 1144 sacrarum
1119 1091 1333 1157 jubent,
1352 1091 1590 1145 dicentes
1609 1091 1846 1158 quotidie

273 1181 338 1234 ad
369 1195 800 1250 unumquemque
823 1189 1062 1235 nostrum
1096 1200 1108 1234 :
1141 1181 1359 1236 Honora
1380 1181 1656 1237 Dominum
1679 1182 1740 1236 de
1761 1191 1846 1235 tua

271 1271 555 1326 substantia
587 1270 763 1341 (Prov.
789 1289 861 1338 ιιι,
893 1273 969 1336 9).
1000 1273 1065 1327 Et
1088 1273 1210 1328 alibi
1246 1292 1258 1326 :
1293 1274 1498 1336 Redde,
1525 1275 1722 1342 inquit,
1753 1274 1845 1326 de-

274 1361 428 1414 bitum
456 1371 597 1416 tuum
617 1362 801 1434 (Eccli.
826 1381 896 1428 iv,
919 1363 999 1432 8).
1055 1363 1222 1430 Quam
1243 1367 1361 1435 pius
1387 1374 1469 1419 est
1490 1376 1542 1419 et
1572 1367 1846 1434 indulgens

275 1452 429 1521 215
458 1451 715 1524 Dominus
737 1453 875 1507 Deus
899 1463 1099 1516 noster,
1132 1455 1359 1508 invitans
1395 1471 1494 1510 nos
1524 1455 1588 1508 ad
1621 1471 1846 1523 erogan-

275 1542 390 1595 dam
417 1549 647 1596 tcrrena:
693 1545 1000 1599 substantia:
1029 1545 1359 1600 facultatem!
1386 1545 1620 1610 Honora,
1654 1547 1840 1614 inquit,

273 1634 544 1690 Dominum
567 1637 630 1690 de
658 1646 744 1690 tua
765 1637 1068 1692 substantia.
1099 1637 1229 1692 Cum
1255 1648 1420 1693 totum
1443 1656 1594 1694 suum
1616 1641 1683 1692 sit
1701 1640 1843 1709 quod

271 1725 336 1779 sb
356 1741 421 1780 eo
448 1728 772 1795 accepimus,
797 1737 1030 1782 nostrum
1061 1743 1179 1783 esse
1206 1729 1333 1784 dicit
1379 1740 1436 1783 ut
1474 1730 1690 1789 demus;
1723 1731 1842 1784 ideo

1952 547 2146 601 Verum
2175 556 2274 602 est.
2300 548 2435 614 Quid
2457 551 2595 603 enim
2627 549 2795 618 pejus,
2826 557 2915 602 aut
2935 549 3060 618 quid
3081 550 3344 612 miserius,
3368 566 3523 619 quam

1947 639 1991 691 si
2020 639 2138 705 quis
2167 639 2445 706 przcsentia
2496 640 2636 692 bona
2677 641 2728 692 in
2775 640 2911 692 mala
2952 639 3126 693 futura
3153 649 3450 704 convertat,
3473 648 3526 693 et

1952 743 2070 796 quae
2098 728 2162 781 ad
2188 730 2291 783 hoc
2319 745 2348 782 a
2381 730 2490 783 Deo
2520 731 2642 783 data
2672 740 2795 784 sunt
2820 739 2877 784 ut
2904 739 3182 800 pararetur
3209 747 3274 785 ex
3303 732 3382 786 eis
3404 733 3526 786 vita:

1950 819 2222 872 beatitudo
2269 828 2542 888 perpetua,
2585 837 2680 889 per
2717 821 2829 876 haec
2864 822 2976 890 ipsa
3005 831 3272 891 quaeratur
3298 838 3441 876 mors
3461 839 3524 878 ac

1946 908 2218 963 damnatio
2239 911 2597 978 sempiterna?
2621 912 2679 964 In
2707 928 2813 981 quo
2841 920 2897 966 et
2925 911 3054 965 illud
3081 911 3521 967 considerandum

1946 1006 2045 1060 est,
2077 998 2219 1066 quod
2252 999 2295 1052 si
2327 1009 2547 1053 servat-.e
2576 1001 2771 1054 divitia:
2799 1001 2864 1054 ad
2894 1002 3093 1055 malum
3135 1001 3363 1056 hominis
3390 1017 3521 1056 con—

1945 1097 2255 1151 servantur,
2287 1097 2486 1156 quanto
2526 1091 2708 1160 utique
2744 1091 2809 1144 ad
2861 1092 3033 1160 majus
3068 1093 3262 1146 malum
3303 1107 3523 1147 coacer-

1948 1185 2143 1232 vantur
2163 1177 2184 1228 2
2207 1177 2413 1242 Quotus
2441 1180 2580 1233 enim
2603 1181 2826 1250 quisque
2848 1197 2988 1238 nunc
3005 1183 3225 1236 divitum
3257 1191 3416 1237 tantm
3445 1191 3522 1238 est

1944 1271 2286 1324 continentize
2306 1272 2395 1340 qui
2425 1287 2554 1340 opes
2577 1273 2844 1332 custodire
2864 1283 3164 1340 contentus,
3190 1274 3522 1330 accumulare

1938 1357 2048 1427 jam
2077 1359 2246 1413 nolit?
2266 1357 2310 1412 Ο
2331 1359 2540 1415 miseria
2559 1364 2812 1431 temporis
2825 1371 2881 1417 et
2897 1363 3306 1419 “ecclesiastica:
3333 1364 3518 1433 plebis,

1945 1448 2010 1502 ad
2047 1450 2174 1518 quid
2199 1451 2415 1505 redacta
2439 1452 2551 1506 est!
2587 1453 2674 1506 ubi
2713 1469 2833 1508 cum
2862 1457 3116 1526 scriptum
3145 1457 3215 1511 sit
3234 1458 3374 1527 quod
3403 1473 3521 1511 ser-

1946 1553 2069 1593 vare
2091 1555 2220 1608 opes
2247 1555 2415 1609 genus
2442 1543 2511 1596 sit
2549 1544 2726 1611 magni
2751 1545 3008 1612 criminis,
3039 1563 3144 1602 non
3192 1562 3386 1617 augere
3409 1547 3520 1616 jam

1941 1643 2109 1697 genus
2131 1639 2348 1698 putatur
2378 1646 2497 1687 esse
2532 1633 2761 1687 virtutis.
2793 1633 2934 1702 Ergo
2953 1677 2967 1701 ,
2998 1644 3055 1690 ut
3083 1653 3240 1706 supra
3269 1638 3516 1701 diximus,

1943 1717 2214 1791 quomodo
2243 1738 2301 1777 se
2321 1725 2537 1793 quidam
2575 1739 2698 1779 reos
2722 1727 2941 1781 omnino
2965 1743 3068 1782 non
3098 1737 3308 1798 putant,
3338 1729 3383 1782 si
3422 1744 3520 1783 nec

269 1817 472 1872 scilicet
492 1828 726 1872 nostram
751 1821 1026 1888 appellans
1046 1821 1426 1888 proprietatem
1468 1823 1838 1890 possessionis,
1877 1813 1914 1870 Β
1945 1814 1998 1868 in
2027 1823 2198 1868 morte
2217 1815 2432 1870 sibimet
2459 1831 2556 1886 per
2587 1816 3041 1886 dispensationem
3064 1819 3372 1875 substantiae
3393 1835 3520 1873 con-

270 1915 328 1962 ut
370 1907 546 1975 major
583 1909 654 1962 sit
695 1924 900 1964 merces
947 1911 1256 1978 operantis:
1289 1913 1408 1980 quia
1440 1913 1556 1980 plus
1582 1912 1841 1967 fructuum

270 2010 486 2051 necesse
514 2007 597 2053 est
625 1999 845 2067 largitor
873 1999 1098 2067 habeat,
1147 2001 1235 2055 ubi
1265 2000 1331 2056 de
1364 2017 1463 2056 suo
1490 2001 1700 2058 videtur
1725 2017 1843 2057 esse

270 2085 496 2153 largitio.

334 2196 418 2250 Π.
462 2196 567 2251 Sed
600 2207 772 2252 tamen
808 2215 874 2254 ne
909 2201 1012 2256 hoc
1050 2203 1166 2270 ipso
1204 2203 1433 2256 humana
1461 2218 1612 2257 mens
1643 2205 1838 2258 insole-

268 2297 436 2340 sceret
463 2288 609 2356 quod
635 2289 984 2343 substantiam
1012 2292 1150 2346 hanc
1177 2292 1430 2347 Dominus
1454 2301 1688 2346 nostram
1724 2310 1842 2348 esse

267 2377 502 2440 dixisset,
537 2379 730 2447 adjecit
764 2398 776 2433 :
812 2380 988 2434 Redde
1017 2381 1238 2434 debitum
1280 2391 1416 2435 (num
1447 2399 1464 2436 :
1496 2381 1598 2436 hoc
1643 2391 1754 2449 est,
1782 2391 1842 2437 ut

268 2481 422 2534 quem
445 2467 663 2522 devotio
690 2485 795 2522 non
826 2470 1066 2524 inliceret
1084 2471 1149 2523 ad
1180 2471 1526 2540 largiendum,
1551 2475 1840 2528 necessitas
1895 2500 1906 2516 -

265 2565 480 2622 cogeret
517 2558 584 2610 ad
613 2559 1025 2623 exsolvendum;
1058 2570 1112 2615 et
1139 2577 1296 2631 quem
1341 2562 1404 2614 ad
1435 2578 1569 2632 opus
1596 2573 1836 2618 sanctum

266 2643 396 2699 ﬁdes
423 2662 515 2699 sua
549 2647 659 2716 ipsa
691 2664 794 2701 non
824 2651 1137 2715 retraheret,
1162 2653 1347 2705 saltem
1370 2654 1665 2708 necessitas
1684 2670 1838 2708 coar-

262 2745 452 2788 ctaret.
487 2735 639 2790 Prius
658 2753 786 2806 ergo
817 2741 890 2792 ait
922 2759 933 2792 :
967 2741 1181 2795 Honora
1203 2742 1478 2797 Dominum
1509 2743 1572 2797 de
1601 2754 1687 2797 tua
1719 2745 1839 2798 sub-

260 2827 474 2880 stantia.
506 2827 708 2882 Deinde
736 2847 748 2882 :
799 2828 992 2896 Redde,
1044 2833 1231 2901 inquit,
1282 2833 1503 2888 debitum
1533 2845 1690 2890 tuum.
1724 2837 1839 2892 Hoc

259 2924 347 2968 est
370 2916 550 2972 dicere
581 2937 593 2970 :
626 2917 683 2973 Si
710 2918 934 2975 devotus
957 2937 1034 2983 es,
1066 2923 1132 2976 da
1154 2925 1305 2991 quasi
1334 2933 1515 2992 tuum;
1545 2927 1590 2980 si
1611 2927 1836 2981 indevo-

260 3013 366 3066 tus,
398 3007 558 3061 redde
602 3009 755 3076 quasi
802 3025 908 3064 non
956 3019 1122 3065 tuum.
1158 3012 1299 3068 Bene
1338 3015 1518 3084 itaque
1564 3017 1742 3086 posuit
1780 3025 1836 3072 et

255 3095 416 3151 dandi
455 3099 784 3154 voluntatem
806 3109 868 3156 et
895 3103 1133 3158 solvendi
1177 3108 1568 3163 necessitatem.
1611 3109 1724 3166 Hoc
1751 3119 1833 3166 est

1943 1904 2220 1968 suluerint,
2252 1921 2372 1960 cum
2415 1907 2575 1960 etiam
2606 1921 2670 1960 ex
2701 1908 2805 1963 hoc
2831 1910 2910 1963 rei
2939 1910 3043 1964 sint
3071 1910 3212 1980 quod
3258 1925 3426 1980 usque
3453 1910 3519 1964 ad

1941 2003 2167 2049 mortem
2215 2002 2406 2050 cuncta
2447 1997 2813 2052 servaverint?
2859 1997 2966 2053 Aut
3003 2000 3271 2068 quomodo
3310 2000 3386 2054 rei
3413 2016 3518 2053 non

1940 2093 2101 2138 erunt
2126 2086 2217 2154 qui
2246 2084 2523 2140 facultates
2546 2102 2670 2141 suas
2706 2088 2773 2142 ad
2800 2103 3149 2160 quoscunque
3176 2091 3418 2145 homines
3439 2091 3519 2144 in—

1943 2176 2248 2231 lidelissima
2279 2177 2514 2231 vanitate
2538 2179 2957 2244 transmiserint,
2982 2196 3102 2234 cum
3134 2182 3292 2235 etiam
3340 2182 3414 2235 illi
3441 2181 3518 2236 rei

1941 2267 2105 2321 tutari
2125 2267 2232 2320 sint
2252 2267 2344 2335 qui
2367 2283 2473 2322 non
2495 2268 2699 2337 seipsos
2721 2269 2773 2322 in
2793 2271 2902 2323 vita
2925 2271 3026 2323 ista
3053 2270 3229 2339 aliqua
3259 2271 3328 2325 ob
3348 2271 3518 2325 hono-

1939 2373 2051 2411 rem
2077 2357 2169 2411 Dei
2193 2372 2371 2411 rerum
2393 2372 2610 2412 suarum
2645 2367 2795 2427 parte
2817 2359 3181 2429 privaverint?
3206 2360 3517 2415 ostendente
3551 2383 3554 2388 -

1937 2447 1990 2501 id
2029 2449 2196 2518 ipsum
2231 2450 2391 2503 etiam
2420 2465 2517 2518 per
2544 2451 2860 2519 Apostolum
2885 2468 3040 2506 suum
3068 2453 3293 2507 Domino
3322 2463 3512 2508 nostro

1939 2549 2099 2608 atque
2120 2539 2332 2593 dicente
2363 2557 2374 2592 :
2399 2540 2550 2611 Agite
2579 2558 2736 2606 nunc,
2763 2543 2959 2607 divites,
2992 2543 3191 2612 plorata
3216 2545 3268 2597 in
3298 2547 3516 2617 miseriis

1939 2631 2094 2699 εἷ’]
2124 2646 2240 2700 qua:
2279 2629 2552 2684 advenient
2595 2631 2756 2684 vobis.
2782 2631 2991 2687 Divitiae
3019 2643 3194 2688 restria
3221 2638 3516 2707 putrefacta:

1934 2728 2069 2782 sunt,
2094 2727 2143 2771 et
2171 2721 2472 2773 vestimenta
2498 2728 2666 2774 uestra
2689 2737 2720 2772 a
2743 2723 2892 2777 tineis
2918 2734 3138 2778 comesta
3168 2735 3303 2778 sunt.
3322 2726 3515 2781 Aurum

1934 2817 1983 2860 et
2010 2817 2272 2878 argentum
2293 2819 2510 2863 vestrum
2541 2811 2861 2881 armyinavit.
2893 2822 2942 2866 et
2968 2829 3140 2884 aerugo
3171 2831 3346 2868 eorum
3364 2816 3418 2868 in
3443 2825 3516 2868 te-

1936 2898 2233 2952 stimonium
2260 2897 2398 2953 vobis
2427 2901 2543 2966 erit,
2562 2909 2611 2954 et
2628 2901 2960 2956 manducabit
2985 2920 3167 2958 carnes
3191 2914 3382 2960 vestras
3409 2907 3514 2959 sic-

1903 2997 1990 3050 .ut
2024 2990 2180 3060 ignis.
2213 2989 2239 3029 δ
2275 2989 2657 3046 Thesaurizatis
2682 2995 2736 3046 in
2760 2994 3051 3049 novissimis
3080 2994 3255 3050 diebus
3291 2996 3426 3068 (Jac.
3462 3015 3510 3062 v,

1934 3076 2082 3149 1-5).
2110 3076 2306 3133 Praeter
2333 3079 2476 3134 illam
2511 3095 2628 3149 quae
2655 3081 2710 3135 in
2737 3084 2992 3153 mysterio
3022 3083 3194 3139 latens
3231 3086 3404 3154 major
3431 3102 3514 3148 est

257 3188 446 3258 utique
461 3189 641 3245 dicere
666 3193 809 3246 omni
833 3193 1033 3249 homini
1060 3215 1072 3248 :
1104 3195 1183 3250 Ad
1212 3213 1345 3268 opus
1366 3210 1605 3256 sanctum
1635 3212 1688 3258 et
1707 3205 1834 3258 hor-
1859 3173 1902 3233 ο
1936 3169 2102 3268 ⁰
2132 3183 2195 3224 ac
2224 3170 2510 3268 “imbui”
2522 3170 2821 3227 divmomm
2845 3174 3508 3268 V°’b°'“"',,5°"e’i‘“‘°“"

253 3278 460 3332 tatione
483 3279 721 3334 invitaris
742 3290 794 3335 et
811 3284 1090 3340 exactione
1113 3290 1510 3358 constringeris.
1535 3292 1628 3357 Da,
1661 3295 1704 3348 si
1734 3296 1832 3361 vis;

254 3367 421 3423 redde
448 3369 492 3422 si
517 3385 622 3424 non
648 3372 744 3426 vis.
764 3371 1050 3442 Apostolus
1071 3393 1285 3447 quoque
1305 3381 1356 3435 id
1386 3383 1557 3451 ipsum
1587 3400 1830 3450 monens,

252 3457 507 3512 divitibus
525 3461 765 3531 prtecipit
797 3481 808 3514 :
843 3462 927 3518 Ne
945 3465 1156 3535 superbe
1176 3471 1413 3540 sapiant,
1444 3490 1604 3544 neque
1629 3488 1833 3544 sperent

250 3547 309 3599 in
338 3549 532 3600 incerto
561 3550 875 3615 divitiarum,
899 3555 990 3608 sed
1016 3557 1068 3608 in
1099 3555 1208 3611 Deo
1239 3559 1363 3622 viro,
1395 3563 1481 3630 qui
1509 3573 1720 3630 prastat
1746 3581 1834 3618 πο·

253 3636 353 3702 bis,
383 3639 573 3708 inquit,
605 3644 776 3694 omnia
823 3644 892 3695 ad
920 3645 1192 3713 fruendum
1237 3651 1289 3701 in
1332 3651 1588 3706 roluntate
1622 3671 1831 3725 cperam

251 3731 502 3784 bonorum
533 3731 575 3801 (Ι
607 3731 737 3785 Tim.
772 3751 841 3798 vi,
874 3735 982 3805 l7).
1013 3735 1131 3790 Uno
1157 3739 1298 3793 dicto
1327 3749 1610 3813 utrumque
1629 3746 1830 3813 docuit,

251 3817 358 3872 hoc
399 3827 506 3882 est,
551 3829 607 3874 et
645 3823 735 3889 qui
781 3823 934 3878 daret
967 3825 1195 3892 divitias,
1228 3837 1282 3882 et
1309 3847 1402 3885 cur
1429 3831 1597 3887 daret.
1643 3835 1832 3891 Dicens

248 3906 398 3960 enim
425 3910 744 3977 sperandum
769 3927 797 3964 a
819 3911 930 3967 Deo
959 3916 1046 3981 qui
1071 3924 1287 3984 prmstat
1310 3920 1507 3983 omnia,
1539 3924 1772 3978 ostendit
1799 3941 1830 3980 a

248 3994 365 4048 Deo
385 3995 577 4051 divites
608 3998 742 4053 fleri.
770 4001 978 4056 Addens
1019 4013 1195 4058 autem
1239 4008 1294 4060 in
1337 4010 1596 4066 voluntate
1623 4030 1830 4084 operum

247 4083 519 4148 bonorum,
551 4087 711 4142 docet
755 4089 806 4143 id
855 4091 1024 4159 ipsum
1071 4095 1212 4163 quod
1252 4096 1386 4151 dixit
1414 4114 1442 4152 a
1475 4099 1584 4155 Deo
1632 4083 1825 4170 tribui,

248 4185 473 4244 propter
498 4178 638 4231 bona
687 4189 890 4234 tantum
937 4197 1099 4252 opera
1140 4189 1399 4255 prtestari.
1426 4189 1652 4246 Praestat
1671 4196 1826 4260 enim,

248 4266 443 4333 inquit,
484 4270 657 4322 omnia
684 4272 737 4322 in
767 4272 1022 4327 voluntate
1055 4284 1261 4346 operum
1289 4280 1569 4348 bonorum;
1601 4284 1703 4339 hoc
1724 4295 1824 4348 est,

245 4356 318 4408 ad
361 4357 464 4412 hoc
493 4358 620 4413 facit
663 4361 906 4417 homines
948 4367 1241 4422 substantia
1283 4386 1401 4426 esse
1448 4374 1742 4444 locupletes
1771 4385 1829 4431 ut

245 4445 390 4498 bona
418 4450 730 4516 operatione
755 4453 862 4507 sint
899 4453 1118 4523 divites;
1170 4459 1222 4512 id
1257 4470 1368 4528 est,
1402 4471 1459 4516 ut
1496 4477 1825 4523 commutent

1935 3256 2184 3313 suflice‘re
2213 3259 2279 3312 ad
2300 3268 2498 3314 metum
2544 3276 2609 3316 ac
2657 3270 2944 3318 tremorem
2991 3267 3240 3320 omnibus
3264 3278 3394 3336 puto
3423 3269 3510 3326 illa

1936 3363 2054 3417 qua:
2081 3355 2329 3417 prompta
2371 3357 2511 3403 sunt.
2544 3350 2623 3404 Ad
2665 3352 2858 3408 divites
2902 3355 3042 3408 enim
3072 3357 3408 3424 peculiariter
3435 3359 3510 3413 lo-

1933 3438 2132 3505 quitur.
2159 3436 2417 3506 Plangere
2444 3453 2540 3494 eos
2587 3442 2860 3512 praecipit,
2891 3445 3032 3499 mala
3069 3445 3245 3500 futura
3283 3449 3509 3516 nuntiat,

1934 3528 2109 3594 ignem
2137 3537 2450 3598 perpetuum
2471 3532 2842 3587 comminatur.
2862 3532 2929 3587 Et
2949 3536 3067 3601 hoc,
3084 3552 3190 3606 quo
3212 3538 3366 3592 mina:
3388 3540 3512 3608 ipsa:

1932 3623 2100 3690 magis
2156 3621 2405 3677 timenda:
2455 3623 2580 3691 sint,
2622 3641 2728 3679 non
2782 3635 3004 3697 propter
3053 3630 3380 3710 homicidiah
3405 3649 3510 3688 non

1935 3721 2157 3783 propter
2183 3712 2582 3781 fornicationes,
2617 3733 2724 3772 non
2751 3720 2826 3774 ob
2865 3722 3151 3790 sacrilegas
3187 3725 3507 3795 impietates,

1935 3810 2029 3857 aut
2053 3804 2156 3857 alia
2187 3815 2462 3874 postremo
2487 3807 2616 3862 vitia
2645 3808 2825 3864 lethali
2855 3811 3033 3880 gladio
3073 3815 3275 3870 animas
3304 3825 3358 3872 et
3387 3834 3512 3888 per-

1933 3895 2056 3948 enni
2085 3896 2372 3952 occasione
2396 3897 2711 3968 jugulantia,
2748 3904 2840 3958 sed
2869 3915 3089 3976 propter
3113 3909 3257 3964 solas
3277 3917 3511 3966 tantum-

1932 3985 2095 4040 modo
2142 4001 2292 4056 opes,
2341 3997 2563 4057 propter
2609 3991 2846 4048 insanam
2893 3997 3259 4065 cupiditatem,
3291 4010 3510 4071 propter

1932 4076 2047 4130 auri
2077 4085 2237 4146 atque
2265 4081 2468 4146 argenti
2499 4080 2723 4149 famem;
2755 4093 2812 4138 ut
2839 4088 3147 4143 ostenderet
3174 4092 3377 4146 scilicet
3397 4093 3507 4148 sof-

1933 4165 2098 4219 ﬁcere
2116 4166 2231 4221 hate
2272 4168 2476 4222 homini
2510 4171 2576 4224 ad
2615 4181 2868 4229 aeternam
2897 4178 3312 4246 damnationem,
3345 4184 3508 4238 etiam

1930 4256 1975 4308 si
2004 4264 2182 4312 reatus
2209 4258 2297 4312 alii
2325 4274 2433 4314 non
2457 4259 2694 4316 fuissent.
2727 4263 2861 4329 Quid
2891 4267 2994 4321 dici
3023 4270 3330 4339 simplicius,
3380 4275 3508 4343 quid

1931 4345 2228 4402 evidentius
2269 4349 2481 4417 potest?
2518 4350 2632 4404 Non
2661 4353 2789 4408 dicit
2826 4354 3014 4411 diviti:
3053 4358 3400 4428 Torquendus
3425 4380 3504 4430 es,

1929 4438 2053 4505 quia
2099 4439 2365 4495 homicida
2411 4453 2498 4505 es;
2530 4447 2857 4514 torquendus
2902 4465 2979 4515 es,
3023 4454 3146 4521 quia
3179 4455 3501 4524 fornicator;

245 4537 462 4590 divitias
482 4553 615 4606 quas
642 4554 979 4612 acceperunt,
1013 4550 1172 4619 216
1199 4560 1252 4604 et
1282 4551 1558 4609 facultates
1597 4557 1738 4626 ipsas
1767 4561 1820 4616 in
1851 4535 1901 4594 D
1927 4527 2371 4626 §?d_t9rque'_‘dus
2397 4538 2765 4626 “imumme
2793 4540 2916 4609 quia
2945 4542 3111 4609 dives,
3137 4546 3238 4601 hoc
3257 4556 3357 4612 θεῖν
3380 4552 3504 4620 qm“

245 4626 407 4680 bonis
443 4631 696 4698 operibus
723 4634 1066 4702 collocantes,
1108 4639 1202 4694 Dei
1225 4657 1354 4710 opes
1382 4661 1515 4714 quas
1542 4647 1740 4704 habent
1768 4653 1822 4706 in

243 4716 355 4770 hoc
382 4719 575 4772 seculo
605 4726 975 4790 temporarias,
1007 4727 1143 4781 bene
1184 4732 1381 4787 utendo
1406 4733 1823 4810 faciant-sempi-

243 4816 462 4873 ternas,
486 4825 548 4863 ac
590 4812 666 4865 sic
693 4825 1040 4878 agnoscentes
1066 4833 1286 4876 munera
1316 4823 1427 4890 Dei,
1460 4825 1655 4897 duplici
1679 4830 1822 4885 bono

241 4896 544 4964 gaudeant;
577 4916 695 4954 cum
725 4904 814 4972 qui
845 4914 969 4959 sunt
1004 4907 1194 4965 divites
1241 4913 1294 4967 in
1333 4915 1434 4970 hoc
1459 4896 1671 4983 sarculo,
1704 4937 1822 4976 esse

240 5003 460 5055 quoque
487 4989 675 5046 divites
703 5005 1006 5050 mereantur
1027 4999 1080 5052 in
1104 5002 1260 5058 cmlo.

317 5124 427 5178 νη.
468 5125 557 5182 Sic
585 5143 712 5197 ergo
757 5131 1014 5188 habendae
1039 5147 1161 5191 sunt
1190 5139 1407 5206 divitizc,
1435 5146 1511 5198 sic
1557 5147 1817 5214 petendae,

241 5215 318 5268 sic
361 5218 622 5282 tenendae,
669 5220 747 5274 sic
788 5227 1157 5291 propagandze.
1201 5231 1409 5302 Alioqui
1458 5236 1823 5293 inmstiinabile

242 5305 444 5358 malum
487 5317 566 5362 est
613 5309 768 5363 bonis
797 5327 826 5364 a
869 5312 982 5367 Deo
1027 5316 1164 5371 datis
1203 5338 1306 5374 non
1349 5323 1485 5378 bene
1515 5327 1606 5380 uti.
1652 5331 1820 5386 Λυσι-ο

241 5395 400 5458 enim,
449 5396 617 5465 inquit
643 5398 915 5468 Scriptura
946 5418 1112 5469 sacra,
1144 5410 1270 5462 nihil
1298 5421 1373 5465 est
1406 5415 1664 5471 scelestius
1695 5419 1819 5490 (Ec-

245 5481 332 5535 cli.
358 5499 412 5546 ι,
435 5485 488 5554 9)
516 5504 528 5538 :
562 5494 616 5540 et
645 5491 932 5556 pessimum
952 5508 1016 5549 ac
1041 5495 1406 5556 feralissimum
1438 5508 1604 5562 morbi
1634 5481 1817 5578 genus,

1925 4616 2123 4672 divitiis
2152 4620 2291 4675 male
2313 4624 2497 4688 uteris,
2531 4626 2652 4694 quia
2685 4627 2836 4682 datas
2866 4631 2957 4685 tibi
2986 4634 3053 4686 ad
3081 4650 3216 4703 opus
3261 4616 3500 4694 sanctum

1925 4707 2141 4763 divitias
2179 4726 2286 4764 non
2329 4712 2595 4782 intelligis.
2628 4716 2744 4772 Non
2773 4721 2914 4774 enim
2949 4723 3072 4792 ipsa:
3099 4725 3294 4782 divitise
3321 4745 3419 4799 per
3445 4747 3503 4786 se

1923 4799 2116 4864 noxim,
2166 4800 2258 4854 sed
2305 4811 2511 4857 mentes
2539 4807 2676 4861 male
2730 4811 2991 4870 utentium
3046 4816 3370 4885 criminosar;
3402 4836 3502 4878 nec

1923 4889 2053 4956 ipsa:
2098 4904 2230 4958 opes
2258 4891 2459 4946 homini
2506 4910 2675 4965 pinna:
2715 4913 2875 4952 causa
2922 4913 3066 4969 sunt,
3093 4907 3186 4960 sed
3217 4909 3283 4963 de
3311 4912 3500 4979 opibus

1926 4979 2026 5032 sibi
2055 4994 2238 5048 pmnas
2259 4981 2451 5039 divites
2479 4984 2678 5041 faciunt
2704 5006 2716 5040 :
2748 4992 2869 5060 quia
2891 4992 3015 5048 dum
3044 4997 3120 5050 uti
3141 4998 3335 5055 divitiis
3362 5003 3500 5058 bene

1925 5069 2132 5136 nolunt,
2165 5072 2307 5140 ipsas
2345 5075 2444 5128 sibi
2491 5076 2700 5135 divitias
2746 5083 2797 5135 in
2845 5093 3110 5142 tormenta
3158 5103 3494 5150 convertunt.

1928 5157 2328 5244 Thesaurizatis,
2359 5164 2546 5231 inquit,
2577 5168 2629 5220 in
2659 5172 2946 5228 novissimis
2975 5175 3168 5232 diebus.
3188 5178 3349 5244 Bene,
3375 5198 3496 5237 cum

1923 5240 2143 5305 dixisset
2163 5252 2540 5320 thesaurizatis,
2563 5257 2762 5314 addidit
2782 5263 2834 5316 in
2856 5267 3147 5323 novissimis
3169 5240 3370 5335 diebus;
3394 5273 3500 5329 hoc

1924 5350 2024 5401 est,
2058 5349 2114 5393 ut
2138 5340 2309 5408 major
2338 5343 2801 5405 thesaurizandum
2829 5364 3010 5412 reatus
3038 5369 3200 5426 esset,
3231 5378 3351 5417 cum
3379 5363 3496 5417 the—

1919 5444 2196 5482 saurorum
2219 5432 2466 5488 invidiam
2496 5438 2654 5492 etiam
2683 5445 2857 5498 smculi
2879 5455 3115 5502 extrema
3139 5451 3490 5505 cumularent.

1932 5516 2332 5585 T/iesaurizatis,
2384 5523 2570 5592 inquit,
2603 5529 2656 5581 in
2685 5534 2972 5588 novissimis
3001 5537 3192 5590 diebus.
3228 5537 3330 5592 Per
3378 5541 3494 5594 the-

1390 5616 1716 5675 STEPIIANI
1758 5624 2024 5680 BALUZH
2065 5626 2290 5683 ΝΟΤᾸΞ.

315 5687 343 5716 ⁸
379 5683 432 5737 Id
461 5697 563 5751 est,
587 5692 765 5762 populi
795 5691 1098 5751 Christiani.
1135 5700 1263 5756 Vide
1287 5722 1442 5774 supra
1474 5726 1593 5778 pag.
1628 5713 1746 5766 165.

2003 5720 2025 5757 ¹²
2066 5721 2154 5777 Gr.
2189 5732 2244 5778 et.
2270 5723 2444 5795 \'ulg.,
2475 5729 2892 5789 Tiiesaitrizastis.
