  <div class='ocr_page' id='page_1' title='image "/cluster/home/n/w/nwhite01/storage/ocr_20150623/53/hvd.32044073505091/099.png"; bbox 0 0 3866 6178; ppageno 0'>
   <div class='ocr_carea' id='block_1_1' title="bbox 398 351 499 406">
    <p class='ocr_par' dir='ltr' id='par_1_1' title="bbox 398 351 499 406">
     <span class='ocr_line' id='line_1_1' title="bbox 398 351 499 406; baseline 0.01 -1"><span class='ocrx_word' id='word_1_1' title='bbox 398 351 499 406; x_wconf 70' lang='grc'><strong>183</strong></span> 
     </span>
    </p>
   </div>
   <div class='ocr_carea' id='block_1_2' title="bbox 1334 326 2690 396">
    <p class='ocr_par' dir='ltr' id='par_1_2' title="bbox 1334 326 2690 396">
     <span class='ocr_line' id='line_1_2' title="bbox 1334 326 2690 396; baseline -0.01 -1"><span class='ocrx_word' id='word_1_2' title='bbox 1334 340 1389 396; x_wconf 90' lang='lat' dir='ltr'><strong>S.</strong></span> <span class='ocrx_word' id='word_1_3' title='bbox 1430 334 1739 394; x_wconf 70' lang='lat' dir='ltr'><strong>SALV&#39;lANl</strong></span> <span class='ocrx_word' id='word_1_4' title='bbox 1775 330 2233 389; x_wconf 77' lang='lat' dir='ltr'><strong>MASSILIENSIS</strong></span> <span class='ocrx_word' id='word_1_5' title='bbox 2271 326 2690 386; x_wconf 72' lang='lat' dir='ltr'><strong>PRESBYTER!</strong></span> 
     </span>
    </p>
   </div>
   <div class='ocr_carea' id='block_1_3' title="bbox 3536 322 3633 374">
    <p class='ocr_par' dir='ltr' id='par_1_3' title="bbox 3536 322 3633 374">
     <span class='ocr_line' id='line_1_3' title="bbox 3536 322 3633 374; baseline -0.031 0"><span class='ocrx_word' id='word_1_6' title='bbox 3536 322 3633 374; x_wconf 63' lang='grc'><strong>184</strong></span> 
     </span>
    </p>
   </div>
   <div class='ocr_carea' id='block_1_4' title="bbox 399 435 3634 527">
    <p class='ocr_par' dir='ltr' id='par_1_4' title="bbox 399 435 3634 527">
     <span class='ocr_line' id='line_1_4' title="bbox 399 435 3634 527; baseline -0.009 -9"><span class='ocrx_word' id='word_1_7' title='bbox 399 476 587 518; x_wconf 87' lang='lat' dir='ltr'><strong>sauros</strong></span> <span class='ocrx_word' id='word_1_8' title='bbox 612 456 890 527; x_wconf 88' lang='lat' dir='ltr'><strong>cupiditas,</strong></span> <span class='ocrx_word' id='word_1_9' title='bbox 922 472 1017 525; x_wconf 88' lang='lat' dir='ltr'><strong>per</strong></span> <span class='ocrx_word' id='word_1_10' title='bbox 1041 451 1358 509; x_wconf 82' lang='lat' dir='ltr'><strong>novissimos</strong></span> <span class='ocrx_word' id='word_1_11' title='bbox 1376 451 1539 522; x_wconf 71' lang='lat'><strong>218</strong></span> <span class='ocrx_word' id='word_1_12' title='bbox 1555 449 1668 504; x_wconf 89' lang='lat' dir='ltr'><strong>dies</strong></span> <span class='ocrx_word' id='word_1_13' title='bbox 1687 445 1967 502; x_wconf 79' lang='lat' dir='ltr'><strong>infidelitas</strong></span> <span class='ocrx_word' id='word_1_14' title='bbox 1992 448 2038 504; x_wconf 74' lang='grc' dir='ltr'><strong>Α</strong></span> <span class='ocrx_word' id='word_1_15' title='bbox 2067 442 2290 501; x_wconf 87' lang='lat' dir='ltr'><strong>necdum</strong></span> <span class='ocrx_word' id='word_1_16' title='bbox 2318 441 2474 508; x_wconf 79' lang='lat' dir='ltr'><strong>desiit</strong></span> <span class='ocrx_word' id='word_1_17' title='bbox 2499 441 2591 510; x_wconf 84' lang='lat' dir='ltr'><strong>qui</strong></span> <span class='ocrx_word' id='word_1_18' title='bbox 2618 438 2790 497; x_wconf 83' lang='lat' dir='ltr'><strong>adhuc</strong></span> <span class='ocrx_word' id='word_1_19' title='bbox 2821 436 2950 493; x_wconf 83' lang='lat' dir='ltr'><strong>velit</strong></span> <span class='ocrx_word' id='word_1_20' title='bbox 2974 449 3197 506; x_wconf 87' lang='lat' dir='ltr'><strong>peccare</strong></span> <span class='ocrx_word' id='word_1_21' title='bbox 3224 435 3271 489; x_wconf 87' lang='lat' dir='ltr'><strong>si</strong></span> <span class='ocrx_word' id='word_1_22' title='bbox 3301 435 3487 504; x_wconf 86' lang='lat' dir='ltr'><strong>possit.</strong></span> <span class='ocrx_word' id='word_1_23' title='bbox 3520 435 3634 489; x_wconf 81' lang='lat' dir='ltr'><strong>Non</strong></span> 
     </span>
    </p>
   </div>
   <div class='ocr_carea' id='block_1_5' title="bbox 402 538 1965 616">
    <p class='ocr_par' dir='ltr' id='par_1_5' title="bbox 402 538 1965 616">
     <span class='ocr_line' id='line_1_5' title="bbox 402 538 1965 616; baseline -0.011 -10"><span class='ocrx_word' id='word_1_24' title='bbox 402 558 695 608; x_wconf 74' lang='lat' dir='ltr'><strong>accusatur.</strong></span> <span class='ocrx_word' id='word_1_25' title='bbox 728 548 804 603; x_wconf 81' lang='lat' dir='ltr'><strong>Ac</strong></span> <span class='ocrx_word' id='word_1_26' title='bbox 830 561 926 616; x_wconf 90' lang='lat' dir='ltr'><strong>per</strong></span> <span class='ocrx_word' id='word_1_27' title='bbox 954 545 1056 599; x_wconf 88' lang='lat' dir='ltr'><strong>hoc</strong></span> <span class='ocrx_word' id='word_1_28' title='bbox 1086 553 1110 581; x_wconf 76' lang='grc' dir='ltr'>ι</span> <span class='ocrx_word' id='word_1_29' title='bbox 1149 541 1344 612; x_wconf 79' lang='lat' dir='ltr'><strong>duplex</strong></span> <span class='ocrx_word' id='word_1_30' title='bbox 1390 550 1445 595; x_wconf 91' lang='lat' dir='ltr'><strong>et</strong></span> <span class='ocrx_word' id='word_1_31' title='bbox 1482 538 1787 609; x_wconf 70' lang='lat' dir='ltr'><strong>cupiditatis</strong></span> <span class='ocrx_word' id='word_1_32' title='bbox 1824 551 1965 594; x_wconf 85' lang='lat' dir='ltr'><strong>noxa</strong></span> 
     </span>
    </p>
   </div>
   <div class='ocr_carea' id='block_1_6' title="bbox 403 626 1966 705">
    <p class='ocr_par' dir='ltr' id='par_1_6' title="bbox 403 626 1966 705">
     <span class='ocr_line' id='line_1_6' title="bbox 403 626 1966 705; baseline -0.012 -7"><span class='ocrx_word' id='word_1_33' title='bbox 403 652 484 698; x_wconf 90' lang='lat' dir='ltr'><strong>est</strong></span> <span class='ocrx_word' id='word_1_34' title='bbox 503 649 557 697; x_wconf 90' lang='lat' dir='ltr'><strong>et</strong></span> <span class='ocrx_word' id='word_1_35' title='bbox 577 637 932 695; x_wconf 80' lang='lat' dir='ltr'><strong>infidelitatis:</strong></span> <span class='ocrx_word' id='word_1_36' title='bbox 951 635 1075 705; x_wconf 90' lang='lat' dir='ltr'><strong>quia</strong></span> <span class='ocrx_word' id='word_1_37' title='bbox 1103 634 1383 688; x_wconf 81' lang='lat' dir='ltr'><strong>thesauros</strong></span> <span class='ocrx_word' id='word_1_38' title='bbox 1401 646 1538 701; x_wconf 88' lang='lat' dir='ltr'><strong>quos</strong></span> <span class='ocrx_word' id='word_1_39' title='bbox 1560 631 1729 700; x_wconf 80' lang='lat' dir='ltr'><strong>(juxta</strong></span> <span class='ocrx_word' id='word_1_40' title='bbox 1750 627 1802 681; x_wconf 87' lang='lat' dir='ltr'><strong>id</strong></span> <span class='ocrx_word' id='word_1_41' title='bbox 1819 626 1966 696; x_wconf 87' lang='lat' dir='ltr'><strong>quod</strong></span> 
     </span>
    </p>
   </div>
   <div class='ocr_carea' id='block_1_7' title="bbox 405 719 1961 797">
    <p class='ocr_par' dir='ltr' id='par_1_7' title="bbox 405 719 1961 797">
     <span class='ocr_line' id='line_1_7' title="bbox 405 719 1961 797; baseline -0.012 -8"><span class='ocrx_word' id='word_1_42' title='bbox 405 735 543 789; x_wconf 85' lang='lat' dir='ltr'><strong>Deus</strong></span> <span class='ocrx_word' id='word_1_43' title='bbox 582 732 711 786; x_wconf 85' lang='lat' dir='ltr'><strong>dicit</strong></span> <span class='ocrx_word' id='word_1_44' title='bbox 742 748 754 783; x_wconf 89' lang='lat'>:</span> <span class='ocrx_word' id='word_1_45' title='bbox 788 727 909 783; x_wconf 86' lang='lat' dir='ltr'><strong>Non</strong></span> <span class='ocrx_word' id='word_1_46' title='bbox 939 727 1261 797; x_wconf 74' lang='lat' dir='ltr'><strong>concupisces</strong></span> <span class='ocrx_word' id='word_1_47' title='bbox 1294 723 1499 794; x_wconf 75' lang='lat' dir='ltr'><strong>(Exod.</strong></span> <span class='ocrx_word' id='word_1_48' title='bbox 1542 738 1629 784; x_wconf 86' lang='lat' dir='ltr'><strong>xx,</strong></span> <span class='ocrx_word' id='word_1_49' title='bbox 1672 722 1772 785; x_wconf 80' lang='lat' dir='ltr'><strong>l7;</strong></span> <span class='ocrx_word' id='word_1_50' title='bbox 1807 719 1961 773; x_wconf 82' lang='lat' dir='ltr'><strong>Deut.</strong></span> 
     </span>
    </p>
   </div>
   <div class='ocr_carea' id='block_1_8' title="bbox 404 811 1969 888">
    <p class='ocr_par' dir='ltr' id='par_1_8' title="bbox 404 811 1969 888">
     <span class='ocr_line' id='line_1_8' title="bbox 404 811 1969 888; baseline -0.009 -12"><span class='ocrx_word' id='word_1_51' title='bbox 404 842 454 886; x_wconf 75' lang='grc' dir='ltr'><strong>ν,</strong></span> <span class='ocrx_word' id='word_1_52' title='bbox 481 823 575 888; x_wconf 69' lang='lat'><strong>21;</strong></span> <span class='ocrx_word' id='word_1_53' title='bbox 608 821 758 875; x_wconf 84' lang='lat' dir='ltr'><strong>Rom.</strong></span> <span class='ocrx_word' id='word_1_54' title='bbox 781 837 870 883; x_wconf 85' lang='lat' dir='ltr'><strong>vn,</strong></span> <span class='ocrx_word' id='word_1_55' title='bbox 891 818 943 881; x_wconf 66' lang='lat' dir='ltr'><strong>7i</strong></span> <span class='ocrx_word' id='word_1_56' title='bbox 965 818 1166 873; x_wconf 84' lang='lat' dir='ltr'><strong>crimen</strong></span> <span class='ocrx_word' id='word_1_57' title='bbox 1196 816 1378 885; x_wconf 88' lang='lat' dir='ltr'><strong>utique</strong></span> <span class='ocrx_word' id='word_1_58' title='bbox 1397 813 1494 868; x_wconf 90' lang='lat' dir='ltr'><strong>fuit</strong></span> <span class='ocrx_word' id='word_1_59' title='bbox 1516 821 1570 867; x_wconf 89' lang='lat' dir='ltr'><strong>et</strong></span> <span class='ocrx_word' id='word_1_60' title='bbox 1597 811 1703 864; x_wconf 90' lang='lat' dir='ltr'><strong>alio</strong></span> <span class='ocrx_word' id='word_1_61' title='bbox 1730 819 1969 879; x_wconf 89' lang='lat' dir='ltr'><strong>tempore</strong></span> 
     </span>
    </p>
   </div>
   <div class='ocr_carea' id='block_1_9' title="bbox 402 899 1964 984">
    <p class='ocr_par' dir='ltr' id='par_1_9' title="bbox 402 899 1964 984">
     <span class='ocr_line' id='line_1_9' title="bbox 402 899 1964 984; baseline -0.013 -15"><span class='ocrx_word' id='word_1_62' title='bbox 402 914 813 984; x_wconf 81' lang='lat' dir='ltr'><strong>concupiscere,</strong></span> <span class='ocrx_word' id='word_1_63' title='bbox 850 908 1021 977; x_wconf 84' lang='lat' dir='ltr'><strong>majus</strong></span> <span class='ocrx_word' id='word_1_64' title='bbox 1053 904 1444 976; x_wconf 71' lang='lat' dir='ltr'><strong>absque&#39;dubio</strong></span> <span class='ocrx_word' id='word_1_65' title='bbox 1475 917 1574 972; x_wconf 91' lang='lat' dir='ltr'><strong>per</strong></span> <span class='ocrx_word' id='word_1_66' title='bbox 1601 899 1964 955; x_wconf 80' lang='lat' dir='ltr'><strong>inﬁdelitatem</strong></span> 
     </span>
    </p>
   </div>
   <div class='ocr_carea' id='block_1_10' title="bbox 406 990 1848 1075">
    <p class='ocr_par' dir='ltr' id='par_1_10' title="bbox 406 990 1848 1075">
     <span class='ocr_line' id='line_1_10' title="bbox 406 990 1848 1075; baseline -0.011 -15"><span class='ocrx_word' id='word_1_67' title='bbox 406 1008 575 1075; x_wconf 87' lang='lat' dir='ltr'><strong>ipsam</strong></span> <span class='ocrx_word' id='word_1_68' title='bbox 605 1004 805 1059; x_wconf 85' lang='lat' dir='ltr'><strong>crimen</strong></span> <span class='ocrx_word' id='word_1_69' title='bbox 834 1009 917 1054; x_wconf 93' lang='lat' dir='ltr'><strong>est</strong></span> <span class='ocrx_word' id='word_1_70' title='bbox 943 1000 1104 1053; x_wconf 88' lang='lat' dir='ltr'><strong>etiam</strong></span> <span class='ocrx_word' id='word_1_71' title='bbox 1135 998 1188 1050; x_wconf 93' lang='lat' dir='ltr'><strong>in</strong></span> <span class='ocrx_word' id='word_1_72' title='bbox 1217 995 1397 1050; x_wconf 90' lang='lat' dir='ltr'><strong>mundi</strong></span> <span class='ocrx_word' id='word_1_73' title='bbox 1425 993 1531 1047; x_wconf 85' lang='lat' dir='ltr'><strong>line</strong></span> <span class='ocrx_word' id='word_1_74' title='bbox 1557 990 1848 1047; x_wconf 90' lang='lat' dir='ltr'><strong>cumulare.</strong></span> 
     </span>
    </p>
   </div>
   <div class='ocr_carea' id='block_1_11' title="bbox 479 1082 1969 1161">
    <p class='ocr_par' dir='ltr' id='par_1_11' title="bbox 479 1082 1969 1161">
     <span class='ocr_line' id='line_1_11' title="bbox 479 1082 1969 1161; baseline -0.011 -12"><span class='ocrx_word' id='word_1_75' title='bbox 479 1094 608 1149; x_wconf 78' lang='lat' dir='ltr'><strong>Vlll.</strong></span> <span class='ocrx_word' id='word_1_76' title='bbox 650 1095 849 1148; x_wconf 88' lang='lat' dir='ltr'><strong>Durum</strong></span> <span class='ocrx_word' id='word_1_77' title='bbox 875 1093 1101 1145; x_wconf 87' lang='lat' dir='ltr'><strong>lortasse</strong></span> <span class='ocrx_word' id='word_1_78' title='bbox 1128 1087 1317 1161; x_wconf 84' lang='lat' dir='ltr'><strong>aliquis</strong></span> <span class='ocrx_word' id='word_1_79' title='bbox 1333 1099 1634 1141; x_wconf 81' lang='lat' dir='ltr'><strong>sermonem</strong></span> <span class='ocrx_word' id='word_1_80' title='bbox 1650 1096 1825 1136; x_wconf 91' lang='lat' dir='ltr'><strong>meum</strong></span> <span class='ocrx_word' id='word_1_81' title='bbox 1841 1082 1969 1134; x_wconf 89' lang='lat' dir='ltr'><strong>hae-</strong></span> 
     </span>
    </p>
   </div>
   <div class='ocr_carea' id='block_1_12' title="bbox 405 1173 1969 1253">
    <p class='ocr_par' dir='ltr' id='par_1_12' title="bbox 405 1173 1969 1253">
     <span class='ocr_line' id='line_1_12' title="bbox 405 1173 1969 1253; baseline -0.009 -12"><span class='ocrx_word' id='word_1_82' title='bbox 405 1196 560 1243; x_wconf 85' lang='lat' dir='ltr'><strong>tenus</strong></span> <span class='ocrx_word' id='word_1_83' title='bbox 589 1184 862 1253; x_wconf 79' lang='lat' dir='ltr'><strong>judicavit.</strong></span> <span class='ocrx_word' id='word_1_84' title='bbox 891 1181 958 1234; x_wconf 85' lang='lat' dir='ltr'><strong>Et</strong></span> <span class='ocrx_word' id='word_1_85' title='bbox 983 1195 1110 1236; x_wconf 86' lang='lat' dir='ltr'><strong>vere</strong></span> <span class='ocrx_word' id='word_1_86' title='bbox 1138 1179 1303 1233; x_wconf 87' lang='lat' dir='ltr'><strong>durus</strong></span> <span class='ocrx_word' id='word_1_87' title='bbox 1330 1184 1431 1239; x_wconf 87' lang='lat' dir='ltr'><strong>est,</strong></span> <span class='ocrx_word' id='word_1_88' title='bbox 1472 1176 1515 1230; x_wconf 92' lang='lat' dir='ltr'><strong>si</strong></span> <span class='ocrx_word' id='word_1_89' title='bbox 1543 1173 1740 1244; x_wconf 90' lang='lat' dir='ltr'><strong>aliquid</strong></span> <span class='ocrx_word' id='word_1_90' title='bbox 1768 1188 1874 1228; x_wconf 91' lang='lat' dir='ltr'><strong>non</strong></span> <span class='ocrx_word' id='word_1_91' title='bbox 1901 1188 1969 1228; x_wconf 90' lang='lat' dir='ltr'><strong>ex</strong></span> 
     </span>
    </p>
   </div>
   <div class='ocr_carea' id='block_1_13' title="bbox 408 1263 1969 1331">
    <p class='ocr_par' dir='ltr' id='par_1_13' title="bbox 408 1263 1969 1331">
     <span class='ocr_line' id='line_1_13' title="bbox 408 1263 1969 1331; baseline -0.007 -2"><span class='ocrx_word' id='word_1_92' title='bbox 408 1275 831 1331; x_wconf 82' lang='lat' dir='ltr'><strong>testimoniorum</strong></span> <span class='ocrx_word' id='word_1_93' title='bbox 859 1285 1130 1327; x_wconf 87' lang='lat' dir='ltr'><strong>sacrorum</strong></span> <span class='ocrx_word' id='word_1_94' title='bbox 1145 1266 1465 1327; x_wconf 86' lang='lat' dir='ltr'><strong>auctoritate</strong></span> <span class='ocrx_word' id='word_1_95' title='bbox 1492 1264 1839 1320; x_wconf 89' lang='lat' dir='ltr'><strong>commonuit.</strong></span> <span class='ocrx_word' id='word_1_96' title='bbox 1863 1263 1969 1318; x_wconf 84' lang='lat' dir='ltr'><strong>Du-</strong></span> 
     </span>
    </p>
   </div>
   <div class='ocr_carea' id='block_1_14' title="bbox 403 1354 1971 1430">
    <p class='ocr_par' dir='ltr' id='par_1_14' title="bbox 403 1354 1971 1430">
     <span class='ocr_line' id='line_1_14' title="bbox 403 1354 1971 1430; baseline -0.008 -9"><span class='ocrx_word' id='word_1_97' title='bbox 403 1384 495 1423; x_wconf 90' lang='lat' dir='ltr'><strong>rus</strong></span> <span class='ocrx_word' id='word_1_98' title='bbox 520 1365 873 1426; x_wconf 80' lang='lat' dir='ltr'><strong>existimetur,</strong></span> <span class='ocrx_word' id='word_1_99' title='bbox 896 1363 941 1416; x_wconf 90' lang='lat' dir='ltr'><strong>si</strong></span> <span class='ocrx_word' id='word_1_100' title='bbox 970 1360 1167 1430; x_wconf 89' lang='lat' dir='ltr'><strong>aliquid</strong></span> <span class='ocrx_word' id='word_1_101' title='bbox 1196 1359 1303 1413; x_wconf 84' lang='lat' dir='ltr'><strong>tale</strong></span> <span class='ocrx_word' id='word_1_102' title='bbox 1330 1358 1513 1413; x_wconf 85' lang='lat' dir='ltr'><strong>habuit</strong></span> <span class='ocrx_word' id='word_1_103' title='bbox 1539 1355 1698 1424; x_wconf 89' lang='lat' dir='ltr'><strong>quale</strong></span> <span class='ocrx_word' id='word_1_104' title='bbox 1726 1355 1814 1409; x_wconf 87' lang='lat' dir='ltr'><strong>hic</strong></span> <span class='ocrx_word' id='word_1_105' title='bbox 1828 1354 1971 1425; x_wconf 87' lang='lat' dir='ltr'><strong>Apo-</strong></span> 
     </span>
    </p>
   </div>
   <div class='ocr_carea' id='block_1_15' title="bbox 387 1446 1969 1527">
    <p class='ocr_par' dir='ltr' id='par_1_15' title="bbox 387 1446 1969 1527">
     <span class='ocr_line' id='line_1_15' title="bbox 387 1446 1969 1527; baseline -0.011 -12"><span class='ocrx_word' id='word_1_106' title='bbox 387 1460 572 1515; x_wconf 83' lang='lat' dir='ltr'><strong>stolus</strong></span> <span class='ocrx_word' id='word_1_107' title='bbox 595 1455 924 1527; x_wconf 78' lang='lat' dir='ltr'><strong>praedicavit.</strong></span> <span class='ocrx_word' id='word_1_108' title='bbox 956 1450 1027 1508; x_wconf 89' lang='lat' dir='ltr'><strong>Ut</strong></span> <span class='ocrx_word' id='word_1_109' title='bbox 1052 1466 1160 1506; x_wconf 92' lang='lat' dir='ltr'><strong>non</strong></span> <span class='ocrx_word' id='word_1_110' title='bbox 1186 1448 1441 1504; x_wconf 88' lang='lat' dir='ltr'><strong>addamus</strong></span> <span class='ocrx_word' id='word_1_111' title='bbox 1471 1446 1598 1501; x_wconf 84' lang='lat' dir='ltr'><strong>illud</strong></span> <span class='ocrx_word' id='word_1_112' title='bbox 1637 1446 1843 1501; x_wconf 86' lang='lat' dir='ltr'><strong>Domini</strong></span> <span class='ocrx_word' id='word_1_113' title='bbox 1869 1461 1969 1499; x_wconf 90' lang='lat' dir='ltr'><strong>no-</strong></span> 
     </span>
    </p>
   </div>
   <div class='ocr_carea' id='block_1_16' title="bbox 401 1537 1973 1616">
    <p class='ocr_par' dir='ltr' id='par_1_16' title="bbox 401 1537 1973 1616">
     <span class='ocr_line' id='line_1_16' title="bbox 401 1537 1973 1616; baseline -0.01 -11"><span class='ocrx_word' id='word_1_114' title='bbox 401 1549 498 1605; x_wconf 88' lang='lat' dir='ltr'><strong>stri</strong></span> <span class='ocrx_word' id='word_1_115' title='bbox 517 1549 736 1612; x_wconf 91' lang='lat' dir='ltr'><strong>dictum,</strong></span> <span class='ocrx_word' id='word_1_116' title='bbox 759 1559 869 1616; x_wconf 90' lang='lat' dir='ltr'><strong>quo</strong></span> <span class='ocrx_word' id='word_1_117' title='bbox 895 1557 1082 1599; x_wconf 89' lang='lat' dir='ltr'><strong>omnes</strong></span> <span class='ocrx_word' id='word_1_118' title='bbox 1108 1540 1321 1611; x_wconf 88' lang='lat' dir='ltr'><strong>penitus</strong></span> <span class='ocrx_word' id='word_1_119' title='bbox 1346 1538 1589 1607; x_wconf 87' lang='lat' dir='ltr'><strong>indignos</strong></span> <span class='ocrx_word' id='word_1_120' title='bbox 1614 1552 1673 1593; x_wconf 91' lang='lat' dir='ltr'><strong>se</strong></span> <span class='ocrx_word' id='word_1_121' title='bbox 1699 1552 1817 1594; x_wconf 80' lang='lat' dir='ltr'><strong>esse</strong></span> <span class='ocrx_word' id='word_1_122' title='bbox 1839 1537 1973 1591; x_wconf 86' lang='lat' dir='ltr'><strong>dixit</strong></span> 
     </span>
    </p>
   </div>
   <div class='ocr_carea' id='block_1_17' title="bbox 400 1627 1964 1709">
    <p class='ocr_par' dir='ltr' id='par_1_17' title="bbox 400 1627 1964 1709">
     <span class='ocr_line' id='line_1_17' title="bbox 400 1627 1964 1709; baseline -0.007 -15"><span class='ocrx_word' id='word_1_123' title='bbox 400 1640 491 1709; x_wconf 90' lang='lat' dir='ltr'><strong>qui</strong></span> <span class='ocrx_word' id='word_1_124' title='bbox 518 1655 627 1692; x_wconf 90' lang='lat' dir='ltr'><strong>non</strong></span> <span class='ocrx_word' id='word_1_125' title='bbox 646 1635 1041 1691; x_wconf 84' lang='lat' dir='ltr'><strong>renuntiassent</strong></span> <span class='ocrx_word' id='word_1_126' title='bbox 1058 1633 1305 1687; x_wconf 90' lang='lat' dir='ltr'><strong>omnibus</strong></span> <span class='ocrx_word' id='word_1_127' title='bbox 1327 1645 1448 1700; x_wconf 71' lang='lat' dir='ltr'><strong>qua:</strong></span> <span class='ocrx_word' id='word_1_128' title='bbox 1473 1627 1964 1700; x_wconf 82' lang='lat' dir='ltr'><strong>possederint(Luc.</strong></span> 
     </span>
    </p>
   </div>
   <div class='ocr_carea' id='block_1_18' title="bbox 402 1718 1972 1796">
    <p class='ocr_par' dir='ltr' id='par_1_18' title="bbox 402 1718 1972 1796">
     <span class='ocr_line' id='line_1_18' title="bbox 402 1718 1972 1796; baseline -0.005 -16"><span class='ocrx_word' id='word_1_129' title='bbox 402 1743 507 1791; x_wconf 80' lang='lat' dir='ltr'><strong>xrv,</strong></span> <span class='ocrx_word' id='word_1_130' title='bbox 521 1727 634 1796; x_wconf 76' lang='lat'><strong>35).</strong></span> <span class='ocrx_word' id='word_1_131' title='bbox 647 1725 775 1792; x_wconf 74' lang='lat' dir='ltr'><strong>Qua:</strong></span> <span class='ocrx_word' id='word_1_132' title='bbox 789 1739 908 1780; x_wconf 89' lang='lat' dir='ltr'><strong>cum</strong></span> <span class='ocrx_word' id='word_1_133' title='bbox 923 1724 996 1780; x_wconf 87' lang='lat' dir='ltr'><strong>ita</strong></span> <span class='ocrx_word' id='word_1_134' title='bbox 1012 1723 1137 1785; x_wconf 88' lang='lat' dir='ltr'><strong>sint,</strong></span> <span class='ocrx_word' id='word_1_135' title='bbox 1161 1736 1356 1785; x_wconf 88' lang='lat' dir='ltr'><strong>nonne,</strong></span> <span class='ocrx_word' id='word_1_136' title='bbox 1370 1734 1570 1790; x_wconf 78' lang='lat' dir='ltr'><strong>quaeso,</strong></span> <span class='ocrx_word' id='word_1_137' title='bbox 1585 1718 1972 1787; x_wconf 89' lang='lat' dir='ltr'><strong>indulgentissi-</strong></span> 
     </span>
    </p>
   </div>
   <div class='ocr_carea' id='block_1_19' title="bbox 2064 525 3640 603">
    <p class='ocr_par' dir='ltr' id='par_1_19' title="bbox 2064 525 3640 603">
     <span class='ocr_line' id='line_1_19' title="bbox 2064 525 3640 603; baseline -0.004 -16"><span class='ocrx_word' id='word_1_138' title='bbox 2064 531 2219 591; x_wconf 72' lang='lat' dir='ltr'><strong>bonis</strong></span> <span class='ocrx_word' id='word_1_139' title='bbox 2241 532 2419 603; x_wconf 83' lang='lat' dir='ltr'><strong>itaque</strong></span> <span class='ocrx_word' id='word_1_140' title='bbox 2438 531 2632 600; x_wconf 86' lang='lat' dir='ltr'><strong>spebus</strong></span> <span class='ocrx_word' id='word_1_141' title='bbox 2654 528 2894 583; x_wconf 84' lang='lat' dir='ltr'><strong>innititur</strong></span> <span class='ocrx_word' id='word_1_142' title='bbox 2912 528 3004 595; x_wconf 86' lang='lat' dir='ltr'><strong>qui</strong></span> <span class='ocrx_word' id='word_1_143' title='bbox 3023 525 3089 580; x_wconf 91' lang='lat' dir='ltr'><strong>ad</strong></span> <span class='ocrx_word' id='word_1_144' title='bbox 3103 527 3205 581; x_wconf 89' lang='lat' dir='ltr'><strong>hoc</strong></span> <span class='ocrx_word' id='word_1_145' title='bbox 3224 533 3430 578; x_wconf 87' lang='lat' dir='ltr'><strong>tantum</strong></span> <span class='ocrx_word' id='word_1_146' title='bbox 3450 535 3640 594; x_wconf 78' lang='lat' dir='ltr'><strong>peccat</strong></span> 
     </span>
    </p>
   </div>
   <div class='ocr_carea' id='block_1_20' title="bbox 2064 616 3641 691">
    <p class='ocr_par' dir='ltr' id='par_1_20' title="bbox 2064 616 3641 691">
     <span class='ocr_line' id='line_1_20' title="bbox 2064 616 3641 691; baseline -0.004 -15"><span class='ocrx_word' id='word_1_147' title='bbox 2064 623 2120 676; x_wconf 90' lang='lat' dir='ltr'><strong>in</strong></span> <span class='ocrx_word' id='word_1_148' title='bbox 2148 623 2256 676; x_wconf 90' lang='lat' dir='ltr'><strong>vita</strong></span> <span class='ocrx_word' id='word_1_149' title='bbox 2284 629 2341 675; x_wconf 87' lang='lat' dir='ltr'><strong>ut</strong></span> <span class='ocrx_word' id='word_1_150' title='bbox 2368 628 2709 691; x_wconf 85' lang='lat' dir='ltr'><strong>peccaton</strong></span> <span class='ocrx_word' id='word_1_151' title='bbox 2746 618 2941 673; x_wconf 90' lang='lat' dir='ltr'><strong>molem</strong></span> <span class='ocrx_word' id='word_1_152' title='bbox 2980 616 3207 671; x_wconf 88' lang='lat' dir='ltr'><strong>redimat</strong></span> <span class='ocrx_word' id='word_1_153' title='bbox 3249 616 3301 669; x_wconf 92' lang='lat' dir='ltr'><strong>in</strong></span> <span class='ocrx_word' id='word_1_154' title='bbox 3339 620 3554 679; x_wconf 90' lang='lat' dir='ltr'><strong>morte;</strong></span> <span class='ocrx_word' id='word_1_155' title='bbox 3585 625 3641 670; x_wconf 90' lang='lat' dir='ltr'><strong>et</strong></span> 
     </span>
    </p>
   </div>
   <div class='ocr_carea' id='block_1_21' title="bbox 2064 703 3638 777">
    <p class='ocr_par' dir='ltr' id='par_1_21' title="bbox 2064 703 3638 777">
     <span class='ocr_line' id='line_1_21' title="bbox 2064 703 3638 777; baseline -0.004 -13"><span class='ocrx_word' id='word_1_156' title='bbox 2064 709 2187 764; x_wconf 89' lang='lat' dir='ltr'><strong>ideo</strong></span> <span class='ocrx_word' id='word_1_157' title='bbox 2225 726 2283 764; x_wconf 90' lang='lat' dir='ltr'><strong>se</strong></span> <span class='ocrx_word' id='word_1_158' title='bbox 2332 724 2613 764; x_wconf 88' lang='lat' dir='ltr'><strong>evasurum</strong></span> <span class='ocrx_word' id='word_1_159' title='bbox 2659 713 2835 777; x_wconf 83' lang='lat' dir='ltr'><strong>putat,</strong></span> <span class='ocrx_word' id='word_1_160' title='bbox 2866 722 2970 761; x_wconf 91' lang='lat' dir='ltr'><strong>non</strong></span> <span class='ocrx_word' id='word_1_161' title='bbox 2999 705 3122 773; x_wconf 90' lang='lat' dir='ltr'><strong>quia</strong></span> <span class='ocrx_word' id='word_1_162' title='bbox 3169 705 3362 767; x_wconf 84' lang='lat' dir='ltr'><strong>bonus,</strong></span> <span class='ocrx_word' id='word_1_163' title='bbox 3391 703 3485 759; x_wconf 90' lang='lat' dir='ltr'><strong>sed</strong></span> <span class='ocrx_word' id='word_1_164' title='bbox 3512 706 3638 772; x_wconf 87' lang='lat' dir='ltr'><strong>quia</strong></span> 
     </span>
    </p>
   </div>
   <div class='ocr_carea' id='block_1_22' title="bbox 2064 792 3641 865">
    <p class='ocr_par' dir='ltr' id='par_1_22' title="bbox 2064 792 3641 865">
     <span class='ocr_line' id='line_1_22' title="bbox 2064 792 3641 865; baseline -0.006 -11"><span class='ocrx_word' id='word_1_165' title='bbox 2064 800 2213 857; x_wconf 88' lang='lat' dir='ltr'><strong>dives</strong></span> <span class='ocrx_word' id='word_1_166' title='bbox 2236 799 2322 853; x_wconf 90' lang='lat' dir='ltr'><strong>sit.</strong></span> <span class='ocrx_word' id='word_1_167' title='bbox 2349 797 2511 865; x_wconf 87' lang='lat' dir='ltr'><strong>Quasi</strong></span> <span class='ocrx_word' id='word_1_168' title='bbox 2560 812 2689 851; x_wconf 88' lang='lat' dir='ltr'><strong>vero</strong></span> <span class='ocrx_word' id='word_1_169' title='bbox 2726 795 2869 849; x_wconf 88' lang='lat' dir='ltr'><strong>Deus</strong></span> <span class='ocrx_word' id='word_1_170' title='bbox 2906 810 3012 849; x_wconf 92' lang='lat' dir='ltr'><strong>non</strong></span> <span class='ocrx_word' id='word_1_171' title='bbox 3041 793 3206 847; x_wconf 86' lang='lat' dir='ltr'><strong>vitam</strong></span> <span class='ocrx_word' id='word_1_172' title='bbox 3234 801 3439 860; x_wconf 64' lang='lat' dir='ltr'><strong>quazrat</strong></span> <span class='ocrx_word' id='word_1_173' title='bbox 3468 792 3641 846; x_wconf 86' lang='lat' dir='ltr'><strong>homi-</strong></span> 
     </span>
    </p>
   </div>
   <div class='ocr_carea' id='block_1_23' title="bbox 2066 881 3639 959">
    <p class='ocr_par' dir='ltr' id='par_1_23' title="bbox 2066 881 3639 959">
     <span class='ocr_line' id='line_1_23' title="bbox 2066 881 3639 959; baseline -0.007 -14"><span class='ocrx_word' id='word_1_174' title='bbox 2066 906 2213 953; x_wconf 88' lang='lat' dir='ltr'><strong>num,</strong></span> <span class='ocrx_word' id='word_1_175' title='bbox 2254 889 2346 944; x_wconf 88' lang='lat' dir='ltr'><strong>sed</strong></span> <span class='ocrx_word' id='word_1_176' title='bbox 2375 888 2676 959; x_wconf 86' lang='lat' dir='ltr'><strong>pecuniam,</strong></span> <span class='ocrx_word' id='word_1_177' title='bbox 2707 893 2867 954; x_wconf 89' lang='lat' dir='ltr'><strong>atque</strong></span> <span class='ocrx_word' id='word_1_178' title='bbox 2895 899 2926 938; x_wconf 90' lang='lat' dir='ltr'><strong>a</strong></span> <span class='ocrx_word' id='word_1_179' title='bbox 2955 884 3159 940; x_wconf 88' lang='lat' dir='ltr'><strong>cunctis</strong></span> <span class='ocrx_word' id='word_1_180' title='bbox 3204 882 3468 936; x_wconf 87' lang='lat' dir='ltr'><strong>malorum</strong></span> <span class='ocrx_word' id='word_1_181' title='bbox 3495 881 3639 935; x_wconf 86' lang='lat' dir='ltr'><strong>redi-</strong></span> 
     </span>
    </p>
   </div>
   <div class='ocr_carea' id='block_1_24' title="bbox 2065 972 3642 1048">
    <p class='ocr_par' dir='ltr' id='par_1_24' title="bbox 2065 972 3642 1048">
     <span class='ocr_line' id='line_1_24' title="bbox 2065 972 3642 1048; baseline -0.008 -12"><span class='ocrx_word' id='word_1_182' title='bbox 2065 980 2380 1036; x_wconf 88' lang='lat' dir='ltr'><strong>mendorum</strong></span> <span class='ocrx_word' id='word_1_183' title='bbox 2429 994 2522 1048; x_wconf 90' lang='lat' dir='ltr'><strong>spe</strong></span> <span class='ocrx_word' id='word_1_184' title='bbox 2569 978 2711 1032; x_wconf 89' lang='lat' dir='ltr'><strong>male</strong></span> <span class='ocrx_word' id='word_1_185' title='bbox 2757 974 3037 1043; x_wconf 79' lang='lat' dir='ltr'><strong>agentibus</strong></span> <span class='ocrx_word' id='word_1_186' title='bbox 3079 973 3321 1042; x_wconf 82' lang='lat' dir='ltr'><strong>accipere</strong></span> <span class='ocrx_word' id='word_1_187' title='bbox 3367 972 3513 1028; x_wconf 90' lang='lat' dir='ltr'><strong>solos</strong></span> <span class='ocrx_word' id='word_1_188' title='bbox 3542 987 3642 1040; x_wconf 87' lang='lat' dir='ltr'><strong>pro</strong></span> 
     </span>
    </p>
   </div>
   <div class='ocr_carea' id='block_1_25' title="bbox 2065 1061 3642 1133">
    <p class='ocr_par' dir='ltr' id='par_1_25' title="bbox 2065 1061 3642 1133">
     <span class='ocr_line' id='line_1_25' title="bbox 2065 1061 3642 1133; baseline -0.007 -5"><span class='ocrx_word' id='word_1_189' title='bbox 2065 1073 2376 1128; x_wconf 89' lang='lat' dir='ltr'><strong>criminibus</strong></span> <span class='ocrx_word' id='word_1_190' title='bbox 2430 1085 2675 1124; x_wconf 89' lang='lat' dir='ltr'><strong>nummos</strong></span> <span class='ocrx_word' id='word_1_191' title='bbox 2712 1067 2861 1133; x_wconf 80' lang='lat' dir='ltr'><strong>velit,</strong></span> <span class='ocrx_word' id='word_1_192' title='bbox 2905 1076 2962 1121; x_wconf 90' lang='lat' dir='ltr'><strong>et</strong></span> <span class='ocrx_word' id='word_1_193' title='bbox 3004 1072 3378 1132; x_wconf 90' lang='lat' dir='ltr'><strong>corruptorum</strong></span> <span class='ocrx_word' id='word_1_194' title='bbox 3402 1061 3642 1130; x_wconf 86' lang='lat' dir='ltr'><strong>judicqu</strong></span> 
     </span>
    </p>
   </div>
   <div class='ocr_carea' id='block_1_26' title="bbox 2066 1151 3638 1231">
    <p class='ocr_par' dir='ltr' id='par_1_26' title="bbox 2066 1151 3638 1231">
     <span class='ocr_line' id='line_1_26' title="bbox 2066 1151 3638 1231; baseline -0.01 -12"><span class='ocrx_word' id='word_1_195' title='bbox 2066 1179 2218 1220; x_wconf 88' lang='lat' dir='ltr'><strong>more</strong></span> <span class='ocrx_word' id='word_1_196' title='bbox 2246 1170 2522 1231; x_wconf 80' lang='lat' dir='ltr'><strong>argentum</strong></span> <span class='ocrx_word' id='word_1_197' title='bbox 2543 1160 2722 1227; x_wconf 83' lang='lat' dir='ltr'><strong>exigat</strong></span> <span class='ocrx_word' id='word_1_198' title='bbox 2739 1165 2800 1213; x_wconf 89' lang='lat' dir='ltr'><strong>ut</strong></span> <span class='ocrx_word' id='word_1_199' title='bbox 2820 1164 3040 1229; x_wconf 89' lang='lat' dir='ltr'><strong>peccata</strong></span> <span class='ocrx_word' id='word_1_200' title='bbox 3056 1153 3265 1208; x_wconf 87' lang='lat' dir='ltr'><strong>vendat.</strong></span> <span class='ocrx_word' id='word_1_201' title='bbox 3294 1151 3411 1206; x_wconf 76' lang='lat' dir='ltr'><strong>Non</strong></span> <span class='ocrx_word' id='word_1_202' title='bbox 3442 1152 3515 1206; x_wconf 89' lang='lat' dir='ltr'><strong>ita</strong></span> <span class='ocrx_word' id='word_1_203' title='bbox 3536 1162 3638 1206; x_wconf 89' lang='lat' dir='ltr'><strong>est.</strong></span> 
     </span>
    </p>
   </div>
   <div class='ocr_carea' id='block_1_27' title="bbox 2067 1241 3643 1318">
    <p class='ocr_par' dir='ltr' id='par_1_27' title="bbox 2067 1241 3643 1318">
     <span class='ocr_line' id='line_1_27' title="bbox 2067 1241 3643 1318; baseline -0.008 -10"><span class='ocrx_word' id='word_1_204' title='bbox 2067 1254 2328 1309; x_wconf 86' lang='lat' dir='ltr'><strong>Prodesse</strong></span> <span class='ocrx_word' id='word_1_205' title='bbox 2356 1252 2498 1307; x_wconf 87' lang='lat' dir='ltr'><strong>enim</strong></span> <span class='ocrx_word' id='word_1_206' title='bbox 2519 1250 2853 1318; x_wconf 85' lang='lat' dir='ltr'><strong>largitionem</strong></span> <span class='ocrx_word' id='word_1_207' title='bbox 2874 1246 3160 1317; x_wconf 89' lang='lat' dir='ltr'><strong>plurimum</strong></span> <span class='ocrx_word' id='word_1_208' title='bbox 3187 1251 3392 1298; x_wconf 89' lang='lat' dir='ltr'><strong>certum</strong></span> <span class='ocrx_word' id='word_1_209' title='bbox 3420 1249 3521 1305; x_wconf 90' lang='lat' dir='ltr'><strong>est,</strong></span> <span class='ocrx_word' id='word_1_210' title='bbox 3547 1241 3643 1296; x_wconf 85' lang='lat' dir='ltr'><strong>sed</strong></span> 
     </span>
    </p>
   </div>
   <div class='ocr_carea' id='block_1_28' title="bbox 2067 1333 3637 1413">
    <p class='ocr_par' dir='ltr' id='par_1_28' title="bbox 2067 1333 3637 1413">
     <span class='ocr_line' id='line_1_28' title="bbox 2067 1333 3637 1413; baseline -0.008 -13"><span class='ocrx_word' id='word_1_211' title='bbox 2067 1362 2176 1400; x_wconf 89' lang='lat' dir='ltr'><strong>non</strong></span> <span class='ocrx_word' id='word_1_212' title='bbox 2199 1346 2302 1400; x_wconf 87' lang='lat' dir='ltr'><strong>illis</strong></span> <span class='ocrx_word' id='word_1_213' title='bbox 2318 1345 2409 1413; x_wconf 89' lang='lat' dir='ltr'><strong>qui</strong></span> <span class='ocrx_word' id='word_1_214' title='bbox 2435 1343 2620 1397; x_wconf 89' lang='lat' dir='ltr'><strong>ultima</strong></span> <span class='ocrx_word' id='word_1_215' title='bbox 2642 1339 2827 1394; x_wconf 73' lang='lat' dir='ltr'><strong>futura:</strong></span> <span class='ocrx_word' id='word_1_216' title='bbox 2855 1335 3151 1405; x_wconf 80' lang='lat' dir='ltr'><strong>largitionis</strong></span> <span class='ocrx_word' id='word_1_217' title='bbox 3172 1348 3266 1404; x_wconf 85' lang='lat' dir='ltr'><strong>spe</strong></span> <span class='ocrx_word' id='word_1_218' title='bbox 3282 1333 3418 1387; x_wconf 89' lang='lat' dir='ltr'><strong>male</strong></span> <span class='ocrx_word' id='word_1_219' title='bbox 3431 1333 3637 1393; x_wconf 81' lang='lat' dir='ltr'><strong>vivunt,</strong></span> 
     </span>
    </p>
   </div>
   <div class='ocr_carea' id='block_1_29' title="bbox 2067 1424 3642 1507">
    <p class='ocr_par' dir='ltr' id='par_1_29' title="bbox 2067 1424 3642 1507">
     <span class='ocr_line' id='line_1_29' title="bbox 2067 1424 3642 1507; baseline -0.01 -16"><span class='ocrx_word' id='word_1_220' title='bbox 2067 1437 2161 1507; x_wconf 90' lang='lat' dir='ltr'><strong>qui</strong></span> <span class='ocrx_word' id='word_1_221' title='bbox 2207 1436 2395 1490; x_wconf 84' lang='lat' dir='ltr'><strong>ﬁducia</strong></span> <span class='ocrx_word' id='word_1_222' title='bbox 2429 1431 2750 1488; x_wconf 60' lang='lat' dir='ltr'><strong>redimendae</strong></span> <span class='ocrx_word' id='word_1_223' title='bbox 2796 1426 3139 1483; x_wconf 86' lang='lat' dir='ltr'><strong>immunitatis</strong></span> <span class='ocrx_word' id='word_1_224' title='bbox 3164 1424 3363 1479; x_wconf 60' lang='lat' dir='ltr'><strong>scelera</strong></span> <span class='ocrx_word' id='word_1_225' title='bbox 3392 1424 3642 1476; x_wconf 77' lang='lat' dir='ltr'><strong>commit-</strong></span> 
     </span>
    </p>
   </div>
   <div class='ocr_carea' id='block_1_30' title="bbox 2069 1513 3641 1593">
    <p class='ocr_par' dir='ltr' id='par_1_30' title="bbox 2069 1513 3641 1593">
     <span class='ocr_line' id='line_1_30' title="bbox 2069 1513 3641 1593; baseline -0.012 -12"><span class='ocrx_word' id='word_1_226' title='bbox 2069 1536 2216 1593; x_wconf 85' lang='lat' dir='ltr'><strong>tunt;</strong></span> <span class='ocrx_word' id='word_1_227' title='bbox 2241 1524 2333 1580; x_wconf 90' lang='lat' dir='ltr'><strong>sed</strong></span> <span class='ocrx_word' id='word_1_228' title='bbox 2362 1524 2464 1578; x_wconf 88' lang='lat' dir='ltr'><strong>illis</strong></span> <span class='ocrx_word' id='word_1_229' title='bbox 2483 1522 2573 1590; x_wconf 92' lang='lat' dir='ltr'><strong>qui</strong></span> <span class='ocrx_word' id='word_1_230' title='bbox 2601 1518 2807 1588; x_wconf 86' lang='lat' dir='ltr'><strong>decepti</strong></span> <span class='ocrx_word' id='word_1_231' title='bbox 2847 1525 2939 1571; x_wconf 91' lang='lat' dir='ltr'><strong>aut</strong></span> <span class='ocrx_word' id='word_1_232' title='bbox 2967 1516 3169 1569; x_wconf 87' lang='lat' dir='ltr'><strong>lubrico</strong></span> <span class='ocrx_word' id='word_1_233' title='bbox 3198 1513 3387 1576; x_wconf 68' lang='lat' dir='ltr'><strong>Malis,</strong></span> <span class='ocrx_word' id='word_1_234' title='bbox 3420 1519 3512 1565; x_wconf 90' lang='lat' dir='ltr'><strong>aut</strong></span> <span class='ocrx_word' id='word_1_235' title='bbox 3538 1527 3641 1563; x_wconf 86' lang='lat' dir='ltr'><strong>nu-</strong></span> 
     </span>
    </p>
   </div>
   <div class='ocr_carea' id='block_1_31' title="bbox 2069 1601 3643 1680">
    <p class='ocr_par' dir='ltr' id='par_1_31' title="bbox 2069 1601 3643 1680">
     <span class='ocr_line' id='line_1_31' title="bbox 2069 1601 3643 1680; baseline -0.012 -8"><span class='ocrx_word' id='word_1_236' title='bbox 2069 1619 2178 1673; x_wconf 92' lang='lat' dir='ltr'><strong>bilo</strong></span> <span class='ocrx_word' id='word_1_237' title='bbox 2197 1615 2414 1680; x_wconf 88' lang='lat' dir='ltr'><strong>erroris,</strong></span> <span class='ocrx_word' id='word_1_238' title='bbox 2446 1621 2538 1668; x_wconf 92' lang='lat' dir='ltr'><strong>aut</strong></span> <span class='ocrx_word' id='word_1_239' title='bbox 2556 1612 2686 1666; x_wconf 82' lang='lat' dir='ltr'><strong>vitio</strong></span> <span class='ocrx_word' id='word_1_240' title='bbox 2714 1608 3044 1678; x_wconf 71' lang='lat' dir='ltr'><strong>ignorantiae,</strong></span> <span class='ocrx_word' id='word_1_241' title='bbox 3072 1615 3163 1658; x_wconf 90' lang='lat' dir='ltr'><strong>aut</strong></span> <span class='ocrx_word' id='word_1_242' title='bbox 3194 1611 3466 1674; x_wconf 88' lang='lat' dir='ltr'><strong>postremo</strong></span> <span class='ocrx_word' id='word_1_243' title='bbox 3488 1601 3643 1669; x_wconf 87' lang='lat' dir='ltr'><strong>lapsu</strong></span> 
     </span>
    </p>
   </div>
   <div class='ocr_carea' id='block_1_32' title="bbox 2071 1695 3643 1778">
    <p class='ocr_par' dir='ltr' id='par_1_32' title="bbox 2071 1695 3643 1778">
     <span class='ocr_line' id='line_1_32' title="bbox 2071 1695 3643 1778; baseline -0.011 -14"><span class='ocrx_word' id='word_1_244' title='bbox 2071 1708 2368 1778; x_wconf 80' lang='lat' dir='ltr'><strong>fragilitatis</strong></span> <span class='ocrx_word' id='word_1_245' title='bbox 2409 1707 2673 1766; x_wconf 61' lang='lat' dir='ltr'><strong>humanae,</strong></span> <span class='ocrx_word' id='word_1_246' title='bbox 2715 1700 3025 1777; x_wconf 84' lang='lat' dir='ltr'><strong>resipiscere</strong></span> <span class='ocrx_word' id='word_1_247' title='bbox 3063 1697 3273 1751; x_wconf 80' lang='lat' dir='ltr'><strong>tandem</strong></span> <span class='ocrx_word' id='word_1_248' title='bbox 3323 1695 3476 1766; x_wconf 89' lang='lat' dir='ltr'><strong>quasi</strong></span> <span class='ocrx_word' id='word_1_249' title='bbox 3517 1701 3643 1763; x_wconf 88' lang='lat' dir='ltr'><strong>post</strong></span> 
     </span>
    </p>
   </div>
   <div class='ocr_carea' id='block_1_33' title="bbox 402 1786 3642 1885">
    <p class='ocr_par' dir='ltr' id='par_1_33' title="bbox 402 1786 3642 1885">
     <span class='ocr_line' id='line_1_33' title="bbox 402 1786 3642 1885; baseline -0.01 -14"><span class='ocrx_word' id='word_1_250' title='bbox 402 1834 566 1885; x_wconf 74' lang='lat' dir='ltr'><strong>unum,</strong></span> <span class='ocrx_word' id='word_1_251' title='bbox 590 1816 1114 1873; x_wconf 87' lang='lat' dir='ltr'><strong>modestissimumac</strong></span> <span class='ocrx_word' id='word_1_252' title='bbox 1131 1811 1499 1866; x_wconf 89' lang='lat' dir='ltr'><strong>mollissimum</strong></span> <span class='ocrx_word' id='word_1_253' title='bbox 1519 1802 1815 1864; x_wconf 85' lang='lat' dir='ltr'><strong>existimari</strong></span> <span class='ocrx_word' id='word_1_254' title='bbox 1835 1823 1963 1864; x_wconf 83' lang='lat' dir='ltr'><strong>con-</strong></span> <span class='ocrx_word' id='word_1_255' title='bbox 1993 1802 2042 1865; x_wconf 88' lang='lat' dir='ltr'><strong>B</strong></span> <span class='ocrx_word' id='word_1_256' title='bbox 2067 1801 2093 1840; x_wconf 74' lang='grc' dir='ltr'><strong>ἀ</strong></span> <span class='ocrx_word' id='word_1_257' title='bbox 2131 1809 2359 1857; x_wconf 90' lang='lat' dir='ltr'><strong>mortem</strong></span> <span class='ocrx_word' id='word_1_258' title='bbox 2409 1797 2732 1866; x_wconf 74' lang='lat' dir='ltr'><strong>gravissima:</strong></span> <span class='ocrx_word' id='word_1_259' title='bbox 2772 1790 3122 1853; x_wconf 80' lang='lat' dir='ltr'><strong>inﬁrmitatis,</strong></span> <span class='ocrx_word' id='word_1_260' title='bbox 3178 1799 3269 1840; x_wconf 87' lang='lat' dir='ltr'><strong>aut</strong></span> <span class='ocrx_word' id='word_1_261' title='bbox 3321 1786 3471 1855; x_wconf 90' lang='lat' dir='ltr'><strong>quasi</strong></span> <span class='ocrx_word' id='word_1_262' title='bbox 3517 1792 3642 1854; x_wconf 89' lang='lat' dir='ltr'><strong>post</strong></span> 
     </span>
    </p>
   </div>
   <div class='ocr_carea' id='block_1_34' title="bbox 402 1899 1967 1978">
    <p class='ocr_par' dir='ltr' id='par_1_34' title="bbox 402 1899 1967 1978">
     <span class='ocr_line' id='line_1_34' title="bbox 402 1899 1967 1978; baseline -0.004 -17"><span class='ocrx_word' id='word_1_263' title='bbox 402 1910 549 1964; x_wconf 82' lang='lat' dir='ltr'><strong>venit</strong></span> <span class='ocrx_word' id='word_1_264' title='bbox 559 1908 701 1978; x_wconf 88' lang='lat' dir='ltr'><strong>quod</strong></span> <span class='ocrx_word' id='word_1_265' title='bbox 714 1907 874 1963; x_wconf 91' lang='lat' dir='ltr'><strong>locuti</strong></span> <span class='ocrx_word' id='word_1_266' title='bbox 897 1920 1108 1971; x_wconf 89' lang='lat' dir='ltr'><strong>sumus;</strong></span> <span class='ocrx_word' id='word_1_267' title='bbox 1137 1903 1342 1959; x_wconf 89' lang='lat' dir='ltr'><strong>scilicet</strong></span> <span class='ocrx_word' id='word_1_268' title='bbox 1353 1903 1443 1970; x_wconf 88' lang='lat' dir='ltr'><strong>qui</strong></span> <span class='ocrx_word' id='word_1_269' title='bbox 1456 1900 1758 1960; x_wconf 84' lang='lat' dir='ltr'><strong>hominibus</strong></span> <span class='ocrx_word' id='word_1_270' title='bbox 1775 1899 1967 1969; x_wconf 86' lang='lat' dir='ltr'><strong>quibus</strong></span> 
     </span>
    </p>
   </div>
   <div class='ocr_carea' id='block_1_35' title="bbox 401 1994 1969 2069">
    <p class='ocr_par' dir='ltr' id='par_1_35' title="bbox 401 1994 1969 2069">
     <span class='ocr_line' id='line_1_35' title="bbox 401 1994 1969 2069; baseline -0.006 -13"><span class='ocrx_word' id='word_1_271' title='bbox 401 1999 690 2069; x_wconf 79' lang='lat' dir='ltr'><strong>perfectam</strong></span> <span class='ocrx_word' id='word_1_272' title='bbox 706 1997 1120 2054; x_wconf 87' lang='lat' dir='ltr'><strong>incolumitatem</strong></span> <span class='ocrx_word' id='word_1_273' title='bbox 1135 1994 1367 2048; x_wconf 88' lang='lat' dir='ltr'><strong>tribuere</strong></span> <span class='ocrx_word' id='word_1_274' title='bbox 1383 2007 1488 2046; x_wconf 91' lang='lat' dir='ltr'><strong>non</strong></span> <span class='ocrx_word' id='word_1_275' title='bbox 1501 2006 1969 2061; x_wconf 88' lang='lat' dir='ltr'><strong>possumus,opem</strong></span> 
     </span>
    </p>
   </div>
   <div class='ocr_carea' id='block_1_36' title="bbox 402 2082 1966 2161">
    <p class='ocr_par' dir='ltr' id='par_1_36' title="bbox 402 2082 1966 2161">
     <span class='ocr_line' id='line_1_36' title="bbox 402 2082 1966 2161; baseline -0.005 -19"><span class='ocrx_word' id='word_1_276' title='bbox 402 2089 590 2144; x_wconf 88' lang='lat' dir='ltr'><strong>saltem</strong></span> <span class='ocrx_word' id='word_1_277' title='bbox 617 2088 913 2157; x_wconf 71' lang='lat' dir='ltr'><strong>desperata:</strong></span> <span class='ocrx_word' id='word_1_278' title='bbox 936 2085 1120 2140; x_wconf 89' lang='lat' dir='ltr'><strong>salutis</strong></span> <span class='ocrx_word' id='word_1_279' title='bbox 1140 2083 1469 2161; x_wconf 86' lang='lat' dir='ltr'><strong>inquirimus,</strong></span> <span class='ocrx_word' id='word_1_280' title='bbox 1487 2089 1542 2136; x_wconf 90' lang='lat' dir='ltr'><strong>et</strong></span> <span class='ocrx_word' id='word_1_281' title='bbox 1559 2096 1785 2152; x_wconf 88' lang='lat' dir='ltr'><strong>quorum</strong></span> <span class='ocrx_word' id='word_1_282' title='bbox 1804 2082 1966 2135; x_wconf 89' lang='lat' dir='ltr'><strong>vitam</strong></span> 
     </span>
    </p>
   </div>
   <div class='ocr_carea' id='block_1_37' title="bbox 401 2170 1969 2248">
    <p class='ocr_par' dir='ltr' id='par_1_37' title="bbox 401 2170 1969 2248">
     <span class='ocr_line' id='line_1_37' title="bbox 401 2170 1969 2248; baseline -0.007 -13"><span class='ocrx_word' id='word_1_283' title='bbox 401 2194 593 2236; x_wconf 87' lang='lat' dir='ltr'><strong>sanare</strong></span> <span class='ocrx_word' id='word_1_284' title='bbox 616 2193 724 2233; x_wconf 90' lang='lat' dir='ltr'><strong>non</strong></span> <span class='ocrx_word' id='word_1_285' title='bbox 742 2191 1041 2248; x_wconf 87' lang='lat' dir='ltr'><strong>possumus,</strong></span> <span class='ocrx_word' id='word_1_286' title='bbox 1063 2182 1292 2230; x_wconf 88' lang='lat' dir='ltr'><strong>mortem</strong></span> <span class='ocrx_word' id='word_1_287' title='bbox 1320 2173 1497 2227; x_wconf 88' lang='lat' dir='ltr'><strong>levare</strong></span> <span class='ocrx_word' id='word_1_288' title='bbox 1515 2180 1799 2227; x_wconf 87' lang='lat' dir='ltr'><strong>tentamns.</strong></span> <span class='ocrx_word' id='word_1_289' title='bbox 1831 2170 1969 2239; x_wconf 82' lang='lat' dir='ltr'><strong>Quid</strong></span> 
     </span>
    </p>
   </div>
   <div class='ocr_carea' id='block_1_38' title="bbox 403 2262 1971 2337">
    <p class='ocr_par' dir='ltr' id='par_1_38' title="bbox 403 2262 1971 2337">
     <span class='ocr_line' id='line_1_38' title="bbox 403 2262 1971 2337; baseline -0.005 -12"><span class='ocrx_word' id='word_1_290' title='bbox 403 2270 639 2325; x_wconf 84' lang='lat' dir='ltr'><strong>estenim</strong></span> <span class='ocrx_word' id='word_1_291' title='bbox 666 2265 900 2337; x_wconf 84' lang='lat' dir='ltr'><strong>perfecta</strong></span> <span class='ocrx_word' id='word_1_292' title='bbox 926 2265 1163 2321; x_wconf 82' lang='lat' dir='ltr'><strong>sanitas?</strong></span> <span class='ocrx_word' id='word_1_293' title='bbox 1183 2263 1340 2330; x_wconf 85' lang='lat' dir='ltr'><strong>Quid,</strong></span> <span class='ocrx_word' id='word_1_294' title='bbox 1372 2263 1476 2317; x_wconf 89' lang='lat' dir='ltr'><strong>nisi</strong></span> <span class='ocrx_word' id='word_1_295' title='bbox 1511 2263 1563 2316; x_wconf 92' lang='lat' dir='ltr'><strong>in</strong></span> <span class='ocrx_word' id='word_1_296' title='bbox 1583 2263 1692 2316; x_wconf 89' lang='lat' dir='ltr'><strong>vita</strong></span> <span class='ocrx_word' id='word_1_297' title='bbox 1720 2262 1821 2317; x_wconf 89' lang='lat' dir='ltr'><strong>hac</strong></span> <span class='ocrx_word' id='word_1_298' title='bbox 1832 2263 1971 2317; x_wconf 89' lang='lat' dir='ltr'><strong>bene</strong></span> 
     </span>
    </p>
   </div>
   <div class='ocr_carea' id='block_1_39' title="bbox 344 2352 1970 2435">
    <p class='ocr_par' dir='ltr' id='par_1_39' title="bbox 344 2352 1970 2435">
     <span class='ocr_line' id='line_1_39' title="bbox 344 2352 1970 2435; baseline -0.002 -25"><span class='ocrx_word' id='word_1_299' title='bbox 344 2369 353 2381; x_wconf 83' lang='lat'>&#39;</span> <span class='ocrx_word' id='word_1_300' title='bbox 405 2359 597 2435; x_wconf 80' lang='lat' dir='ltr'><strong>agere?</strong></span> <span class='ocrx_word' id='word_1_301' title='bbox 624 2356 762 2425; x_wconf 89' lang='lat' dir='ltr'><strong>Quid</strong></span> <span class='ocrx_word' id='word_1_302' title='bbox 800 2363 1070 2427; x_wconf 90' lang='lat' dir='ltr'><strong>postrema</strong></span> <span class='ocrx_word' id='word_1_303' title='bbox 1098 2355 1341 2410; x_wconf 59' lang='lat' dir='ltr'><strong>curatio!</strong></span> <span class='ocrx_word' id='word_1_304' title='bbox 1365 2352 1520 2421; x_wconf 92' lang='lat' dir='ltr'><strong>Quid,</strong></span> <span class='ocrx_word' id='word_1_305' title='bbox 1553 2352 1653 2408; x_wconf 88' lang='lat' dir='ltr'><strong>nisi</strong></span> <span class='ocrx_word' id='word_1_306' title='bbox 1683 2353 1766 2406; x_wconf 88' lang='lat' dir='ltr'><strong>vel</strong></span> <span class='ocrx_word' id='word_1_307' title='bbox 1795 2352 1846 2406; x_wconf 90' lang='lat' dir='ltr'><strong>in</strong></span> <span class='ocrx_word' id='word_1_308' title='bbox 1873 2367 1970 2407; x_wconf 82' lang='lat' dir='ltr'><strong>ex-</strong></span> 
     </span>
    </p>
   </div>
   <div class='ocr_carea' id='block_1_40' title="bbox 406 2442 1970 2515">
    <p class='ocr_par' dir='ltr' id='par_1_40' title="bbox 406 2442 1970 2515">
     <span class='ocr_line' id='line_1_40' title="bbox 406 2442 1970 2515; baseline -0.002 -13"><span class='ocrx_word' id='word_1_309' title='bbox 406 2449 587 2503; x_wconf 88' lang='lat' dir='ltr'><strong>tremis</strong></span> <span class='ocrx_word' id='word_1_310' title='bbox 614 2449 814 2502; x_wconf 90' lang='lat' dir='ltr'><strong>bonum</strong></span> <span class='ocrx_word' id='word_1_311' title='bbox 842 2447 1091 2501; x_wconf 83' lang='lat' dir='ltr'><strong>viaticum</strong></span> <span class='ocrx_word' id='word_1_312' title='bbox 1126 2445 1475 2515; x_wconf 83' lang='lat' dir='ltr'><strong>comparare?</strong></span> <span class='ocrx_word' id='word_1_313' title='bbox 1527 2442 1662 2511; x_wconf 91' lang='lat' dir='ltr'><strong>Quid</strong></span> <span class='ocrx_word' id='word_1_314' title='bbox 1709 2451 1794 2499; x_wconf 85' lang='lat' dir='ltr'><strong>est</strong></span> <span class='ocrx_word' id='word_1_315' title='bbox 1826 2444 1970 2499; x_wconf 90' lang='lat' dir='ltr'><strong>enim</strong></span> 
     </span>
    </p>
   </div>
   <div class='ocr_carea' id='block_1_41' title="bbox 404 2534 1971 2609">
    <p class='ocr_par' dir='ltr' id='par_1_41' title="bbox 404 2534 1971 2609">
     <span class='ocr_line' id='line_1_41' title="bbox 404 2534 1971 2609; baseline -0.001 -18"><span class='ocrx_word' id='word_1_316' title='bbox 404 2540 642 2609; x_wconf 85' lang='lat' dir='ltr'><strong>perlecta</strong></span> <span class='ocrx_word' id='word_1_317' title='bbox 668 2537 898 2591; x_wconf 85' lang='lat' dir='ltr'><strong>sanitas?</strong></span> <span class='ocrx_word' id='word_1_318' title='bbox 927 2534 1084 2602; x_wconf 88' lang='lat' dir='ltr'><strong>Quid,</strong></span> <span class='ocrx_word' id='word_1_319' title='bbox 1106 2535 1208 2589; x_wconf 89' lang='lat' dir='ltr'><strong>nisi</strong></span> <span class='ocrx_word' id='word_1_320' title='bbox 1235 2535 1396 2590; x_wconf 89' lang='lat' dir='ltr'><strong>rebus</strong></span> <span class='ocrx_word' id='word_1_321' title='bbox 1414 2550 1445 2588; x_wconf 92' lang='lat' dir='ltr'><strong>a</strong></span> <span class='ocrx_word' id='word_1_322' title='bbox 1468 2534 1577 2590; x_wconf 89' lang='lat' dir='ltr'><strong>Deo</strong></span> <span class='ocrx_word' id='word_1_323' title='bbox 1598 2534 1807 2589; x_wconf 88' lang='lat' dir='ltr'><strong>traditis</strong></span> <span class='ocrx_word' id='word_1_324' title='bbox 1832 2536 1971 2590; x_wconf 92' lang='lat' dir='ltr'><strong>bene</strong></span> 
     </span>
    </p>
   </div>
   <div class='ocr_carea' id='block_1_42' title="bbox 406 2622 1973 2692">
    <p class='ocr_par' dir='ltr' id='par_1_42' title="bbox 406 2622 1973 2692">
     <span class='ocr_line' id='line_1_42' title="bbox 406 2622 1973 2692; baseline -0.002 -11"><span class='ocrx_word' id='word_1_325' title='bbox 406 2628 519 2681; x_wconf 79' lang='lat' dir='ltr'><strong>uti?</strong></span> <span class='ocrx_word' id='word_1_326' title='bbox 547 2624 699 2692; x_wconf 92' lang='lat' dir='ltr'><strong>Quod</strong></span> <span class='ocrx_word' id='word_1_327' title='bbox 746 2624 989 2679; x_wconf 88' lang='lat' dir='ltr'><strong>ultimum</strong></span> <span class='ocrx_word' id='word_1_328' title='bbox 1030 2623 1359 2678; x_wconf 82' lang='lat' dir='ltr'><strong>remedium?</strong></span> <span class='ocrx_word' id='word_1_329' title='bbox 1397 2622 1584 2689; x_wconf 91' lang='lat' dir='ltr'><strong>Quod,</strong></span> <span class='ocrx_word' id='word_1_330' title='bbox 1629 2624 1729 2678; x_wconf 88' lang='lat' dir='ltr'><strong>nisi</strong></span> <span class='ocrx_word' id='word_1_331' title='bbox 1785 2624 1973 2679; x_wconf 82' lang='lat' dir='ltr'><strong>saltem</strong></span> 
     </span>
    </p>
   </div>
   <div class='ocr_carea' id='block_1_43' title="bbox 407 2713 1971 2786">
    <p class='ocr_par' dir='ltr' id='par_1_43' title="bbox 407 2713 1971 2786">
     <span class='ocr_line' id='line_1_43' title="bbox 407 2713 1971 2786; baseline -0.002 -15"><span class='ocrx_word' id='word_1_332' title='bbox 407 2724 593 2786; x_wconf 89' lang='lat' dir='ltr'><strong>postea</strong></span> <span class='ocrx_word' id='word_1_333' title='bbox 617 2715 794 2770; x_wconf 87' lang='lat' dir='ltr'><strong>facere</strong></span> <span class='ocrx_word' id='word_1_334' title='bbox 808 2714 953 2783; x_wconf 91' lang='lat' dir='ltr'><strong>quod</strong></span> <span class='ocrx_word' id='word_1_335' title='bbox 971 2713 1229 2784; x_wconf 72' lang='lat' dir='ltr'><strong>pmniteat</strong></span> <span class='ocrx_word' id='word_1_336' title='bbox 1251 2720 1307 2768; x_wconf 93' lang='lat' dir='ltr'><strong>te</strong></span> <span class='ocrx_word' id='word_1_337' title='bbox 1328 2729 1435 2768; x_wconf 89' lang='lat' dir='ltr'><strong>non</strong></span> <span class='ocrx_word' id='word_1_338' title='bbox 1456 2720 1582 2767; x_wconf 90' lang='lat' dir='ltr'><strong>ante</strong></span> <span class='ocrx_word' id='word_1_339' title='bbox 1594 2714 1816 2768; x_wconf 78' lang='lat' dir='ltr'><strong>fecisse?</strong></span> <span class='ocrx_word' id='word_1_340' title='bbox 1831 2713 1971 2769; x_wconf 90' lang='lat' dir='ltr'><strong>Dura</strong></span> 
     </span>
    </p>
   </div>
   <div class='ocr_carea' id='block_1_44' title="bbox 408 2802 1973 2881">
    <p class='ocr_par' dir='ltr' id='par_1_44' title="bbox 408 2802 1973 2881">
     <span class='ocr_line' id='line_1_44' title="bbox 408 2802 1973 2881; baseline -0.001 -21"><span class='ocrx_word' id='word_1_341' title='bbox 408 2806 634 2863; x_wconf 84' lang='lat' dir='ltr'><strong>fortasse</strong></span> <span class='ocrx_word' id='word_1_342' title='bbox 659 2805 850 2881; x_wconf 85' lang='lat' dir='ltr'><strong>aliquis</strong></span> <span class='ocrx_word' id='word_1_343' title='bbox 866 2811 1019 2875; x_wconf 85' lang='lat' dir='ltr'><strong>putat</strong></span> <span class='ocrx_word' id='word_1_344' title='bbox 1036 2818 1155 2862; x_wconf 85' lang='lat' dir='ltr'><strong>esse</strong></span> <span class='ocrx_word' id='word_1_345' title='bbox 1167 2818 1286 2873; x_wconf 67' lang='lat' dir='ltr'><strong>qua:</strong></span> <span class='ocrx_word' id='word_1_346' title='bbox 1312 2802 1452 2858; x_wconf 90' lang='lat' dir='ltr'><strong>dico.</strong></span> <span class='ocrx_word' id='word_1_347' title='bbox 1482 2803 1642 2869; x_wconf 88' lang='lat' dir='ltr'><strong>Dura,</strong></span> <span class='ocrx_word' id='word_1_348' title='bbox 1665 2804 1823 2873; x_wconf 89' lang='lat' dir='ltr'><strong>plane</strong></span> <span class='ocrx_word' id='word_1_349' title='bbox 1841 2803 1973 2860; x_wconf 87' lang='lat' dir='ltr'><strong>dura</strong></span> 
     </span>
    </p>
   </div>
   <div class='ocr_carea' id='block_1_45' title="bbox 406 2893 1975 2963">
    <p class='ocr_par' dir='ltr' id='par_1_45' title="bbox 406 2893 1975 2963">
     <span class='ocr_line' id='line_1_45' title="bbox 406 2893 1975 2963; baseline -0.003 -11"><span class='ocrx_word' id='word_1_350' title='bbox 406 2897 793 2959; x_wconf 80' lang='lat' dir='ltr'><strong>existimentur,</strong></span> <span class='ocrx_word' id='word_1_351' title='bbox 822 2894 924 2949; x_wconf 89' lang='lat' dir='ltr'><strong>nisi</strong></span> <span class='ocrx_word' id='word_1_352' title='bbox 950 2893 1077 2947; x_wconf 89' lang='lat' dir='ltr'><strong>talia</strong></span> <span class='ocrx_word' id='word_1_353' title='bbox 1103 2893 1211 2947; x_wconf 88' lang='lat' dir='ltr'><strong>sint</strong></span> <span class='ocrx_word' id='word_1_354' title='bbox 1232 2900 1291 2947; x_wconf 88' lang='lat' dir='ltr'><strong>ut</strong></span> <span class='ocrx_word' id='word_1_355' title='bbox 1316 2893 1373 2948; x_wconf 89' lang='lat' dir='ltr'><strong>in</strong></span> <span class='ocrx_word' id='word_1_356' title='bbox 1408 2894 1810 2963; x_wconf 83' lang='lat' dir='ltr'><strong>comparatione</strong></span> <span class='ocrx_word' id='word_1_357' title='bbox 1843 2908 1975 2963; x_wconf 89' lang='lat' dir='ltr'><strong>apo-</strong></span> 
     </span>
    </p>
   </div>
   <div class='ocr_carea' id='block_1_46' title="bbox 406 2983 1999 3053">
    <p class='ocr_par' dir='ltr' id='par_1_46' title="bbox 406 2983 1999 3053">
     <span class='ocr_line' id='line_1_46' title="bbox 406 2983 1999 3053; baseline 0.001 -12"><span class='ocrx_word' id='word_1_358' title='bbox 406 2986 609 3042; x_wconf 73' lang='lat' dir='ltr'><strong>stoliczn</strong></span> <span class='ocrx_word' id='word_1_359' title='bbox 626 2984 928 3041; x_wconf 84' lang='lat' dir='ltr'><strong>severitatis</strong></span> <span class='ocrx_word' id='word_1_360' title='bbox 952 2983 1134 3039; x_wconf 86' lang='lat' dir='ltr'><strong>mollia</strong></span> <span class='ocrx_word' id='word_1_361' title='bbox 1161 2999 1224 3038; x_wconf 88' lang='lat' dir='ltr'><strong>ac</strong></span> <span class='ocrx_word' id='word_1_362' title='bbox 1248 2984 1471 3038; x_wconf 88' lang='lat' dir='ltr'><strong>remissa</strong></span> <span class='ocrx_word' id='word_1_363' title='bbox 1496 2983 1794 3040; x_wconf 87' lang='lat' dir='ltr'><strong>videantur.</strong></span> <span class='ocrx_word' id='word_1_364' title='bbox 1826 2985 1999 3053; x_wconf 85' lang='lat' dir='ltr'><strong>Apo-.</strong></span> 
     </span>
    </p>
   </div>
   <div class='ocr_carea' id='block_1_47' title="bbox 405 3063 1975 3146">
    <p class='ocr_par' dir='ltr' id='par_1_47' title="bbox 405 3063 1975 3146">
     <span class='ocr_line' id='line_1_47' title="bbox 405 3063 1975 3146; baseline 0 -15"><span class='ocrx_word' id='word_1_365' title='bbox 405 3075 574 3131; x_wconf 89' lang='lat' dir='ltr'><strong>stolus</strong></span> <span class='ocrx_word' id='word_1_366' title='bbox 595 3076 735 3134; x_wconf 84' lang='lat' dir='ltr'><strong>enim</strong></span> <span class='ocrx_word' id='word_1_367' title='bbox 764 3075 829 3129; x_wconf 91' lang='lat' dir='ltr'><strong>ad</strong></span> <span class='ocrx_word' id='word_1_368' title='bbox 856 3074 1124 3146; x_wconf 88' lang='lat' dir='ltr'><strong>planctum</strong></span> <span class='ocrx_word' id='word_1_369' title='bbox 1149 3074 1339 3130; x_wconf 88' lang='lat' dir='ltr'><strong>divites</strong></span> <span class='ocrx_word' id='word_1_370' title='bbox 1361 3063 1551 3141; x_wconf 78' lang='lat' dir='ltr'><strong>vocat,</strong></span> <span class='ocrx_word' id='word_1_371' title='bbox 1573 3090 1674 3131; x_wconf 87' lang='lat' dir='ltr'><strong>nos</strong></span> <span class='ocrx_word' id='word_1_372' title='bbox 1708 3075 1778 3128; x_wconf 89' lang='lat' dir='ltr'><strong>ad</strong></span> <span class='ocrx_word' id='word_1_373' title='bbox 1802 3090 1975 3131; x_wconf 80' lang='lat' dir='ltr'><strong>reme-</strong></span> 
     </span>
    </p>
   </div>
   <div class='ocr_carea' id='block_1_48' title="bbox 2067 1878 3641 1951">
    <p class='ocr_par' dir='ltr' id='par_1_48' title="bbox 2067 1878 3641 1951">
     <span class='ocr_line' id='line_1_48' title="bbox 2067 1878 3641 1951; baseline -0.013 -4"><span class='ocrx_word' id='word_1_374' title='bbox 2067 1894 2267 1948; x_wconf 91' lang='lat' dir='ltr'><strong>luctum</strong></span> <span class='ocrx_word' id='word_1_375' title='bbox 2294 1891 2517 1944; x_wconf 67' lang='lat' dir='ltr'><strong>turbata:</strong></span> <span class='ocrx_word' id='word_1_376' title='bbox 2556 1885 2749 1941; x_wconf 88' lang='lat' dir='ltr'><strong>mentis</strong></span> <span class='ocrx_word' id='word_1_377' title='bbox 2774 1883 3053 1951; x_wconf 75' lang='lat' dir='ltr'><strong>ixzcipiunt,</strong></span> <span class='ocrx_word' id='word_1_378' title='bbox 3097 1888 3152 1933; x_wconf 91' lang='lat' dir='ltr'><strong>et</strong></span> <span class='ocrx_word' id='word_1_379' title='bbox 3184 1879 3318 1933; x_wconf 88' lang='lat' dir='ltr'><strong>sicut</strong></span> <span class='ocrx_word' id='word_1_380' title='bbox 3338 1878 3406 1932; x_wconf 89' lang='lat' dir='ltr'><strong>ad</strong></span> <span class='ocrx_word' id='word_1_381' title='bbox 3425 1890 3641 1931; x_wconf 83' lang='lat' dir='ltr'><strong>sensum</strong></span> 
     </span>
    </p>
   </div>
   <div class='ocr_carea' id='block_1_49' title="bbox 2065 1964 3646 2046">
    <p class='ocr_par' dir='ltr' id='par_1_49' title="bbox 2065 1964 3646 2046">
     <span class='ocr_line' id='line_1_49' title="bbox 2065 1964 3646 2046; baseline -0.011 -8"><span class='ocrx_word' id='word_1_382' title='bbox 2065 1998 2218 2038; x_wconf 88' lang='lat' dir='ltr'><strong>suum</strong></span> <span class='ocrx_word' id='word_1_383' title='bbox 2231 1979 2654 2036; x_wconf 89' lang='lat' dir='ltr'><strong>insanihomines</strong></span> <span class='ocrx_word' id='word_1_384' title='bbox 2673 1984 2794 2046; x_wconf 90' lang='lat' dir='ltr'><strong>post</strong></span> <span class='ocrx_word' id='word_1_385' title='bbox 2809 1975 3060 2032; x_wconf 89' lang='lat' dir='ltr'><strong>furorem,</strong></span> <span class='ocrx_word' id='word_1_386' title='bbox 3082 1971 3157 2024; x_wconf 91' lang='lat' dir='ltr'><strong>sic</strong></span> <span class='ocrx_word' id='word_1_387' title='bbox 3178 1970 3261 2023; x_wconf 88' lang='lat' dir='ltr'><strong>isti</strong></span> <span class='ocrx_word' id='word_1_388' title='bbox 3280 1964 3504 2023; x_wconf 88' lang='lat' dir='ltr'><strong>redeunt</strong></span> <span class='ocrx_word' id='word_1_389' title='bbox 3523 1977 3646 2036; x_wconf 77' lang='lat' dir='ltr'><strong>post</strong></span> 
     </span>
    </p>
   </div>
   <div class='ocr_carea' id='block_1_50' title="bbox 2067 2059 3639 2136">
    <p class='ocr_par' dir='ltr' id='par_1_50' title="bbox 2067 2059 3639 2136">
     <span class='ocr_line' id='line_1_50' title="bbox 2067 2059 3639 2136; baseline -0.012 -8"><span class='ocrx_word' id='word_1_390' title='bbox 2067 2088 2337 2136; x_wconf 85' lang='lat' dir='ltr'><strong>errorem;</strong></span> <span class='ocrx_word' id='word_1_391' title='bbox 2369 2072 2420 2124; x_wconf 92' lang='lat' dir='ltr'><strong>in</strong></span> <span class='ocrx_word' id='word_1_392' title='bbox 2464 2084 2572 2122; x_wconf 88' lang='lat' dir='ltr'><strong>uno</strong></span> <span class='ocrx_word' id='word_1_393' title='bbox 2620 2064 2987 2120; x_wconf 83' lang='lat' dir='ltr'><strong>tantummodo</strong></span> <span class='ocrx_word' id='word_1_394' title='bbox 3034 2062 3196 2132; x_wconf 75' lang='lat'><strong>220</strong></span> <span class='ocrx_word' id='word_1_395' title='bbox 3223 2075 3252 2112; x_wconf 87' lang='lat' dir='ltr'><strong>a</strong></span> <span class='ocrx_word' id='word_1_396' title='bbox 3281 2074 3339 2113; x_wconf 88' lang='lat' dir='ltr'><strong>se</strong></span> <span class='ocrx_word' id='word_1_397' title='bbox 3377 2059 3639 2127; x_wconf 81' lang='lat' dir='ltr'><strong>dispares,</strong></span> 
     </span>
    </p>
   </div>
   <div class='ocr_carea' id='block_1_51' title="bbox 2067 2147 3642 2234">
    <p class='ocr_par' dir='ltr' id='par_1_51' title="bbox 2067 2147 3642 2234">
     <span class='ocr_line' id='line_1_51' title="bbox 2067 2147 3642 2234; baseline -0.013 -15"><span class='ocrx_word' id='word_1_398' title='bbox 2067 2164 2211 2234; x_wconf 89' lang='lat' dir='ltr'><strong>quod</strong></span> <span class='ocrx_word' id='word_1_399' title='bbox 2241 2163 2313 2217; x_wconf 93' lang='lat' dir='ltr'><strong>illi</strong></span> <span class='ocrx_word' id='word_1_400' title='bbox 2342 2159 2573 2229; x_wconf 86' lang='lat' dir='ltr'><strong>gaudent</strong></span> <span class='ocrx_word' id='word_1_401' title='bbox 2610 2163 2889 2228; x_wconf 84' lang='lat' dir='ltr'><strong>postquam</strong></span> <span class='ocrx_word' id='word_1_402' title='bbox 2936 2151 3206 2207; x_wconf 85' lang='lat' dir='ltr'><strong>evaserint</strong></span> <span class='ocrx_word' id='word_1_403' title='bbox 3250 2147 3642 2217; x_wconf 72' lang='lat' dir='ltr'><strong>regritudincm,</strong></span> 
     </span>
    </p>
   </div>
   <div class='ocr_carea' id='block_1_52' title="bbox 2068 2236 3645 2323">
    <p class='ocr_par' dir='ltr' id='par_1_52' title="bbox 2068 2236 3645 2323">
     <span class='ocr_line' id='line_1_52' title="bbox 2068 2236 3645 2323; baseline -0.013 -15"><span class='ocrx_word' id='word_1_404' title='bbox 2068 2255 2155 2317; x_wconf 82' lang='lat' dir='ltr'><strong>isti</strong></span> <span class='ocrx_word' id='word_1_405' title='bbox 2179 2254 2435 2323; x_wconf 84' lang='lat' dir='ltr'><strong>plangunt</strong></span> <span class='ocrx_word' id='word_1_406' title='bbox 2453 2257 2731 2319; x_wconf 88' lang='lat' dir='ltr'><strong>postquam</strong></span> <span class='ocrx_word' id='word_1_407' title='bbox 2758 2243 3061 2312; x_wconf 88' lang='lat' dir='ltr'><strong>acceperint</strong></span> <span class='ocrx_word' id='word_1_408' title='bbox 3082 2240 3384 2295; x_wconf 83' lang='lat' dir='ltr'><strong>sanitatem.</strong></span> <span class='ocrx_word' id='word_1_409' title='bbox 3408 2236 3517 2291; x_wconf 75' lang='lat' dir='ltr'><strong>Nec</strong></span> <span class='ocrx_word' id='word_1_410' title='bbox 3545 2236 3645 2289; x_wconf 89' lang='lat' dir='ltr'><strong>im-</strong></span> 
     </span>
    </p>
   </div>
   <div class='ocr_carea' id='block_1_53' title="bbox 2068 2325 3647 2404">
    <p class='ocr_par' dir='ltr' id='par_1_53' title="bbox 2068 2325 3647 2404">
     <span class='ocr_line' id='line_1_53' title="bbox 2068 2325 3647 2404; baseline -0.014 -4"><span class='ocrx_word' id='word_1_411' title='bbox 2068 2346 2281 2400; x_wconf 80' lang='lat' dir='ltr'><strong>merito.</strong></span> <span class='ocrx_word' id='word_1_412' title='bbox 2304 2342 2383 2395; x_wconf 93' lang='lat' dir='ltr'><strong>llli</strong></span> <span class='ocrx_word' id='word_1_413' title='bbox 2414 2340 2555 2395; x_wconf 89' lang='lat' dir='ltr'><strong>enim</strong></span> <span class='ocrx_word' id='word_1_414' title='bbox 2595 2345 2746 2391; x_wconf 89' lang='lat' dir='ltr'><strong>tanto</strong></span> <span class='ocrx_word' id='word_1_415' title='bbox 2776 2335 2892 2404; x_wconf 87' lang='lat' dir='ltr'><strong>plus</strong></span> <span class='ocrx_word' id='word_1_416' title='bbox 2920 2330 3270 2401; x_wconf 82' lang='lat' dir='ltr'><strong>gratulantur,</strong></span> <span class='ocrx_word' id='word_1_417' title='bbox 3301 2334 3503 2396; x_wconf 89' lang='lat' dir='ltr'><strong>quanto</strong></span> <span class='ocrx_word' id='word_1_418' title='bbox 3522 2325 3647 2393; x_wconf 89' lang='lat' dir='ltr'><strong>plus</strong></span> 
     </span>
    </p>
   </div>
   <div class='ocr_carea' id='block_1_54' title="bbox 2070 2418 3646 2498">
    <p class='ocr_par' dir='ltr' id='par_1_54' title="bbox 2070 2418 3646 2498">
     <span class='ocr_line' id='line_1_54' title="bbox 2070 2418 3646 2498; baseline -0.015 -7"><span class='ocrx_word' id='word_1_419' title='bbox 2070 2433 2449 2491; x_wconf 88' lang='lat' dir='ltr'><strong>incolumitatis</strong></span> <span class='ocrx_word' id='word_1_420' title='bbox 2504 2430 2748 2498; x_wconf 90' lang='lat' dir='ltr'><strong>indeptos</strong></span> <span class='ocrx_word' id='word_1_421' title='bbox 2793 2436 2911 2484; x_wconf 84' lang='lat' dir='ltr'><strong>esse</strong></span> <span class='ocrx_word' id='word_1_422' title='bbox 2955 2439 3015 2478; x_wconf 88' lang='lat' dir='ltr'><strong>se</strong></span> <span class='ocrx_word' id='word_1_423' title='bbox 3067 2421 3327 2482; x_wconf 83' lang='lat' dir='ltr'><strong>sentiunt;</strong></span> <span class='ocrx_word' id='word_1_424' title='bbox 3374 2418 3461 2471; x_wconf 88' lang='lat' dir='ltr'><strong>isti</strong></span> <span class='ocrx_word' id='word_1_425' title='bbox 3492 2425 3646 2470; x_wconf 88' lang='lat' dir='ltr'><strong>tanto</strong></span> 
     </span>
    </p>
   </div>
   <div class='ocr_carea' id='block_1_55' title="bbox 2069 2504 3644 2597">
    <p class='ocr_par' dir='ltr' id='par_1_55' title="bbox 2069 2504 3644 2597">
     <span class='ocr_line' id='line_1_55' title="bbox 2069 2504 3644 2597; baseline -0.016 -16"><span class='ocrx_word' id='word_1_426' title='bbox 2069 2526 2190 2597; x_wconf 88' lang='lat' dir='ltr'><strong>plus</strong></span> <span class='ocrx_word' id='word_1_427' title='bbox 2233 2521 2666 2581; x_wconf 87' lang='lat' dir='ltr'><strong>confunduntur,</strong></span> <span class='ocrx_word' id='word_1_428' title='bbox 2696 2522 2896 2586; x_wconf 88' lang='lat' dir='ltr'><strong>quanto</strong></span> <span class='ocrx_word' id='word_1_429' title='bbox 2934 2510 3229 2566; x_wconf 90' lang='lat' dir='ltr'><strong>evidentius</strong></span> <span class='ocrx_word' id='word_1_430' title='bbox 3268 2507 3512 2561; x_wconf 84' lang='lat' dir='ltr'><strong>morbum</strong></span> <span class='ocrx_word' id='word_1_431' title='bbox 3559 2504 3644 2557; x_wconf 88' lang='lat' dir='ltr'><strong>sui</strong></span> 
     </span>
    </p>
   </div>
   <div class='ocr_carea' id='block_1_56' title="bbox 2071 2595 3647 2679">
    <p class='ocr_par' dir='ltr' id='par_1_56' title="bbox 2071 2595 3647 2679">
     <span class='ocr_line' id='line_1_56' title="bbox 2071 2595 3647 2679; baseline -0.015 -8"><span class='ocrx_word' id='word_1_432' title='bbox 2071 2595 2270 2671; x_wconf 79' lang='lat' dir='ltr'><strong>erroris</strong></span> <span class='ocrx_word' id='word_1_433' title='bbox 2299 2616 2613 2679; x_wconf 79' lang='lat' dir='ltr'><strong>agnoscunt.</strong></span> <span class='ocrx_word' id='word_1_434' title='bbox 2647 2607 2763 2672; x_wconf 91' lang='lat' dir='ltr'><strong>Quo</strong></span> <span class='ocrx_word' id='word_1_435' title='bbox 2788 2604 2879 2656; x_wconf 81' lang='lat' dir='ltr'><strong>fiat</strong></span> <span class='ocrx_word' id='word_1_436' title='bbox 2919 2615 3137 2656; x_wconf 88' lang='lat' dir='ltr'><strong>necesse</strong></span> <span class='ocrx_word' id='word_1_437' title='bbox 3164 2608 3248 2653; x_wconf 84' lang='lat' dir='ltr'><strong>est</strong></span> <span class='ocrx_word' id='word_1_438' title='bbox 3275 2605 3333 2651; x_wconf 91' lang='lat' dir='ltr'><strong>ut</strong></span> <span class='ocrx_word' id='word_1_439' title='bbox 3360 2597 3434 2650; x_wconf 88' lang='lat' dir='ltr'><strong>illi</strong></span> <span class='ocrx_word' id='word_1_440' title='bbox 3461 2595 3647 2649; x_wconf 80' lang='lat' dir='ltr'><strong>exsqu</strong></span> 
     </span>
    </p>
   </div>
   <div class='ocr_carea' id='block_1_57' title="bbox 2074 2688 3646 2770">
    <p class='ocr_par' dir='ltr' id='par_1_57' title="bbox 2074 2688 3646 2770">
     <span class='ocr_line' id='line_1_57' title="bbox 2074 2688 3646 2770; baseline -0.016 -8"><span class='ocrx_word' id='word_1_441' title='bbox 2074 2715 2189 2762; x_wconf 89' lang='lat' dir='ltr'><strong>tent</strong></span> <span class='ocrx_word' id='word_1_442' title='bbox 2218 2713 2273 2759; x_wconf 90' lang='lat' dir='ltr'><strong>et</strong></span> <span class='ocrx_word' id='word_1_443' title='bbox 2302 2704 2386 2759; x_wconf 89' lang='lat' dir='ltr'><strong>isti</strong></span> <span class='ocrx_word' id='word_1_444' title='bbox 2410 2703 2625 2770; x_wconf 85' lang='lat' dir='ltr'><strong>lugeant</strong></span> <span class='ocrx_word' id='word_1_445' title='bbox 2657 2716 2669 2749; x_wconf 90' lang='lat'>:</span> <span class='ocrx_word' id='word_1_446' title='bbox 2701 2697 2824 2766; x_wconf 91' lang='lat' dir='ltr'><strong>quia</strong></span> <span class='ocrx_word' id='word_1_447' title='bbox 2855 2695 2929 2750; x_wconf 91' lang='lat' dir='ltr'><strong>illi</strong></span> <span class='ocrx_word' id='word_1_448' title='bbox 2970 2692 3112 2761; x_wconf 88' lang='lat' dir='ltr'><strong>quod</strong></span> <span class='ocrx_word' id='word_1_449' title='bbox 3156 2698 3499 2757; x_wconf 63' lang='lat' dir='ltr'><strong>aegrotarunt,</strong></span> <span class='ocrx_word' id='word_1_450' title='bbox 3542 2688 3646 2739; x_wconf 86' lang='lat' dir='ltr'><strong>im-</strong></span> 
     </span>
    </p>
   </div>
   <div class='ocr_carea' id='block_1_58' title="bbox 2073 2776 3644 2869">
    <p class='ocr_par' dir='ltr' id='par_1_58' title="bbox 2073 2776 3644 2869">
     <span class='ocr_line' id='line_1_58' title="bbox 2073 2776 3644 2869; baseline -0.014 -15"><span class='ocrx_word' id='word_1_451' title='bbox 2073 2806 2263 2869; x_wconf 87' lang='lat' dir='ltr'><strong>putant</strong></span> <span class='ocrx_word' id='word_1_452' title='bbox 2289 2776 2607 2858; x_wconf 86' lang='lat' dir='ltr'><strong>valetudini;</strong></span> <span class='ocrx_word' id='word_1_453' title='bbox 2639 2791 2746 2855; x_wconf 91' lang='lat' dir='ltr'><strong>isti,</strong></span> <span class='ocrx_word' id='word_1_454' title='bbox 2775 2786 2916 2858; x_wconf 88' lang='lat' dir='ltr'><strong>quod</strong></span> <span class='ocrx_word' id='word_1_455' title='bbox 2940 2792 3270 2844; x_wconf 87' lang='lat' dir='ltr'><strong>erraverunt,</strong></span> <span class='ocrx_word' id='word_1_456' title='bbox 3302 2781 3404 2835; x_wconf 89' lang='lat' dir='ltr'><strong>sibi</strong></span> <span class='ocrx_word' id='word_1_457' title='bbox 3435 2798 3447 2833; x_wconf 93' lang='lat'><strong>:</strong></span> <span class='ocrx_word' id='word_1_458' title='bbox 3473 2795 3538 2834; x_wconf 89' lang='lat' dir='ltr'><strong>ac</strong></span> <span class='ocrx_word' id='word_1_459' title='bbox 3566 2778 3644 2832; x_wconf 90' lang='lat' dir='ltr'><strong>illi</strong></span> 
     </span>
    </p>
   </div>
   <div class='ocr_carea' id='block_1_59' title="bbox 2073 2873 3400 2947">
    <p class='ocr_par' dir='ltr' id='par_1_59' title="bbox 2073 2873 3400 2947">
     <span class='ocr_line' id='line_1_59' title="bbox 2073 2873 3400 2947; baseline -0.018 0"><span class='ocrx_word' id='word_1_460' title='bbox 2073 2890 2181 2947; x_wconf 66' lang='lat' dir='ltr'><strong>laeti</strong></span> <span class='ocrx_word' id='word_1_461' title='bbox 2210 2896 2334 2944; x_wconf 91' lang='lat' dir='ltr'><strong>sunt</strong></span> <span class='ocrx_word' id='word_1_462' title='bbox 2362 2887 2429 2941; x_wconf 91' lang='lat' dir='ltr'><strong>de</strong></span> <span class='ocrx_word' id='word_1_463' title='bbox 2463 2881 2725 2944; x_wconf 86' lang='lat' dir='ltr'><strong>remedio,</strong></span> <span class='ocrx_word' id='word_1_464' title='bbox 2757 2888 2812 2933; x_wconf 92' lang='lat' dir='ltr'><strong>et</strong></span> <span class='ocrx_word' id='word_1_465' title='bbox 2840 2877 2922 2931; x_wconf 88' lang='lat' dir='ltr'><strong>isti</strong></span> <span class='ocrx_word' id='word_1_466' title='bbox 2957 2875 3100 2928; x_wconf 85' lang='lat' dir='ltr'><strong>anxii</strong></span> <span class='ocrx_word' id='word_1_467' title='bbox 3134 2873 3199 2927; x_wconf 84' lang='lat' dir='ltr'><strong>de</strong></span> <span class='ocrx_word' id='word_1_468' title='bbox 3230 2880 3400 2925; x_wconf 83' lang='lat' dir='ltr'><strong>reatu.</strong></span> 
     </span>
    </p>
   </div>
   <div class='ocr_carea' id='block_1_60' title="bbox 2143 2961 3647 3035">
    <p class='ocr_par' dir='ltr' id='par_1_60' title="bbox 2143 2961 3647 3035">
     <span class='ocr_line' id='line_1_60' title="bbox 2143 2961 3647 3035; baseline -0.015 0"><span class='ocrx_word' id='word_1_469' title='bbox 2143 2980 2235 3035; x_wconf 83' lang='lat' dir='ltr'><strong>IX.</strong></span> <span class='ocrx_word' id='word_1_470' title='bbox 2268 2978 2419 3034; x_wconf 89' lang='lat' dir='ltr'><strong>Unde</strong></span> <span class='ocrx_word' id='word_1_471' title='bbox 2445 2975 2709 3030; x_wconf 88' lang='lat' dir='ltr'><strong>admoneo</strong></span> <span class='ocrx_word' id='word_1_472' title='bbox 2734 2985 2857 3025; x_wconf 84' lang='lat' dir='ltr'><strong>cum</strong></span> <span class='ocrx_word' id='word_1_473' title='bbox 2883 2983 3090 3027; x_wconf 87' lang='lat' dir='ltr'><strong>omnes,</strong></span> <span class='ocrx_word' id='word_1_474' title='bbox 3122 2973 3231 3018; x_wconf 89' lang='lat' dir='ltr'><strong>tum</strong></span> <span class='ocrx_word' id='word_1_475' title='bbox 3262 2961 3526 3032; x_wconf 67' lang='lat' dir='ltr'><strong>praecipue</strong></span> <span class='ocrx_word' id='word_1_476' title='bbox 3547 2975 3647 3014; x_wconf 89' lang='lat' dir='ltr'><strong>eos</strong></span> 
     </span>
    </p>
   </div>
   <div class='ocr_carea' id='block_1_61' title="bbox 2075 3051 3648 3143">
    <p class='ocr_par' dir='ltr' id='par_1_61' title="bbox 2075 3051 3648 3143">
     <span class='ocr_line' id='line_1_61' title="bbox 2075 3051 3648 3143; baseline -0.017 -15"><span class='ocrx_word' id='word_1_477' title='bbox 2075 3087 2212 3143; x_wconf 89' lang='lat' dir='ltr'><strong>quos</strong></span> <span class='ocrx_word' id='word_1_478' title='bbox 2238 3069 2475 3138; x_wconf 85' lang='lat' dir='ltr'><strong>gravium</strong></span> <span class='ocrx_word' id='word_1_479' title='bbox 2496 3063 2808 3118; x_wconf 87' lang='lat' dir='ltr'><strong>delictorum</strong></span> <span class='ocrx_word' id='word_1_480' title='bbox 2831 3068 3004 3112; x_wconf 87' lang='lat' dir='ltr'><strong>terror</strong></span> <span class='ocrx_word' id='word_1_481' title='bbox 3023 3054 3274 3122; x_wconf 81' lang='lat' dir='ltr'><strong>exagitat,</strong></span> <span class='ocrx_word' id='word_1_482' title='bbox 3299 3060 3354 3105; x_wconf 92' lang='lat' dir='ltr'><strong>et</strong></span> <span class='ocrx_word' id='word_1_483' title='bbox 3375 3052 3424 3104; x_wconf 92' lang='lat' dir='ltr'><strong>in</strong></span> <span class='ocrx_word' id='word_1_484' title='bbox 3448 3051 3648 3125; x_wconf 76' lang='lat' dir='ltr'><strong>quibus</strong></span> 
     </span>
    </p>
   </div>
   <div class='ocr_carea' id='block_1_62' title="bbox 398 3139 3648 3235">
    <p class='ocr_par' dir='ltr' id='par_1_62' title="bbox 398 3139 3648 3235">
     <span class='ocr_line' id='line_1_62' title="bbox 398 3139 3648 3235; baseline -0.009 -14"><span class='ocrx_word' id='word_1_485' title='bbox 398 3165 571 3221; x_wconf 87' lang='lat' dir='ltr'><strong>dium.</strong></span> <span class='ocrx_word' id='word_1_486' title='bbox 594 3139 882 3235; x_wconf 75' lang='lat' dir='ltr'><strong>Apostolus</strong></span> <span class='ocrx_word' id='word_1_487' title='bbox 899 3162 1109 3218; x_wconf 90' lang='lat' dir='ltr'><strong>divitias</strong></span> <span class='ocrx_word' id='word_1_488' title='bbox 1127 3163 1300 3230; x_wconf 83' lang='lat' dir='ltr'><strong>ignem</strong></span> <span class='ocrx_word' id='word_1_489' title='bbox 1318 3139 1577 3228; x_wconf 81' lang='lat' dir='ltr'><strong>nominat,</strong></span> <span class='ocrx_word' id='word_1_490' title='bbox 1596 3178 1695 3218; x_wconf 92' lang='lat' dir='ltr'><strong>nos</strong></span> <span class='ocrx_word' id='word_1_491' title='bbox 1714 3162 1888 3220; x_wconf 87' lang='lat' dir='ltr'><strong>facere</strong></span> <span class='ocrx_word' id='word_1_492' title='bbox 1907 3179 1974 3221; x_wconf 89' lang='lat' dir='ltr'><strong>ex</strong></span> <span class='ocrx_word' id='word_1_493' title='bbox 2000 3155 2049 3220; x_wconf 66' lang='grc' dir='ltr'><strong>(ἃ</strong></span> <span class='ocrx_word' id='word_1_494' title='bbox 2078 3139 2339 3217; x_wconf 76' lang='lat' dir='ltr'><strong>infelicior</strong></span> <span class='ocrx_word' id='word_1_495' title='bbox 2362 3153 2688 3213; x_wconf 86' lang='lat' dir='ltr'><strong>conscientia</strong></span> <span class='ocrx_word' id='word_1_496' title='bbox 2709 3157 3046 3221; x_wconf 87' lang='lat' dir='ltr'><strong>peccatorum</strong></span> <span class='ocrx_word' id='word_1_497' title='bbox 3075 3143 3361 3214; x_wconf 82' lang='lat' dir='ltr'><strong>pocnalium</strong></span> <span class='ocrx_word' id='word_1_498' title='bbox 3389 3139 3648 3194; x_wconf 87' lang='lat' dir='ltr'><strong>recorda-</strong></span> 
     </span>
    </p>
   </div>
   <div class='ocr_carea' id='block_1_63' title="bbox 404 3254 1975 3325">
    <p class='ocr_par' dir='ltr' id='par_1_63' title="bbox 404 3254 1975 3325">
     <span class='ocr_line' id='line_1_63' title="bbox 404 3254 1975 3325; baseline -0.001 -14"><span class='ocrx_word' id='word_1_499' title='bbox 404 3255 602 3311; x_wconf 89' lang='lat' dir='ltr'><strong>divitiis</strong></span> <span class='ocrx_word' id='word_1_500' title='bbox 621 3270 787 3324; x_wconf 88' lang='lat' dir='ltr'><strong>aquas</strong></span> <span class='ocrx_word' id='word_1_501' title='bbox 804 3256 1045 3325; x_wconf 90' lang='lat' dir='ltr'><strong>cupimus</strong></span> <span class='ocrx_word' id='word_1_502' title='bbox 1063 3255 1235 3322; x_wconf 90' lang='lat' dir='ltr'><strong>ignem</strong></span> <span class='ocrx_word' id='word_1_503' title='bbox 1255 3254 1668 3322; x_wconf 84' lang='lat' dir='ltr'><strong>exstinguentes,</strong></span> <span class='ocrx_word' id='word_1_504' title='bbox 1686 3255 1975 3310; x_wconf 90' lang='lat' dir='ltr'><strong>secundum</strong></span> 
     </span>
    </p>
   </div>
   <div class='ocr_carea' id='block_1_64' title="bbox 406 3345 1976 3417">
    <p class='ocr_par' dir='ltr' id='par_1_64' title="bbox 406 3345 1976 3417">
     <span class='ocr_line' id='line_1_64' title="bbox 406 3345 1976 3417; baseline 0.001 -16"><span class='ocrx_word' id='word_1_505' title='bbox 406 3346 533 3401; x_wconf 87' lang='lat' dir='ltr'><strong>illud</strong></span> <span class='ocrx_word' id='word_1_506' title='bbox 566 3363 581 3399; x_wconf 87' lang='lat'><strong>:</strong></span> <span class='ocrx_word' id='word_1_507' title='bbox 627 3345 774 3400; x_wconf 81' lang='lat' dir='ltr'><strong>Sicut</strong></span> <span class='ocrx_word' id='word_1_508' title='bbox 817 3362 951 3417; x_wconf 82' lang='lat' dir='ltr'><strong>aqua</strong></span> <span class='ocrx_word' id='word_1_509' title='bbox 995 3345 1273 3415; x_wconf 68' lang='lat' dir='ltr'><strong>exstinguit</strong></span> <span class='ocrx_word' id='word_1_510' title='bbox 1316 3345 1502 3416; x_wconf 80' lang='lat' dir='ltr'><strong>ignem,</strong></span> <span class='ocrx_word' id='word_1_511' title='bbox 1534 3346 1609 3398; x_wconf 74' lang='lat' dir='ltr'><strong>sic</strong></span> <span class='ocrx_word' id='word_1_512' title='bbox 1654 3345 1976 3416; x_wconf 73' lang='lat' dir='ltr'><strong>elemosyna</strong></span> 
     </span>
    </p>
   </div>
   <div class='ocr_carea' id='block_1_65' title="bbox 403 3434 1976 3508">
    <p class='ocr_par' dir='ltr' id='par_1_65' title="bbox 403 3434 1976 3508">
     <span class='ocr_line' id='line_1_65' title="bbox 403 3434 1976 3508; baseline -0.001 -17"><span class='ocrx_word' id='word_1_513' title='bbox 403 3438 681 3508; x_wconf 66' lang='lat' dir='ltr'><strong>exstinguit</strong></span> <span class='ocrx_word' id='word_1_514' title='bbox 706 3446 969 3507; x_wconf 74' lang='lat' dir='ltr'><strong>peccatum</strong></span> <span class='ocrx_word' id='word_1_515' title='bbox 998 3435 1185 3507; x_wconf 69' lang='grc' dir='ltr'><strong>(Επεὶ.</strong></span> <span class='ocrx_word' id='word_1_516' title='bbox 1211 3451 1284 3500; x_wconf 88' lang='lat' dir='ltr'><strong>m,</strong></span> <span class='ocrx_word' id='word_1_517' title='bbox 1318 3435 1428 3504; x_wconf 79' lang='grc'><strong>55).</strong></span> <span class='ocrx_word' id='word_1_518' title='bbox 1453 3434 1739 3505; x_wconf 81' lang='lat' dir='ltr'><strong>Apostolus</strong></span> <span class='ocrx_word' id='word_1_519' title='bbox 1769 3437 1822 3490; x_wconf 92' lang='lat' dir='ltr'><strong>in</strong></span> <span class='ocrx_word' id='word_1_520' title='bbox 1842 3436 1976 3491; x_wconf 90' lang='lat' dir='ltr'><strong>divi-</strong></span> 
     </span>
    </p>
   </div>
   <div class='ocr_carea' id='block_1_66' title="bbox 403 3525 1972 3593">
    <p class='ocr_par' dir='ltr' id='par_1_66' title="bbox 403 3525 1972 3593">
     <span class='ocr_line' id='line_1_66' title="bbox 403 3525 1972 3593; baseline 0.001 -12"><span class='ocrx_word' id='word_1_521' title='bbox 403 3527 493 3582; x_wconf 90' lang='lat' dir='ltr'><strong>tiis</strong></span> <span class='ocrx_word' id='word_1_522' title='bbox 538 3527 677 3582; x_wconf 90' lang='lat' dir='ltr'><strong>male</strong></span> <span class='ocrx_word' id='word_1_523' title='bbox 723 3526 1053 3582; x_wconf 85' lang='lat' dir='ltr'><strong>conservatis</strong></span> <span class='ocrx_word' id='word_1_524' title='bbox 1095 3525 1493 3581; x_wconf 87' lang='lat' dir='ltr'><strong>damnationem</strong></span> <span class='ocrx_word' id='word_1_525' title='bbox 1538 3541 1656 3583; x_wconf 86' lang='lat' dir='ltr'><strong>esse</strong></span> <span class='ocrx_word' id='word_1_526' title='bbox 1700 3533 1972 3593; x_wconf 82' lang='lat' dir='ltr'><strong>testatur;</strong></span> 
     </span>
    </p>
   </div>
   <div class='ocr_carea' id='block_1_67' title="bbox 403 3616 1976 3688">
    <p class='ocr_par' dir='ltr' id='par_1_67' title="bbox 403 3616 1976 3688">
     <span class='ocr_line' id='line_1_67' title="bbox 403 3616 1976 3688; baseline -0.012 1"><span class='ocrx_word' id='word_1_527' title='bbox 403 3618 566 3688; x_wconf 66' lang='lat'><strong>219</strong></span> <span class='ocrx_word' id='word_1_528' title='bbox 583 3630 683 3686; x_wconf 72' lang='lat'><strong>080</strong></span> <span class='ocrx_word' id='word_1_529' title='bbox 711 3632 780 3675; x_wconf 68' lang='grc' dir='ltr'><strong>ει</strong></span> <span class='ocrx_word' id='word_1_530' title='bbox 805 3617 890 3673; x_wconf 75' lang='lat' dir='ltr'><strong>his</strong></span> <span class='ocrx_word' id='word_1_531' title='bbox 907 3631 1028 3687; x_wconf 64' lang='lat' dir='ltr'><strong>Quae</strong></span> <span class='ocrx_word' id='word_1_532' title='bbox 1048 3616 1179 3672; x_wconf 87' lang='lat' dir='ltr'><strong>dicit</strong></span> <span class='ocrx_word' id='word_1_533' title='bbox 1215 3616 1303 3671; x_wconf 89' lang='lat' dir='ltr'><strong>ille</strong></span> <span class='ocrx_word' id='word_1_534' title='bbox 1328 3624 1557 3672; x_wconf 90' lang='lat' dir='ltr'><strong>mortem</strong></span> <span class='ocrx_word' id='word_1_535' title='bbox 1583 3627 1833 3672; x_wconf 64' lang='lat' dir='ltr'><strong>aeternam</strong></span> <span class='ocrx_word' id='word_1_536' title='bbox 1860 3633 1976 3673; x_wconf 89' lang='lat' dir='ltr'><strong>om-</strong></span> 
     </span>
    </p>
   </div>
   <div class='ocr_carea' id='block_1_68' title="bbox 403 3705 1974 3776">
    <p class='ocr_par' dir='ltr' id='par_1_68' title="bbox 403 3705 1974 3776">
     <span class='ocr_line' id='line_1_68' title="bbox 403 3705 1974 3776; baseline -0.001 -13"><span class='ocrx_word' id='word_1_537' title='bbox 403 3708 559 3763; x_wconf 89' lang='lat' dir='ltr'><strong>nibus</strong></span> <span class='ocrx_word' id='word_1_538' title='bbox 586 3706 777 3770; x_wconf 86' lang='lat' dir='ltr'><strong>l‘acere,</strong></span> <span class='ocrx_word' id='word_1_539' title='bbox 807 3707 971 3762; x_wconf 82' lang='lat' dir='ltr'><strong>vitam</strong></span> <span class='ocrx_word' id='word_1_540' title='bbox 994 3715 1124 3776; x_wconf 89' lang='lat' dir='ltr'><strong>opto</strong></span> <span class='ocrx_word' id='word_1_541' title='bbox 1151 3714 1458 3775; x_wconf 89' lang='lat' dir='ltr'><strong>perpetuam</strong></span> <span class='ocrx_word' id='word_1_542' title='bbox 1498 3720 1827 3775; x_wconf 86' lang='lat' dir='ltr'><strong>comparare.</strong></span> <span class='ocrx_word' id='word_1_543' title='bbox 1859 3705 1974 3761; x_wconf 84' lang='lat' dir='ltr'><strong>Non</strong></span> 
     </span>
    </p>
   </div>
   <div class='ocr_carea' id='block_1_69' title="bbox 403 3793 1974 3865">
    <p class='ocr_par' dir='ltr' id='par_1_69' title="bbox 403 3793 1974 3865">
     <span class='ocr_line' id='line_1_69' title="bbox 403 3793 1974 3865; baseline -0.002 -14"><span class='ocrx_word' id='word_1_544' title='bbox 403 3796 616 3864; x_wconf 84' lang='lat' dir='ltr'><strong>quidem</strong></span> <span class='ocrx_word' id='word_1_545' title='bbox 643 3796 787 3865; x_wconf 88' lang='lat' dir='ltr'><strong>quod</strong></span> <span class='ocrx_word' id='word_1_546' title='bbox 811 3796 903 3850; x_wconf 89' lang='lat' dir='ltr'><strong>ulli</strong></span> <span class='ocrx_word' id='word_1_547' title='bbox 932 3796 1072 3857; x_wconf 84' lang='lat' dir='ltr'><strong>vitiis</strong></span> <span class='ocrx_word' id='word_1_548' title='bbox 1093 3794 1394 3855; x_wconf 87' lang='lat' dir='ltr'><strong>carnalibus</strong></span> <span class='ocrx_word' id='word_1_549' title='bbox 1413 3794 1708 3864; x_wconf 86' lang='lat' dir='ltr'><strong>implicato,</strong></span> <span class='ocrx_word' id='word_1_550' title='bbox 1732 3793 1974 3850; x_wconf 79' lang='lat' dir='ltr'><strong>sufﬁcere</strong></span> 
     </span>
    </p>
   </div>
   <div class='ocr_carea' id='block_1_70' title="bbox 403 3885 1974 3956">
    <p class='ocr_par' dir='ltr' id='par_1_70' title="bbox 403 3885 1974 3956">
     <span class='ocr_line' id='line_1_70' title="bbox 403 3885 1974 3956; baseline 0.002 -16"><span class='ocrx_word' id='word_1_551' title='bbox 403 3887 469 3941; x_wconf 89' lang='lat' dir='ltr'><strong>ad</strong></span> <span class='ocrx_word' id='word_1_552' title='bbox 492 3887 650 3940; x_wconf 88' lang='lat' dir='ltr'><strong>vitam</strong></span> <span class='ocrx_word' id='word_1_553' title='bbox 680 3895 935 3941; x_wconf 62' lang='lat' dir='ltr'><strong>atternam</strong></span> <span class='ocrx_word' id='word_1_554' title='bbox 955 3894 1138 3955; x_wconf 84' lang='lat' dir='ltr'><strong>putem</strong></span> <span class='ocrx_word' id='word_1_555' title='bbox 1158 3885 1223 3949; x_wconf 90' lang='lat' dir='ltr'><strong>si,</strong></span> <span class='ocrx_word' id='word_1_556' title='bbox 1248 3901 1369 3942; x_wconf 91' lang='lat' dir='ltr'><strong>cum</strong></span> <span class='ocrx_word' id='word_1_557' title='bbox 1392 3900 1558 3956; x_wconf 87' lang='lat' dir='ltr'><strong>usque</strong></span> <span class='ocrx_word' id='word_1_558' title='bbox 1581 3886 1649 3941; x_wconf 90' lang='lat' dir='ltr'><strong>ad</strong></span> <span class='ocrx_word' id='word_1_559' title='bbox 1672 3894 1897 3940; x_wconf 88' lang='lat' dir='ltr'><strong>mortem</strong></span> <span class='ocrx_word' id='word_1_560' title='bbox 1919 3887 1974 3943; x_wconf 86' lang='lat' dir='ltr'><strong>in</strong></span> 
     </span>
    </p>
   </div>
   <div class='ocr_carea' id='block_1_71' title="bbox 404 3975 1970 4046">
    <p class='ocr_par' dir='ltr' id='par_1_71' title="bbox 404 3975 1970 4046">
     <span class='ocr_line' id='line_1_71' title="bbox 404 3975 1970 4046; baseline 0 -17"><span class='ocrx_word' id='word_1_561' title='bbox 404 3976 614 4045; x_wconf 78' lang='lat' dir='ltr'><strong>ﬂagitiis</strong></span> <span class='ocrx_word' id='word_1_562' title='bbox 641 3977 1001 4041; x_wconf 85' lang='lat' dir='ltr'><strong>consenuerit,</strong></span> <span class='ocrx_word' id='word_1_563' title='bbox 1031 3976 1084 4030; x_wconf 92' lang='lat' dir='ltr'><strong>in</strong></span> <span class='ocrx_word' id='word_1_564' title='bbox 1122 3975 1273 4031; x_wconf 92' lang='lat' dir='ltr'><strong>obitu</strong></span> <span class='ocrx_word' id='word_1_565' title='bbox 1299 3976 1437 4031; x_wconf 84' lang='lat' dir='ltr'><strong>bene</strong></span> <span class='ocrx_word' id='word_1_566' title='bbox 1473 3984 1664 4032; x_wconf 85' lang='lat' dir='ltr'><strong>cuncta</strong></span> <span class='ocrx_word' id='word_1_567' title='bbox 1682 3976 1970 4046; x_wconf 87' lang='lat' dir='ltr'><strong>dispenset,</strong></span> 
     </span>
    </p>
   </div>
   <div class='ocr_carea' id='block_1_72' title="bbox 404 4065 1974 4134">
    <p class='ocr_par' dir='ltr' id='par_1_72' title="bbox 404 4065 1974 4134">
     <span class='ocr_line' id='line_1_72' title="bbox 404 4065 1974 4134; baseline 0.001 -14"><span class='ocrx_word' id='word_1_568' title='bbox 404 4066 503 4122; x_wconf 90' lang='lat' dir='ltr'><strong>nisi</strong></span> <span class='ocrx_word' id='word_1_569' title='bbox 526 4073 680 4120; x_wconf 85' lang='lat' dir='ltr'><strong>antea</strong></span> <span class='ocrx_word' id='word_1_570' title='bbox 703 4073 758 4121; x_wconf 85' lang='lat' dir='ltr'><strong>et</strong></span> <span class='ocrx_word' id='word_1_571' title='bbox 783 4065 1018 4134; x_wconf 84' lang='lat' dir='ltr'><strong>peccatis</strong></span> <span class='ocrx_word' id='word_1_572' title='bbox 1037 4066 1439 4128; x_wconf 88' lang='lat' dir='ltr'><strong>renuntiaverit,</strong></span> <span class='ocrx_word' id='word_1_573' title='bbox 1461 4073 1517 4121; x_wconf 92' lang='lat' dir='ltr'><strong>et</strong></span> <span class='ocrx_word' id='word_1_574' title='bbox 1535 4066 1802 4121; x_wconf 89' lang='lat' dir='ltr'><strong>sordidam</strong></span> <span class='ocrx_word' id='word_1_575' title='bbox 1832 4067 1974 4121; x_wconf 90' lang='lat' dir='ltr'><strong>illam</strong></span> 
     </span>
    </p>
   </div>
   <div class='ocr_carea' id='block_1_73' title="bbox 403 4154 1974 4225">
    <p class='ocr_par' dir='ltr' id='par_1_73' title="bbox 403 4154 1974 4225">
     <span class='ocr_line' id='line_1_73' title="bbox 403 4154 1974 4225; baseline 0.001 -18"><span class='ocrx_word' id='word_1_576' title='bbox 403 4154 683 4211; x_wconf 76' lang='lat' dir='ltr'><strong>criminum</strong></span> <span class='ocrx_word' id='word_1_577' title='bbox 698 4156 932 4211; x_wconf 91' lang='lat' dir='ltr'><strong>tunicam</strong></span> <span class='ocrx_word' id='word_1_578' title='bbox 948 4155 1366 4225; x_wconf 82' lang='lat' dir='ltr'><strong>lutulentamque</strong></span> <span class='ocrx_word' id='word_1_579' title='bbox 1381 4155 1684 4225; x_wconf 88' lang='lat' dir='ltr'><strong>projeccrit,</strong></span> <span class='ocrx_word' id='word_1_580' title='bbox 1706 4163 1761 4211; x_wconf 90' lang='lat' dir='ltr'><strong>et</strong></span> <span class='ocrx_word' id='word_1_581' title='bbox 1783 4171 1974 4210; x_wconf 86' lang='lat' dir='ltr'><strong>novam</strong></span> 
     </span>
    </p>
   </div>
   <div class='ocr_carea' id='block_1_74' title="bbox 403 4243 1978 4314">
    <p class='ocr_par' dir='ltr' id='par_1_74' title="bbox 403 4243 1978 4314">
     <span class='ocr_line' id='line_1_74' title="bbox 403 4243 1978 4314; baseline -0.001 -13"><span class='ocrx_word' id='word_1_582' title='bbox 403 4246 428 4282; x_wconf 67' lang='grc' dir='ltr'>ι’</span> <span class='ocrx_word' id='word_1_583' title='bbox 458 4246 822 4303; x_wconf 84' lang='lat' dir='ltr'><strong>conversionis</strong></span> <span class='ocrx_word' id='word_1_584' title='bbox 849 4259 913 4301; x_wconf 88' lang='lat' dir='ltr'><strong>ac</strong></span> <span class='ocrx_word' id='word_1_585' title='bbox 938 4243 1301 4301; x_wconf 61' lang='lat' dir='ltr'><strong>sanctimoniae</strong></span> <span class='ocrx_word' id='word_1_586' title='bbox 1328 4252 1530 4301; x_wconf 86' lang='lat' dir='ltr'><strong>vestem</strong></span> <span class='ocrx_word' id='word_1_587' title='bbox 1555 4245 1622 4299; x_wconf 89' lang='lat' dir='ltr'><strong>de</strong></span> <span class='ocrx_word' id='word_1_588' title='bbox 1645 4261 1805 4299; x_wconf 90' lang='lat' dir='ltr'><strong>manu</strong></span> <span class='ocrx_word' id='word_1_589' title='bbox 1835 4245 1978 4314; x_wconf 50' lang='lat' dir='ltr'><strong>Apo:</strong></span> 
     </span>
    </p>
   </div>
   <div class='ocr_carea' id='block_1_75' title="bbox 402 4337 1978 4408">
    <p class='ocr_par' dir='ltr' id='par_1_75' title="bbox 402 4337 1978 4408">
     <span class='ocr_line' id='line_1_75' title="bbox 402 4337 1978 4408; baseline -0.001 -14"><span class='ocrx_word' id='word_1_590' title='bbox 402 4340 521 4394; x_wconf 62' lang='grc' dir='ltr'><strong>(κιοιὶ</strong></span> <span class='ocrx_word' id='word_1_591' title='bbox 552 4338 886 4408; x_wconf 67' lang='grc' dir='ltr'><strong>ριωῶεειηιίε</strong></span> <span class='ocrx_word' id='word_1_592' title='bbox 911 4338 1195 4408; x_wconf 88' lang='lat' dir='ltr'><strong>acceperit.</strong></span> <span class='ocrx_word' id='word_1_593' title='bbox 1225 4348 1247 4375; x_wconf 72' lang='grc' dir='ltr'>ε</span> <span class='ocrx_word' id='word_1_594' title='bbox 1278 4337 1487 4407; x_wconf 81' lang='lat' dir='ltr'><strong>Alioqui</strong></span> <span class='ocrx_word' id='word_1_595' title='bbox 1516 4354 1740 4407; x_wconf 89' lang='lat' dir='ltr'><strong>peccare</strong></span> <span class='ocrx_word' id='word_1_596' title='bbox 1759 4354 1864 4392; x_wconf 91' lang='lat' dir='ltr'><strong>non</strong></span> <span class='ocrx_word' id='word_1_597' title='bbox 1884 4338 1978 4392; x_wconf 90' lang='lat' dir='ltr'><strong>de-</strong></span> 
     </span>
    </p>
   </div>
   <div class='ocr_carea' id='block_1_76' title="bbox 402 4428 1977 4498">
    <p class='ocr_par' dir='ltr' id='par_1_76' title="bbox 402 4428 1977 4498">
     <span class='ocr_line' id='line_1_76' title="bbox 402 4428 1977 4498; baseline -0.001 -14"><span class='ocrx_word' id='word_1_598' title='bbox 402 4431 528 4485; x_wconf 90' lang='lat' dir='ltr'><strong>sinit</strong></span> <span class='ocrx_word' id='word_1_599' title='bbox 563 4444 723 4498; x_wconf 90' lang='lat' dir='ltr'><strong>quem</strong></span> <span class='ocrx_word' id='word_1_600' title='bbox 754 4430 806 4483; x_wconf 91' lang='lat' dir='ltr'><strong>in</strong></span> <span class='ocrx_word' id='word_1_601' title='bbox 836 4429 1094 4485; x_wconf 86' lang='lat' dir='ltr'><strong>extremis</strong></span> <span class='ocrx_word' id='word_1_602' title='bbox 1132 4428 1291 4482; x_wconf 89' lang='lat' dir='ltr'><strong>silum</strong></span> <span class='ocrx_word' id='word_1_603' title='bbox 1320 4429 1573 4482; x_wconf 87' lang='lat' dir='ltr'><strong>recedere</strong></span> <span class='ocrx_word' id='word_1_604' title='bbox 1610 4445 1643 4484; x_wconf 83' lang='lat' dir='ltr'><strong>a</strong></span> <span class='ocrx_word' id='word_1_605' title='bbox 1669 4430 1977 4484; x_wconf 84' lang='lat' dir='ltr'><strong>criminibus</strong></span> 
     </span>
    </p>
   </div>
   <div class='ocr_carea' id='block_1_77' title="bbox 2077 3235 3648 3319">
    <p class='ocr_par' dir='ltr' id='par_1_77' title="bbox 2077 3235 3648 3319">
     <span class='ocr_line' id='line_1_77' title="bbox 2077 3235 3648 3319; baseline -0.016 -11"><span class='ocrx_word' id='word_1_606' title='bbox 2077 3254 2224 3309; x_wconf 91' lang='lat' dir='ltr'><strong>tione</strong></span> <span class='ocrx_word' id='word_1_607' title='bbox 2251 3251 2499 3319; x_wconf 87' lang='lat' dir='ltr'><strong>suspirat,</strong></span> <span class='ocrx_word' id='word_1_608' title='bbox 2530 3246 2756 3316; x_wconf 87' lang='lat' dir='ltr'><strong>primum</strong></span> <span class='ocrx_word' id='word_1_609' title='bbox 2787 3250 2843 3294; x_wconf 86' lang='lat' dir='ltr'><strong>ut</strong></span> <span class='ocrx_word' id='word_1_610' title='bbox 2882 3240 3003 3293; x_wconf 88' lang='lat' dir='ltr'><strong>licet</strong></span> <span class='ocrx_word' id='word_1_611' title='bbox 3041 3236 3170 3305; x_wconf 89' lang='lat' dir='ltr'><strong>lapsi</strong></span> <span class='ocrx_word' id='word_1_612' title='bbox 3198 3235 3330 3307; x_wconf 77' lang='lat' dir='ltr'><strong>sint,</strong></span> <span class='ocrx_word' id='word_1_613' title='bbox 3364 3248 3469 3285; x_wconf 90' lang='lat' dir='ltr'><strong>non</strong></span> <span class='ocrx_word' id='word_1_614' title='bbox 3492 3246 3648 3285; x_wconf 89' lang='lat' dir='ltr'><strong>com-</strong></span> 
     </span>
    </p>
   </div>
   <div class='ocr_carea' id='block_1_78' title="bbox 2075 3321 3650 3406">
    <p class='ocr_par' dir='ltr' id='par_1_78' title="bbox 2075 3321 3650 3406">
     <span class='ocr_line' id='line_1_78' title="bbox 2075 3321 3650 3406; baseline -0.017 -7"><span class='ocrx_word' id='word_1_615' title='bbox 2075 3350 2351 3399; x_wconf 89' lang='lat' dir='ltr'><strong>morentur</strong></span> <span class='ocrx_word' id='word_1_616' title='bbox 2369 3339 2421 3393; x_wconf 91' lang='lat' dir='ltr'><strong>in</strong></span> <span class='ocrx_word' id='word_1_617' title='bbox 2451 3338 2620 3406; x_wconf 90' lang='lat' dir='ltr'><strong>lapsu,</strong></span> <span class='ocrx_word' id='word_1_618' title='bbox 2654 3348 2752 3387; x_wconf 89' lang='lat' dir='ltr'><strong>nec</strong></span> <span class='ocrx_word' id='word_1_619' title='bbox 2790 3333 2842 3385; x_wconf 92' lang='lat' dir='ltr'><strong>in</strong></span> <span class='ocrx_word' id='word_1_620' title='bbox 2872 3326 3163 3382; x_wconf 81' lang='lat' dir='ltr'><strong>volntabris</strong></span> <span class='ocrx_word' id='word_1_621' title='bbox 3184 3324 3291 3378; x_wconf 89' lang='lat' dir='ltr'><strong>suis</strong></span> <span class='ocrx_word' id='word_1_622' title='bbox 3312 3321 3650 3377; x_wconf 90' lang='lat' dir='ltr'><strong>sordentium</strong></span> 
     </span>
    </p>
   </div>
   <div class='ocr_carea' id='block_1_79' title="bbox 2074 3414 3652 3490">
    <p class='ocr_par' dir='ltr' id='par_1_79' title="bbox 2074 3414 3652 3490">
     <span class='ocr_line' id='line_1_79' title="bbox 2074 3414 3652 3490; baseline -0.015 0"><span class='ocrx_word' id='word_1_623' title='bbox 2074 3448 2231 3489; x_wconf 91' lang='lat' dir='ltr'><strong>suum</strong></span> <span class='ocrx_word' id='word_1_624' title='bbox 2257 3444 2407 3486; x_wconf 89' lang='lat' dir='ltr'><strong>more</strong></span> <span class='ocrx_word' id='word_1_625' title='bbox 2434 3431 2739 3487; x_wconf 84' lang='lat' dir='ltr'><strong>versentur;</strong></span> <span class='ocrx_word' id='word_1_626' title='bbox 2763 3421 2850 3490; x_wconf 91' lang='lat' dir='ltr'><strong>qui</strong></span> <span class='ocrx_word' id='word_1_627' title='bbox 2878 3435 2996 3475; x_wconf 90' lang='lat' dir='ltr'><strong>cum</strong></span> <span class='ocrx_word' id='word_1_628' title='bbox 3016 3423 3300 3472; x_wconf 72' lang='lat' dir='ltr'><strong>aestuantes</strong></span> <span class='ocrx_word' id='word_1_629' title='bbox 3322 3414 3470 3467; x_wconf 83' lang='lat' dir='ltr'><strong>alvos</strong></span> <span class='ocrx_word' id='word_1_630' title='bbox 3490 3427 3652 3467; x_wconf 73' lang='lat' dir='ltr'><strong>emno</strong></span> 
     </span>
    </p>
   </div>
   <div class='ocr_carea' id='block_1_80' title="bbox 2074 3502 3647 3584">
    <p class='ocr_par' dir='ltr' id='par_1_80' title="bbox 2074 3502 3647 3584">
     <span class='ocr_line' id='line_1_80' title="bbox 2074 3502 3647 3584; baseline -0.016 -4"><span class='ocrx_word' id='word_1_631' title='bbox 2074 3521 2462 3582; x_wconf 88' lang='lat' dir='ltr'><strong>immerserint,</strong></span> <span class='ocrx_word' id='word_1_632' title='bbox 2494 3526 2826 3584; x_wconf 88' lang='lat' dir='ltr'><strong>nequaquam</strong></span> <span class='ocrx_word' id='word_1_633' title='bbox 2855 3507 3080 3564; x_wconf 86' lang='lat' dir='ltr'><strong>sordidis</strong></span> <span class='ocrx_word' id='word_1_634' title='bbox 3102 3504 3462 3574; x_wconf 85' lang='lat' dir='ltr'><strong>voluptatibus</strong></span> <span class='ocrx_word' id='word_1_635' title='bbox 3490 3502 3647 3556; x_wconf 82' lang='lat' dir='ltr'><strong>satis-</strong></span> 
     </span>
    </p>
   </div>
   <div class='ocr_carea' id='block_1_81' title="bbox 2075 3594 3649 3677">
    <p class='ocr_par' dir='ltr' id='par_1_81' title="bbox 2075 3594 3649 3677">
     <span class='ocr_line' id='line_1_81' title="bbox 2075 3594 3649 3677; baseline -0.015 -8"><span class='ocrx_word' id='word_1_636' title='bbox 2075 3615 2276 3671; x_wconf 85' lang='lat' dir='ltr'><strong>faciunt</strong></span> <span class='ocrx_word' id='word_1_637' title='bbox 2295 3611 2397 3665; x_wconf 88' lang='lat' dir='ltr'><strong>nisi</strong></span> <span class='ocrx_word' id='word_1_638' title='bbox 2415 3618 2524 3663; x_wconf 88' lang='lat' dir='ltr'><strong>tota</strong></span> <span class='ocrx_word' id='word_1_639' title='bbox 2545 3605 2757 3677; x_wconf 84' lang='lat' dir='ltr'><strong>penitus</strong></span> <span class='ocrx_word' id='word_1_640' title='bbox 2776 3603 2889 3657; x_wconf 90' lang='lat' dir='ltr'><strong>luto</strong></span> <span class='ocrx_word' id='word_1_641' title='bbox 2909 3598 3143 3653; x_wconf 87' lang='lat' dir='ltr'><strong>membra</strong></span> <span class='ocrx_word' id='word_1_642' title='bbox 3165 3596 3502 3651; x_wconf 77' lang='lat' dir='ltr'><strong>convolvunt.</strong></span> <span class='ocrx_word' id='word_1_643' title='bbox 3527 3594 3649 3646; x_wconf 78' lang='lat' dir='ltr'><strong>Non</strong></span> 
     </span>
    </p>
   </div>
   <div class='ocr_carea' id='block_1_82' title="bbox 2076 3682 3650 3772">
    <p class='ocr_par' dir='ltr' id='par_1_82' title="bbox 2076 3682 3650 3772">
     <span class='ocr_line' id='line_1_82' title="bbox 2076 3682 3650 3772; baseline -0.016 -12"><span class='ocrx_word' id='word_1_644' title='bbox 2076 3718 2205 3772; x_wconf 83' lang='lat' dir='ltr'><strong>ergo</strong></span> <span class='ocrx_word' id='word_1_645' title='bbox 2234 3703 2423 3755; x_wconf 91' lang='lat' dir='ltr'><strong>horum</strong></span> <span class='ocrx_word' id='word_1_646' title='bbox 2450 3694 2744 3751; x_wconf 88' lang='lat' dir='ltr'><strong>naturalem</strong></span> <span class='ocrx_word' id='word_1_647' title='bbox 2772 3695 3060 3758; x_wconf 87' lang='lat' dir='ltr'><strong>sequantur</strong></span> <span class='ocrx_word' id='word_1_648' title='bbox 3089 3685 3360 3746; x_wconf 88' lang='lat' dir='ltr'><strong>inluviem,</strong></span> <span class='ocrx_word' id='word_1_649' title='bbox 3385 3698 3485 3737; x_wconf 90' lang='lat' dir='ltr'><strong>nec</strong></span> <span class='ocrx_word' id='word_1_650' title='bbox 3505 3682 3650 3735; x_wconf 82' lang='lat' dir='ltr'><strong>male</strong></span> 
     </span>
    </p>
   </div>
   <div class='ocr_carea' id='block_1_83' title="bbox 2076 3773 3652 3859">
    <p class='ocr_par' dir='ltr' id='par_1_83' title="bbox 2076 3773 3652 3859">
     <span class='ocr_line' id='line_1_83' title="bbox 2076 3773 3652 3859; baseline -0.015 -10"><span class='ocrx_word' id='word_1_651' title='bbox 2076 3792 2283 3849; x_wconf 89' lang='lat' dir='ltr'><strong>blandis</strong></span> <span class='ocrx_word' id='word_1_652' title='bbox 2320 3788 2555 3859; x_wconf 88' lang='lat' dir='ltr'><strong>lapsibus</strong></span> <span class='ocrx_word' id='word_1_653' title='bbox 2582 3783 2950 3853; x_wconf 87' lang='lat' dir='ltr'><strong>acquiescant,</strong></span> <span class='ocrx_word' id='word_1_654' title='bbox 2982 3787 3075 3833; x_wconf 87' lang='lat' dir='ltr'><strong>aut</strong></span> <span class='ocrx_word' id='word_1_655' title='bbox 3104 3778 3154 3832; x_wconf 90' lang='lat' dir='ltr'><strong>in</strong></span> <span class='ocrx_word' id='word_1_656' title='bbox 3191 3776 3443 3832; x_wconf 87' lang='lat' dir='ltr'><strong>barathro</strong></span> <span class='ocrx_word' id='word_1_657' title='bbox 3470 3773 3652 3828; x_wconf 88' lang='lat' dir='ltr'><strong>libidi-</strong></span> 
     </span>
    </p>
   </div>
   <div class='ocr_carea' id='block_1_84' title="bbox 2077 3865 3650 3942">
    <p class='ocr_par' dir='ltr' id='par_1_84' title="bbox 2077 3865 3650 3942">
     <span class='ocr_line' id='line_1_84' title="bbox 2077 3865 3650 3942; baseline -0.012 -4"><span class='ocrx_word' id='word_1_658' title='bbox 2077 3899 2203 3938; x_wconf 90' lang='lat' dir='ltr'><strong>num</strong></span> <span class='ocrx_word' id='word_1_659' title='bbox 2232 3884 2651 3937; x_wconf 82' lang='lat' dir='ltr'><strong>cominoranles,</strong></span> <span class='ocrx_word' id='word_1_660' title='bbox 2684 3874 2735 3926; x_wconf 92' lang='lat' dir='ltr'><strong>in</strong></span> <span class='ocrx_word' id='word_1_661' title='bbox 2767 3872 2893 3942; x_wconf 79' lang='lat' dir='ltr'><strong>ipsis</strong></span> <span class='ocrx_word' id='word_1_662' title='bbox 2920 3885 2977 3925; x_wconf 90' lang='lat' dir='ltr'><strong>se</strong></span> <span class='ocrx_word' id='word_1_663' title='bbox 3012 3868 3272 3938; x_wconf 89' lang='lat' dir='ltr'><strong>sepeliant</strong></span> <span class='ocrx_word' id='word_1_664' title='bbox 3311 3866 3477 3919; x_wconf 86' lang='lat' dir='ltr'><strong>ruinis</strong></span> <span class='ocrx_word' id='word_1_665' title='bbox 3506 3865 3650 3928; x_wconf 86' lang='lat' dir='ltr'><strong>suis;</strong></span> 
     </span>
    </p>
   </div>
   <div class='ocr_carea' id='block_1_85' title="bbox 2076 3954 3651 4029">
    <p class='ocr_par' dir='ltr' id='par_1_85' title="bbox 2076 3954 3651 4029">
     <span class='ocr_line' id='line_1_85' title="bbox 2076 3954 3651 4029; baseline -0.013 0"><span class='ocrx_word' id='word_1_666' title='bbox 2076 3972 2172 4029; x_wconf 89' lang='lat' dir='ltr'><strong>sed</strong></span> <span class='ocrx_word' id='word_1_667' title='bbox 2201 3971 2341 4025; x_wconf 91' lang='lat' dir='ltr'><strong>illico</strong></span> <span class='ocrx_word' id='word_1_668' title='bbox 2372 3967 2460 4022; x_wconf 89' lang='lat' dir='ltr'><strong>ubi</strong></span> <span class='ocrx_word' id='word_1_669' title='bbox 2500 3964 2782 4019; x_wconf 87' lang='lat' dir='ltr'><strong>concidere</strong></span> <span class='ocrx_word' id='word_1_670' title='bbox 2819 3966 3175 4026; x_wconf 81' lang='lat' dir='ltr'><strong>consurgant,</strong></span> <span class='ocrx_word' id='word_1_671' title='bbox 3207 3963 3260 4010; x_wconf 89' lang='lat' dir='ltr'><strong>et</strong></span> <span class='ocrx_word' id='word_1_672' title='bbox 3289 3954 3651 4009; x_wconf 86' lang='lat' dir='ltr'><strong>elevationem</strong></span> 
     </span>
    </p>
   </div>
   <div class='ocr_carea' id='block_1_86' title="bbox 2077 4043 3652 4136">
    <p class='ocr_par' dir='ltr' id='par_1_86' title="bbox 2077 4043 3652 4136">
     <span class='ocr_line' id='line_1_86' title="bbox 2077 4043 3652 4136; baseline -0.013 -17"><span class='ocrx_word' id='word_1_673' title='bbox 2077 4063 2321 4136; x_wconf 87' lang='lat' dir='ltr'><strong>protinus</strong></span> <span class='ocrx_word' id='word_1_674' title='bbox 2344 4058 2665 4114; x_wconf 74' lang='lat' dir='ltr'><strong>meditantur</strong></span> <span class='ocrx_word' id='word_1_675' title='bbox 2702 4054 2755 4107; x_wconf 91' lang='lat' dir='ltr'><strong>in</strong></span> <span class='ocrx_word' id='word_1_676' title='bbox 2786 4054 2963 4120; x_wconf 88' lang='lat' dir='ltr'><strong>lapsu;</strong></span> <span class='ocrx_word' id='word_1_677' title='bbox 3012 4064 3106 4110; x_wconf 89' lang='lat' dir='ltr'><strong>ac,</strong></span> <span class='ocrx_word' id='word_1_678' title='bbox 3139 4048 3182 4102; x_wconf 89' lang='lat' dir='ltr'><strong>si</strong></span> <span class='ocrx_word' id='word_1_679' title='bbox 3207 4046 3316 4100; x_wconf 79' lang='lat' dir='ltr'><strong>ﬁeri</strong></span> <span class='ocrx_word' id='word_1_680' title='bbox 3345 4045 3455 4099; x_wconf 92' lang='lat' dir='ltr'><strong>ullo</strong></span> <span class='ocrx_word' id='word_1_681' title='bbox 3485 4043 3652 4099; x_wconf 87' lang='lat' dir='ltr'><strong>modo</strong></span> 
     </span>
    </p>
   </div>
   <div class='ocr_carea' id='block_1_87' title="bbox 2078 4135 3651 4224">
    <p class='ocr_par' dir='ltr' id='par_1_87' title="bbox 2078 4135 3651 4224">
     <span class='ocr_line' id='line_1_87' title="bbox 2078 4135 3651 4224; baseline -0.014 -16"><span class='ocrx_word' id='word_1_682' title='bbox 2078 4135 2390 4224; x_wconf 88' lang='lat' dir='ltr'><strong>pernicitate</strong></span> <span class='ocrx_word' id='word_1_683' title='bbox 2430 4142 2773 4216; x_wconf 69' lang='lat' dir='ltr'><strong>paenitudinis</strong></span> <span class='ocrx_word' id='word_1_684' title='bbox 2810 4147 3019 4211; x_wconf 82' lang='lat' dir='ltr'><strong>potest,</strong></span> <span class='ocrx_word' id='word_1_685' title='bbox 3052 4145 3159 4190; x_wconf 83' lang='lat' dir='ltr'><strong>tam</strong></span> <span class='ocrx_word' id='word_1_686' title='bbox 3190 4136 3345 4190; x_wconf 86' lang='lat' dir='ltr'><strong>velox</strong></span> <span class='ocrx_word' id='word_1_687' title='bbox 3372 4135 3442 4189; x_wconf 88' lang='lat' dir='ltr'><strong>sit</strong></span> <span class='ocrx_word' id='word_1_688' title='bbox 3469 4148 3651 4188; x_wconf 88' lang='lat' dir='ltr'><strong>reme-</strong></span> 
     </span>
    </p>
   </div>
   <div class='ocr_carea' id='block_1_88' title="bbox 2078 4227 3655 4304">
    <p class='ocr_par' dir='ltr' id='par_1_88' title="bbox 2078 4227 3655 4304">
     <span class='ocr_line' id='line_1_88' title="bbox 2078 4227 3655 4304; baseline -0.013 -7"><span class='ocrx_word' id='word_1_689' title='bbox 2078 4243 2221 4296; x_wconf 85' lang='lat' dir='ltr'><strong>dium</strong></span> <span class='ocrx_word' id='word_1_690' title='bbox 2262 4236 2601 4304; x_wconf 81' lang='lat' dir='ltr'><strong>resurgentis,</strong></span> <span class='ocrx_word' id='word_1_691' title='bbox 2646 4241 2702 4286; x_wconf 84' lang='lat' dir='ltr'><strong>ut</strong></span> <span class='ocrx_word' id='word_1_692' title='bbox 2743 4232 2829 4285; x_wconf 86' lang='lat' dir='ltr'><strong>vix</strong></span> <span class='ocrx_word' id='word_1_693' title='bbox 2868 4230 3033 4299; x_wconf 87' lang='lat' dir='ltr'><strong>possit</strong></span> <span class='ocrx_word' id='word_1_694' title='bbox 3073 4227 3347 4295; x_wconf 78' lang='lat' dir='ltr'><strong>vestigium</strong></span> <span class='ocrx_word' id='word_1_695' title='bbox 3387 4237 3655 4293; x_wconf 83' lang='lat' dir='ltr'><strong>apparere</strong></span> 
     </span>
    </p>
   </div>
   <div class='ocr_carea' id='block_1_89' title="bbox 2078 4315 3654 4401">
    <p class='ocr_par' dir='ltr' id='par_1_89' title="bbox 2078 4315 3654 4401">
     <span class='ocr_line' id='line_1_89' title="bbox 2078 4315 3654 4401; baseline -0.013 -13"><span class='ocrx_word' id='word_1_696' title='bbox 2078 4331 2332 4401; x_wconf 84' lang='lat' dir='ltr'><strong>conlapsi.</strong></span> <span class='ocrx_word' id='word_1_697' title='bbox 2367 4327 2502 4394; x_wconf 82' lang='lat' dir='ltr'><strong>Ergo</strong></span> <span class='ocrx_word' id='word_1_698' title='bbox 2532 4326 2582 4379; x_wconf 91' lang='lat' dir='ltr'><strong>in</strong></span> <span class='ocrx_word' id='word_1_699' title='bbox 2614 4321 2913 4390; x_wconf 80' lang='lat' dir='ltr'><strong>liujusmodi</strong></span> <span class='ocrx_word' id='word_1_700' title='bbox 2942 4319 3116 4373; x_wconf 82' lang='lat' dir='ltr'><strong>causis</strong></span> <span class='ocrx_word' id='word_1_701' title='bbox 3144 4318 3246 4383; x_wconf 87' lang='lat' dir='ltr'><strong>hoc</strong></span> <span class='ocrx_word' id='word_1_702' title='bbox 3273 4315 3502 4384; x_wconf 88' lang='lat' dir='ltr'><strong>primum</strong></span> <span class='ocrx_word' id='word_1_703' title='bbox 3532 4328 3654 4368; x_wconf 88' lang='lat' dir='ltr'><strong>me-</strong></span> 
     </span>
    </p>
   </div>
   <div class='ocr_carea' id='block_1_90' title="bbox 2081 4406 3652 4489">
    <p class='ocr_par' dir='ltr' id='par_1_90' title="bbox 2081 4406 3652 4489">
     <span class='ocr_line' id='line_1_90' title="bbox 2081 4406 3652 4489; baseline -0.014 -12"><span class='ocrx_word' id='word_1_704' title='bbox 2081 4423 2212 4478; x_wconf 70' lang='lat' dir='ltr'><strong>dclm</strong></span> <span class='ocrx_word' id='word_1_705' title='bbox 2239 4434 2372 4489; x_wconf 87' lang='lat' dir='ltr'><strong>opus</strong></span> <span class='ocrx_word' id='word_1_706' title='bbox 2400 4424 2515 4478; x_wconf 82' lang='lat' dir='ltr'><strong>est,</strong></span> <span class='ocrx_word' id='word_1_707' title='bbox 2548 4422 2603 4468; x_wconf 89' lang='lat' dir='ltr'><strong>ut</strong></span> <span class='ocrx_word' id='word_1_708' title='bbox 2640 4412 2854 4467; x_wconf 88' lang='lat' dir='ltr'><strong>morbos</strong></span> <span class='ocrx_word' id='word_1_709' title='bbox 2882 4425 3007 4464; x_wconf 90' lang='lat' dir='ltr'><strong>suos</strong></span> <span class='ocrx_word' id='word_1_710' title='bbox 3032 4409 3342 4476; x_wconf 79' lang='lat' dir='ltr'><strong>languentes</strong></span> <span class='ocrx_word' id='word_1_711' title='bbox 3370 4406 3652 4467; x_wconf 78' lang='lat' dir='ltr'><strong>horreant,</strong></span> 
     </span>
    </p>
   </div>
   <div class='ocr_carea' id='block_1_91' title="bbox 402 4494 3656 4587">
    <p class='ocr_par' dir='ltr' id='par_1_91' title="bbox 402 4494 3656 4587">
     <span class='ocr_line' id='line_1_91' title="bbox 402 4494 3656 4587; baseline -0.009 -12"><span class='ocrx_word' id='word_1_712' title='bbox 402 4523 514 4575; x_wconf 69' lang='lat' dir='ltr'><strong>sola</strong></span> <span class='ocrx_word' id='word_1_713' title='bbox 545 4529 748 4574; x_wconf 90' lang='lat' dir='ltr'><strong>tantum</strong></span> <span class='ocrx_word' id='word_1_714' title='bbox 779 4518 904 4573; x_wconf 86' lang='lat' dir='ltr'><strong>facit</strong></span> <span class='ocrx_word' id='word_1_715' title='bbox 953 4518 1372 4587; x_wconf 87' lang='lat' dir='ltr'><strong>impossibilitas,</strong></span> <span class='ocrx_word' id='word_1_716' title='bbox 1423 4534 1528 4571; x_wconf 91' lang='lat' dir='ltr'><strong>non</strong></span> <span class='ocrx_word' id='word_1_717' title='bbox 1576 4520 1843 4575; x_wconf 84' lang='lat' dir='ltr'><strong>voluntas.</strong></span> <span class='ocrx_word' id='word_1_718' title='bbox 1874 4520 1975 4584; x_wconf 90' lang='lat' dir='ltr'><strong>Qui</strong></span> <span class='ocrx_word' id='word_1_719' title='bbox 2006 4508 2054 4567; x_wconf 82' lang='grc' dir='ltr'><strong>Ι)</strong></span> <span class='ocrx_word' id='word_1_720' title='bbox 2081 4528 2267 4570; x_wconf 90' lang='lat' dir='ltr'><strong>curare</strong></span> <span class='ocrx_word' id='word_1_721' title='bbox 2297 4510 2479 4580; x_wconf 84' lang='lat' dir='ltr'><strong>plagas</strong></span> <span class='ocrx_word' id='word_1_722' title='bbox 2509 4505 2757 4558; x_wconf 69' lang='lat' dir='ltr'><strong>festinent</strong></span> <span class='ocrx_word' id='word_1_723' title='bbox 2784 4500 2985 4565; x_wconf 74' lang='lat' dir='ltr'><strong>saucii,</strong></span> <span class='ocrx_word' id='word_1_724' title='bbox 3024 4506 3077 4553; x_wconf 89' lang='lat' dir='ltr'><strong>et</strong></span> <span class='ocrx_word' id='word_1_725' title='bbox 3106 4498 3246 4553; x_wconf 87' lang='lat' dir='ltr'><strong>illico</strong></span> <span class='ocrx_word' id='word_1_726' title='bbox 3276 4511 3306 4551; x_wconf 89' lang='lat' dir='ltr'><strong>e</strong></span> <span class='ocrx_word' id='word_1_727' title='bbox 3333 4494 3656 4562; x_wconf 85' lang='lat' dir='ltr'><strong>corporibus</strong></span> 
     </span>
    </p>
   </div>
   <div class='ocr_carea' id='block_1_92' title="bbox 403 4607 1976 4672">
    <p class='ocr_par' dir='ltr' id='par_1_92' title="bbox 403 4607 1976 4672">
     <span class='ocr_line' id='line_1_92' title="bbox 403 4607 1976 4672; baseline -0.001 -8"><span class='ocrx_word' id='word_1_728' title='bbox 403 4611 543 4665; x_wconf 87' lang='lat' dir='ltr'><strong>enim</strong></span> <span class='ocrx_word' id='word_1_729' title='bbox 576 4624 608 4663; x_wconf 89' lang='lat' dir='ltr'><strong>a</strong></span> <span class='ocrx_word' id='word_1_730' title='bbox 636 4609 789 4663; x_wconf 93' lang='lat' dir='ltr'><strong>malis</strong></span> <span class='ocrx_word' id='word_1_731' title='bbox 809 4607 1016 4664; x_wconf 86' lang='lat' dir='ltr'><strong>actibus</strong></span> <span class='ocrx_word' id='word_1_732' title='bbox 1049 4614 1256 4661; x_wconf 90' lang='lat' dir='ltr'><strong>tantum</strong></span> <span class='ocrx_word' id='word_1_733' title='bbox 1287 4614 1458 4661; x_wconf 88' lang='lat' dir='ltr'><strong>morte</strong></span> <span class='ocrx_word' id='word_1_734' title='bbox 1477 4607 1717 4672; x_wconf 89' lang='lat' dir='ltr'><strong>discedit,</strong></span> <span class='ocrx_word' id='word_1_735' title='bbox 1743 4623 1850 4664; x_wconf 90' lang='lat' dir='ltr'><strong>non</strong></span> <span class='ocrx_word' id='word_1_736' title='bbox 1887 4624 1976 4664; x_wconf 80' lang='lat' dir='ltr'><strong>re-</strong></span> 
     </span>
    </p>
   </div>
   <div class='ocr_carea' id='block_1_93' title="bbox 403 4697 1980 4769">
    <p class='ocr_par' dir='ltr' id='par_1_93' title="bbox 403 4697 1980 4769">
     <span class='ocr_line' id='line_1_93' title="bbox 403 4697 1980 4769; baseline 0 -16"><span class='ocrx_word' id='word_1_737' title='bbox 403 4700 593 4769; x_wconf 87' lang='lat' dir='ltr'><strong>linquit</strong></span> <span class='ocrx_word' id='word_1_738' title='bbox 632 4700 855 4763; x_wconf 88' lang='lat' dir='ltr'><strong>scelera,</strong></span> <span class='ocrx_word' id='word_1_739' title='bbox 896 4698 990 4753; x_wconf 87' lang='lat' dir='ltr'><strong>sed</strong></span> <span class='ocrx_word' id='word_1_740' title='bbox 1019 4698 1335 4766; x_wconf 90' lang='lat' dir='ltr'><strong>relinquitur</strong></span> <span class='ocrx_word' id='word_1_741' title='bbox 1380 4713 1409 4751; x_wconf 87' lang='lat' dir='ltr'><strong>a</strong></span> <span class='ocrx_word' id='word_1_742' title='bbox 1443 4697 1765 4763; x_wconf 84' lang='lat' dir='ltr'><strong>sceleribus,</strong></span> <span class='ocrx_word' id='word_1_743' title='bbox 1796 4714 1858 4753; x_wconf 89' lang='lat' dir='ltr'><strong>ac</strong></span> <span class='ocrx_word' id='word_1_744' title='bbox 1884 4714 1980 4768; x_wconf 79' lang='lat' dir='ltr'><strong>per</strong></span> 
     </span>
    </p>
   </div>
   <div class='ocr_carea' id='block_1_94' title="bbox 405 4787 1980 4859">
    <p class='ocr_par' dir='ltr' id='par_1_94' title="bbox 405 4787 1980 4859">
     <span class='ocr_line' id='line_1_94' title="bbox 405 4787 1980 4859; baseline 0.002 -17"><span class='ocrx_word' id='word_1_745' title='bbox 405 4791 506 4844; x_wconf 89' lang='lat' dir='ltr'><strong>hoc</strong></span> <span class='ocrx_word' id='word_1_746' title='bbox 531 4789 849 4843; x_wconf 75' lang='lat' dir='ltr'><strong>necessitate</strong></span> <span class='ocrx_word' id='word_1_747' title='bbox 876 4788 1123 4844; x_wconf 86' lang='lat' dir='ltr'><strong>exclusus</strong></span> <span class='ocrx_word' id='word_1_748' title='bbox 1150 4803 1180 4840; x_wconf 92' lang='lat' dir='ltr'><strong>a</strong></span> <span class='ocrx_word' id='word_1_749' title='bbox 1209 4787 1383 4853; x_wconf 89' lang='lat' dir='ltr'><strong>vitiis;</strong></span> <span class='ocrx_word' id='word_1_750' title='bbox 1416 4795 1469 4843; x_wconf 91' lang='lat' dir='ltr'><strong>et</strong></span> <span class='ocrx_word' id='word_1_751' title='bbox 1499 4796 1643 4854; x_wconf 89' lang='lat' dir='ltr'><strong>tunc,</strong></span> <span class='ocrx_word' id='word_1_752' title='bbox 1675 4797 1824 4857; x_wconf 88' lang='lat' dir='ltr'><strong>puto,</strong></span> <span class='ocrx_word' id='word_1_753' title='bbox 1855 4805 1980 4859; x_wconf 88' lang='lat' dir='ltr'><strong>pec-</strong></span> 
     </span>
    </p>
   </div>
   <div class='ocr_carea' id='block_1_95' title="bbox 407 4876 1975 4954">
    <p class='ocr_par' dir='ltr' id='par_1_95' title="bbox 407 4876 1975 4954">
     <span class='ocr_line' id='line_1_95' title="bbox 407 4876 1975 4954; baseline 0.001 -21"><span class='ocrx_word' id='word_1_754' title='bbox 407 4886 487 4933; x_wconf 88' lang='lat' dir='ltr'><strong>cat</strong></span> <span class='ocrx_word' id='word_1_755' title='bbox 514 4877 729 4947; x_wconf 84' lang='lat' dir='ltr'><strong>quando</strong></span> <span class='ocrx_word' id='word_1_756' title='bbox 774 4878 1101 4937; x_wconf 82' lang='lat' dir='ltr'><strong>cessaverit:</strong></span> <span class='ocrx_word' id='word_1_757' title='bbox 1142 4876 1266 4947; x_wconf 89' lang='lat' dir='ltr'><strong>quia</strong></span> <span class='ocrx_word' id='word_1_758' title='bbox 1307 4887 1565 4954; x_wconf 84' lang='lat' dir='ltr'><strong>quantum</strong></span> <span class='ocrx_word' id='word_1_759' title='bbox 1614 4878 1680 4932; x_wconf 89' lang='lat' dir='ltr'><strong>ad</strong></span> <span class='ocrx_word' id='word_1_760' title='bbox 1721 4880 1975 4945; x_wconf 87' lang='lat' dir='ltr'><strong>animum,</strong></span> 
     </span>
    </p>
   </div>
   <div class='ocr_carea' id='block_1_96' title="bbox 2081 4583 3657 4670">
    <p class='ocr_par' dir='ltr' id='par_1_96' title="bbox 2081 4583 3657 4670">
     <span class='ocr_line' id='line_1_96' title="bbox 2081 4583 3657 4670; baseline -0.015 -12"><span class='ocrx_word' id='word_1_761' title='bbox 2081 4603 2305 4670; x_wconf 86' lang='lat' dir='ltr'><strong>sagittas</strong></span> <span class='ocrx_word' id='word_1_762' title='bbox 2331 4597 2539 4667; x_wconf 85' lang='lat' dir='ltr'><strong>rapiant</strong></span> <span class='ocrx_word' id='word_1_763' title='bbox 2562 4591 2841 4647; x_wconf 84' lang='lat' dir='ltr'><strong>vulnerati.</strong></span> <span class='ocrx_word' id='word_1_764' title='bbox 2870 4589 3079 4658; x_wconf 85' lang='lat' dir='ltr'><strong>Optime</strong></span> <span class='ocrx_word' id='word_1_765' title='bbox 3106 4588 3248 4641; x_wconf 90' lang='lat' dir='ltr'><strong>enim</strong></span> <span class='ocrx_word' id='word_1_766' title='bbox 3278 4585 3537 4652; x_wconf 82' lang='lat' dir='ltr'><strong>malagma</strong></span> <span class='ocrx_word' id='word_1_767' title='bbox 3567 4583 3657 4637; x_wconf 86' lang='lat' dir='ltr'><strong>vel</strong></span> 
     </span>
    </p>
   </div>
   <div class='ocr_carea' id='block_1_97' title="bbox 2082 4672 3657 4747">
    <p class='ocr_par' dir='ltr' id='par_1_97' title="bbox 2082 4672 3657 4747">
     <span class='ocr_line' id='line_1_97' title="bbox 2082 4672 3657 4747; baseline -0.011 -2"><span class='ocrx_word' id='word_1_768' title='bbox 2082 4691 2241 4747; x_wconf 86' lang='lat' dir='ltr'><strong>libula</strong></span> <span class='ocrx_word' id='word_1_769' title='bbox 2265 4689 2450 4745; x_wconf 87' lang='lat' dir='ltr'><strong>calidis</strong></span> <span class='ocrx_word' id='word_1_770' title='bbox 2471 4686 2643 4739; x_wconf 89' lang='lat' dir='ltr'><strong>adhuc</strong></span> <span class='ocrx_word' id='word_1_771' title='bbox 2678 4680 3050 4737; x_wconf 87' lang='lat' dir='ltr'><strong>vulneribus...</strong></span> <span class='ocrx_word' id='word_1_772' title='bbox 3082 4677 3387 4746; x_wconf 86' lang='lat' dir='ltr'><strong>imponitur,</strong></span> <span class='ocrx_word' id='word_1_773' title='bbox 3417 4682 3472 4727; x_wconf 89' lang='lat' dir='ltr'><strong>et</strong></span> <span class='ocrx_word' id='word_1_774' title='bbox 3492 4672 3657 4727; x_wconf 87' lang='lat' dir='ltr'><strong>citius</strong></span> 
     </span>
    </p>
   </div>
   <div class='ocr_carea' id='block_1_98' title="bbox 2080 4764 3657 4851">
    <p class='ocr_par' dir='ltr' id='par_1_98' title="bbox 2080 4764 3657 4851">
     <span class='ocr_line' id='line_1_98' title="bbox 2080 4764 3657 4851; baseline -0.016 -12"><span class='ocrx_word' id='word_1_775' title='bbox 2080 4783 2180 4844; x_wconf 81' lang='lat' dir='ltr'><strong>sibi</strong></span> <span class='ocrx_word' id='word_1_776' title='bbox 2220 4781 2490 4851; x_wconf 85' lang='lat' dir='ltr'><strong>plagarum</strong></span> <span class='ocrx_word' id='word_1_777' title='bbox 2520 4790 2644 4831; x_wconf 83' lang='lat' dir='ltr'><strong>caro</strong></span> <span class='ocrx_word' id='word_1_778' title='bbox 2673 4772 2905 4842; x_wconf 71' lang='lat' dir='ltr'><strong>sociatur</strong></span> <span class='ocrx_word' id='word_1_779' title='bbox 2927 4784 3045 4838; x_wconf 71' lang='lat' dir='ltr'><strong>qua:</strong></span> <span class='ocrx_word' id='word_1_780' title='bbox 3073 4782 3177 4821; x_wconf 92' lang='lat' dir='ltr'><strong>non</strong></span> <span class='ocrx_word' id='word_1_781' title='bbox 3206 4765 3296 4819; x_wconf 93' lang='lat' dir='ltr'><strong>diu</strong></span> <span class='ocrx_word' id='word_1_782' title='bbox 3334 4764 3485 4818; x_wconf 88' lang='lat' dir='ltr'><strong>hiare</strong></span> <span class='ocrx_word' id='word_1_783' title='bbox 3523 4778 3657 4831; x_wconf 88' lang='lat' dir='ltr'><strong>per-</strong></span> 
     </span>
    </p>
   </div>
   <div class='ocr_carea' id='block_1_99' title="bbox 2080 4851 3655 4933">
    <p class='ocr_par' dir='ltr' id='par_1_99' title="bbox 2080 4851 3655 4933">
     <span class='ocr_line' id='line_1_99' title="bbox 2080 4851 3655 4933; baseline -0.019 0"><span class='ocrx_word' id='word_1_784' title='bbox 2080 4874 2326 4933; x_wconf 86' lang='lat' dir='ltr'><strong>mittitur.</strong></span> <span class='ocrx_word' id='word_1_785' title='bbox 2373 4866 2529 4921; x_wconf 86' lang='lat' dir='ltr'><strong>Ulcus</strong></span> <span class='ocrx_word' id='word_1_786' title='bbox 2565 4863 2761 4932; x_wconf 84' lang='lat' dir='ltr'><strong>quippe</strong></span> <span class='ocrx_word' id='word_1_787' title='bbox 2801 4860 2854 4917; x_wconf 90' lang='lat' dir='ltr'><strong>in</strong></span> <span class='ocrx_word' id='word_1_788' title='bbox 2892 4870 3118 4929; x_wconf 87' lang='lat' dir='ltr'><strong>corpore</strong></span> <span class='ocrx_word' id='word_1_789' title='bbox 3159 4855 3203 4909; x_wconf 92' lang='lat' dir='ltr'><strong>si</strong></span> <span class='ocrx_word' id='word_1_790' title='bbox 3242 4851 3655 4922; x_wconf 85' lang='lat' dir='ltr'><strong>computruerit,</strong></span> 
     </span>
    </p>
   </div>
   <div class='ocr_carea' id='block_1_100' title="bbox 1558 5025 2455 5099">
    <p class='ocr_par' dir='ltr' id='par_1_100' title="bbox 1558 5025 2455 5099">
     <span class='ocr_line' id='line_1_100' title="bbox 1558 5025 2455 5099; baseline -0.011 -9"><span class='ocrx_word' id='word_1_791' title='bbox 1558 5033 1891 5099; x_wconf 72' lang='lat' dir='ltr'><strong>STEPHANI</strong></span> <span class='ocrx_word' id='word_1_792' title='bbox 1929 5034 2195 5092; x_wconf 77' lang='lat' dir='ltr'><strong>BALUZII</strong></span> <span class='ocrx_word' id='word_1_793' title='bbox 2232 5025 2455 5086; x_wconf 70' lang='lat' dir='ltr'><strong>NOTAE.</strong></span> 
     </span>
    </p>
   </div>
   <div class='ocr_carea' id='block_1_101' title="bbox 474 5166 1969 5239">
    <p class='ocr_par' dir='ltr' id='par_1_101' title="bbox 474 5166 1969 5239">
     <span class='ocr_line' id='line_1_101' title="bbox 474 5166 1969 5239; baseline 0 -18"><span class='ocrx_word' id='word_1_794' title='bbox 474 5178 498 5239; x_wconf 55' lang='grc' dir='ltr'><strong>ε</strong></span> <span class='ocrx_word' id='word_1_795' title='bbox 521 5166 902 5239; x_wconf 82' lang='lat' dir='ltr'><strong>Codicesregii</strong></span> <span class='ocrx_word' id='word_1_796' title='bbox 929 5185 941 5219; x_wconf 91' lang='lat'>:</span> <span class='ocrx_word' id='word_1_797' title='bbox 971 5167 1044 5220; x_wconf 82' lang='lat' dir='ltr'><strong>Ac</strong></span> <span class='ocrx_word' id='word_1_798' title='bbox 1072 5184 1165 5239; x_wconf 65' lang='lat' dir='ltr'><strong>per</strong></span> <span class='ocrx_word' id='word_1_799' title='bbox 1183 5168 1275 5222; x_wconf 82' lang='lat' dir='ltr'><strong>hoc</strong></span> <span class='ocrx_word' id='word_1_800' title='bbox 1304 5168 1493 5239; x_wconf 74' lang='lat' dir='ltr'><strong>duplex</strong></span> <span class='ocrx_word' id='word_1_801' title='bbox 1512 5184 1652 5222; x_wconf 72' lang='lat' dir='ltr'><strong>noxa</strong></span> <span class='ocrx_word' id='word_1_802' title='bbox 1679 5178 1773 5234; x_wconf 78' lang='lat' dir='ltr'><strong>est,</strong></span> <span class='ocrx_word' id='word_1_803' title='bbox 1806 5178 1855 5223; x_wconf 85' lang='lat' dir='ltr'><strong>et</strong></span> <span class='ocrx_word' id='word_1_804' title='bbox 1883 5186 1969 5222; x_wconf 85' lang='lat' dir='ltr'><strong>cn-</strong></span> 
     </span>
    </p>
   </div>
   <div class='ocr_carea' id='block_1_102' title="bbox 407 5237 1972 5310">
    <p class='ocr_par' dir='ltr' id='par_1_102' title="bbox 407 5237 1972 5310">
     <span class='ocr_line' id='line_1_102' title="bbox 407 5237 1972 5310; baseline 0.001 -19"><span class='ocrx_word' id='word_1_805' title='bbox 407 5238 635 5310; x_wconf 72' lang='lat' dir='ltr'><strong>piditatis</strong></span> <span class='ocrx_word' id='word_1_806' title='bbox 668 5246 722 5310; x_wconf 69' lang='lat' dir='ltr'><strong>et</strong></span> <span class='ocrx_word' id='word_1_807' title='bbox 745 5238 1091 5310; x_wconf 73' lang='lat' dir='ltr'><strong>inﬁdelitatis.</strong></span> <span class='ocrx_word' id='word_1_808' title='bbox 1123 5237 1286 5292; x_wconf 83' lang='lat' dir='ltr'><strong>Vetus</strong></span> <span class='ocrx_word' id='word_1_809' title='bbox 1320 5237 1497 5293; x_wconf 85' lang='lat' dir='ltr'><strong>tamen</strong></span> <span class='ocrx_word' id='word_1_810' title='bbox 1527 5247 1649 5309; x_wconf 89' lang='lat' dir='ltr'><strong>post</strong></span> <span class='ocrx_word' id='word_1_811' title='bbox 1671 5253 1856 5294; x_wconf 88' lang='lat' dir='ltr'><strong>vocem</strong></span> <span class='ocrx_word' id='word_1_812' title='bbox 1883 5255 1972 5292; x_wconf 83' lang='lat' dir='ltr'><strong>cu-</strong></span> 
     </span>
    </p>
   </div>
   <div class='ocr_carea' id='block_1_103' title="bbox 407 5306 1200 5378">
    <p class='ocr_par' dir='ltr' id='par_1_103' title="bbox 407 5306 1200 5378">
     <span class='ocr_line' id='line_1_103' title="bbox 407 5306 1200 5378; baseline 0 -19"><span class='ocrx_word' id='word_1_813' title='bbox 407 5306 637 5378; x_wconf 63' lang='lat' dir='ltr'><strong>piditatis</strong></span> <span class='ocrx_word' id='word_1_814' title='bbox 658 5306 1014 5361; x_wconf 87' lang='lat' dir='ltr'><strong>additvocem</strong></span> <span class='ocrx_word' id='word_1_815' title='bbox 1040 5323 1200 5378; x_wconf 75' lang='lat' dir='ltr'><strong>noxa.</strong></span> 
     </span>
    </p>
   </div>
   <div class='ocr_carea' id='block_1_104' title="bbox 477 5376 1808 5445">
    <p class='ocr_par' dir='ltr' id='par_1_104' title="bbox 477 5376 1808 5445">
     <span class='ocr_line' id='line_1_104' title="bbox 477 5376 1808 5445; baseline -0.002 -13"><span class='ocrx_word' id='word_1_816' title='bbox 477 5378 503 5418; x_wconf 71' lang='grc' dir='ltr'><strong>ι’</strong></span> <span class='ocrx_word' id='word_1_817' title='bbox 546 5376 777 5444; x_wconf 84' lang='lat' dir='ltr'><strong>Uterque</strong></span> <span class='ocrx_word' id='word_1_818' title='bbox 802 5377 972 5431; x_wconf 79' lang='lat' dir='ltr'><strong>codex</strong></span> <span class='ocrx_word' id='word_1_819' title='bbox 999 5377 1176 5445; x_wconf 82' lang='lat' dir='ltr'><strong>regius</strong></span> <span class='ocrx_word' id='word_1_820' title='bbox 1203 5376 1364 5432; x_wconf 88' lang='lat' dir='ltr'><strong>habet</strong></span> <span class='ocrx_word' id='word_1_821' title='bbox 1391 5377 1808 5435; x_wconf 70' lang='lat' dir='ltr'><strong>conversationis.</strong></span> 
     </span>
    </p>
   </div>
   <div class='ocr_carea' id='block_1_105' title="bbox 480 5446 1976 5501">
    <p class='ocr_par' dir='ltr' id='par_1_105' title="bbox 480 5446 1976 5501">
     <span class='ocr_line' id='line_1_105' title="bbox 480 5446 1976 5501; baseline -0.001 -1"><span class='ocrx_word' id='word_1_822' title='bbox 480 5459 502 5487; x_wconf 72' lang='grc' dir='ltr'>ε</span> <span class='ocrx_word' id='word_1_823' title='bbox 541 5447 780 5500; x_wconf 78' lang='lat' dir='ltr'><strong>Imitatus</strong></span> <span class='ocrx_word' id='word_1_824' title='bbox 808 5456 889 5501; x_wconf 88' lang='lat' dir='ltr'><strong>est</strong></span> <span class='ocrx_word' id='word_1_825' title='bbox 917 5448 1019 5500; x_wconf 90' lang='lat' dir='ltr'><strong>hoc</strong></span> <span class='ocrx_word' id='word_1_826' title='bbox 1046 5447 1164 5500; x_wconf 91' lang='lat' dir='ltr'><strong>loco</strong></span> <span class='ocrx_word' id='word_1_827' title='bbox 1189 5446 1468 5500; x_wconf 82' lang='lat' dir='ltr'><strong>Salvianus</strong></span> <span class='ocrx_word' id='word_1_828' title='bbox 1489 5455 1729 5500; x_wconf 89' lang='lat' dir='ltr'><strong>sanctum</strong></span> <span class='ocrx_word' id='word_1_829' title='bbox 1752 5446 1976 5501; x_wconf 86' lang='lat' dir='ltr'><strong>Ambro-</strong></span> 
     </span>
    </p>
   </div>
   <div class='ocr_carea' id='block_1_106' title="bbox 407 5515 1978 5586">
    <p class='ocr_par' dir='ltr' id='par_1_106' title="bbox 407 5515 1978 5586">
     <span class='ocr_line' id='line_1_106' title="bbox 407 5515 1978 5586; baseline -0.003 -14"><span class='ocrx_word' id='word_1_830' title='bbox 407 5521 539 5572; x_wconf 63' lang='lat' dir='ltr'><strong>sium</strong></span> <span class='ocrx_word' id='word_1_831' title='bbox 567 5520 874 5586; x_wconf 83' lang='lat' dir='ltr'><strong>episcopum</strong></span> <span class='ocrx_word' id='word_1_832' title='bbox 904 5515 1347 5586; x_wconf 79' lang='lat' dir='ltr'><strong>Mediolanensem</strong></span> <span class='ocrx_word' id='word_1_833' title='bbox 1369 5554 1383 5573; x_wconf 88' lang='lat'><strong>,</strong></span> <span class='ocrx_word' id='word_1_834' title='bbox 1408 5516 1497 5585; x_wconf 88' lang='lat' dir='ltr'><strong>qui</strong></span> <span class='ocrx_word' id='word_1_835' title='bbox 1526 5516 1576 5568; x_wconf 90' lang='lat' dir='ltr'><strong>in</strong></span> <span class='ocrx_word' id='word_1_836' title='bbox 1602 5516 1978 5586; x_wconf 85' lang='lat' dir='ltr'><strong>exhortatione</strong></span> 
     </span>
    </p>
   </div>
   <div class='ocr_carea' id='block_1_107' title="bbox 409 5584 1979 5655">
    <p class='ocr_par' dir='ltr' id='par_1_107' title="bbox 409 5584 1979 5655">
     <span class='ocr_line' id='line_1_107' title="bbox 409 5584 1979 5655; baseline -0.001 -16"><span class='ocrx_word' id='word_1_837' title='bbox 409 5588 472 5639; x_wconf 87' lang='lat' dir='ltr'><strong>ad</strong></span> <span class='ocrx_word' id='word_1_838' title='bbox 504 5584 867 5655; x_wconf 62' lang='lat' dir='ltr'><strong>putuitcntiam</strong></span> <span class='ocrx_word' id='word_1_839' title='bbox 900 5595 1040 5640; x_wconf 86' lang='lat' dir='ltr'><strong>totus</strong></span> <span class='ocrx_word' id='word_1_840' title='bbox 1068 5584 1120 5637; x_wconf 83' lang='lat' dir='ltr'><strong>iu</strong></span> <span class='ocrx_word' id='word_1_841' title='bbox 1151 5587 1253 5639; x_wconf 83' lang='lat' dir='ltr'><strong>hoc</strong></span> <span class='ocrx_word' id='word_1_842' title='bbox 1278 5596 1357 5638; x_wconf 87' lang='lat' dir='ltr'><strong>est</strong></span> <span class='ocrx_word' id='word_1_843' title='bbox 1382 5584 1437 5638; x_wconf 91' lang='lat' dir='ltr'><strong>ut</strong></span> <span class='ocrx_word' id='word_1_844' title='bbox 1461 5586 1707 5655; x_wconf 82' lang='lat' dir='ltr'><strong>ostendat</strong></span> <span class='ocrx_word' id='word_1_845' title='bbox 1733 5594 1792 5640; x_wconf 77' lang='lat' dir='ltr'><strong>se</strong></span> <span class='ocrx_word' id='word_1_846' title='bbox 1814 5585 1979 5654; x_wconf 86' lang='lat' dir='ltr'><strong>pluri-</strong></span> 
     </span>
    </p>
   </div>
   <div class='ocr_carea' id='block_1_108' title="bbox 410 5654 1980 5723">
    <p class='ocr_par' dir='ltr' id='par_1_108' title="bbox 410 5654 1980 5723">
     <span class='ocr_line' id='line_1_108' title="bbox 410 5654 1980 5723; baseline 0 -15"><span class='ocrx_word' id='word_1_847' title='bbox 410 5654 552 5715; x_wconf 79' lang='lat' dir='ltr'><strong>mum</strong></span> <span class='ocrx_word' id='word_1_848' title='bbox 577 5658 818 5711; x_wconf 87' lang='lat' dir='ltr'><strong>dubitare</strong></span> <span class='ocrx_word' id='word_1_849' title='bbox 845 5656 910 5710; x_wconf 89' lang='lat' dir='ltr'><strong>de</strong></span> <span class='ocrx_word' id='word_1_850' title='bbox 939 5671 1122 5709; x_wconf 84' lang='lat' dir='ltr'><strong>eorum</strong></span> <span class='ocrx_word' id='word_1_851' title='bbox 1152 5657 1322 5708; x_wconf 82' lang='lat' dir='ltr'><strong>salute</strong></span> <span class='ocrx_word' id='word_1_852' title='bbox 1365 5655 1454 5722; x_wconf 87' lang='lat' dir='ltr'><strong>qui</strong></span> <span class='ocrx_word' id='word_1_853' title='bbox 1496 5654 1651 5723; x_wconf 77' lang='lat' dir='ltr'><strong>positi</strong></span> <span class='ocrx_word' id='word_1_854' title='bbox 1694 5655 1745 5707; x_wconf 89' lang='lat' dir='ltr'><strong>in</strong></span> <span class='ocrx_word' id='word_1_855' title='bbox 1796 5654 1980 5708; x_wconf 83' lang='lat' dir='ltr'><strong>ultima</strong></span> 
     </span>
    </p>
   </div>
   <div class='ocr_carea' id='block_1_109' title="bbox 410 5724 1970 5794">
    <p class='ocr_par' dir='ltr' id='par_1_109' title="bbox 410 5724 1970 5794">
     <span class='ocr_line' id='line_1_109' title="bbox 410 5724 1970 5794; baseline -0.003 -15"><span class='ocrx_word' id='word_1_856' title='bbox 410 5726 726 5782; x_wconf 85' lang='lat' dir='ltr'><strong>necessitate</strong></span> <span class='ocrx_word' id='word_1_857' title='bbox 766 5724 1091 5793; x_wconf 82' lang='lat' dir='ltr'><strong>aegritudinis</strong></span> <span class='ocrx_word' id='word_1_858' title='bbox 1138 5740 1246 5779; x_wconf 73' lang='lat' dir='ltr'><strong>sua:</strong></span> <span class='ocrx_word' id='word_1_859' title='bbox 1283 5725 1549 5794; x_wconf 75' lang='lat' dir='ltr'><strong>accipiunt</strong></span> <span class='ocrx_word' id='word_1_860' title='bbox 1589 5725 1970 5793; x_wconf 77' lang='lat' dir='ltr'><strong>paenitentiam.</strong></span> 
     </span>
    </p>
   </div>
   <div class='ocr_carea' id='block_1_110' title="bbox 2078 5152 3659 5231">
    <p class='ocr_par' dir='ltr' id='par_1_110' title="bbox 2078 5152 3659 5231">
     <span class='ocr_line' id='line_1_110' title="bbox 2078 5152 3659 5231; baseline -0.014 -7"><span class='ocrx_word' id='word_1_861' title='bbox 2078 5169 2155 5222; x_wconf 90' lang='lat' dir='ltr'><strong>De</strong></span> <span class='ocrx_word' id='word_1_862' title='bbox 2186 5167 2270 5221; x_wconf 91' lang='lat' dir='ltr'><strong>his</strong></span> <span class='ocrx_word' id='word_1_863' title='bbox 2298 5177 2424 5231; x_wconf 88' lang='lat' dir='ltr'><strong>ergo</strong></span> <span class='ocrx_word' id='word_1_864' title='bbox 2454 5161 2527 5213; x_wconf 88' lang='lat' dir='ltr'><strong>ait</strong></span> <span class='ocrx_word' id='word_1_865' title='bbox 2552 5178 2564 5212; x_wconf 87' lang='lat'><strong>:</strong></span> <span class='ocrx_word' id='word_1_866' title='bbox 2592 5157 2651 5212; x_wconf 88' lang='lat' dir='ltr'><strong>Si</strong></span> <span class='ocrx_word' id='word_1_867' title='bbox 2678 5166 2848 5210; x_wconf 82' lang='lat' dir='ltr'><strong>autem</strong></span> <span class='ocrx_word' id='word_1_868' title='bbox 2877 5166 2994 5209; x_wconf 81' lang='lat' dir='ltr'><strong>tunc</strong></span> <span class='ocrx_word' id='word_1_869' title='bbox 3021 5172 3173 5227; x_wconf 85' lang='lat' dir='ltr'><strong>agere</strong></span> <span class='ocrx_word' id='word_1_870' title='bbox 3198 5156 3270 5209; x_wconf 70' lang='lat' dir='ltr'><strong>vis</strong></span> <span class='ocrx_word' id='word_1_871' title='bbox 3303 5154 3471 5223; x_wconf 79' lang='lat' dir='ltr'><strong>ipsam</strong></span> 
     </span>
    </p>
   </div>
   <div class='ocr_carea' id='block_1_111' title="bbox 2081 5220 3659 5299">
    <p class='ocr_par' dir='ltr' id='par_1_111' title="bbox 2081 5220 3659 5299">
     <span class='ocr_line' id='line_1_111' title="bbox 2081 5220 3659 5299; baseline -0.011 -8"><span class='ocrx_word' id='word_1_872' title='bbox 2081 5220 2289 5291; x_wconf 67' lang='lat' dir='ltr'><strong>tentiam</strong></span> <span class='ocrx_word' id='word_1_873' title='bbox 2309 5220 2513 5299; x_wconf 76' lang='grc' dir='ltr'><strong>ιιιῖαηάο</strong></span> <span class='ocrx_word' id='word_1_874' title='bbox 2541 5243 2753 5299; x_wconf 69' lang='lat' dir='ltr'><strong>peccare</strong></span> <span class='ocrx_word' id='word_1_875' title='bbox 2765 5242 2880 5299; x_wconf 64' lang='lat' dir='ltr'><strong>1am</strong></span> <span class='ocrx_word' id='word_1_876' title='bbox 2916 5242 3021 5299; x_wconf 76' lang='lat' dir='ltr'><strong>non</strong></span> <span class='ocrx_word' id='word_1_877' title='bbox 3056 5220 3218 5299; x_wconf 60' lang='lat' dir='ltr'><strong>potes,</strong></span> <span class='ocrx_word' id='word_1_878' title='bbox 3258 5220 3464 5299; x_wconf 69' lang='lat' dir='ltr'><strong>peccata</strong></span> <span class='ocrx_word' id='word_1_879' title='bbox 3495 5220 3543 5272; x_wconf 74' lang='lat' dir='ltr'><strong>te</strong></span> <span class='ocrx_word' id='word_1_880' title='bbox 3571 5220 3659 5299; x_wconf 52' lang='lat' dir='ltr'><strong>4i:</strong></span> 
     </span>
    </p>
   </div>
   <div class='ocr_carea' id='block_1_112' title="bbox 2077 5291 3662 5367">
    <p class='ocr_par' dir='ltr' id='par_1_112' title="bbox 2077 5291 3662 5367">
     <span class='ocr_line' id='line_1_112' title="bbox 2077 5291 3662 5367; baseline -0.012 -7"><span class='ocrx_word' id='word_1_881' title='bbox 2077 5291 2344 5367; x_wconf 60' lang='lat' dir='ltr'><strong>miserunt,</strong></span> <span class='ocrx_word' id='word_1_882' title='bbox 2377 5317 2479 5354; x_wconf 84' lang='lat' dir='ltr'><strong>non</strong></span> <span class='ocrx_word' id='word_1_883' title='bbox 2510 5291 2562 5359; x_wconf 71' lang='lat' dir='ltr'><strong>tu</strong></span> <span class='ocrx_word' id='word_1_884' title='bbox 2591 5296 2700 5367; x_wconf 78' lang='lat' dir='ltr'><strong>illa.</strong></span> <span class='ocrx_word' id='word_1_885' title='bbox 2732 5291 2805 5367; x_wconf 72' lang='lat' dir='ltr'><strong>Ue</strong></span> <span class='ocrx_word' id='word_1_886' title='bbox 2839 5295 3027 5367; x_wconf 83' lang='lat' dir='ltr'><strong>iisdem</strong></span> <span class='ocrx_word' id='word_1_887' title='bbox 3219 5291 3343 5367; x_wconf 78' lang='lat' dir='ltr'><strong>sunt</strong></span> <span class='ocrx_word' id='word_1_888' title='bbox 3371 5291 3662 5358; x_wconf 83' lang='lat' dir='ltr'><strong>Augustini</strong></span> 
     </span>
    </p>
   </div>
   <div class='ocr_carea' id='block_1_113' title="bbox 2078 5362 3661 5435">
    <p class='ocr_par' dir='ltr' id='par_1_113' title="bbox 2078 5362 3661 5435">
     <span class='ocr_line' id='line_1_113' title="bbox 2078 5362 3661 5435; baseline -0.011 -7"><span class='ocrx_word' id='word_1_889' title='bbox 2078 5376 2240 5428; x_wconf 86' lang='lat' dir='ltr'><strong>verba</strong></span> <span class='ocrx_word' id='word_1_890' title='bbox 2265 5374 2315 5425; x_wconf 91' lang='lat' dir='ltr'><strong>in</strong></span> <span class='ocrx_word' id='word_1_891' title='bbox 2334 5362 2563 5424; x_wconf 76' lang='lat' dir='ltr'><strong>bomilia</strong></span> <span class='ocrx_word' id='word_1_892' title='bbox 2591 5365 2651 5418; x_wconf 71' lang='lat' dir='ltr'><strong>4t</strong></span> <span class='ocrx_word' id='word_1_893' title='bbox 2689 5384 2701 5417; x_wconf 88' lang='lat'>:</span> <span class='ocrx_word' id='word_1_894' title='bbox 2732 5366 2842 5435; x_wconf 69' lang='lat' dir='ltr'><strong>Age</strong></span> <span class='ocrx_word' id='word_1_895' title='bbox 2867 5364 3213 5434; x_wconf 68' lang='lat' dir='ltr'><strong>pwnimntiam</strong></span> <span class='ocrx_word' id='word_1_896' title='bbox 3240 5362 3378 5435; x_wconf 37' lang='lat' dir='ltr'><strong>dum.</strong></span> <span class='ocrx_word' id='word_1_897' title='bbox 3391 5376 3550 5435; x_wconf 73' lang='lat' dir='ltr'><strong>annua</strong></span> <span class='ocrx_word' id='word_1_898' title='bbox 3579 5376 3661 5435; x_wconf 69' lang='lat' dir='ltr'><strong>es.</strong></span> 
     </span>
    </p>
   </div>
   <div class='ocr_carea' id='block_1_114' title="bbox 2081 5426 3663 5512">
    <p class='ocr_par' dir='ltr' id='par_1_114' title="bbox 2081 5426 3663 5512">
     <span class='ocr_line' id='line_1_114' title="bbox 2081 5426 3663 5512; baseline -0.011 -15"><span class='ocrx_word' id='word_1_899' title='bbox 2081 5426 2243 5498; x_wconf 77' lang='lat' dir='ltr'><strong>Sisic</strong></span> <span class='ocrx_word' id='word_1_900' title='bbox 2283 5441 2414 5512; x_wconf 73' lang='lat' dir='ltr'><strong>agis,</strong></span> <span class='ocrx_word' id='word_1_901' title='bbox 2449 5452 2653 5512; x_wconf 74' lang='lat' dir='ltr'><strong>securus</strong></span> <span class='ocrx_word' id='word_1_902' title='bbox 2675 5451 2746 5488; x_wconf 82' lang='lat' dir='ltr'><strong>es.</strong></span> <span class='ocrx_word' id='word_1_903' title='bbox 2776 5426 2951 5497; x_wconf 57' lang='lat' dir='ltr'><strong>Quare</strong></span> <span class='ocrx_word' id='word_1_904' title='bbox 2978 5449 3182 5495; x_wconf 76' lang='lat' dir='ltr'><strong>securus</strong></span> <span class='ocrx_word' id='word_1_905' title='bbox 3214 5431 3305 5484; x_wconf 73' lang='lat' dir='ltr'><strong>es?</strong></span> <span class='ocrx_word' id='word_1_906' title='bbox 3338 5426 3663 5512; x_wconf 45' lang='lat' dir='ltr'><strong>Quia‘pomi.</strong></span> 
     </span>
    </p>
   </div>
   <div class='ocr_carea' id='block_1_115' title="bbox 2082 5498 3654 5579">
    <p class='ocr_par' dir='ltr' id='par_1_115' title="bbox 2082 5498 3654 5579">
     <span class='ocr_line' id='line_1_115' title="bbox 2082 5498 3654 5579; baseline -0.011 -13"><span class='ocrx_word' id='word_1_907' title='bbox 2082 5515 2291 5566; x_wconf 85' lang='lat' dir='ltr'><strong>tentiam</strong></span> <span class='ocrx_word' id='word_1_908' title='bbox 2314 5498 2459 5579; x_wconf 60' lang='lat' dir='ltr'><strong>Egisti</strong></span> <span class='ocrx_word' id='word_1_909' title='bbox 2480 5524 2537 5561; x_wconf 88' lang='lat' dir='ltr'><strong>eo</strong></span> <span class='ocrx_word' id='word_1_910' title='bbox 2563 5515 2781 5579; x_wconf 55' lang='lat' dir='ltr'><strong>tempore</strong></span> <span class='ocrx_word' id='word_1_911' title='bbox 2805 5519 2901 5574; x_wconf 81' lang='lat' dir='ltr'><strong>quo</strong></span> <span class='ocrx_word' id='word_1_912' title='bbox 2920 5514 2969 5556; x_wconf 80' lang='lat' dir='ltr'><strong>et</strong></span> <span class='ocrx_word' id='word_1_913' title='bbox 2990 5517 3200 5573; x_wconf 82' lang='lat' dir='ltr'><strong>peccare</strong></span> <span class='ocrx_word' id='word_1_914' title='bbox 3221 5499 3450 5579; x_wconf 71' lang='lat' dir='ltr'><strong>potuisti.</strong></span> <span class='ocrx_word' id='word_1_915' title='bbox 3477 5498 3538 5552; x_wconf 84' lang='lat' dir='ltr'><strong>Si</strong></span> <span class='ocrx_word' id='word_1_916' title='bbox 3561 5514 3654 5549; x_wconf 85' lang='lat' dir='ltr'><strong>au-</strong></span> 
     </span>
    </p>
   </div>
   <div class='ocr_carea' id='block_1_116' title="bbox 2083 5573 3661 5647">
    <p class='ocr_par' dir='ltr' id='par_1_116' title="bbox 2083 5573 3661 5647">
     <span class='ocr_line' id='line_1_116' title="bbox 2083 5573 3661 5647; baseline -0.01 -12"><span class='ocrx_word' id='word_1_917' title='bbox 2083 5593 2181 5635; x_wconf 80' lang='lat' dir='ltr'><strong>tem</strong></span> <span class='ocrx_word' id='word_1_918' title='bbox 2209 5583 2279 5634; x_wconf 76' lang='lat' dir='ltr'><strong>ri:</strong></span> <span class='ocrx_word' id='word_1_919' title='bbox 2310 5573 2460 5647; x_wconf 57' lang='lat' dir='ltr'><strong>abere</strong></span> <span class='ocrx_word' id='word_1_920' title='bbox 2500 5573 2845 5647; x_wconf 74' lang='lat' dir='ltr'><strong>pmnitentiam</strong></span> <span class='ocrx_word' id='word_1_921' title='bbox 2893 5582 3010 5624; x_wconf 82' lang='lat' dir='ltr'><strong>tunc</strong></span> <span class='ocrx_word' id='word_1_922' title='bbox 3057 5573 3260 5647; x_wconf 60' lang='lat' dir='ltr'><strong>quando</strong></span> <span class='ocrx_word' id='word_1_923' title='bbox 3308 5583 3517 5639; x_wconf 79' lang='lat' dir='ltr'><strong>peccare</strong></span> <span class='ocrx_word' id='word_1_924' title='bbox 3551 5583 3661 5621; x_wconf 60' lang='lat' dir='ltr'><strong>non</strong></span> 
     </span>
    </p>
   </div>
   <div class='ocr_carea' id='block_1_117' title="bbox 2077 5641 3225 5719">
    <p class='ocr_par' dir='ltr' id='par_1_117' title="bbox 2077 5641 3225 5719">
     <span class='ocr_line' id='line_1_117' title="bbox 2077 5641 3225 5719; baseline -0.011 -14"><span class='ocrx_word' id='word_1_925' title='bbox 2077 5662 2240 5719; x_wconf 78' lang='lat' dir='ltr'><strong>potes,</strong></span> <span class='ocrx_word' id='word_1_926' title='bbox 2273 5641 2476 5719; x_wconf 53' lang='lat' dir='ltr'><strong>pec&#39;mta</strong></span> <span class='ocrx_word' id='word_1_927' title='bbox 2499 5641 2797 5719; x_wconf 63' lang='lat' dir='ltr'><strong>dimiserunt</strong></span> <span class='ocrx_word' id='word_1_928' title='bbox 2825 5652 2887 5704; x_wconf 85' lang='lat' dir='ltr'><strong>te,</strong></span> <span class='ocrx_word' id='word_1_929' title='bbox 2913 5657 3012 5719; x_wconf 72' lang='lat' dir='ltr'><strong>non</strong></span> <span class='ocrx_word' id='word_1_930' title='bbox 3040 5651 3090 5692; x_wconf 83' lang='lat' dir='ltr'><strong>tu</strong></span> <span class='ocrx_word' id='word_1_931' title='bbox 3115 5641 3225 5693; x_wconf 78' lang='lat' dir='ltr'><strong>illa.</strong></span> 
     </span>
    </p>
   </div>
   <div class='ocr_carea' id='block_1_118' title="bbox 2154 5709 3057 5780">
    <p class='ocr_par' dir='ltr' id='par_1_118' title="bbox 2154 5709 3057 5780">
     <span class='ocr_line' id='line_1_118' title="bbox 2154 5709 3057 5780; baseline -0.014 -5"><span class='ocrx_word' id='word_1_932' title='bbox 2154 5719 2179 5757; x_wconf 72' lang='grc' dir='ltr'>ἀ</span> <span class='ocrx_word' id='word_1_933' title='bbox 2206 5709 2632 5773; x_wconf 79' lang='lat' dir='ltr'><strong>Machcrentinus</strong></span> <span class='ocrx_word' id='word_1_934' title='bbox 2661 5712 2786 5780; x_wconf 84' lang='lat' dir='ltr'><strong>legit</strong></span> <span class='ocrx_word' id='word_1_935' title='bbox 2810 5709 3057 5765; x_wconf 84' lang='lat' dir='ltr'><strong>morbum.</strong></span> 
     </span>
    </p>
   </div>
  </div>
