3866 6178
185 352 272 405 te;
1277 348 1635 404 ADVERSUS
1672 350 2043 405 AVARITMM
2084 352 2208 409 un.
2245 351 2285 409 ι.

3299 354 3399 408 ιεσ

181 467 437 527 dilatatur;
466 472 523 518 et
561 464 605 517 si
635 464 814 533 plagas
857 478 1139 519 cancroma
1179 464 1436 531 sequitur,
1479 479 1729 518 tanerum
1763 471 1802 521 Α
1836 463 2034 518 delictis
2063 469 2161 519 tuis
2189 466 2362 537 (Dan.
2406 484 2478 533 tv,
2508 468 2629 539 24).
2679 468 2756 522 Ita
2797 482 2924 536 ergo
2953 478 3007 523 et
3036 470 3133 524 iste
3163 472 3318 528 faciat
3346 482 3401 526 ut

170 569 377 619 necesse
422 561 507 607 est
549 561 904 622 consequantur
942 568 1182 607 occasus.
1236 553 1504 622 Fugienda
1554 554 1731 622 itaque

183 647 387 716 primum
438 644 553 699 haec
598 645 968 714 peccatoribus
1016 644 1152 697 mala
1189 652 1339 707 sunt;
1388 659 1486 699 nec
1526 643 1731 697 dandus

184 740 318 810 221
339 735 554 789 diabolo
574 734 745 800 locus,
769 742 826 788 ut
851 734 942 804 qui
963 741 1166 790 stantes
1189 735 1395 803 impulit
1424 734 1476 787 in
1501 735 1729 797 ruinam,

186 830 339 897 lapsos
362 825 661 895 prtecipitet
706 827 758 879 in
788 833 1035 881 mortem.
1081 825 1234 891 Quod
1273 826 1318 880 si
1348 833 1440 879 aut
1468 834 1613 879 tanta
1650 827 1732 880 vis

187 919 332 974 morbi
356 924 444 971 aut
474 925 623 970 tanta
651 926 970 985 aegrotorum
1007 915 1166 971 fuerit
1188 916 1409 978 incuria,
1440 925 1499 969 ut
1526 917 1731 970 valetuc

184 1010 301 1063 diuis
325 1008 495 1061 labem
527 1021 697 1076 usque
722 1007 787 1061 ad
809 1006 923 1061 dies
943 1007 1159 1061 ultimos
1184 1007 1387 1070 trahat;
1410 1006 1536 1075 quid
1557 1007 1729 1061 dicam

186 1100 367 1163 nescio,
395 1098 525 1168 quid
549 1099 856 1169 promittam
884 1097 1096 1167 penitus
1123 1098 1329 1165 ignoro.
1368 1096 1641 1151 Revocare
1662 1098 1730 1151 ab

185 1189 502 1257 inquisitione
544 1188 716 1241 ultimi
763 1188 983 1242 remedii
1030 1188 1410 1257 periclitantes.
1457 1188 1646 1241 durum
1676 1197 1731 1242 et

185 1280 405 1348 impium;
434 1278 703 1348 spondere
730 1286 906 1333 autem
931 1278 1126 1348 aliquid
1152 1279 1204 1332 in
1229 1286 1336 1332 tam
1357 1294 1475 1333 sera
1497 1279 1730 1334 curatio-

184 1385 267 1433 ne,
294 1368 649 1423 temerarium.
682 1366 787 1422 Sed
813 1368 1003 1424 melius
1033 1378 1208 1424 tamen
1236 1378 1319 1425 est
1346 1370 1544 1438 absque
1566 1369 1727 1423 dubio

182 1461 398 1526 quamvis
422 1459 674 1513 diuturna
703 1460 933 1531 paralysi
962 1461 1137 1516 aridas
1176 1477 1363 1517 manus
1403 1463 1582 1530 aliquo
1610 1469 1728 1516 tan-

180 1550 285 1603 dem
303 1550 415 1604 nisu
434 1549 499 1603 ad
528 1550 720 1604 cmlum
742 1550 893 1617 erigi,
914 1566 1073 1621 quam
1097 1551 1283 1605 lethali
1311 1551 1523 1622 penitus
1542 1552 1729 1622 despe-

180 1640 365 1694 ratione
390 1639 631 1694 dissolvi.
671 1639 859 1695 Melius
888 1650 971 1696 est
1016 1643 1144 1696 nihil
1190 1643 1522 1713 inexpertum
1564 1644 1728 1698 relin-

175 1743 325 1796 quere
348 1743 503 1798 quam
532 1730 853 1785 morientem
883 1741 906 1767 ⁸
938 1732 1078 1785 nulla
1108 1748 1324 1798 curare;
1355 1735 1585 1788 maxime
1603 1734 1728 1803 quia

1834 552 1920 605 ille
1947 553 2096 607 dixit.
2134 552 2322 608 Utatur
2345 557 2733 613 medicamento
2755 559 2843 611 alii
2874 559 3052 614 oblato
3075 560 3140 612 ad
3166 575 3260 614 sua
3290 562 3402 614 vul-

1833 658 1987 709 nera;
2018 655 2265 701 vereatur
2303 649 2650 703 contumacia:
2678 648 3030 704 inobedientis
3068 652 3399 720 exemplum;

1830 732 2026 798 cogitet
2052 733 2176 800 quid
2206 735 2319 803 ipse
2347 735 2417 790 sit
2442 751 2693 805 passurus
2733 738 2786 791 in
2825 748 3028 804 morte,
3060 755 3180 795 cum
3223 740 3401 795 videat

1832 821 1957 889 quid
1986 837 2081 876 rex
2109 822 2355 894 Assyrius
2384 828 2665 895 pertulerit
2709 828 2761 881 in
2793 830 2917 883 vita.
2961 829 3188 884 Evidens
3224 840 3307 886 est
3332 832 3401 887 de

1830 913 2077 981 superbia
2123 929 2186 968 ac
2212 916 2503 971 rebellione
2543 918 2938 973 documentum.
2979 919 3291 977 Consideret
3330 940 3398 978 an

1832 1002 1963 1072 ipse,
1980 1005 2022 1058 si
2044 1020 2149 1057 non
2173 1005 2415 1071 audierit,
2434 1017 2676 1062 mortuus
2689 1025 2946 1064 evasurus
2965 1012 3059 1077 sit;
3083 1028 3202 1065 cum
3224 1014 3401 1068 videat

1829 1095 1971 1163 quod
2000 1111 2095 1150 rex
2125 1098 2211 1150 ille
2239 1098 2330 1166 qui
2361 1115 2466 1153 non
2496 1100 2716 1162 audivit,
2747 1103 2980 1172 seipsum
3008 1105 3159 1157 vivus
3199 1106 3394 1159 amisit.

1828 1184 2029 1239 Oflerat
2051 1202 2185 1259 ergq
2202 1188 2286 1241 vel
2308 1189 2545 1243 moriens
2565 1190 2629 1244 ad
2653 1192 2976 1245 liberandam
2993 1192 3059 1248 de
3080 1195 3400 1263 perennibus

1828 1277 2000 1344 pmnis
2024 1278 2256 1331 animam
2283 1294 2452 1344 suam,
2476 1281 2599 1349 quia
2625 1281 2764 1334 aliud
2788 1281 2897 1349 jam
2928 1299 3033 1336 non
3060 1291 3257 1353 potest,
3289 1286 3398 1338 sal-

1828 1374 1934 1419 tem
1961 1367 2310 1422 suhstantiam
2338 1384 2521 1434 suam;
2551 1371 2645 1424 sed
2673 1370 2861 1424 offerat
2897 1378 3073 1430 tamen
3100 1388 3219 1427 cum
3247 1389 3396 1429 com-

1828 1456 2134 1525 punctione.
2165 1472 2286 1511 cum
2333 1458 2609 1530 laerymis;
2640 1459 2829 1514 offerat
2865 1475 2984 1515 cum
3030 1461 3244 1528 dolore,
3275 1479 3397 1518 cum

1828 1544 1990 1599 luctu.
2049 1543 2219 1599 Aliter
2262 1548 2459 1618 quippe
2505 1549 2682 1604 oblata
2711 1566 2817 1604 non
2847 1560 3107 1620 prosunt:
3137 1553 3260 1622 quia
3290 1568 3397 1606 non

1828 1637 2020 1706 pretio,
2050 1638 2143 1692 sed
2171 1638 2390 1703 affectu,
2422 1641 2651 1709 placent.
2702 1641 2812 1696 Nec
2845 1644 2987 1697 enim
3028 1644 3235 1698 animus
3262 1644 3398 1698 dan-

1831 1730 1897 1783 tis
1924 1730 2080 1794 datis,
2111 1731 2204 1785 sed
2231 1732 2409 1785 animo
2449 1733 2889 1791 commendantur
2924 1735 3076 1799 data;
3109 1749 3207 1788 nec
3234 1750 3395 1804 pecu-

176 1818 337 1872 uescio
363 1832 427 1872 an
473 1818 526 1871 in
556 1821 810 1875 extremis
852 1820 1051 1889 aliquid
1100 1830 1306 1877 tentare
1334 1823 1595 1878 medicina
1622 1824 1722 1889 sit;
1759 1828 1800 1884 Β
1828 1823 1915 1877 nia
1946 1822 2100 1878 fidem
2151 1823 2409 1891 insinuat,
2450 1825 2542 1879 sed
2573 1824 2849 1894 pecuniam
2881 1826 3027 1881 fides.
3069 1825 3145 1881 Ac
3171 1841 3267 1897 per
3292 1827 3397 1881 hoc

171 1915 303 1962 certe
319 1908 445 1962 nihil
472 1916 702 1975 tentare,
730 1911 978 1981 perditio.
1007 1911 1073 1966 Et
1101 1928 1261 1966 unum
1282 1914 1413 1978 scio,
1436 1916 1578 1983 quod
1603 1916 1724 1986 qui-

172 2013 362 2066 cunque
402 1999 455 2052 in
497 1999 637 2055 hanc
680 2001 949 2056 miseriam
994 2002 1134 2069 longi
1180 2004 1447 2071 languoris
1487 2013 1724 2061 extrema

172 2091 478 2158 perduxerit,
506 2090 772 2147 ineffabile
800 2093 944 2151 dictu
987 2104 1070 2149 est
1098 2107 1355 2164 quantum
1388 2098 1723 2153 lamentatio~

172 2181 236 2234 nis
266 2182 532 2237 erroribus
556 2183 666 2237 suis
691 2182 904 2251 debeat,
935 2186 1060 2255 quia
1106 2201 1377 2256 nunquam
1425 2196 1600 2243 errata
1630 2205 1724 2243 ρος

172 2272 356 2339 gnovit.
952 2311 957 2316 -

225 2358 288 2413 Χ.
318 2360 385 2414 Et
410 2362 539 2430 quid
568 2362 706 2418 inter
725 2365 841 2421 haec
863 2365 987 2422 fiet?
1014 2368 1239 2434 Quando
1267 2369 1468 2438 lugebit
1496 2371 1586 2439 qui
1613 2370 1727 2426 dies

175 2451 361 2520 lugendi
391 2455 654 2522 perdidit?
682 2458 897 2524 quando
925 2458 1216 2514 satisfaciet
1234 2460 1323 2528 qui
1347 2468 1553 2531 tempus
1572 2462 1725 2515 satis-

172 2544 394 2597 factionis
414 2546 628 2599 amisit?
657 2546 735 2601 Ad
752 2547 956 2615 jejunia
979 2549 1224 2605 videlicet
1246 2551 1402 2618 longa
1421 2551 1724 2620 confugiet?

174 2632 483 2704 Estquidem
529 2638 633 2692 hoc
677 2640 893 2708 aliquid,
935 2641 979 2696 si
1021 2642 1375 2712 eleemosynis
1420 2643 1720 2706 misceatur.

170 2728 438 2780 secundum
466 2727 592 2782 illud
618 2746 630 2781 :
662 2729 860 2784 Bonum
885 2741 962 2785 est
985 2732 1242 2802 jejunium
1269 2750 1383 2786 cum
1405 2733 1724 2804 elemosyna

173 2813 300 2880 (Tuo.
322 2832 412 2881 xu,
437 2815 513 2887 8).
537 2815 643 2871 Sed
662 2819 932 2886 quomodo
952 2820 1003 2874 ei
1047 2821 1440 2889 exomologesis
1477 2822 1722 2877 diuturna

169 2907 497 2975 opitulabitur
524 2910 577 2963 in
607 2910 863 2966 extremis
883 2911 1023 2966 sito?
1050 2912 1159 2968 Sed
1184 2913 1358 2969 cilicio
1385 2930 1574 2969 carnes
1594 2931 1725 2971 con-

171 3005 286 3051 teret
312 3014 379 3054 ac
424 2999 599 3053 favilla
644 3008 700 3054 et
742 3001 922 3056 cinere
966 3001 1293 3058 sordidabit?
1338 3013 1397 3059 ut
1445 3005 1722 3071 mollitiem

170 3089 395 3144 videlicet
418 3091 701 3160 prteteritte
715 3092 1002 3162 voluptatis
1022 3094 1359 3161 praesentium
1377 3097 1721 3165 asperitatem

1827 1914 1917 1984 qui
1944 1914 2198 1983 prodesse
2227 1915 2326 1968 sibi
2371 1916 2480 1968 vult
2506 1932 2624 1985 quae
2652 1916 2763 1971 Deo
2791 1915 2963 1979 offert,
2994 1917 3096 1985 hoc
3126 1917 3284 1971 modo
3311 1916 3396 1971 of-

1826 2005 1979 2061 ferat.
2030 2006 2214 2075 Neque
2250 2007 2391 2061 cnim
2429 2009 2591 2063 homo
2619 2008 2729 2062 Deo
2758 2016 2974 2078 praestat
3002 2008 3313 2064 beneficium
3341 2010 3396 2063 in

1825 2097 1909 2151 liis
1934 2112 2053 2166 qua:
2079 2097 2326 2161 dederit,
2372 2097 2464 2153 sed
2512 2098 2652 2152 Deus
2680 2099 2733 2152 in
2764 2099 2847 2153 his
2874 2099 3073 2153 homini
3100 2114 3218 2167 quae
3245 2113 3397 2153 acce-

1826 2188 1965 2257 perit
1992 2204 2005 2239 :
2038 2189 2164 2257 quia
2192 2189 2353 2242 etiam
2382 2188 2526 2256 quod
2555 2188 2716 2242 homo
2744 2188 2937 2254 habet,
2970 2189 3062 2243 Dei
3092 2204 3156 2244 ac
3184 2189 3394 2245 Domini

1823 2278 1907 2332 sui
1938 2292 2127 2332 munus
2155 2286 2254 2333 est.
2310 2279 2386 2332 Ac
2417 2294 2509 2347 per
2538 2278 2641 2333 hoc
2672 2279 2722 2331 in
2754 2279 2836 2333 his
2864 2294 2981 2347 qum
3010 2278 3303 2333 offeruntur
3330 2279 3396 2334 ab

1824 2368 2058 2433 homine,
2090 2369 2252 2423 homo
2282 2370 2388 2422 non
2418 2384 2570 2422 suum
2599 2368 2805 2434 reddit,
2841 2368 3094 2423 Damius
3119 2384 3274 2423 suum
3304 2384 3393 2423 re-

1824 2458 1971 2527 cipit.
2027 2456 2211 2527 ltaque
2268 2473 2388 2512 cum
2445 2457 2601 2513 offert
2648 2458 2759 2513 Deo
2802 2458 3069 2528 quispiam
3116 2458 3397 2515 facultates

1824 2562 1965 2605 suas.
1992 2548 2148 2617 223
2172 2562 2276 2600 non
2302 2546 2492 2601 oﬂ‘erat
2516 2548 2667 2616 quasi
2693 2548 3106 2617 praesumptione
3126 2548 3393 2616 donantis,

1823 2636 1917 2691 sed
1944 2637 2096 2705 quasi
2126 2637 2424 2691 humilitate
2443 2638 2730 2700 solventis;
2761 2654 2860 2694 nec
2886 2640 3162 2695 absolvere
3187 2655 3246 2695 se
3274 2656 3394 2710 pec-

1823 2734 1943 2779 cata
1986 2741 2080 2779 sua
2126 2725 2343 2791 credat,
2386 2726 2477 2781 sed
2528 2728 2793 2793 allevare;
2823 2744 2922 2784 nec
2960 2729 3150 2783 offerat
3169 2745 3288 2785 cum
3312 2746 3394 2787 re-

1824 2813 2143 2885 demptionis
2172 2813 2379 2882 fiducia,
2404 2817 2495 2872 sed
2522 2833 2642 2874 eum
2670 2830 2691 2856 ε
2726 2819 3039 2887 placationis
3064 2817 3267 2883 officio;
3299 2835 3395 2876 nec

1824 2907 1977 2975 quasi
2005 2915 2174 2960 totum
2209 2906 2445 2962 debitum
2477 2908 2722 2974 reddens,
2759 2909 2851 2964 sed
2882 2910 3035 2979 quasi
3060 2910 3141 2963 vel
3169 2926 3392 2979 parvum

1824 2998 1890 3052 de
1945 3011 2136 3065 magno
2179 2998 2402 3053 reddere
2447 2998 2700 3069 cupiens:
2749 3000 2873 3068 quia
2923 3000 3084 3054 etiam
3132 3000 3177 3054 si
3221 3001 3394 3054 tradat
3488 3018 3498 3024 ”

1824 3087 1969 3155 quod
1997 3088 2160 3143 habet
2195 3105 2292 3158 pro
2321 3090 2482 3145 modo
2511 3106 2711 3156 rerum,
2741 3108 2847 3145 non
2878 3090 3047 3145 reddit
3068 3091 3209 3160 quod
3237 3091 3392 3147 debet

169 3178 279 3232 dura
323 3189 697 3251 compensent,
742 3189 800 3236 et
840 3189 1046 3236 reatum
1094 3183 1368 3251 longarum
1414 3184 1722 3240 deliciarum
1751 3188 1796 3249 ο
1824 3193 1923 3248 pro
1952 3180 2314 3249 magnitudine
2349 3190 2709 3250 peccatorum.
2763 3182 2830 3235 Et
2856 3182 2998 3250 ideo,
3031 3184 3156 3238 licet
3183 3182 3391 3250 offerat,

169 3270 320 3326 oflicio
341 3274 728 3342 patrocinantis
745 3274 919 3329 solvat
938 3273 962 3311 δ
991 3274 1224 3329 incuriae.
1249 3275 1351 3330 Sed
1372 3277 1588 3345 quando
1609 3278 1723 3333 hate

172 3366 258 3413 tam
283 3361 507 3429 grandia
536 3361 692 3416 fac'et
710 3402 726 3425 ,
757 3362 929 3417 vicino
952 3361 1063 3429 jam
1091 3364 1239 3418 exitu
1266 3364 1428 3419 etiam
1455 3380 1486 3419 a
1515 3366 1722 3421 medio-

170 3450 312 3505 crium
338 3452 557 3507 actione
584 3452 880 3507 disclusus?
926 3450 1186 3508 Crucibus
1226 3454 1458 3523 denique
1483 3455 1722 3510 diversa-

171 3558 266 3596 rum
308 3559 672 3598 aerumnamm
738 3559 888 3599 reum
935 3544 988 3598 in
1028 3560 1127 3603 suo
1175 3560 1399 3615 corpore
1451 3546 1723 3601 hominem

168 3632 304 3700 iudex
332 3635 462 3690 fidei
488 3635 745 3689 severitas
778 3634 1096 3703 subjugabit,
1129 3643 1186 3690 ut
1211 3635 1592 3703 indulgentiam
1620 3637 1725 3693 sei-

122 3782 125 3785 λ
169 3724 272 3779 ﬂeet
295 3726 650 3782 absolutionis
675 3735 889 3781 (eterna:
915 3726 1192 3796 praesentis
1216 3741 1391 3796 pmnae
1433 3727 1725 3782 ambitione

169 3824 437 3870 mereatur.
459 3813 564 3870 Sed
584 3814 861 3879 fatiscente
875 3816 986 3885 jam
1007 3831 1253 3885 corpore.
1278 3816 1367 3870 ubi
1391 3819 1550 3887 222
1576 3832 1725 3872 exer-

169 3904 289 3959 cebit
309 3906 660 3962 districtionis
686 3904 921 3960 oflicium
947 3920 1141 3962 censor
1168 3906 1410 3960 animus?
1448 3904 1535 3961 Uti
1580 3907 1722 3961 enim

169 3995 451 4051 severitatis
475 3996 699 4051 arbitrio
721 3994 889 4064 judex
931 4012 1043 4051 non
1084 4004 1294 4066 potest,
1342 3996 1556 4066 quando
1601 4012 1724 4051 reus

169 4083 369 4151 iamnon
383 4088 616 4143 sustinet
624 4087 871 4157 judicari.
904 4087 1079 4144 Unum
1101 4102 1231 4157 ergo
1253 4096 1336 4144 est
1354 4088 1499 4157 quod
1518 4089 1725 4144 amissis

170 4176 388 4232 omnibus
417 4177 741 4247 adiumentis
767 4177 927 4246 atque
954 4178 1202 4234 subsidiis
1236 4179 1447 4233 nutanti
1475 4194 1538 4233 ae
1562 4178 1726 4234 desti-

170 4274 268 4322 tuto
305 4272 559 4340 opitulari
603 4278 787 4340 queat,
818 4280 877 4326 ut
920 4270 1193 4340 confugiat
1237 4271 1441 4327 scilicet
1484 4271 1551 4325 ad
1597 4270 1726 4326 illud

171 4355 434 4416 beatissimi
457 4361 695 4416 Danielis
719 4375 927 4416 sacrum
950 4376 1014 4418 ac
1048 4361 1261 4418 salubre
1288 4362 1567 4417 consilium
1592 4379 1605 4414 :
1634 4363 1725 4431 qui

168 4446 439 4521 Babylonio
466 4453 581 4520 regi
602 4452 802 4507 mederi
832 4451 1032 4517 volens,
1057 4452 1324 4508 ulceribus
1342 4452 1408 4508 de
1429 4451 1724 4508 offensione

1825 3278 1945 3325 oret
1970 3270 2134 3324 Deum
2164 3279 2223 3326 ut
2243 3287 2339 3326 sua
2368 3272 2577 3341 placeat
2604 3273 2825 3339 oblatio,
2855 3274 3114 3342 plangens
3142 3274 3193 3328 id
3224 3274 3392 3343 ipsum

1823 3360 1967 3429 quod
2014 3360 2162 3427 tarde
2205 3361 2395 3425 oflert,
2445 3362 2702 3431 plangens
2729 3378 2792 3417 ac
2828 3364 3091 3433 put-nitens
3118 3362 3261 3431 quod
3287 3379 3392 3417 non

1824 3452 2001 3520 prius;
2051 3453 2232 3519 sicque
2274 3453 2377 3507 erit
2422 3460 2481 3506 ut
2516 3453 2666 3521 juxta
2714 3453 3028 3522 prophetam
3076 3454 3395 3524 propitietur

1821 3538 2040 3595 forsitan
2071 3541 2210 3595 Deus
2238 3539 2263 3577 τί
2294 3542 2501 3597 delictis
2527 3542 2654 3596 suis.

1894 3631 1984 3686 XI.
2024 3633 2129 3688 Sed
2157 3634 2284 3689 dicit
2324 3633 2513 3702 aliquis
2543 3651 2555 3685 :
2598 3633 2789 3687 Totum
2819 3647 2947 3702 ergo
2977 3633 3085 3687 Deo
3115 3634 3392 3688 oblaturus

1823 3732 1905 3777 est
1945 3724 2088 3791 quod
2134 3724 2333 3779 habet?
2378 3723 2491 3777 Non
2540 3721 2727 3789 offerat
2770 3730 2942 3778 totum
2968 3724 3110 3792 quod
3139 3724 3318 3788 habet,
3346 3724 3392 3777 si

1826 3830 1932 3867 non
1961 3823 2114 3883 putat
2150 3830 2207 3868 se
2242 3814 2437 3869 debere
2477 3822 2647 3869 totum
2674 3814 2818 3883 quod
2845 3814 3024 3869 habet.
3066 3814 3180 3868 Non
3209 3828 3391 3883 qumro

1824 3903 1977 3973 cujus
2003 3905 2072 3958 sit
2097 3904 2238 3973 quod
2269 3904 2508 3969 offertur,
2550 3905 2634 3960 vel
2675 3921 2706 3959 a
2733 3921 2841 3975 quo
2869 3907 2938 3960 sit
2964 3915 3240 3976 acceptum
3267 3916 3393 3962 ante

1823 3994 1966 4065 quod
1996 3994 2252 4049 redditur.
2320 3994 2433 4053 Hoc
2461 3995 2581 4050 dico
2621 3996 2792 4051 solum
2812 4039 2826 4061 ,
2872 4012 2975 4051 non
3004 3996 3193 4052 oderat
3223 4006 3392 4051 totum

1825 4100 1923 4154 pro
1948 4086 2159 4149 debito,
2201 4087 2245 4139 si
2279 4086 2476 4140 debere
2502 4101 2561 4139 se
2590 4094 2757 4141 totum
2787 4101 2892 4141 non
2922 4095 3070 4155 putat
3095 4103 3191 4155 pro
3220 4095 3392 4140 reatu.

1826 4174 2015 4229 Totum
2046 4189 2191 4243 ergo,
2219 4185 2241 4212 ε
2265 4176 2434 4243 inquit
2455 4175 2678 4243 aliquis,
2706 4183 2958 4244 peccator
2978 4176 3252 4229 oblaturus
3278 4176 3393 4230 est?

1823 4265 1990 4321 Immo
2011 4266 2171 4330 nihil,
2201 4265 2245 4319 si
2268 4281 2372 4319 non
2394 4280 2513 4319 eum
2537 4263 2667 4329 fide;
2690 4266 2850 4319 immo
2873 4265 3031 4329 nihil,
3062 4265 3104 4319 si
3137 4280 3241 4318 non
3269 4280 3389 4318 eum

1823 4358 2057 4423 ambitu;
2092 4358 2250 4411 immo
2278 4357 2408 4412 nihil
2427 4395 2443 4421 ,
2473 4357 2519 4410 si
2546 4371 2652 4411 non
2682 4371 2802 4412 cum
2828 4372 3013 4426 prece;
3046 4357 3207 4412 immo
3237 4357 3388 4425 nihil,

1825 4450 1868 4505 si
1899 4463 2002 4503 non
2044 4449 2147 4503 hoc
2192 4448 2371 4503 animo
2416 4455 2473 4501 ut
2510 4448 2613 4502 hoc
2640 4447 2811 4516 ipsum
2841 4448 2978 4502 inter
3003 4447 3263 4518 praecipua
3294 4447 3388 4502 Dei

171 4544 435 4598 contractis
452 4544 720 4611 malagma
741 4542 808 4596 de
826 4542 1170 4598 miSeratioue
1188 4545 1489 4613 composuit
1508 4543 1721 4600 dicens:
1756 4547 1800 4601 Ι)
1827 4539 2081 4595 beneficia
2129 4547 2340 4608 reputet
2382 4538 2525 4607 quod
2570 4538 2804 4594 animum
2851 4537 3105 4593 afferendi
3140 4538 3303 4601 dedit,
3334 4544 3390 4592 et

170 4625 367 4699 Propter
412 4632 571 4703 quod,
612 4646 726 4696 rex,
752 4632 1022 4686 consilium
1063 4649 1230 4686 meum
1271 4633 1472 4702 placeat
1510 4633 1634 4697 tibi,
1673 4643 1722 4686 et

168 4728 353 4782 portata
374 4730 464 4774 tua
484 4723 537 4774 in
565 4720 935 4775 misericordiis
956 4720 1178 4787 redime,
1207 4730 1256 4776 et
1284 4723 1335 4775 in
1334 4722 1567 4792 justitiaa
1606 4732 1721 4776 tua:

170 4805 213 4859 in
234 4810 581 4864 miserationes
613 4826 915 4883 pauperum.
940 4809 1187 4866 Fortasse
1222 4814 1320 4866 erit
1354 4815 1553 4883 patient
1580 4811 1721 4868 Deus

1826 4632 1944 4701 plus
1971 4632 2073 4686 sibi
2100 4631 2152 4685 in
2185 4632 2268 4687 his
2294 4646 2412 4700 qua:
2450 4630 2560 4686 Deo
2596 4631 2846 4699 relinquit
2874 4630 3112 4700 praestari
3139 4630 3385 4692 aestimet,

1824 4736 1981 4792 quam
2012 4721 2063 4779 in
2091 4719 2195 4774 illis
2244 4735 2363 4787 quae
2399 4721 2544 4789 prius
2580 4720 2785 4773 habuit.
2836 4719 2968 4784 Quia
2994 4719 3101 4773 hoc
3125 4718 3268 4787 quod
3297 4719 3391 4772 ha-

1824 4815 1981 4869 betur
2007 4812 2075 4866 ab
2103 4810 2339 4873 homine,
2371 4811 2751 4880 temporarium
2771 4817 2882 4875 est;
2912 4810 3055 4878 quod
3075 4818 3252 4866 autem
3278 4810 3391 4866 Deo

1309 4922 1637 4982 STEPHANI
1674 4927 1939 4983 BALUZII
1976 4925 2201 4982 NOTAE.

234 5043 257 5070 ι
279 5034 439 5090 Vetus
468 5036 636 5091 codex
666 5036 846 5104 regius
884 5035 961 5091 sic
987 5035 1112 5090 olim
1161 5036 1414 5092 habebat.
1445 5037 1636 5092 Verum
1667 5040 1720 5094 id

169 5104 489 5177 emendatum
514 5114 617 5177 est,
650 5115 706 5160 et
731 5120 830 5177 pro
852 5106 1317 5177 Anuuagrepositum
1347 5117 1430 5161 est
1449 5110 1607 5163 nullo.

228 5172 255 5245 Ρ
292 5172 366 5227 Ita
394 5172 819 5245 correximus'ex
846 5175 1059 5245 ingenio
1076 5172 1104 5240 ,’
1121 5189 1241 5245 eum
1270 5185 1423 5230 antea
1454 5177 1720 5245 legeretur

169 5242 372 5315 injuritr.
402 5243 556 5300 Sicut
581 5244 723 5315 enim
750 5242 1027 5315 mollitiem
1060 5244 1345 5314 voluptatis
1380 5242 1603 5315 opponit
1630 5265 1717 5299 as-

168 5312 482 5378 peritatibus,
508 5315 584 5368 sic
612 5313 797 5382 longas
823 5313 1039 5367 delicias
1068 5312 1303 5368 incurize.
1337 5312 1545 5382 Alioqui
1577 5318 1716 5370 enim

167 5395 263 5453 vox
281 5384 488 5453 injuria
515 5383 716 5453 nullum
744 5382 833 5453 h_ic
852 5384 1047 5437 bonum
1075 5400 1287 5439 sensum
1311 5384 1454 5439 facit.
1479 5384 1567 5440 Sic
1590 5385 1717 5440 Ter-

170 5450 401 5523 tullian'us
425 5452 646 5523 inlibro
675 5452 742 5523 de
770 5450 1107 5523 Pmnitt-ntia,
1140 5470 1255 5523 cap.
1284 5454 1334 5516 9,
1368 5455 1523 5509 docet
1554 5457 1714 5509 moris

169 5518 312 5591 fuisse
336 5522 463 5575 olim
498 5521 549 5575 in
577 5520 814 5576 Ecclesia
846 5531 901 5575 ut
929 5523 971 5575 is
999 5524 1086 5590 qui
1117 5518 1529 5591 exomologesim
1558 5526 1714 5577 facie-

169 5588 275 5661 bat,
322 5605 480 5645 sacco
511 5599 563 5661 et
588 5591 756 5646 cineri
786 5588 1055 5661 incubarét
1075 5631 1090 5657 ,
1120 5588 1417 5661 corpusque
1472 5595 1715 5647 sordibus

168 5656 477 5730 obscuraret.
513 5658 577 5712 Et
604 5660 655 5713 in
676 5660 867 5730 pagina
896 5663 1169 5730 superiore
1198 5656 1474 5717 Salvi-anus
1496 5663 1715 5715 danunt-

168 5728 231 5779 vit
254 5738 572 5797 aegrotorum
592 5728 850 5787 incuriam
877 5748 889 5783 :
915 5728 1061 5793 Quod
1081 5732 1122 5783 si
1150 5742 1235 5784 aut
1258 5740 1401 5783 tanta
1428 5735 1499 5787 vis
1529 5733 1709 5796 morbi,

1819 5049 1909 5094 aut
1937 5049 2081 5120 tanta
2101 5047 2418 5120 ingruerunt
2443 5040 2596 5120 fuerit
2622 5037 2842 5120 incuria.
2884 5097 2893 5104 ,

1894 5121 1915 5149 ε
1947 5110 2023 5163 lta
2049 5107 2263 5182 codices
2290 5107 2452 5182 regii.
2470 5107 2810 5164 Colhertinus
2835 5120 2889 5166 et
2916 5110 3085 5182 prima
3112 5112 3275 5167 editio
3296 5111 3390 5164 ha-

1818 5179 1959 5249 benti
1972 5178 2382 5249 supplicationis.

1850 5277 1857 5283 -
1891 5248 1915 5322 ξ
1943 5248 2002 5322 l_n
2030 5246 2215 5322 codice
2242 5246 2553 5303 Colbertino
2591 5252 2846 5322 scriptum
2892 5251 3067 5322 primo
3096 5250 3195 5305 fuit
3227 5252 3344 5322 tuis
3368 5266 3386 5299 .-

1820 5317 1912 5391 sed
1958 5318 2446 5391 istud_ex_punctum
2474 5327 2575 5383 est,
2606 5331 2661 5376 ct
2687 5317 2846 5391 supra
2894 5317 3088 5376 lineam
3134 5321 3386 5391 scriptum

1820 5387 1954 5467 ejus,
1975 5386 2119 5455 quod
2146 5386 2371 5443 obscure
2392 5392 2669 5445 annotavit
2691 5386 2929 5447 Pithoeus
2950 5393 3002 5446 in
3024 5386 3260 5459 margine
3279 5389 3389 5443 edi-

1823 5464 1983 5512 tionis
2003 5472 2128 5511 SUCO.

1899 5535 1921 5600 ξ
1950 5525 2132 5580 Codex
2162 5523 2396 5600 Colhert.
2426 5545 2437 5578 :
2474 5529 2634 5599 inquit
2670 5532 2894 5599 quamvis
2942 5536 3178 5600 peccator
3205 5527 3389 5600 aliquis

1826 5595 2089 5649 oblaturus
2119 5606 2223 5669 est.
2257 5596 2422 5669 vrtus
2473 5595 2635 5652 editio
2667 5595 2865 5669 {inquit
2917 5595 3389 5669 dliquistquumris

1825 5681 2128 5735 magnorum
2150 5666 2416 5720 crimimun
2439 5686 2570 5733 rcus,
2589 5665 2848 5722 oblaturus
2863 5665 3111 5721 ostiolum
3136 5665 3321 5720 Domit:
3343 5667 3396 5717 il’

1826 5733 1992 5794 Immo
2017 5735 2166 5798 nihil.
2196 5744 2297 5789 etc.
