3866 6178
430 351 530 406 187

1345 347 1402 405 8.
1444 341 1756 404 ΞΔῙΝΙΑΝΙ
1792 346 2251 403 MASSILIENSIS
2288 344 2712 403 PRESBYTER!

3576 352 3675 406 £88

427 463 765 533 relinquitur,
814 462 1214 531 sempiternum.
1274 458 1467 515 Totum
1490 503 1505 526 ,
1567 460 1740 531 inquit
1784 460 1997 529 aliquis,
2027 466 2075 522 Α
2101 460 2227 528 quid
2256 475 2354 529 pro
2400 459 2697 514 maledictis
2746 469 2909 528 atque
2943 458 3218 529 periuriis,
3250 458 3377 530 quid
3404 475 3504 530 pro
3534 469 3560 499 ⁸
3590 479 3677 517 ne-

432 555 706 609 oblaturus
749 552 868 606 est?
913 551 981 605 At
1024 565 1125 620 ego
1168 551 1289 606 dico
1303 566 1441 627 ’esse
1468 553 1572 607 hoc
1593 560 1762 607 totum
1792 566 1998 621 parum.

430 642 567 709 Quid
595 642 735 697 enim
758 640 871 709 jam
899 640 999 696 scit
1022 639 1211 708 aliquis
1239 653 1306 693 an
1330 648 1672 709 peccatorum
1697 652 2002 694 mensuram

431 731 615 787 oblata
652 730 1039 798 compensent?
1080 728 1193 797 jam
1236 730 1336 784 scit
1381 729 1573 799 aliquis
1612 744 1680 782 an
1707 736 1908 783 tantum
1935 728 2005 782 sit

432 822 484 875 in
517 819 696 875 oﬂicio
740 819 1057 889 placationis
1084 827 1341 887 quantum
1383 828 1465 874 est
1492 821 1545 873 in
1574 820 1868 876 offensione
1892 820 2003 876 dis-

430 910 708 964 criminis?
748 908 806 964 Si
847 910 997 963 novit
1028 909 1307 978 quisquam
1345 909 1621 964 hominum
1663 918 2005 980 peccatorum

431 1010 634 1072 quanto
681 1000 944 1065 redimere
987 1000 1181 1055 delicta
1226 1001 1414 1070 possit,
1465 1008 1646 1055 utatur
1688 1002 1909 1056 scientia
1938 1001 2006 1056 ad

434 1089 875 1158 redemptionem.
917 1088 974 1143 Si
1002 1104 1131 1144 vero
1157 1090 1355 1155 nescit,
1386 1105 1482 1145 cur
1507 1105 1615 1143 non
1643 1097 1847 1145 tantum
1876 1090 2009 1145 olfe-

436 1188 518 1235 tat
545 1188 799 1249 quantum
831 1179 994 1251 224
1018 1180 1233 1248 potest?
1261 1187 1317 1233 ut
1344 1181 1390 1235 si
1409 1195 1759 1250 compensare
1785 1190 2007 1250 peccata

438 1284 544 1323 non
572 1269 716 1323 valet
739 1270 899 1339 pretii
938 1269 1302 1337 magnitudine
1325 1309 1339 1333 ,
1389 1269 1578 1324 saltem
1612 1271 1806 1325 mentis
1845 1270 2010 1325 devo-

439 1361 584 1415 tione
626 1370 956 1430 compenset.
1018 1359 1318 1415 Perfectum
1363 1361 1505 1414 enim
1533 1362 1872 1416 conscientia:
1899 1363 2008 1416 fru-

436 1457 581 1503 ctum
625 1450 862 1513 exhibet,
894 1450 988 1520 qui
1033 1450 1171 1505 intra
1215 1451 1596 1505 conscientiam
1637 1452 1709 1505 nil
1735 1452 2005 1523 relinquit.

438 1539 581 1593 Dura
625 1540 866 1594 nonnulli
911 1540 1027 1594 hzec
1072 1540 1273 1609 absque
1311 1540 1473 1595 dubio
1520 1549 1575 1596 et
1626 1542 2009 1597 immensurata

437 1637 757 1696 caueantur;
810 1631 1042 1684 maxime
1087 1631 1213 1699 quia
1262 1632 1525 1700 propheta
1568 1632 1615 1687 is
1642 1632 1709 1688 de
1737 1648 1844 1703 quo
1869 1633 2009 1689 dixi-

439 1733 584 1783 mus,
616 1718 964 1790 Babylonium
994 1733 1175 1788 regem
1195 1720 1300 1774 hoc
1326 1727 1533 1775 tantum
1562 1721 1902 1778 admonuisse
1931 1723 2011 1778 vi-

2103 546 2369 618 gligentiis
2397 549 2811 617 cogitationum,
2855 547 2983 617 quid
3018 565 3116 618 pro
3144 549 3452 618 impuritate
3478 565 3679 606 sermo-

2104 654 2252 704 num,
2276 639 2402 709 quid
2430 654 2526 709 pro
2555 640 2701 694 omni
2730 639 2959 708 denique
2978 640 3132 694 malae
3153 640 3445 696 voluntatis
3465 639 3681 697 affectu.

2104 732 2255 787 Adde
2284 740 2555 802 postremo
2585 732 2744 786 etiam
2776 731 2819 785 si
2845 732 3022 800 aliqua
3050 731 3116 787 de
3136 731 3217 785 his
3238 732 3376 786 intra
3398 735 3685 791 conscien-

2105 824 2235 877 tiam
2264 831 2412 877 tuam
2439 830 2564 876 sunt
2584 822 2650 876 de
2679 822 2873 889 quibus
2900 822 3187 890 Apostolus
3213 822 3362 887 dicit,
3393 824 3678 891 adulteria,

2104 911 2521 974 fornicationes,
2575 910 2947 980 impudicitire,
2997 911 3313 977 ebrietates,
3346 913 3682 968 immunditia

2106 1001 2218 1056 Deo
2256 1016 2419 1056 exosa
2468 998 2607 1071 (Gal.
2635 1016 2693 1065 v,
2722 998 2807 1064 l9,
2838 999 2928 1071 20)
2947 1040 2962 1066 ,
3009 1001 3231 1054 avaritia
3260 1000 3281 1039 ί
3313 1002 3580 1057 idolatriae
3607 1003 3689 1057 fa-
3718 998 3725 1003 ’

2106 1090 2270 1152 mula,
2299 1101 2354 1143 et
2378 1097 2502 1158 post
2532 1089 2646 1143 haec
2672 1089 2848 1157 aliqua
2876 1087 3014 1143 forte
3040 1090 3264 1145 crimina
3291 1090 3454 1145 etiam
3482 1092 3552 1147 de
3579 1092 3683 1147 hu-

2108 1181 2252 1234 mani
2276 1180 2548 1248 sanguinis
2572 1179 2831 1234 cﬂ'usione
2849 1188 3144 1235 contracta.
3174 1178 3415 1250 Cumque
3444 1184 3686 1238 omnium

2106 1271 2482 1341 supputareris
2521 1284 2798 1324 numerum
2816 1310 2830 1334 ,
2859 1269 3102 1339 expende
3127 1270 3299 1340 pretia
3328 1273 3683 1340 singulorum.

2108 1359 2176 1414 Et
2203 1368 2326 1431 post
2355 1361 2468 1416 hmc
2509 1376 2616 1415 non
2644 1375 2824 1429 quaero
2872 1368 2931 1414 ut
2974 1377 3073 1431 pro
3116 1362 3352 1431 peccatis
3379 1364 3486 1419 tuis
3512 1373 3689 1419 totum

2109 1451 2221 1508 Deo
2248 1452 2425 1521 tradas
2449 1451 2593 1520 quod
2620 1451 2817 1518 babes;
2878 1452 2984 1507 hoc
3019 1453 3192 1507 solum
3226 1454 3390 1509 redde
3414 1456 3558 1524 quod
3589 1456 3689 1512 de-

2108 1538 2223 1603 bes,
2255 1549 2279 1587 8
2315 1541 2361 1595 si
2410 1549 2566 1610 potes
2601 1540 2865 1594 aestimare
2894 1541 3039 1609 quod
3068 1541 3283 1597 debeas.
3323 1543 3478 1599 Addo
3505 1554 3690 1601 autem

2108 1639 2230 1700 post
2258 1631 2356 1683 ista
2403 1630 2581 1685 omnia
2606 1669 2621 1695 ,
2674 1630 2816 1700 quod
2870 1646 2991 1685 cum
3038 1634 3349 1688 tractaveris
3374 1634 3567 1690 delicta
3597 1645 3688 1691 tua

2110 1726 2271 1788 atque
2298 1719 2563 1774 taxaveris
2583 1761 2599 1785 ,
2654 1727 2802 1774 tanto
2849 1720 2968 1789 plus
2995 1736 3095 1790 pro
3141 1723 3297 1778 malis
3335 1725 3443 1779 tuis
3467 1725 3695 1783 debebis

440 1809 630 1864 deatur
656 1817 716 1863 ut
752 1809 919 1864 multa
947 1809 1200 1873 donaret,
1231 1824 1339 1864 non
1364 1817 1422 1865 ut
1458 1812 1703 1866 universa
1743 1813 2007 1868 distrahe-
2038 1820 2085 1879 Β
2109 1816 2310 1876 quanto
2354 1819 2572 1877 peccata
2624 1820 2709 1863 tua
2758 1809 2915 1864 vilius
2951 1810 3253 1866 testimaris.‘
3289 1810 3319 1850 δ
3364 1811 3692 1881 Quomodo?

441 1908 543 1954 ret.
584 1900 700 1955 Non
729 1899 944 1971 profero
988 1900 1198 1954 interim
1239 1899 1544 1954 testimonia
1580 1900 1882 1970 Evangelii,
1912 1918 2014 1958 nec

441 1988 688 2058 confugio
715 1990 780 2044 ad
811 2004 998 2045 vocem
1025 1988 1292 2059 loquentis
1327 1988 1422 2044 Dei
1462 1989 1515 2043 in
1541 1991 1706 2045 sacris
1726 1991 2013 2045 volumini-

446 2079 564 2134 bus.
606 2079 723 2135 Non
770 2079 892 2134 dico
938 2079 1335 2145 aliud—vetere,
1384 2079 1524 2134 aliud
1563 2095 1699 2134 nova
1729 2080 1847 2149 lege
1874 2096 2013 2150 prte-

443 2176 679 2237 ceptum.
723 2167 874 2223 Unde
901 2169 1064 2223 etiam
1093 2168 1380 2239 Apostolus
1406 2187 1419 2222 :
1448 2168 1601 2237 Ecce,
1634 2172 1823 2238 inquit,
1846 2183 2014 2227 cetera

443 2260 753 2314 transierunt
786 2278 804 2313 :
834 2262 976 2332 facta
1018 2269 1140 2316 sunt
1174 2264 1350 2317 omnia
1388 2277 1540 2315 nova.
1575 2270 1600 2300 ι
1628 2260 1816 2317 Omnia
1843 2275 2015 2320 autem

443 2366 507 2406 ea:
528 2351 637 2406 Deo
664 2351 730 2421 (II
749 2350 869 2407 Cor.
901 2368 954 2418 v,
986 2351 1071 2418 l7,
1105 2352 1216 2424 l8).
1256 2352 1456 2419 Quibus
1477 2354 1661 2423 utique
1680 2354 1837 2410 dictis
1859 2354 2017 2411 docet

445 2458 550 2496 non
577 2450 760 2498 vetera
799 2443 1089 2499 secundum
1127 2444 1394 2511 litteram,
1432 2446 1527 2500 sed
1551 2461 1687 2501 nova
1724 2447 2015 2502 secundum

447 2534 610 2587 Deum
635 2548 751 2588 esse
777 2532 1036 2588 facienda.
1068 2532 1184 2588 Hoc
1208 2533 1324 2588 solo
1351 2534 1560 2589 interim
1588 2543 1870 2591 contentus
1898 2553 2017 2591 sum

446 2623 588 2695 quod
616 2625 878 2695 propheta
914 2624 1067 2679 dixit.
1109 2624 1298 2680 Sermo
1326 2626 1469 2679 enim
1495 2626 1545 2681 ei
1580 2642 1702 2681 cum
1729 2641 1855 2696 rege
1880 2637 2015 2695 erat,

447 2724 501 2769 et
543 2715 758 2784 quidem
806 2731 927 2771 cum
970 2729 1097 2785 rege
1142 2731 1248 2771 non
1297 2717 1452 2771 unius
1479 2717 1656 2784 urbis,
1685 2720 1779 2777 sed
1806 2729 1865 2773 ut
1893 2728 2019 2776 tunc

450 2803 728 2860 videbatur
756 2806 922 2860 totius
950 2806 1123 2871 orbis;
1155 2805 1181 2844 δ
1211 2807 1301 2875 qui
1330 2807 1516 2876 utique
1542 2823 1651 2863 non
1688 2816 1901 2880 poterat
1927 2826 2019 2880 po-

451 2894 606 2963 pulos
632 2909 770 2963 quos
796 2895 1018 2964 regebat
1044 2910 1142 2966 per
1170 2904 1544 2951 testamentum
1577 2899 1759 2966 egenis
1786 2898 2015 2965 tradere,

450 2993 507 3038 et
553 2984 800 3040 nationes
846 2985 1101 3042 barbaras
1155 2985 1512 3055 indigentibus
1562 2988 1715 3059 quasi
1774 3004 2021 3045 nummos

450 3074 581 3130 dare
601 3116 619 3142 ,
649 3081 744 3129 aut
787 3075 843 3130 in
887 3091 1181 3146 pauperum
1226 3077 1393 3148 stipes
1418 3075 1608 3133 diﬂusa
1638 3078 1795 3147 longe
1823 3094 1887 3137 ac
1913 3079 2021 3135 late

2113 1896 2373 1962 Quoniam
2396 1898 2480 1969 qui
2508 1915 2580 1963 se,
2613 1898 2785 1968 inquit
2810 1896 3129 1968 Apostolus,
3171 1904 3434 1957 existimat
3455 1921 3567 1960 esse
3593 1907 3694 1960 ali-

2111 1988 2235 2060 quid
2254 2003 2370 2042 cum
2391 1989 2521 2042 nihil
2548 1991 2636 2055 sit,
2655 1991 2874 2060 seipsum
2893 1992 3090 2046 seducit
3114 1992 3253 2063 (Cal.
3277 2011 3347 2059 Vl,
3379 1995 3456 2066 '5).
3488 1994 3561 2051 Ut
3586 2013 3694 2053 non

2112 2077 2287 2132 dicam
2312 2078 2405 2131 tibi
2454 2079 2597 2146 quod
2642 2080 2754 2148 regi
2784 2080 2858 2133 illi
2890 2081 3097 2136 victuro
3137 2082 3328 2150 adhuc,
3360 2094 3415 2139 et
3442 2084 3583 2141 forte
3604 2087 3695 2156 ju-

2112 2167 2254 2223 veni.
2286 2174 2345 2221 ut
2380 2166 2654 2223 festinaret
2684 2177 2859 2224 tamen
2889 2181 3109 2240 peccata
3136 2188 3234 2227 sua
3261 2175 3526 2232 redimere
3555 2195 3695 2249 pne.

2113 2268 2325 2330 ceptum
2355 2270 2456 2316 est.
2498 2260 2577 2315 Tu
2606 2270 2783 2316 autem
2815 2271 2963 2319 tanto
2991 2265 3110 2334 plus
3134 2282 3233 2336 pro
3262 2275 3314 2323 te
3342 2268 3523 2331 debes,
3547 2273 3695 2341 quod

2114 2350 2229 2405 haec
2275 2351 2357 2405 vel
2402 2351 2636 2406 moriens
2678 2350 2808 2408 facis
2853 2353 2937 2408 vel
2977 2353 3089 2422 jam
3131 2355 3349 2425 jamque
3376 2360 3690 2416 moriturus.

2114 2438 2342 2514 Grandis
2386 2442 2527 2496 enim
2583 2440 2952 2499 muniﬁcentia
2990 2459 3055 2501 ac
3099 2444 3312 2502 devotio
3363 2447 3540 2504 futura
3588 2462 3696 2518 est,

2115 2547 2233 2602 quas
2260 2533 2428 2602 possit
2474 2533 2527 2587 id
2574 2549 2951 2604 compensare,
3000 2537 3144 2606 quod
3188 2537 3301 2595 hzec
3335 2548 3446 2595 tum
3474 2541 3697 2598 demum

2116 2621 2343 2676 Domino
2372 2629 2464 2677 tuo
2503 2623 2679 2679 reddis
2715 2625 2932 2693 quando
2960 2622 3158 2684 habere
3187 2630 3300 2699 ipse
3319 2630 3429 2699 jam
3459 2649 3568 2688 non
3596 2649 3701 2703 po-

2119 2720 2225 2777 tes;
2255 2712 2547 2782 prmsertim
2571 2728 2691 2768 cum
2716 2713 2944 2769 addatur
2972 2715 3040 2770 ad
3068 2718 3168 2771 ista
3200 2721 3376 2774 omnia
3404 2723 3546 2790 quod
3569 2739 3702 2793 pro-

2114 2805 2277 2875 pheta
2302 2805 2418 2874 ipse
2443 2805 2536 2873 qui
2573 2819 2754 2874 regem
2793 2805 2940 2860 illum
2969 2807 3036 2862 ad
3065 2808 3488 2880 redemptionem
3522 2816 3706 2869 crimi«

2117 2911 2246 2951 num
2272 2903 2451 2961 vocat,
2481 2910 2580 2967 per
2606 2896 2721 2952 haec
2750 2896 2866 2967 ipsa
2893 2911 3014 2966 quae
3039 2897 3168 2954 dicit
3194 2900 3391 2957 debere
3419 2902 3553 2970 lieri,
3587 2920 3702 2960 non

2117 2994 2227 3041 tam
2255 2986 2306 3041 ei
2331 2987 2502 3041 venite
2547 2989 2710 3060 226
2760 2988 3101 3045 securitatem
3139 3005 3299 3061 quam
3337 2994 3482 3049 viam
3528 2995 3703 3066 inqui-

2117 3078 2299 3135 renda:
2325 3078 2515 3135 salutis
2541 3079 2792 3134 ostendit.
2834 3080 3026 3137 Dicens
3054 3083 3236 3138 enim:
3266 3083 3490 3140 Peccata
3525 3097 3615 3141 tua
3642 3090 3700 3142 in

453 3177 615 3232 regna
644 3173 957 3221 convertere
983 3184 995 3218 :
1026 3173 1081 3221 et
1107 3166 1228 3222 ideo
1249 3167 1529 3237 propheta,
1561 3166 1802 3234 Peccata,
1828 3168 2015 3239 inquit,
2047 3171 2090 3233 C
2119 3169 2484 3225 misericordiis
2528 3168 2753 3235 redime,
2794 3179 2845 3225 et
2889 3173 3109 3242 forsitan
3154 3175 3515 3244 propitiabitar
3558 3176 3705 3233 Deus

455 3265 541 3308 tua
562 3257 617 3309 in
644 3256 1007 3311 misericordiis
1045 3256 1240 3311 redime
1281 3255 1444 3327 (Dan.
1495 3274 1566 3323 tv,
1597 3256 1690 3329 ει)
1718 3276 1731 3312 :
1762 3258 1864 3315 hoc
1889 3267 1973 3315 est
2004 3277 2017 3313 :

455 3359 639 3399 aurum
686 3345 752 3400 da
798 3345 1195 3414 indigentibus,
1261 3348 1387 3417 quia
1442 3363 1550 3403 non
1597 3357 1753 3419 potes
1800 3364 2022 3421 regnum

455 3434 621 3489 dare:
656 3446 678 3474 ε
709 3434 1014 3492 facultatem
1060 3437 1317 3493 distribue
1338 3476 1353 3501 ,
1404 3438 1529 3507 quia
1568 3448 1885 3509 potestatem
1915 3458 2024 3497 non

456 3524 602 3579 vales
630 3521 656 3562 δ
683 3539 977 3595 prorogare
1019 3544 1032 3580 :
1066 3541 1131 3582 ac
1177 3541 1274 3597 per
1316 3527 1420 3583 hoc
1464 3527 1676 3583 videtur
1709 3528 1933 3599 jussisse
1969 3540 2028 3585 ut

457 3625 632 3672 totum
656 3616 828 3683 daret,
858 3632 1017 3685 quem
1047 3617 1153 3673 hoc
1179 3618 1351 3674 solum
1383 3633 1487 3672 non
1512 3617 1670 3686 jussit
1708 3619 2028 3677 distribuere

458 3705 602 3775 quod
629 3720 735 3759 non
763 3712 976 3774 poterat
1002 3720 1247 3774 erogare.

530 3793 645 3848 XII.
684 3792 1080 3861 Exaggeramus
1115 3794 1253 3850 forte
1279 3810 1393 3849 rem
1417 3796 1625 3861 verbis,
1657 3804 1712 3852 et
1739 3798 1846 3854 alte
1873 3800 2031 3856 nimis

463 3881 773 3936 attollimus.
826 3880 1114 3936 Videamus
1140 3896 1268 3951 ergo
1314 3884 1365 3938 id
1394 3884 1565 3953 ipsum
1594 3887 1753 3955 quale
1779 3888 1866 3942 sit.
1900 3888 2032 3944 Pec-

462 3978 579 4021 rata
600 4009 615 4035 ,
647 3968 853 4037 inquit,
899 3978 986 4023 tua
1027 3972 1082 4025 in
1121 3960 1481 4028 misericordiis
1522 3976 1731 4031 redime.
1773 3977 1909 4045 Quid
1950 3990 2034 4036 est

462 4058 641 4127 aliqua
679 4057 978 4114 redimere?
1034 4055 1255 4129 Opinor,
1282 4063 1507 4130 pretium
1548 4079 1725 4119 rerum
1752 4081 1868 4138 quae
1895 4069 2034 4123 redi-

464 4156 679 4202 muntur
718 4147 867 4203 dare.
908 4148 1023 4203 Non
1069 4165 1252 4219 quaero
1296 4167 1416 4222 quae
1457 4153 1596 4209 illius
1642 4158 1782 4225 regis
1816 4152 2034 4228 peccata

466 4234 681 4293 fuerint.
721 4237 838 4309 Ipse
865 4240 1000 4296 sciat
1024 4241 1210 4309 quanti
1245 4241 1490 4298 debuerit
1518 4245 1782 4302 redimere
1807 4262 1926 4317 qua:
1957 4248 2036 4305 fe-

466 4332 559 4383 cit.
601 4328 677 4384 Te
723 4330 969 4399 alloquor
1007 4330 1159 4400 cujus
1185 4332 1343 4404 225
1368 4347 1530 4390 causa
1575 4346 1684 4404 est;
1729 4347 1781 4394 te
1825 4340 2037 4409 appello

467 4419 619 4488 cujus
662 4420 948 4475 discrimen
996 4422 1187 4489 agitur.
1245 4422 1358 4478 Hoc
1405 4425 1565 4481 facito
1605 4429 1749 4496 quod
1775 4432 2039 4500 propheta

2124 3260 2321 3314 delictis
2351 3261 2479 3325 tuis;
2508 3259 2611 3316 hoc
2639 3260 2812 3330 ipsum
2842 3262 2986 3332 quod
3014 3262 3144 3319 dicit
3172 3266 3412 3336 forsitan,
3446 3282 3598 3337 spem
3631 3268 3708 3323 in-

2123 3347 2286 3414 dicat,
2316 3364 2425 3403 non
2455 3346 2703 3403 fiduciam
2753 3350 3053 3420 pollicetur.
3103 3353 3180 3407 Ex
3205 3368 3313 3423 quo
3352 3356 3577 3427 intelligi
3605 3374 3710 3429 po-

2124 3448 2233 3496 test
2254 3454 2413 3509 quam
2434 3438 2651 3495 difficile
2673 3440 2784 3509 jam
2814 3440 2867 3495 in
2908 3444 3170 3512 supremis
3207 3445 3368 3514 positi
3393 3455 3710 3516 peccatores

2125 3522 2365 3598 qualibet
2425 3527 2787 3584 muniﬁcentia
2855 3531 2920 3585 ad
2988 3532 3275 3601 perfectam
3323 3535 3710 3605 indulgentiam

2128 3617 2414 3687 pervenire
2440 3616 2651 3687 possint
2669 3659 2688 3687 ,
2725 3618 2938 3687 quando
2965 3621 3372 3692 prophetaipse
3399 3624 3485 3679 cui
3513 3626 3714 3682 suadet

2128 3705 2566 3777 propitiationem
2610 3706 2707 3761 Dei
2750 3709 3119 3777 inquirendam
3142 3751 3157 3777 ,
3188 3714 3503 3782 promittere
3526 3725 3717 3774 tamen

2128 3810 2239 3852 non
2265 3810 2426 3851 ausus
2453 3802 2536 3851 est
2562 3797 2993 3867 promerendam.
3032 3799 3135 3855 Dat
3157 3803 3440 3859 consilium
3466 3805 3536 3862 de
3566 3815 3715 3873 actu,

2130 3897 2186 3943 et
2215 3895 2392 3943 tamen
2429 3887 2640 3942 dubitat
2673 3887 2742 3943 de
2768 3889 2981 3946 effectu.
3024 3890 3364 3949 Hortatorem
3404 3911 3464 3951 se
3492 3899 3713 3966 agendi,

2133 3995 2239 4035 non
2287 3977 2607 4049 impetrandi
2651 3989 2923 4035 auctorem
2970 3980 3117 4036 facit.
3178 3981 3355 4049 Quare
3397 3985 3512 4040 ita?
3576 3986 3718 4071 Quia

2121 4082 2321 4124 omnes
2346 4068 2550 4123 scilicet
2584 4076 2893 4138 peccatores
2933 4069 3131 4126 debent
3172 4087 3270 4141 pro
3296 4088 3356 4127 se
3383 4075 3469 4129 vel
3519 4075 3576 4130 in
3625 4068 3721 4131 su-é

2134 4164 2333 4233 premis
2359 4169 2552 4216 cuncta
2582 4169 2789 4217 tentare
2807 4203 2822 4228 ,
2854 4163 2954 4217 etsi
2985 4178 3093 4245 qon
3120 4174 3347 4234 possunt
3374 4166 3479 4221 ulla
3506 4184 3719 4238 prima-

2135 4268 2303 4308 mere.
2343 4250 2400 4308 Si
2445 4253 2588 4307 enim
2636 4255 2749 4322 regi
2795 4255 3055 4325 propheta
3105 4256 3194 4312 ille
3220 4273 3319 4328 per
3344 4258 3515 4313 solam
3543 4261 3724 4337 hom

2137 4359 2254 4399 rum
2284 4356 2509 4412 operum
2533 4342 2835 4411 largitatem
2863 4345 3162 4400 absolutam
3194 4347 3580 4416 indulgentiam
3607 4352 3726 4417 non

2136 4433 2419 4504 promittit,
2452 4433 2747 4501 intelligere
2775 4442 3028 4503 peccator
3054 4450 3161 4491 non
3190 4445 3306 4492 acta
3329 4452 3571 4493 errorum
3600 4455 3721 4510 ρω-

467 4511 634 4565 dixir:
665 4509 890 4564 Peccata
920 4517 1007 4563 tua
1041 4512 1102 4594 iu_
1122 4512 1486 4568 misericordiis
1514 4517 1722 4571 redime.
1765 4516 1886 4574 Noli
1915 4528 2037 4576 tan-
2065 4537 2114 4595 ι)
2140 4524 2364 4579 nitentia
2391 4531 2591 4593 potest,
2622 4525 2902 4605 quantaei
2930 4532 2985 4580 et
3013 4540 3173 4594 quam
3195 4527 3338 4596 larga
3368 4528 3420 4583 in
3449 4509 3721 4598 supremis

470 4610 580 4655 tum
610 4600 721 4655 Deo
760 4600 1063 4670 relinquere
1092 4610 1347 4669 quantum
1384 4603 1580 4672 habes,
1607 4606 1652 4661 si
1681 4622 1778 4677 pro
1805 4613 2040 4679 peccatis
2141 4614 2503 4669 munificentia
2549 4629 2687 4685 opus
2730 4600 2814 4670 est
2856 4616 2950 4685 qui
2994 4616 3109 4671 vult
3152 4618 3395 4674 obtinere
3426 4634 3457 4673 a
3485 4619 3723 4678 Domino

470 4691 573 4744 tuis
602 4690 962 4745 necessarium
989 4705 1096 4744 non
1126 4698 1280 4760 putas
1305 4702 1565 4760 quantum
1592 4696 1775 4752 habes.
1807 4698 2039 4757 Estima

470 4780 873 4846 diligentissime
899 4780 1083 4852 culpas
1111 4795 1243 4850 quas
1268 4782 1764 4851 admisisti,:estima
1790 4801 2040 4859 peccato-

472 4886 586 4925 rum
614 4870 967 4928 diversitates.
1026 4872 1161 4929 Vide
1198 4874 1327 4944 quid
1363 4890 1463 4945 pro
1504 4877 1793 4935 mendaciis
1817 4880 2035 4952 debeas,

2140 4722 2239 4776 per
2268 4722 2457 4763 .seram
2503 4706 2846 4764 devotionem
2892 4707 3035 4778 quod
3078 4724 3182 4764 non
3229 4719 3407 4781 potest
3451 4728 3723 4783 usurpare

2141 4810 2239 4867 per
2264 4796 2458 4866 legem.

1622 4963 1956 5029 STEPHANI
1994 4976 2262 5034 BALUZII
2298 4978 2528 5035 ΝΟΤᾸΕ.

544 5039 570 5067 ι
599 5028 778 5085 Codex
804 5030 1041 5089 Colbert.
1057 5072 1073 5099 ,
1106 5035 1294 5091 Omnia
1321 5040 1458 5091 cnim
1484 5055 1552 5093 ea:
1578 5037 1706 5095 Deo.

542 5098 571 5137 δ
600 5098 1064 5186 Hatlc‘lectionem
1103 5105 1323 5186 praefert
1357 5106 1497 5163 idem
1525 5109 1714 5164 codex.
1747 5109 1918 5182 Regii,
1951 5115 2039 5186 qui

473 5170 662 5248 itaque.
692 5168 985 5248 Editiones,
1014 5168 1154 5248 Quia
1178 5175 1368 5248 itaque.

537 5238 677 5363 («mea
698 5254 885 5295 omnes
908 5240 1030 5295 libri
1049 5238 1279 5299 veteres:
1309 5244 1413 5300 Sed
1442 5247 1701 5304 editiones
1729 5250 1927 5307 habent
1955 5254 2041 5325 fa-

661 5324 705 5363 s.

473 5324 705 5363 ruuates.

546 5376 571 5415 ά
590 5377 669 5460 Ita
700 5377 893 5460 primo.
917 5380 1174 5460 scriptum
1203 5380 1299 5460 fuit
1344 5384 1395 5438 in
1444 5388 1611 5441 veteri
1642 5391 1932 5460 exemplari
1959 5392 2042 5446 bi-

476 5446 755 5503 bliotheca:
779 5446 1100 5525 Qplbertinae
1117 5492 1131 5517 ,
1162 5451 1254 5525 sed
1274 5460 1459 5525 postea
1483 5465 1745 5525 expiuncta
1768 5446 1852 5513 est
1869 5461 2045 5515 littera

475 5527 582 5596 aet
611 5533 771 5596 supra
802 5518 994 5574 lineam
1023 5518 1468 5590 apposita—littera
1497 5518 1651 5580 efEx
1679 5542 1785 5596 quo
1808 5527 2049 5596 Pithoeus

478 5588 654 5660 tszlccit
679 5604 991 5660 prmogare.

555 5667 576 5693 ε
612 5656 1059 5725 Negligentiarum
1080 5657 1339 5715 vocabulo
1367 5660 1650 5728 signiﬁcari
1680 5667 1879 5721 minuta
1906 5676 1960 5723 ct
1980 5669 2048 5723 le-

481 5728 832 5793 ti.t.pcccata,
861 5743 981 5797 qua:
1009 5744 1109 5785 nos
1139 5728 1297 5785 hodie
1331 5730 1553 5789 dicimus
1582 5735 1805 5788 vcnialia
1826 5778 1839 5802 ,
1882 5739 2014 5794 satis
2033 5778 2047 5804 ,

2140 5057 2200 5102 ut
2226 5050 2737 5122 reor,_manifestum
2759 5061 2860 5118 est,
2892 5060 2945 5108 et
2970 5059 3119 5122 patet
3137 5055 3296 5107 etiam
3318 5068 3387 5108 ex
3411 5053 3635 5110 homilia
3661 5056 3738 5111 33

2141 5118 2579 5193 s_aqcti_Ctesat:ii
2607 5122 2846 5192 episcopi
2891 5118 3219 5177 Arelatensis
3245 5131 3300 5177 et
3344 5138 3411 5177 ex
3439 5126 3623 5193 regula
3667 5125 3729 5181 S.

2142 5186 2483 5243 Columbani.
2514 5186 2767 5270 Quaenam
2793 5186 2926 5275 vero
2953 5199 3066 5275 tum
3094 5200 3406 5275 putarentur
3430 5186 3571 5275 esse
3588 5194 3739 5275 levia

2144 5267 2365 5328 peccata
2392 5260 2563 5328 aperit
2587 5275 2652 5314 ex
2682 5270 2834 5330 parte
2860 5261 2999 5316 idem
3027 5259 3291 5316 Ctesarius
3312 5263 3365 5316 in
3386 5262 3609 5318 homilia
3638 5263 3738 5321 5i.

2185 5325 2242 5401 _'
2276 5326 2353 5381 Ita
2400 5343 2587 5401 omnes
2618 5329 2735 5401 libri
2765 5338 2973 5387 veteres
2993 5339 3048 5401 et
3068 5330 3154 5385 hic
3168 5340 3235 5401 Aet
3253 5347 3432 5401 supra.
3464 5330 3586 5397 Quo
3608 5335 3745 5390 loco

2151 5395 2541 5451 observandum
2570 5407 2651 5453 est
2673 5398 2890 5454 Latinus
2917 5400 3130 5455 codices
3156 5397 3269 5455 fere
3297 5395 3508 5461 semper
3527 5403 3749 5461 habere

2152 5464 2431 5533 idolatria,
2461 5483 2585 5521 raro
2613 5468 2933 5525 idololatria.
2960 5469 3089 5525 Inde
3115 5468 3355 5526 idoldtrie
3380 5464 3623 5528 Francis.

2222 5543 2246 5611 ξ
2277 5533 2403 5591 Haec
2429 5536 2619 5591 desunt
2649 5539 2702 5611 in
2753 5540 3001 5611 omnibus
3037 5540 3270 5611 antiquis
3313 5539 3746 5611 exemplaribus.

2152 5601 2426 5678 [labentur
2449 5614 2637 5678 tamen
2658 5608 2711 5662 in
2731 5610 2900 5678 prima
2923 5601 3239 5664 editione-et
3262 5611 3312 5663 in
3339 5601 3475 5664 aliis;

2159 5743 2191 5797 ι,
2222 5673 2248 5708 δ
2271 5673 2416 5729 Istud
2438 5674 2591 5731 deest
2628 5677 2678 5730 in
2708 5673 3011 5753 recentiori.
3036 5679 3218 5737 codice
3249 5680 3396 5748 regio
3423 5688 3477 5734 et
3505 5677 3751 5737 Colher-

2180 5759 2289 5797 mo.

2180 5759 2289 5797 lllO.
