3866 6178
198 395 285 447 l8!)

1130 510 1195 516 ..ς-ρ
1204 508 1335 517 ..ιιι-..ον

1340 508 1745 516 W

251 512 537 529 Ma

1251 371 1611 440 ADVERSUS
1648 378 2023 438 AVARITIAM
2067 380 2191 438 LIB.
2232 377 2294 438 ll.

3268 378 3409 436 190

1073 566 1542 674 LIBER
1622 564 2469 676 SECUNDUS.

246 763 281 818 Ι.
315 759 546 815 Diximus
569 756 639 813 de
664 754 916 811 remediis
937 762 1299 825 peccatorum,
1342 754 1506 809 immo
1542 753 1726 824 potius
1753 754 1803 811 Α
1826 749 2070 805 bissimas
2098 749 2311 820 quidem
2337 767 2543 821 poenas,
2574 752 2668 808 sed
2694 752 3033 823 indignitates
3056 752 3233 824 pmnis
3260 768 3415 809 acer-

191 855 247 911 de
266 852 446 924 spebus
493 849 853 905 remediorum
894 856 1057 917 atque
1093 847 1299 902 solatiis
1330 866 1343 900 :
1383 848 1591 903 scilicet
1627 848 1734 901 hoc

190 946 384 1015 primum
406 939 736 1009 inquirenda:
762 939 950 994 salutis
977 953 1093 993 esse
1113 936 1420 1006 suffragium
1458 946 1515 991 ut
1544 952 1735 1007 pecca-

189 1047 334 1092 torem
356 1033 616 1104 pmniteat
639 1031 869 1096 erroris;
900 1037 1013 1084 tum
1053 1037 1113 1084 ut
1138 1028 1289 1098 juxta
1316 1019 1618 1083 sermonem
1644 1042 1733 1085 sa-

186 1141 311 1181 crum
346 1124 522 1178 statim
548 1127 767 1191 peccata
796 1135 889 1175 sua
929 1119 1307 1175 misericordiis
1342 1118 1597 1185 redimat;
1627 1132 1732 1188 po-

187 1224 376 1279 stremo,
428 1212 474 1267 si
531 1211 584 1266 id
609 1226 720 1265 non
749 1208 954 1275 fecerit,
999 1226 1068 1266 ne
1094 1210 1220 1279 quid
1251 1210 1443 1264 saltem
1494 1210 1732 1264 moriens

186 1307 493 1374 inexpertum
541 1302 701 1373 227
729 1301 1014 1370 relinquat,
1045 1301 1128 1355 vel
1168 1300 1353 1354 ultima
1406 1299 1508 1355 sibi
1553 1314 1733 1354 rerum

185 1410 370 1454 suarum
413 1395 690 1450 oblatione
740 1399 1037 1447 succurrat.
1067 1391 1174 1447 Sed
1213 1390 1602 1462 respondeatur
1625 1389 1734 1445 for—

186 1497 304 1544 tasse
324 1487 425 1541 hoc
452 1485 576 1541 loco
604 1484 753 1551 illud,
784 1484 827 1539 si
857 1491 1169 1553 peccatores
1189 1483 1437 1538 homines
1464 1483 1565 1537 hac
1586 1482 1733 1537 redi-

185 1576 473 1633 mendorum
502 1575 785 1630 criminum
824 1574 1143 1629 necessitate
1170 1580 1475 1636 teneantur,
1518 1583 1735 1630 sanctos

184 1668 358 1735 absque
383 1665 550 1720 dubio
576 1665 667 1734 qui
693 1664 801 1718 sint
826 1672 1075 1733 expertes
1114 1663 1413 1729 criminum,
1444 1679 1553 1718 non
1584 1671 1734 1719 tene-

180 1759 236 1822 ri,
263 1772 319 1812 ac
336 1772 435 1826 per
459 1757 564 1810 hoc
583 1771 692 1811 non
717 1755 918 1810 habere
947 1769 1042 1810 eos
1066 1769 1280 1810 causam
1308 1755 1614 1810 substantia:
1634 1749 1734 1809 lar-

180 1847 359 1915 gienda:
385 1847 481 1914 qui
510 1861 617 1901 non
644 1845 877 1899 habeant
904 1845 1048 1914 quod
1091 1845 1355 1901 redimere
1392 1860 1489 1900 eos
1517 1860 1734 1901 necesse

180 1938 238 1992 sit
261 1938 523 2005 largitate.
556 1936 748 1991 Audio.
777 1934 885 1991 Sed
914 1936 968 1991 id
996 1937 1152 2005 quale
1177 1937 1248 1991 sit
1275 1935 1387 2006 jam
1413 1936 1731 1994 videbimus.

180 2030 402 2095 Interim,
449 2029 656 2084 etiamsi
698 2028 968 2099 praeterita
1005 2029 1145 2083 mala
1175 2044 1278 2083 non
1308 2029 1416 2083 sint
1441 2043 1561 2098 quae
1606 2044 1731 2085 san-

1831 842 2030 907 biores,
2061 856 2317 897 coronam
2346 844 2609 911 spineam,
2641 844 2778 898 aceti
2805 844 3076 912 poculum,
3108 843 3285 897 cibum
3314 842 3412 897 fel-

1832 932 1919 997 lis,
1950 931 2260 986 damnatum
2287 933 2354 987 ab
2378 933 2680 987 hominibus
2708 933 2987 988 Dominum
3017 934 3407 998 universorum,

1831 1022 2155 1093 pendentem
2205 1023 2258 1077 in
2312 1023 2553 1092 patibulo
2603 1024 2830 1078 salutem
2886 1025 3104 1079 humani
3151 1025 3362 1092 generis
3390 1064 3407 1088 ,

1832 1113 1999 1168 Deum
2029 1121 2257 1168 terrente
2286 1114 2605 1170 conditionis
2644 1115 2763 1184 lege
2789 1115 3128 1170 morientem.

1904 1202 1966 1256 ll.
2007 1202 2135 1269 Quae
2172 1218 2292 1258 cum
2322 1204 2393 1257 ita
2421 1205 2556 1272 sint,
2589 1205 2895 1279 quicunque
2937 1206 3027 1260 ille
3069 1213 3163 1260 aut
3189 1216 3409 1263 sanctus

1833 1309 1910 1358 es,
1940 1302 2032 1349 aut
2059 1303 2298 1349 sanctum
2347 1302 2403 1349 te
2457 1311 2577 1350 esse
2631 1296 2825 1362 credis,
2876 1297 2964 1351 die
2990 1297 3139 1361 mihi,
3184 1304 3411 1367 qumsoz'

1833 1385 2071 1454 nunquid
2108 1387 2243 1441 solvi
2279 1387 2395 1441 haec
2434 1387 2547 1441 sola
2592 1396 2835 1458 possunt,
2876 1389 3086 1443 etiamsi
3126 1390 3268 1443 nulla
3309 1390 3409 1444 alia

1831 1482 2165 1538 debeantur?
2191 1481 2454 1552 Quidquid
2483 1482 2615 1536 libet
2635 1483 2777 1537 enim
2799 1483 2961 1536 homo
3007 1497 3108 1551 pro
3145 1483 3254 1537 Deo
3283 1497 3411 1551 per-

1833 1573 1988 1640 ferat,
2018 1573 2154 1629 solvi
2182 1574 2403 1627 omnino
2431 1588 2536 1627 non
2568 1580 2744 1643 potest
2770 1572 2915 1641 quod
2960 1572 3099 1627 Deus
3128 1587 3226 1643 pro
3246 1572 3412 1626 homi-

1833 1682 1903 1721 ne
1939 1681 2221 1736 perpessus
2265 1673 2347 1719 est
2374 1683 2386 1718 :
2410 1665 2536 1733 quia
2581 1664 2790 1717 etiamsi
2828 1664 3008 1733 passio
3033 1664 3148 1732 ipsa
3177 1677 3282 1717 non
3311 1660 3415 1716 dif-

1832 1755 1969 1812 ferat
1995 1770 2194 1825 genere
2218 1771 2517 1826 pmnarum,
2548 1754 2773 1808 multum
2794 1762 2971 1808 tamen
3007 1753 3166 1807 distet
3194 1767 3416 1808 necesse

1834 1855 1916 1901 est
1944 1846 2254 1901 diversitate
2281 1845 2601 1915 patientuni.
2632 1842 2738 1899 Sed
2762 1842 2984 1898 forsitan
3005 1842 3137 1897 dicis
3164 1840 3414 1909 generale

1834 1939 1888 1993 in
1917 1939 2003 1993 his
2022 1953 2141 2008 quae
2165 1938 2395 1993 diximus
2422 1937 2661 1992 omnium
2688 1936 2965 1991 hominum
2996 1951 3115 1991 esse
3152 1936 3411 2003 debitum,

1834 2036 1890 2084 et
1935 2028 1988 2083 in
2035 2029 2141 2083 hoc
2169 2027 2540 2082 universorum
2595 2027 2872 2081 hominum
2913 2040 3080 2093 genus
3127 2025 3414 2082 indiscrete

179 2131 301 2177 ctum
318 2120 595 2176 hominem
612 2127 860 2190 oporteat
877 2119 1039 2173 rebus
1064 2120 1270 2176 cunctis
1294 2120 1577 2186 redimere,
1608 2128 1732 2175 sunt
1763 2111 1804 2170 Β
1833 2119 2142 2173 obnoxium.
2170 2118 2366 2174 Verum
2395 2126 2495 2173 est.
2530 2118 2636 2173 Sed
2664 2117 2900 2186 nunquid
2939 2118 3129 2186 aliquis
3162 2117 3282 2173 ideo
3311 2118 3413 2172 mi-

182 2221 333 2265 tamen
356 2210 619 2280 perennia
649 2209 789 2264 bona
818 2224 937 2278 qua:
957 2222 1151 2277 magno
1177 2209 1371 2264 debeat
1396 2225 1729 2280 comparare.

180 2300 268 2356 Sed
303 2302 368 2356 de
408 2301 520 2355 hoc
557 2300 767 2371 plenius
792 2305 1001 2369 postea.
1043 2299 1195 2356 Nunc
1237 2312 1416 2354 autem
1462 2302 1569 2356 hoc
1615 2300 1735 2357 dico

182 2391 328 2445 libere
354 2398 407 2446 et
439 2398 755 2446 constanter
780 2388 1007 2454 allirmo,
1056 2390 1326 2444 neminem
1372 2406 1490 2445 esse
1510 2391 1736 2445 'omnino

182 2490 463 2536 sanctorum
514 2481 608 2549 qui
633 2496 737 2535 non
768 2480 821 2534 in
845 2480 1025 2535 multis
1053 2481 1124 2534 sit
1147 2482 1255 2535 Deo
1279 2480 1508 2547 debitor,
1542 2498 1604 2537 ac
1642 2497 1739 2552 per

183 2570 271 2625 hoc
294 2586 411 2625 eum
453 2585 793 2641 quaecunque
821 2570 1047 2625 Domino
1088 2586 1187 2625 suo
1226 2571 1452 2636 dederit,
1495 2587 1598 2626 non
1631 2581 1736 2625 tam

182 2660 362 2715 donare
411 2676 579 2729 quam
626 2660 853 2715 solvere.
902 2661 980 2716 Ac
1007 2662 1235 2731 primum
1282 2669 1339 2715 ut
1367 2662 1434 2717 de
1466 2662 1735 2717 beneliciis

182 2750 503 2816 generalibus
534 2749 730 2815 dicam,
762 2750 812 2803 id
860 2757 960 2815 est,
1007 2766 1114 2820 (ιεο
1139 2752 1379 2820 quisquis
1405 2753 1490 2807 vel
1517 2760 1736 2807 sancto-

182 2853 283 2892 rum
307 2853 365 2895 es
382 2839 477 2895 ille
509 2839 595 2894 vel
625 2839 870 2907 divitum,
901 2842 1132 2910 primum
1158 2842 1531 2898 benevolentia
1560 2857 1624 2897 ac
1650 2842 1743 2898 do—

182 2944 244 2984 no
262 2931 349 2986 Dei
373 2940 429 2988 et
452 2940 621 2987 natus
649 2940 705 2987 et
742 2932 882 2988 altus
910 2941 965 2988 et
1003 2932 1258 2988 educatus
1301 2950 1378 3000 es,
1408 2934 1551 3004 quod
1580 2916 1753 2989 rebus.

181 3021 238 3075 ad
276 3023 434 3077 vitam
494 3025 817 3079 necessariis
861 3026 1237 3092 communitus,
1276 3027 1417 3095 quod
1445 3026 1605 3081 etiam
1631 3042 1740 3081 non

182 3114 477 3168 necessariis
507 3113 888 3184 locupletatus,
920 3115 1064 3184 quod
1096 3116 1214 3186 plus
1241 3116 1310 3170 ad
1339 3132 1493 3170 usum
1519 3117 1615 3171 tibi
1645 3116 1744 3171 Do-

181 3206 338 3260 minus
373 3214 504 3261 tuus
535 3206 719 3261 tribuit
761 3222 920 3277 quam
965 3208 1156 3263 modus
1201 3224 1389 3263 usuum
1429 3208 1741 3278 postulavit,

180 3296 304 3363 quod
338 3297 592 3353 extendit
617 3297 847 3367 denique
872 3313 1035 3368 super
1077 3312 1200 3368 spes
1230 3307 1347 3354 tuas
1373 3313 1595 3353 munera
1621 3314 1739 3365 sua,

183 3393 243 3451 et,
287 3388 427 3459 quod
454 3394 549 3443 est
580 3388 872 3442 maximum
910 3403 975 3443 ac
1019 3388 1369 3454 rarissimum,
1416 3387 1558 3444 dona
1602 3389 1777 3449 illius.

1835 2225 1934 2265 nus
1953 2210 2133 2273 debet,
2164 2210 2209 2263 si
2227 2217 2283 2264 et
2302 2210 2438 2264 alius
2458 2208 2598 2263 idem
2626 2209 2853 2263 debeat?
2880 2208 2981 2261 Aut
3007 2209 3050 2262 si
3079 2216 3293 2263 centum
3322 2209 3415 2263 lio-

1835 2301 2036 2354 minum
2075 2299 2353 2354 cautiones
2375 2298 2442 2353 de
2487 2298 2727 2353 centenis
2767 2298 3025 2353 sestertiis
3049 2299 3259 2368 scriptae
3286 2299 3410 2364 sint,

1834 2406 1960 2445 num
1990 2389 2191 2443 ideirco
2240 2388 2502 2442 allevatur
2540 2388 2699 2442 unius
2737 2386 2994 2453 debitum,
3025 2388 3069 2442 si
3097 2403 3284 2443 omnes
3307 2389 3415 2442 sint

1838 2481 2077 2550 ejusdem
2102 2479 2310 2534 numeri
2337 2479 2643 2534 debitores?
2671 2476 3029 2550 Unusquisque
3051 2478 3213 2544 enim,
3244 2478 3416 2547 inquit

1840 2573 2145 2643 Apostolus,
2175 2587 2321 2625 suum
2350 2587 2478 2625 auus
2522 2569 2745 2639 portabit
2771 2568 2913 2637 (Col.
2943 2586 3014 2632 τι,
3062 2567 3137 2641 5),
3165 2577 3219 2625 et
3244 2584 3415 2625 unus-

1838 2666 2062 2735 quisque
2089 2678 2189 2733 pro
2229 2678 2288 2717 se
2341 2662 2608 2717 rationem
2648 2661 2851 2716 reddet.
2895 2660 3242 2732 Nequaquam
3285 2676 3415 2732 ergo

1837 2759 1996 2813 unius
2033 2756 2243 2827 pondus
2272 2755 2506 2825 pondere
2543 2754 2802 2809 allevatur
2830 2754 3069 2821 alterius,
3102 2770 3203 2810 nec
3228 2755 3411 2810 absol-

1837 2849 1982 2904 vitur
2003 2863 2127 2902 reus
2152 2847 2409 2903 societate
2432 2845 2742 2901 multorum.
2775 2847 2936 2917 229
2963 2846 3146 2915 Neque
3172 2846 3294 2901 ideo
3314 2847 3417 2901 mi-

1840 2955 1942 2994 nus
1969 2946 2053 2994 est
2078 2937 2295 2993 cuilibet
2322 2943 2458 2991 tetra
2487 2936 2783 3001 damnatio,
2813 2937 2857 2991 si
2906 2937 3103 2991 multos
3128 2937 3417 3005 complices

1840 3044 2013 3099 poena:
2038 3026 2280 3082 videatur
2304 3025 2505 3080 habere
2532 3024 2832 3080 damnatus.
2857 3025 2932 3079 lta
2969 3026 3074 3080 hoc
3091 3025 3233 3094 quod
3254 3041 3417 3096 supra

1841 3120 1970 3183 dixi,
2002 3119 2129 3173 licet
2155 3116 2405 3187 generale
2432 3116 2502 3170 sit
2528 3114 2786 3183 debitum,
2817 3117 3049 3187 speciale
3092 3126 3269 3172 tamen
3298 3133 3419 3174 esse

1843 3226 1949 3266 non
1970 3209 2186 3265 dubium
2216 3214 2329 3269 est;
2378 3208 2502 3262 licet
2529 3208 2599 3261 sit
2626 3222 2912 3262 commune
2941 3212 3198 3278 omnium,
3230 3221 3312 3268 est
3331 3221 3416 3267 ta-

1843 3319 1964 3359 men
1994 3301 2339 3373 peculiariter
2356 3298 2721 3367 singulorum;
2750 3299 2911 3353 itaad
2935 3317 3121 3357 omnes
3140 3306 3419 3373 :equaliter

1842 3393 2086 3466 pervenit
2103 3390 2246 3462 quod
2263 3399 2441 3444 tamen
2463 3389 2529 3444 de
2553 3404 2757 3443 summa
2781 3391 3067 3460 unicuique
3086 3394 3161 3448 nil
3190 3396 3412 3450 recedit.

183 3474 320 3530 etiam
339 3485 432 3532 tua
459 3477 885 3532 vota‘vicerunt.
907 3476 1061 3533 Addo
1087 3485 1265 3533 autem
1292 3487 1417 3548 post
1442 3479 1544 3533 ista
1565 3479 1742 3535 omnia
1767 3477 1812 3538 C
1842 3484 2087 3540 Christus
2113 3481 2258 3553 enim
2284 3479 2424 3534 sicut
2451 3493 2550 3548 pro
2570 3478 2817 3534 omnibus
2842 3496 3030 3550 passus
3055 3492 3157 3549 est,
3198 3485 3276 3540 sic
3316 3501 3418 3556 pro

182 3566 303 3633 quod
330 3567 470 3624 idem
504 3568 767 3624 Dominus
802 3570 894 3639 qui
923 3578 977 3625 te
1001 3570 1231 3640 primum
1273 3586 1492 3627 munere
1518 3587 1619 3627 suo
1644 3585 1741 3641 ge-
1841 3574 2079 3644 singulis,
2128 3581 2184 3629 et
2237 3572 2444 3629 cunctis
2492 3586 2551 3626 se
2601 3570 2860 3640 impendit
2896 3572 3095 3641 pariter
3140 3582 3195 3629 et
3232 3576 3416 3645 singu-

183 3657 298 3719 παίει
332 3668 528 3728 Postea
574 3660 739 3714 etiam
789 3660 1038 3729 Passione
1063 3662 1307 3729 salvavit,
1335 3662 1478 3734 quod
1523 3670 1744 3734 propter
1842 3668 1928 3733 lis,
1977 3676 2034 3722 et
2070 3674 2245 3722 totum
2285 3680 2345 3720 se
2386 3663 2532 3720 dedit
2569 3664 2850 3729 universis,
2900 3674 2955 3719 et
3008 3674 3177 3721 totum
3233 3670 3416 3738 singu—

183 3753 244 3807 te,
270 3763 302 3802 o
331 3750 525 3815 homo,
574 3758 777 3805 terram
822 3766 885 3807 ac
923 3751 1091 3823 lutum
1118 3752 1285 3808 immo
1313 3753 1559 3821 exiguam
1588 3760 1743 3808 teme
1801 3760 1805 3764 ’
1843 3759 1912 3815 lis
1936 3777 1950 3812 :
1976 3773 2041 3813 ac
2083 3772 2180 3826 per
2206 3756 2310 3812 hoc
2338 3753 2593 3825 quidquid
2620 3755 2866 3825 passione
2886 3770 2981 3810 sua
3006 3754 3254 3813 Salvator
3280 3778 3417 3831 pra:-

180 3840 349 3894 aclut'r
369 3850 395 3879 ι
425 3850 647 3912 partem
674 3858 854 3898 rerum
894 3845 1261 3901 universarum
1288 3846 1546 3902 Dominus
1573 3847 1601 3886 δ
1632 3854 1735 3903 ter-

182 3940 257 3981 ras
274 3929 416 3998 adiit,
447 3948 525 3987 ex
575 3947 739 3987 carne
764 3934 967 4003 pariter
993 3944 1048 3989 et
1074 3937 1128 3990 in
1156 3951 1320 3993 carne
1346 3938 1607 4008 processit
1653 3939 1747 3995 hu.

182 4019 394 4077 miliatus
420 4037 603 4091 usque
630 4021 700 4076 ad
732 4033 755 4060 ο
777 4024 993 4079 humani
1022 4025 1226 4081 exordii
1254 4026 1514 4096 pudorem
1540 4034 1594 4083 et
1612 4042 1747 4099 pan-

183 4122 354 4164 uorum
382 4112 647 4167 inluviem
673 4120 726 4167 et
750 4115 995 4184 pnesepii
1026 4115 1304 4183 vilitatem,
1346 4118 1580 4176 tolerans
1608 4118 1746 4181 indi-

180 4210 296 4263 gnas
316 4215 373 4255 se
400 4203 533 4256 vita:
561 4202 718 4256 istius
744 4203 1038 4271 passiones,
1062 4205 1271 4268 edendi,
1293 4207 1527 4274 bibendi,
1550 4208 1743 4275 somni,

182 4289 462 4356 vigiliarum
484 4307 664 4362 :egras
681 4294 1090 4362 vicissitudines,
1120 4304 1175 4350 et
1201 4296 1412 4352 caducae
1450 4298 1600 4353 istius
1619 4315 1748 4354 con-

183 4381 484 4437 versationis
513 4384 939 4440 contumeliosas
981 4387 1350 4453 necessitates,
1380 4391 1542 4461 223
1579 4390 1747 4460 ipsam

185 4466 392 4539 denique
442 4473 729 4528 hominum
780 4474 924 4530 circa
969 4491 1029 4530 se
1056 4480 1486 4532 conversantium
1530 4480 1747 4534 fetidam

183 4565 672 4628 commorationem,
726 4566 956 4636 populos
1023 4576 1369 4637 peccatorum
1418 4571 1747 4626 sordentium

186 4647 285 4705 luto
310 4654 528 4719 oblitos,
560 4670 775 4725 semper
802 4657 954 4711 malae
981 4659 1320 4714 conscientiae
1351 4661 1583 4716 admissu
1603 4676 1746 4728 reos,

184 4742 400 4810 turpium
445 4762 517 4801 ex
545 4761 607 4801 se
628 4755 842 4801 actuum
888 4748 1131 4804 nidorem
1177 4751 1510 4818 exhalantes,
1540 4762 1597 4809 et
1624 4754 1746 4810 ideo

183 4830 464 4887 caelestium
506 4843 899 4905 pmceptorum
947 4838 1247 4908 incapaces,
1279 4857 1379 4896 nec
1422 4844 1746 4899 sustinentes

184 4922 304 4976 sacri
329 4922 557 4993 fulgoris
578 4926 756 4996 jubar,
783 4929 908 4998 quia
955 4930 1251 4999 caligantes
1287 4935 1521 5003 peccatis
1559 4936 1747 4992 oculos

185 5011 421 5095 splendor
438 5016 607 5071 divini
636 5017 850 5074 luminis
878 5020 1158 5075 obruebat.
1174 5021 1282 5077 Nec
1302 5023 1474 5078 solum
1493 5025 1616 5081 hoc.
1640 5024 1748 5082 Sed

186 5109 292 5167 post
323 5103 438 5160 haec
484 5107 686 5174 omnia,
717 5108 854 5164 adde
882 5117 1159 5179 protervas
1185 5113 1538 5182 superbientis
1564 5117 1746 5187 populi

183 5196 647 5264 contradictiones,
678 5199 812 5255 adde
840 5200 1102 5267 convicia,
1133 5202 1269 5258 adde
1288 5204 1600 5272 maledicta,
1642 5208 1744 5262 im-

185 5281 314 5348 piam
340 5285 772 5356 insectationem,
823 5293 1184 5348 testimonium
1231 5294 1441 5363 falsum,
1489 5297 1747 5366 judicium

184 5382 474 5441 cruentum,
531 5376 811 5434 inrisiones
859 5382 1062 5451 populi,
1105 5392 1279 5452 sputa,
1321 5386 1566 5451 verbera,
1596 5402 1749 5442 acer-

1844 3851 1999 3916 stitit,
2028 3850 2167 3905 sicut
2194 3854 2366 3904 totum
2409 3848 2461 3902 ei
2480 3847 2679 3903 debent
2704 3849 2959 3911 universi,
3000 3853 3079 3907 sic
3103 3858 3273 3907 totum
3303 3854 3418 3908 sin-

1843 3942 1985 4012 guli;
2017 3940 2120 3995 nisi
2148 3940 2293 4009 quod
2321 3954 2489 4009 prope
2516 3939 2619 3995 hoc
2644 3939 2765 4009 plus
2791 3941 2986 4009 singuli
3013 3958 3173 4012 quam
3202 3944 3420 4000 univer-

1844 4034 1912 4099 si,
1943 4032 2088 4102 quod
2131 4039 2341 4086 tantum
2370 4040 2693 4099 acceperunt
2746 4034 2939 4101 singuli
2992 4045 3250 4104 quantum
3300 4040 3419 4095 uni-

1847 4123 2004 4179 versi.
2030 4121 2132 4176 Ubi
2160 4123 2302 4177 enim
2330 4123 2435 4178 hoc
2467 4138 2606 4177 unus
2632 4124 2826 4192 accipit
2862 4124 3007 4192 quod
3035 4127 3286 4193 universi,
3319 4129 3420 4185 etsi

1844 4229 1942 4286 par
1967 4223 2050 4268 est
2079 4228 2349 4279 mensura,
2374 4212 2550 4282 major
2576 4221 2658 4268 est
2689 4215 2905 4268 invidia.
2958 4214 3077 4282 Quo
3119 4219 3176 4270 lit
3203 4227 3262 4272 ut
3296 4219 3422 4275 licet

1846 4305 2018 4376 ipsum
2049 4305 2295 4374 accipiat,
2318 4305 2439 4375 plus
2461 4305 2657 4358 debere
2683 4304 2929 4359 videatur
2959 4324 2972 4359 :
2996 4307 3121 4375 qu'a
3162 4309 3328 4377 magis
3364 4309 3421 4364 tit

1846 4412 1984 4450 unus
2004 4395 2287 4459 obnoxius,
2309 4395 2400 4465 qui
2419 4397 2634 4451 videtur
2653 4396 2899 4451 omnibus
2912 4406 3271 4466 comparatus.
3297 4398 3423 4455 Haec

1847 4500 1977 4555 ergo
1997 4486 2273 4554 hactenus,
2286 4490 2412 4558 quia
2427 4489 2700 4545 debitores
2718 4490 2830 4544 Deo
2855 4487 3070 4557 quidam
3111 4495 3421 4543 sanctorum

1846 4590 1965 4630 esse
1976 4590 2034 4630 se
2047 4590 2152 4628 non
2174 4584 2388 4647 putant,
2401 4597 2521 4636 cum
2537 4581 2775 4637 debitum
2791 4576 3059 4631 aestimare
3072 4591 3176 4629 non
3196 4575 3418 4644 possint.

1917 4664 2003 4719 Ill.
2045 4663 2152 4720 Sed
2179 4667 2310 4722 dicit
2332 4668 2559 4724 fortasse
2587 4670 2781 4737 aliquis
2829 4687 2842 4721 :
2869 4668 2985 4722 Non
3013 4665 3227 4736 quidem
3274 4665 3424 4720 debi-

1848 4760 1994 4808 tores
2020 4770 2126 4809 non
2161 4772 2281 4811 esse
2309 4767 2546 4822 sanctos,
2575 4760 2666 4813 sed
2692 4760 2860 4814 multo
2889 4767 3065 4813 tamen
3093 4757 3297 4826 majora
3326 4755 3425 4810 bo-

1777 4827 1824 4885 υ
1849 4844 2052 4899 minum
2097 4848 2433 4903 saacularium
2474 4864 2592 4904 esse
2633 4849 2830 4916 debita,
2861 4864 3090 4920 quorum
3119 4854 3245 4902 sunt
3272 4847 3425 4917 plura

1851 4946 2087 5005 peccata.
2144 4937 2297 5004 Quod
2327 4942 2432 4996 tale
2481 4951 2564 4996 est
2590 4957 2655 4997 ac
2679 4942 2725 4997 si
2772 4942 3037 5012 quispiam
3076 4940 3221 4995 dicat
3262 4935 3426 4991 :Ideo

1850 5042 1951 5095 ego
1978 5045 2095 5083 sum
2140 5032 2417 5100 innocens,
2471 5035 2595 5103 quia
2650 5035 2787 5089 alius
2841 5035 3009 5102 magis
3061 5040 3144 5088 est
3196 5045 3424 5093 nocens;

1852 5119 1973 5174 ideo
2017 5134 2119 5189 ego
2160 5121 2368 5190 justus,
2439 5126 2562 5195 quia
2616 5125 2753 5179 alter
2800 5123 3074 5193 injustus;
3148 5122 3270 5176 ideo
3324 5132 3425 5187 080

1836 5212 2086 5281 Apprime
2148 5212 2339 5279 bonus,
2429 5217 2558 5285 quia
2613 5217 2751 5272 alius
2821 5215 3164 5285 singulariter
3228 5211 3423 5267 malus.

1851 5298 1970 5354 Jam
1997 5302 2226 5371 primum
2252 5304 2397 5359 enim
2427 5306 2739 5362 indecorum
2767 5308 2869 5363 hoc
2896 5314 3093 5363 sanctae
3124 5302 3293 5358 tuenti
3320 5310 3426 5365 est,

1852 5399 1912 5445 ut
1929 5391 2069 5446 bona
2098 5408 2196 5448 sua
2222 5408 2469 5452 crescere
2505 5397 2660 5454 malis
2688 5398 2977 5454 arbitretur
2997 5396 3200 5455 alienis,
3225 5400 3280 5446 et
3306 5405 3424 5446 me-

1324 5486 1667 5554 STEPHANI
1694 5498 1963 5567 BALUZII
2000 5501 2229 5558 NOTAE.

245 5608 268 5633 ⁸
296 5599 480 5676 Antea
498 5600 833 5676 edideramus
860 5615 1059 5675 parlem
1098 5619 1320 5676 suscepit
1346 5624 1513 5661 rerum
1537 5611 1740 5664 univer-

182 5680 363 5745 sorum,
389 5671 626 5745 quia__ita
677 5671 1048 5731 inveneramus
1073 5671 1325 5745 scriptum
1371 5677 1421 5730 in
1452 5680 1617 5732 veteri
1648 5696 1740 5733 co-

183 5736 289 5815 dice
306 5736 476 5807 regio.
504 5740 699 5815 Verum
728 5759 847 5798 cum
876 5761 1058 5798 vocem
1104 5736 1324 5815 suscepit
1356 5762 1483 5811 ‘no.
1508 5748 1739 5803 habeant

191 5804 723 5879 reliqua'exemplaria
755 5830 923 5882 neque
954 5804 1319 5882 e.iitioncs,'et
1340 5804 1603 5886 supcrllua
1633 5820 1736 5885 sit,

1847 5612 2178 5682 eamﬂdclere
2214 5613 2431 5682 placuit.

1915 5684 1943 5721 δ
1971 5681 2048 5735 lta
2076 5681 2359 5739 editiones.
2393 5685 2588 5741 Verum
2624 5688 2726 5739 hoc
2757 5686 3051 5739 membrum
3085 5683 3136 5737 in
3163 5686 3307 5741 nullo
3328 5702 3429 5743 νο-

1845 5758 2018 5824 terum
2043 5753 2298 5808 librorum
2325 5758 2590 5824 reperitur
2616 5756 2807 5822 quibus
2831 5770 2928 5810 nos
2957 5754 3175 5809 utimur.

1919 5826 1940 5852 ‘
1978 5823 2105 5878 Vide
2130 5840 2290 5895 supra
2322 5823 2551 5882 inNotis
2573 5825 2637 5877 ad
2668 5839 2789 5895 pag.
2820 5825 2939 5880 “9.
