3866 6178
410 329 518 389 Δ191

1364 330 1418 386 S.
1462 331 1774 390 SALVIANI
1811 332 2269 391 MASSILIENSIS
2307 333 2733 388 PRESBYTER!

3583 342 3673 398 192

426 442 613 496 liorem
641 458 701 497 se
727 458 846 498 esse
882 444 1110 498 testimct
1139 452 1161 480 ιι
1190 443 1591 512 comparatione
1618 442 1882 511 pejorum.
1914 442 1998 495 ln-
2024 447 2069 503 Α
2100 444 2242 496 viam
2287 454 2603 513 sequuntur,
2635 453 2692 499 et
2729 444 3011 500 Dominum
3051 444 3231 500 Jesum
3270 446 3540 503 Christum
3570 470 3669 508 non

427 534 787 590 felicissimum
814 535 957 589 enim
978 532 1362 591 consolationis
1380 546 1549 602 genus
1570 540 1652 587 est
1677 532 1745 586 de
1766 532 1997 587 miseriis

426 626 698 680 hominum
729 633 1070 694 peccatorum
1099 638 1296 692 capere
1318 622 1529 685 solatia,
1561 637 1681 676 cum
1711 620 2000 690 Apostolus

427 713 647 784 gaudere
674 731 767 769 nos
796 732 909 769 cum
936 712 1271 785 gaudentibus
1287 712 1473 781 iubeat
1498 721 1553 767 et
1579 713 1703 782 ﬂere
1729 728 1843 766 cum
1869 714 1999 782 ﬂen-

427 806 557 858 tibus
588 803 764 874 (Rom.
808 822 901 870 xu,
934 804 1045 876 15),
1076 814 1132 859 et
1175 820 1282 859 non
1310 819 1429 874 qua:
1477 820 1574 858 sua
1602 811 1727 858 sunt
1763 804 2000 871 singulos

423 894 682 960 cogitare;
710 894 806 949 sed
843 910 908 948 ea
951 910 1070 964 quae
1097 895 1325 951 aliorum
1375 894 1626 965 (Philipp.
1667 911 1724 958 ιι,
1765 893 1840 964 4).
1895 893 2001 948 Sed

424 992 541 1039 esto
572 1004 585 1037 :
612 986 765 1040 istius
814 987 958 1042 modi
1000 988 1329 1056 comparatio
1354 987 1517 1059 230
1539 987 1683 1056 justa
1712 995 1872 1056 atque
1898 986 1999 1041 ho-

425 1086 577 1133 nesta
612 1078 855 1133 videatur
886 1096 900 1132 :
935 1080 1175 1148 nunquid
1221 1080 1381 1133 etiam
1432 1078 1532 1133 lida
1570 1079 1863 1133 existimari
1902 1091 2000 1148 po-

425 1168 565 1222 test?
592 1168 722 1234 Quis
749 1169 891 1223 enim
920 1169 986 1223 de
1016 1170 1107 1223 illo
1138 1177 1288 1224 tanto
1330 1185 1393 1224 ac
1428 1176 1536 1222 tam
1568 1169 1792 1223 terribili
1821 1168 2000 1225 futuro

428 1258 521 1311 Dei
541 1258 743 1327 judicio
771 1259 901 1312 satis
929 1268 1108 1317 certus
1135 1260 1255 1314 est?
1282 1258 1386 1314 Aut
1413 1260 1534 1327 quis
1560 1259 1740 1315 dicere
1784 1267 1996 1328 potest:

422 1346 534 1416 Ego
554 1348 732 1403 minus
768 1348 957 1414 debeo,
991 1349 1080 1403 ille
1121 1349 1239 1417 plus
1266 1347 1608 1415 debet?Quis
1632 1356 1907 1419 postremo
1933 1349 2002 1404 de

423 1452 480 1490 sc
510 1452 831 1505 praesumere
874 1449 967 1492 aut
992 1438 1059 1492 de
1089 1439 1195 1492 alio
1240 1438 1562 1507 desperare?
1615 1441 1806 1492 Omnes
1834 1439 1997 1503 enim,

424 1526 596 1595 inquit
615 1528 921 1597 Apostolus,
946 1528 1195 1583 stabimus
1219 1538 1338 1582 ante
1359 1527 1582 1582 tribunal
1610 1526 1798 1583 Christi
1822 1526 1997 1599 (Rom.

424 1635 527 1680 Juv.
564 1618 737 1689 l0),ct
767 1619 1125 1691 Unusquisque
1151 1636 1299 1675 suum
1335 1634 1462 1673 auus
1488 1616 1712 1688 portabit
1752 1617 1894 1688 (Gal.
1927 1634 1997 1680 vt,

425 1705 502 1775 5).
532 1707 675 1761 Nihil
694 1722 843 1777 ergo,
876 1709 1050 1778 inquit
1077 1709 1287 1777 aliquis,
1320 1708 1461 1761 inter
1486 1716 1703 1773 sanctos
1729 1716 1784 1762 et
1810 1722 2002 1777 pecca-

2099 536 2383 590 sanctitate
2410 544 2635 601 tantum,
2662 536 2754 591 sed
2777 538 2939 591 etiam
2967 546 3284 607 paupertate
3324 551 3346 579 ι·
3380 542 3673 611 imitantur,

2100 626 2230 679 nihil
2279 634 2361 681 est
2403 620 2548 695 quod
2593 627 2695 681 dici
2752 628 2941 698 possit,
2976 629 3077 682 nisi
3124 628 3256 683 illud
3302 640 3510 685 tantum
3536 636 3675 702 quod

2098 718 2260 771 etiam
2291 719 2551 788 prOpheta
2596 718 2731 773 dixit
2764 737 2777 771 :
2811 718 2942 773 Mihi
2965 728 3135 777 eum
3176 721 3335 776 nimis
3356 721 3676 793 konoriﬁcati

2097 818 2215 862 sunt
2232 810 2384 862 amici
2409 811 2479 861 tui
2499 808 2632 862 Deus
2665 808 2835 879 (Psal.
2869 825 3119 875 cxxxvut,
3150 811 3260 881 i7).
3287 811 3396 867 llos
3418 815 3561 868 enim
3580 830 3678 884 ego

2100 911 2289 952 omnes
2320 915 2426 952 non
2456 899 2613 952 aliter
2663 915 2823 969 quam
2854 900 3157 955 imitatores
3205 899 3403 958 Christi
3450 905 3675 969 honoro,

2108 1002 2209 1042 non
2257 989 2414 1043 aliter
2441 1006 2600 1059 quam
2648 988 2847 1046 Christi
2895 992 3156 1060 imagines
3207 993 3349 1056 celo,
3390 1010 3497 1048 non
3528 996 3679 1052 aliter

2104 1094 2262 1149 quam
2289 1079 2485 1135 Christi
2508 1082 2745 1137 membra
2768 1083 3024 1152 suspicio,
3059 1091 3113 1139 et
3141 1083 3207 1138 ad
3237 1084 3343 1139 hoc
3370 1093 3579 1140 tantum
3618 1088 3678 1142 il-

2102 1170 2278 1227 lorum
2319 1171 2540 1225 memini
2564 1178 2624 1224 ut
2643 1187 2831 1226 eorum
2859 1172 3121 1230 memoria
3143 1173 3336 1241 dignus
3354 1171 3501 1228 fiam.

2171 1260 2259 1316 IV.
2300 1259 2407 1315 Sed
2428 1260 2683 1331 iniuriosa
2706 1262 2795 1316 illa
2815 1277 2933 1332 quae
2960 1277 3121 1331 supra
3149 1263 3398 1331 diximus,
3417 1267 3685 1335 religiose

2100 1350 2420 1420 professioni
2448 1366 2569 1406 esse
2598 1351 2897 1406 vidcantur.
2940 1353 3097 1424 231
3130 1352 3268 1419 Quid
3298 1356 3463 1423 enim,
3512 1358 3687 1429 inquit

2102 1440 2331 1510 aliquis,
2381 1440 2425 1495 si
2449 1440 2607 1495 vidua
2654 1443 2724 1496 sit
2755 1439 2921 1506 dives,
2949 1450 3006 1496 et
3042 1442 3355 1499 viduitatem
3404 1453 3588 1503 tamen
3636 1448 3687 1505 in

2103 1544 2294 1599 magna
2325 1546 2489 1600 opum
2510 1532 2662 1601 copia
2695 1547 2799 1586 non
2825 1532 3170 1602 relinquens?
3195 1533 3336 1600 Quid
3364 1534 3410 1590 si
3437 1537 3594 1606 virgo
3616 1539 3687 1593 in-

2101 1621 2408 1689 tegritatem
2439 1619 2700 1690 professa,
2733 1627 2788 1687 et
2816 1621 3082 1690 impolluti
3128 1624 3372 1691 corporis
3399 1626 3689 1681 sanctitate

2102 1710 2330 1766 devota?
2352 1710 2487 1776 Quid
2513 1710 2561 1773 si
2586 1710 2893 1780 coniugium
2935 1710 3054 1767 sine
3075 1726 3239 1781 opere
3263 1712 3553 1782 coniugali,
3588 1731 3688 1771 ne-

406 1808 572 1854 .tores
617 1801 736 1853 est?
763 1800 987 1854 Multum
1040 1802 1218 1870 plane,
1275 1807 1331 1854 et
1377 1813 1516 1868 pene
1543 1798 1994 1855 immensurabile.
2033 1812 2073 1870 Β
2100 1816 2234 1871 gaus
2260 1801 2495 1871 seipsum
2524 1801 2647 1862 sibi.
2688 1809 2744 1855 et
2771 1801 2978 1857 habens
3003 1816 3063 1857 se
3089 1802 3244 1872 quasi
3288 1819 3398 1858 non
3435 1804 3689 1862 habens?

424 1890 529 1946 Sed
563 1892 689 1960 quia
735 1890 1012 1961 Scriptura
1057 1892 1188 1947 dicit
1220 1910 1232 1944 :
1286 1890 1475 1949 Beatus
1512 1890 1662 1947 homo
1689 1892 1774 1963 qui
1805 1907 2004 1961 semper

424 1989 500 2034 est
526 1981 738 2051 pavidus
768 1981 948 2050 (Prov.
983 1999 1163 2044 xxvut,
1198 1981 1308 2053 li),
1341 1988 1395 2037 et
1424 1997 1696 2051 nunquam
1724 1991 1807 2037 est
1831 1982 1897 2037 de
1916 1997 2004 2036 sa-

427 2073 536 2127 lute
564 2074 781 2142 propria
811 2090 963 2130 mens
991 2090 1177 2129 secura
1208 2074 1493 2144 sapientis;
1524 2074 1650 2130 licet
1679 2075 1903 2128 multum
1930 2075 2007 2128 in-

406 2173 509 2225 .ter
527 2175 743 2223 sanctos
790 2176 845 2223 et
869 2177 1181 2238 peccatores
1207 2169 1294 2231 sit,
1326 2183 1511 2237 quaero
1536 2176 1716 2223 tamen
1744 2167 1812 2225 ab
1840 2168 2008 2222 omni-

424 2258 848 2326 husrcligiouem
880 2258 1154 2329 professis,
1192 2260 1314 2329 quis
1340 2260 1440 2314 sibi
1486 2259 1638 2328 juxta
1680 2274 1831 2314 suam
1875 2274 2006 2316 con-.-

424 2349 704 2404 scieatiam
723 2350 853 2405 satis
880 2359 1098 2405 sanctus
1123 2350 1212 2412 sit,
1229 2351 1350 2418 quis
1390 2349 1458 2405 de
1480 2350 1570 2404 illa
1598 2348 1761 2404 futuri
1801 2349 2006 2404 exami-

428 2439 507 2492 nis
535 2440 813 2495 tremenda
859 2442 1145 2496 severitate
1194 2456 1302 2496 non
1331 2440 1597 2509 trepidus,
1621 2440 1743 2508 quis
1769 2440 1837 2496 de
1881 2456 2004 2511 per-

408 2539 585 2599 .petua
609 2531 978 2585 incolumitate
1006 2533 1262 2586 securus?
1290 2529 1444 2596 Quod
1472 2532 1519 2587 si
1548 2530 1735 2598 utique
1763 2547 1871 2585 uon
1898 2537 2000 2594 est,

424 2622 583 2676 sicuti
610 2636 784 2691 neque
813 2638 930 2677 esse
958 2622 1139 2686 debet,
1164 2622 1309 2676 dicat
1334 2622 1485 2685 mihi,
1510 2621 1755 2687 obsecro,
1781 2622 2006 2691 quilibet

425 2713 701 2768 hominum
728 2729 825 2769 cur
846 2730 952 2768 non
983 2714 1112 2768 totis
1138 2714 1453 2769 substantiae
1480 2728 1590 2771 sua:
1620 2713 1824 2771 viribus
1863 2714 1929 2770 ad
1952 2713 2006 2769 id

426 2803 615 2857 nititur
642 2811 702 2857 ut
728 2805 810 2857 vel
856 2804 1046 2859 mortis
1071 2802 1357 2858 devotione
1383 2803 1610 2858 redimat
1636 2804 1892 2874 quidquid
1921 2804 2003 2858 vi-

426 2902 493 2948 ta:
514 2892 808 2948 offensione
835 2894 1152 2949 contraxit?
1177 2892 1493 2963 Quanquam
1521 2895 1634 2951 hinc
1665 2909 1785 2963 qua:
1812 2895 2006 2964 loquor

425 2983 561 3040 scire
582 3000 771 3039 omnes
797 2985 1036 3053 legentes
1055 2986 1200 3050 volo,
1232 3000 1338 3040 non
1367 3001 1455 3040 me
1480 2985 1549 3040 de
1576 2986 1823 3041 omnibus
1849 3002 2005 3042 sanc-

427 3074 512 3136 tis,
544 3073 638 3129 sed
665 3074 732 3130 de
760 3075 841 3130 his
864 3082 1071 3130 tantum
1099 3076 1247 3144 loqui
1266 3077 1380 3145 qui,
1406 3076 1533 3131 licet
1554 3077 1865 3144 religionem
1895 3093 2001 3132 non

2106 1890 2242 1957 Quid
2269 1891 2315 1945 si
2359 1888 2385 1928 (ι
2434 1890 2728 1946 monachus
2756 1890 2825 1945 ab
2871 1891 3208 1949 incunabulis
3248 1892 3362 1947 Deo
3403 1894 3651 1950 militans
3667 1897 3693 1949 ‘t

2106 1980 2242 2047 Quid
2270 1980 2314 2035 si
2343 1980 2569 2036 clericus
2596 1981 2735 2036 sacri
2764 1981 3045 2037 ministerii
3066 1982 3379 2038 servitutem
3411 1983 3554 2039 fideli
3575 2001 3692 2041 ser-

2107 2071 2273 2125 vitute
2301 2072 2719 2127 consummans?
2756 2071 3004 2142 Nunquid
3030 2073 3193 2127 etiam
3221 2074 3277 2129 bi
3301 2082 3517 2130 :eternaa
3544 2078 3694 2139 salu-

2105 2161 2174 2215 tis
2200 2158 2373 2217 fructu
2402 2161 2794 2231 periclitantur,
2822 2161 2865 2215 si
2894 2169 2989 2216 aut
3014 2164 3258 2218 viventes
3294 2179 3427 2234 opes
3453 2166 3695 2235 integrae

2105 2252 2356 2316 habeant,
2385 2260 2478 2306 aut
2502 2252 2794 2308 morientes
2821 2252 3179 2322 indigentibus
3204 2270 3312 2309 non
3340 2256 3701 2326 relinquant!-

2106 2344 2277 2400 Parva
2301 2354 2400 2400 est
2446 2345 2513 2400 ad
2559 2344 3002 2415 promulgandam
3034 2344 3102 2402 de
3140 2346 3509 2416 hujuscemodi
3535 2364 3692 2419 quae-

2106 2437 2283 2492 stione
2309 2436 2632 2493 sententiam
2679 2450 2856 2491 sermo
2899 2443 3062 2505 atque
3090 2439 3385 2494 auctoritas
3425 2455 3571 2496 mea.
3599 2441 3694 2498 Vi-

2105 2523 2327 2581 deamus
2347 2540 2473 2594 ergo
2501 2525 2629 2596 quid
2658 2525 2727 2581 de
2754 2526 2838 2581 bis
2865 2526 3113 2583 omnibus
3154 2541 3428 2583 sacrorum
3452 2529 3691 2587 volumi-

2105 2631 2231 2671 num
2275 2617 2472 2686 linguae
2504 2632 2569 2672 ac
2611 2624 3002 2688 praeceptorum
3047 2617 3347 2674 caelestium
3376 2635 3543 2676 voces
3591 2636 3692 2677 so-

2105 2716 2263 2774 nent;
2312 2714 2368 2763 et
2415 2715 2542 2765 tunc
2582 2707 2882 2764 rectissime
2926 2707 3222 2763 secundum
3266 2708 3447 2762 datam
3495 2725 3525 2764 a
3574 2709 3697 2767 Deo

2107 2816 2349 2855 normam
2402 2800 2673 2871 opinionis
2718 2808 2919 2855 nostra:
2963 2800 3204 2869 regulam
3249 2801 3560 2871 dirigemus.
3611 2801 3697 2859 Ac

2106 2891 2336 2960 primum
2381 2908 2394 2943 :
2442 2904 2550 2945 non
2598 2898 2685 2945 est
2745 2889 2891 2959 quod
2938 2889 3352 2959 confugiendum
3399 2892 3502 2947 sibi
3542 2907 3699 2948 nunc

2104 2982 2383 3053 quisquam
2410 2989 2565 3052 putet
2593 2981 2662 3040 ad
2689 2989 2935 3036 veterum
2964 2983 3335 3052 exemplorum
3378 2998 3499 3040 esse
3544 2986 3697 3041 sola-

2109 3073 2202 3140 tia,
2236 3081 2294 3128 ut
2320 3072 2466 3128 dicat
2491 3073 2699 3141 aliquos
2727 3071 2954 3128 fortasse
2978 3081 3195 3129 sanctos
3221 3082 3314 3129 aut
3354 3074 3408 3129 in
3448 3075 3570 3144 lege
3596 3084 3699 3133 aut

426 3163 649 3233 professi
679 3165 806 3231 sint,
836 3174 1015 3221 tamen
1062 3166 1275 3222 divitias
1295 3184 1403 3222 non
1442 3168 1767 3236 relinquunt.
1801 3168 1877 3222 De
1904 3168 2008 3222 illis
2033 3165 2079 3226 C
2109 3174 2235 3221 ante
2262 3166 2434 3234 legem
2463 3165 2655 3220 divites
2681 3165 2863 3220 fuisse.
2895 3164 3039 3221 Abiit
3065 3166 3265 3236 quippe
3292 3166 3424 3223 illud
3448 3175 3695 3237 tempus,

428 3257 567 3311 cnim
604 3256 696 3326 qui
746 3256 775 3296 ι»
823 3258 1059 3328 expediti
1113 3260 1363 3315 omnibus
1412 3259 1654 3325 sarcinis,
1706 3257 2002 3314 Salvatoris

2110 3262 2314 3310 mutata
2339 3256 2478 3309 ratio
2506 3262 2607 3309 est.
2632 3252 2769 3310 Ante
2794 3255 2989 3324 Legem
3019 3256 3162 3317 enim
3192 3257 3417 3313 liberum
3438 3257 3700 3313 omnibus

1593 3367 1928 3424 STEPHANI
1965 3365 2233 3424 BALUZII
2270 3364 2500 3421 NOTAE.

504 3494 527 3520 ι
557 3484 647 3540 Sic
675 3484 891 3540 Tacitus
919 3486 971 3540 in
1007 3486 1182 3555 primo
1212 3484 1496 3539 Annalium
1537 3483 1675 3538 libro
1704 3483 1779 3537 ait
1817 3484 2000 3555 Auge:

427 3565 565 3608 stum
596 3571 703 3610 non
727 3557 987 3610 charitate
1012 3552 1118 3608 'aut
1151 3556 1286 3624 reip.
1325 3567 1453 3610 cura
1496 3567 1864 3608 successorem
1900 3552 2003 3606 sibi

406 3624 716 3689 adscivisse
752 3625 1049 3691 Tiberium,
1088 3626 1179 3679 sed
1222 3627 1467 3694 quoniam
1508 3626 1861 3694 arrogantiam
1900 3638 2004 3694 ste-

430 3695 705 3767 ritibusque
731 3694 842 3764 ejus
870 3690 1265 3767 introspexerit,
1290 3690 1683 3767 Acomparatgme
1729 3690 2004 3767 deterrima

406 3775 410 3779 ‘
429 3762 523 3834 sibi
544 3761 768 3834 gloriam
784 3761 1094 3834 quasivisse.
1138 3762 1270 3834 Vide
1290 3763 1395 3834 hoc
1415 3761 1543 3816 loco
1566 3761 2000 3834 Rittershusium.

500 3831 525 3869 δ
545 3829 855 3885 ⁷Αᾱηιοηιὶίι
882 3830 1117 3887 Pithoeus
1145 3832 1199 3886 in
1220 3833 1387 3885 veteri
1406 3846 1505 3885 suo
1543 3829 1725 3885 codice
1746 3830 2004 3899 scriptum

431 3900 587 3955 fuisse
603 3902 823 3971 expediti
839 3900 1068 3971 omnibus
1088 3903 1324 3967 sarcinis,
1342 3916 1462 3956 cum
1475 3899 1734 3971 editiones
1746 3900 2006 3971 haberent

428 3968 783 4041 expediti'aut
810 3969 1160 4041 omnibusgaut
1186 3987 1314 4041 pene
1353 3969 1586 4041 omnibus.
1620 3971 1856 4024 sarcinis.
1897 3968 2005 4024 Nos

428 4038 595 4095 secuti
634 4042 1008 4094 auctoritatem
1039 4038 1300 4096 Pithmani
1330 4040 1548 4104 codicis,
1579 4049 1691 4095 tum
1720 4041 1880 4095 etiam
1914 4054 2003 4095 re-

428 4111 653 4177 giorum,
686 4111 1057 4166 constituimus
1082 4126 1260 4165 veram
1286 4111 1588 4165 lectionem.

501 4192 523 4219 ο
564 4176 761 4235 Omnes
815 4180 936 4234 libri
980 4190 1191 4237 veteres
1232 4182 1429 4235 habent
1456 4186 1764 4234 mercantur.
1805 4178 2004 4233 Verum

465 4250 587 4304 aulo
628 4257 749 4321 post
796 4251 1049 4321 scriptum
1079 4260 1162 4305 est
1204 4252 1504 4321 imitatores.
1537 4249 1691 4316 Quod
1725 4247 2007 4321 confirmat

450 4317 712 4374 ectionem
741 4317 994 4375 librorum
1029 4320 1310 4375 editorum.
1344 4320 1475 4373 Vide
1500 4321 1634 4373 infra
1659 4332 1778 4387 pag.
1808 4317 1929 4370 262.

498 4386 522 4427 δ
562 4390 638 4445 Ea
668 4390 794 4443 olim
825 4397 941 4444 erat
968 4399 1246 4458 parentum
1278 4390 1567 4443 auctoritas
1606 4397 1664 4441 ut
1692 4388 1877 4458 liceret
1904 4387 2007 4441 illis

430 4459 566 4515 Iilios
591 4474 717 4516 suos
761 4460 923 4514 etiam
959 4457 1011 4513 iu
1057 4460 1281 4528 pueritia
1312 4474 1509 4528 vovere
1537 4458 1666 4522 Deo,
1697 4457 1861 4528 sicut
1899 4473 2004 4528 non

430 4529 613 4584 liceret
639 4530 741 4585 illis
778 4528 1009 4596 abjicere
1037 4526 1333 4582 institutum
1362 4526 1504 4596 quod
1543 4534 1751 4596 patrum
1780 4527 2006 4596 imperio

428 4607 793 4670 susceperant.
818 4594 1113 4653 Concilium
1129 4594 1730 4670 quartum’Tolct'axittm,
1899 4594 2001 4670 ᾆδε

433 4666 745 4724 Monachum
773 4676 863 4722 aut
902 4677 1117 4736 paterna
1163 4666 1359 4721 devotio
1387 4676 1473 4719 aut
1515 4666 1722 4736 propria
1752 4666 2004 4736 professio

430 4740 572 4810 facit.
599 4737 865 4810 (Quidquid
893 4734 1072 4791 horum
1096 4739 1250 4810 fuerit
1268 4738 1534 4810 alligatum
1553 4734 1759 4810 tenebit.
1779 4734 2007 4789 Proinde

433 4804 508 4860 bis
537 4809 606 4861 ad
620 4804 861 4863 mundum
883 4804 1163 4862 revertendi
1189 4804 1575 4861 intercludimns
1602 4804 1797 4857 aditum
1820 4812 1868 4858 et
1896 4821 2007 4858 om-

432 4893 521 4930 nes
546 4878 615 4930 ad
641 4878 880 4931 siccatum
901 4878 1275 4947 interdicimus
1297 4892 1569 4947 regressus.
1603 4871 2002 4947 Gregoriuslll,

430 4947 481 4998 in
520 4947 742 5014 epistola
773 4954 962 5014 quarta
1005 4948 1069 5001 ad
1118 4943 1446 5001 Bonifaciitm
1481 4963 1493 4997 :
1538 4943 1795 4997 Addidisti
1840 4945 2006 4997 adhuc

430 5014 564 5086 quod
606 5017 650 5098 si
695 5025 842 5098 pater
884 5015 963 5098 pel
1005 5028 1168 5097 mgter
1203 5018 1367 5098 filium
1388 5017 1468 5098 pel
1497 5015 1662 5098 ﬁliam
1697 5014 1835 5098 iutrq
1861 5022 2009 5098 peplo

430 5083 727 5139 monasterii
778 5086 831 5138 in
878 5086 1115 5155 infan‘ia:
1142 5083 1292 5140 annis
1320 5084 1411 5139 sub
1440 5083 1662 5155 regulari
1681 5083 2007 5155 tradiderint

431 5155 733 5227 disciplina,
764 5153 945 5227 utrum
985 5155 1133 5227 liceat
1173 5157 1275 5219 eis,
1308 5153 1574 5227 postquam
1603 5153 1883 5227 pubertatis
1896 5170 2008 5227 gn,

402 5232 406 5236 '
432 5243 522 5280 nos
561 5222 912 5296 impleverim,
942 5224 1114 5295 egredi
1142 5234 1190 5278 et
1236 5222 1564 5278 matrimonio
1594 5222 1853 5296 capulari.
1887 5222 2003 5277 Hoc

430 5293 948 5373 omninq'devitamits
973 5293 1000 5373 ζ,
1020 5297 1140 5364 quia
1153 5296 1313 5373 _ne{_as
1358 5303 1445 5373 est.
1470 5301 1527 5347 ut
1552 5293 1799 5373 oblatis‘a
1825 5309 2005 5373 pag-en-

362 5408 371 5417 .
434 5364 563 5420 tibus
609 5364 716 5421 De?)
754 5365 877 5445 [iliis
920 5361 1193 5445 rplttptatis
1225 5361 1389 5445 A'frena
1428 5366 1685 5445 laxgtttur.
1719 5361 2004 5445 Pervulgaf

434 5445 545 5490 tum
569 5451 728 5505 porro
755 5432 920 5489 fuisse
949 5432 1050 5505 hoc
1072 5434 1158 5502 jus
1187 5432 1346 5505 etiam
1379 5449 1494 5505 aevo
1522 5432 1834 5505 Hieronymi
1858 5439 2005 5501 patet

432 5522 497 5557 ex
528 5502 758 5586 epistola.
781 5506 895 5586 ejus
923 5505 994 5586 ad.
1013 5503 1401 5586 Demetriadem
1419 5544 1432 5566 ,
1466 5503 1518 5556 in
1547 5518 1650 5586 qua
1678 5503 1791 5586 huic
1812 5502 2005 5586 legitq-

434 5584 519 5627 tur
551 5571 576 5628 ε’
599 5576 778 5629 Solent
812 5571 994 5629 miseri
1026 5582 1260 5643 parentes
1288 5580 1336 5626 et
1354 5641 1362 5643 Α
1380 5589 1493 5643 non
1512 5571 1676 5643 plent:
1703 5571 1822 5643 ﬁdei
1851 5571 2003 5626 Chri-

435 5646 587 5716 stiani
618 5646 869 5716 deformes
918 5656 964 5697 et
1012 5641 1182 5716 aliquq
1212 5641 1649 5716 membrodebiles
1686 5641 2007 5716 ﬁlias,.q_uia

440 5659 587 5699 suam
618 5659 869 5716 de;orntes
918 5659 964 5697 et
1012 5659 1182 5715 altun
1212 5659 1433 5697 memoro
1461 5659 1649 5695 «leones
1686 5659 2002 5765 pttas,.q£ttta

440 5714 618 5784 dignos
646 5733 854 5786 generos
884 5732 984 5769 non
1016 5712 1291 5777 inveniunt,
1333 5713 1608 5785 virginitati
1641 5710 1862 5765 tradere.
1944 5728 2002 5765 ιο

2104 3486 2209 3533 stat
2237 3479 2291 3532 in
2321 3477 2489 3534 veteri
2534 3477 2861 3533 cbartulario
2905 3476 3157 3534 Ecclesiae
3180 3478 3531 3535 Cadurcensis
3573 3479 3700 3536 for-

2103 3549 2245 3602 mula
2276 3548 2429 3603 istius
2465 3548 3042 3619 paternzeoblationis,
3086 3564 3245 3618 quam
3274 3548 3518 3619 _edemus
3566 3560 3701 3619 post

2102 3627 2260 3673 notas
2262 3619 2340 3700 “in
2370 3617 2947 3700 appendiceﬁctorum
2971 3617 3241 3700 veterum.
3273 3617 3330 3700 1p
3358 3617 3699 3700 cbartulario

2105 3704 2233 3759 vero
2262 3683 2512 3759 Ecclesia:
2536 3683 2840 3759 r'lfutelensis
2867 3695 3043 3745 exstat
3060 3696 3233 3759 vetus
3270 3687 3455 3742 charta
3484 3703 3552 3759 ex
3580 3706 3696 3759 qua

2104 3748 2372 3828 colligitur
2412 3756 2463 3810 in
2513 3756 2651 3812 filios
2677 3759 2997 3828 quandoque
3041 3757 3337 3828 derivatam
3363 3757 3543 3828 quoad
3584 3748 3699 3816 hoc

2103 3826 2266 3881 fuisse
2317 3833 2636 3896 potestatem
2682 3825 2928 3896 patriam
2965 3841 3092 3895 erga
3147 3825 3340 3880 fratres
3393 3826 3444 3879 in
3479 3834 3696 3896 tenera

2102 3905 2261 3950 mtate
2306 3894 2643 3952 constitutos.
2668 3894 2799 3951 Nam
2826 3894 3130 3952 Gualterius
3164 3896 3233 3951 de
3279 3896 3438 3951 Navis
3465 3894 3697 3953 fratrem

2104 3982 2257 4020 suum
2282 3965 2452 4020 Eliam
2473 3967 2792 4021 monachum
2819 3967 2942 4023 fecit
2963 3982 3105 4021 anno
3127 3964 3262 4020 1099
3283 3965 3335 4019 in
3358 3970 3696 4023 monasterio

2106 4033 2399 4091 Tutelensi.
2431 4035 2500 4089 At
2545 4052 2650 4090 non
2681 4036 2853 4091 solum
2890 4035 3029 4091 filios
3064 4036 3176 4104 jam
3218 4042 3373 4089 natos
3416 4038 3697 4092 vovebant

2104 4113 2304 4177 patres,
2320 4106 2413 4160 sed
2432 4106 2593 4177 etiam
2618 4120 2712 4162 eos
2730 4107 2820 4177 qui
2835 4106 3070 4161 nondum
3099 4105 3229 4177 nati,
3254 4106 3305 4177 in
3322 4108 3695 4177 uteroimatris

2104 4175 2265 4243 positi
2312 4183 2484 4231 erant.
2534 4174 2766 4230 Exstant
2804 4177 2959 4231 istius
3004 4175 3691 4245 morisaliquot_illustria

2106 4245 2371 4314 exempla,
2401 4261 2630 4314 quorum
2657 4246 2928 4314 antiquius
2955 4252 3039 4303 est
3076 4244 3205 4299 illud
3241 4243 3385 4314 quod
3409 4243 3695 4301 Ekkehar—

2104 4311 2204 4368 dus
2223 4314 2251 4367 J
2258 4311 2411 4369 unior
2421 4311 2592 4369 refert
2614 4316 2667 4369 in
2689 4311 2863 4373 capite
2882 4315 3089 4373 decimo
3103 4315 3170 4368 de
3189 4311 3396 4368 casibus
3415 4324 3695 4370 monaste-

2102 4382 2169 4436 rii
2197 4383 2251 4438 S.
2276 4384 2431 4438 Galli.
2457 4384 2609 4439 Anno
2632 4377 2770 4438 1083
2795 4382 2983 4439 Petrus
3001 4377 3256 4439 Bemardi
3277 4383 3344 4438 de
3362 4383 3693 4442 Corneliano

2106 4456 2369 4523 supremis
2396 4455 2702 4509 testamenti
2721 4451 2917 4509 tabulis
2936 4456 3074 4510 cavit
3094 4455 3171 4508 uti
3199 4454 3245 4508 si
3272 4469 3408 4507 uxor
3433 4469 3552 4517 sua,
3569 4469 3694 4522 qua:

2106 4537 2384 4604 praegnans
2412 4524 3187 4604 erat_masc_ulut_n_pareret,nis
3214 4523 3505 4604 canpnicus
3533 4524 3696 4604 ﬁeret

2109 4592 2161 4645 in
2190 4594 2413 4648 ecclesia
2444 4595 2734 4648 cathedrali
2777 4592 3079 4649 Helenensi.
3111 4592 3507 4648 Chartularium
3533 4592 3696 4648 Hele-

2109 4677 2273 4716 nensc
2294 4663 2385 4717 lib.
2422 4680 2490 4728 vi,
2523 4678 2640 4732 cap.
2679 4664 2714 4717 5
2744 4681 2755 4716 :
2790 4664 2859 4717 Et
2887 4664 2930 4717 si
2958 4677 3091 4717 uxor
3124 4680 3238 4717 mea
3267 4661 3330 4715 de
3355 4663 3522 4732 ipsum
3551 4680 3695 4731 prte-

2108 4741 2507 4803 gnatumiquem
2536 4731 2717 4797 habet,
2748 4733 2886 4788 Deus
2914 4734 3124 4803 donavit
3150 4733 3336 4803 ﬁlium,
3375 4731 3578 4803 dirniuo
3620 4733 3695 4787 ad

2032 4789 2085 4849 D
2106 4789 2300 4874 Eancta
2313 4789 2542 4869 Eulalia,
2567 4819 2679 4857 cum
2694 4789 2806 4874 ipso
2831 4802 3004 4874 alodio
3199 4789 3359 4856 habeo
3378 4802 3433 4855 in
3449 4799 3695 4857 Chexans

2107 4880 2222 4941 post
2250 4870 2439 4941 obitum
2467 4882 2630 4927 mater
2657 4870 2887 4938 sua,ete.
2914 4870 3132 4926 Factum
3150 4873 3305 4941 istum
3329 4879 3695 4941 testamentum

2108 4940 2179 5010 vn
2215 4941 2330 4995 idus
2378 4940 2667 4996 Decembris
2715 4960 2848 4997 anno
2895 4956 3058 4997 xxwu
3086 4943 3231 5010 regni
3268 4940 3690 5010 Philippiregis.

2108 5007 2238 5066 Post
2263 5013 2447 5079 viginti
2476 5013 2691 5068 circiter
2718 5012 2909 5066 exinde
2938 5027 3107 5065 annos
3136 5000 3327 5066 Petrus
3371 5000 3456 5064 de'
3482 5000 3695 5064 Torna-

2107 5082 2241 5135 mira
2264 5082 2330 5136 de
2351 5081 2616 5151 Spaniaco
2640 5080 2798 5151 jussit
2840 5089 2900 5136 ut
2947 5082 2991 5136 si
3021 5096 3160 5135 uxor
3185 5096 3281 5135 sua
3325 5088 3542 5151 pareret
3565 5089 3695 5151 post

2107 5159 2334 5205 mortem
2364 5148 2513 5206 suam
2543 5148 2856 5214 masculum,
2877 5152 3012 5205 filius
3031 5149 3429 5205 illemonacbus
3451 5148 3605 5204 fieret
3634 5150 3693 5204 in

2110 5221 2436 5275 monasterio
2480 5222 2770 5276 Tutelensi.
2801 5219 3195 5275 Chartulanum
3240 5219 3527 5275 Tuteleusc
3559 5219 3694 5274 folio

2091 5288 2210 5362 £09
2240 5308 2252 5342 :
2280 5289 2342 5362 Si
2368 5307 2482 5345 vero
2509 5307 2643 5346 uxor
2667 5307 2813 5362 mea,
2841 5305 2953 5362 qtae
2979 5305 3113 5344 nunc
3140 5306 3412 5361 praegnans
3439 5305 3551 5362 esse
3578 5306 3697 5362 cer-

2104 5360 2265 5423 nitur,
2283 5360 2447 5427 ﬁlium
2475 5363 2744 5431 pepererit,
2768 5359 2969 5415 dimitto
2997 5375 3113 5413 eum
3129 5359 3187 5413 ut
3213 5359 3309 5431 ﬁut
3335 5359 3621 5431 monac/tus
3635 5360 3696 5412 in

2105 5430 2402 5498 supradicto
2432 5427 2547 5502 loco
2571 5448 2683 5502 cum
2719 5431 2879 5502 (villa!
2899 5447 3012 5502 qua:
3040 5427 3227 5484 dicitur
3254 5427 3542 5502 Pomairol.
3579 5428 3693 5502 Te:

2105 5497 2428 5554 statuentum
2478 5500 2729 5555 Ludovici
2775 5497 2922 5564 Vlll,‘
2956 5500 3281 5555 Francorum
3333 5498 3493 5566 regis.
3545 5497 3694 5565 apud

2107 5566 2374 5624 Andream
2403 5571 2751 5625 Dnchesninm
2780 5578 2818 5623 t.
2857 5570 2918 5632 V,
2952 5583 3071 5639 pag.
3102 5568 3206 5623 δ’).Ξί
3242 5586 3253 5622 :
3298 5567 3426 5622 Item
3455 5568 3694 5639 volantia

2103 5647 2153 5690 et
2190 5643 2510 5709 prazripimns
2541 5641 2675 5709 quod
2726 5642 2927 5710 quintus
2954 5636 3106 5709 'filius
3159 5648 3327 5693 uester
3353 5641 3417 5692 sit
3470 5636 3691 5690 clericus

2104 5718 2151 5760 et
2182 5712 2471 5787 omncgalii
2501 5712 2582 5778 qui
2606 5721 2721 5775 post
2751 5726 2860 5764 eum
2895 5718 3180 5762 ttasrenlur.
