3866 6178
170 341 258 403 l93
1229 330 1588 396 ADVERSUS
1624 333 1997 394 AVAIUTIAM
2039 336 2161 395 LIB.
2203 335 2266 394 ll.

3264 340 3365 398 l9!

168 471 268 518 erat
297 459 375 515 vel
412 456 663 514 habenda:
690 448 774 510 vel
814 434 975 510 etiam
1014 454 1384 509 cnnsectandzn
1430 452 1696 506 facultatis
1724 452 1772 510 Α
1797 466 2012 517 uxores,
2056 454 2127 505 ita
2149 452 2252 504 sint
2281 468 2340 504 ac
2369 453 2413 505 si
2443 463 2543 505 non
2587 448 2807 505 habeant
2836 468 2852 504 :
2881 460 2930 504 et
2966 453 3048 522 qui
3094 453 3218 520 ﬂent
3258 464 3368 508 tau.

167 551 413 608 arbitrium
442 566 454 600 :
486 547 611 616 quia
635 546 839 600 scilicet
863 544 1038 599 adhuc
1062 551 1188 599 tunc
1214 544 1360 610 virga
1383 542 1697 597 interdicto-

168 658 263 698 rum
287 640 569 696 rtelestium
600 653 708 691 non
754 637 1131 704 castigabatur.
1186 633 1283 689 Ubi
1326 636 1481 701 enim,
1527 634 1699 703 inquit

165 730 438 805 Apostolus,
478 744 582 781 non
628 734 706 779 est
745 727 848 790 lex,
892 741 985 779 nec
1008 726 1363 795 praevaricatio
1394 723 1581 794 (Rom.
1625 739 1695 787 tv,

171 824 257 895 l5).
281 823 384 876 Lex
428 833 556 903 ergo
586 817 712 873 fecit
738 816 939 886 aliquid
983 832 1091 870 non
1139 815 1322 879 licere,
1353 824 1379 852 ⁸·
1408 814 1698 882 secundum

166 913 310 967 illud:
352 908 487 963 Nam
532 909 1015 977 concupiscentiam,
1062 906 1233 975 inquit
1258 904 1562 973 Apostolus,
1605 921 1699 958 ne-

164 1002 387 1067 sciebam,
427 1001 527 1055 nisi
572 1000 657 1053 (ea:
697 998 887 1053 diceret
929 1015 949 1052 :
997 996 1121 1051 Non
1164 997 1487 1066 concupisces
1518 994 1694 1066 (Rom.

168 1109 237 1159 vn,
262 1092 331 1163 7).
370 1091 434 1144 Et
458 1090 581 1145 ideo
619 1103 750 1158 opes
776 1103 909 1157 quas
937 1094 1060 1141 ante
1098 1086 1267 1153 legem
1296 1085 1436 1139 Deus
1470 1099 1579 1139 non
1609 1099 1699 1138 re-

164 1180 504 1252 prehenderat,
529 1178 692 1232 homo
718 1176 886 1233 libere
907 1176 1230 1245 possidebat.
1256 1173 1316 1228 In
1342 1174 1461 1241 lege
1486 1186 1700 1242 quoque

166 1271 476 1333 nihilominus
499 1282 671 1339 prepe
700 1266 840 1321 idem
877 1264 1016 1335 juris
1058 1264 1305 1320 omnibus
1332 1263 1650 1332 suppetebat
1681 1280 1694 1315 :

162 1362 264 1431 quia
304 1361 388 1415 lex
430 1358 725 1421 hominem,
774 1354 1062 1409 dummodo
1098 1352 1267 1422 juste,
1316 1353 1511 1406 habere
1555 1351 1700 1420 quod

162 1452 297 1505 vellet
331 1451 544 1520 penitus
569 1464 677 1503 non
695 1447 932 1501 Vetabat.
963 1445 1149 1515 Itaque
1200 1453 1325 1499 tunc
1361 1459 1547 1498 omnes
1583 1459 1698 1498 om-

162 1544 266 1596 nino
289 1542 455 1596 sancti
499 1540 708 1597 cunctis
751 1537 1091 1592 facultatibus
1132 1537 1243 1590 suis
1277 1536 1427 1604 juxta
1457 1538 1700 1604 przescri-

159 1642 259 1701 ptes
289 1633 414 1700 legis
461 1631 721 1686 terminos
748 1629 1053 1707 utebantur,
1085 1628 1421 1690 ambulantes,
1447 1628 1604 1698 232
1639 1636 1698 1680 ut

157 1722 370 1789 legimus,
391 1722 451 1773 in
478 1717 711 1775 omnibus
738 1718 1000 1771 mandatis
1036 1726 1086 1770 et
1116 1717 1572 1787 justiﬁeationibus
1597 1716 1696 1770 Dei

1798 558 1951 613 quant
1988 559 2089 595 non
2124 544 2301 611 ﬂenies
2326 560 2341 595 :
2367 553 2415 596 et
2455 544 2539 613 qui
2586 543 2808 612 gaudent
2836 553 3076 614 tanquam
3100 559 3202 597 non
3245 562 3366 614 gau-

1799 632 1973 685 dentes
2003 642 2090 685 :et
2116 635 2201 703 qui
2226 643 2397 686 emunt
2420 644 2658 703 tauquam
2698 649 2799 686 non
2827 633 3141 701 possidentes
3166 641 3253 686 :et
3280 637 3366 702 qui

1796 730 2010 774 utuntur
2048 722 2141 775 hoc
2178 722 2368 774 mundo
2409 731 2652 791 tanquam
2699 738 2802 774 non
2836 730 3049 773 utantur
3087 738 3105 774 :
3139 724 3391 792 praeterit.

1798 812 1934 864 enim
1956 812 2123 881 figura
2152 811 2303 881 hujus
2344 813 2521 865 mundi
2552 810 2608 881 (ι
2638 810 2756 865 Cor.
2800 828 2902 876 vn,
2933 810 3145 882 29-51).
3179 811 3366 866 Videte

1798 913 1957 966 quam
1987 899 2218 953 breviter
2245 901 2434 954 missus
2467 916 2494 951 a
2527 899 2637 953 Deo
2667 900 2857 953 doctor
2885 908 3076 953 cuncta
3122 901 3367 956 modera-

1801 996 1885 1041 tus
1913 989 1979 1042 sit
2007 997 2061 1042 et
2088 989 2226 1041 intra
2255 1004 2414 1057 quam
2445 988 2824 1057 perfectionem
2853 988 3101 1040 universa
3148 989 3365 1041 conclu-

1798 1078 1945 1137 serit.
1972 1092 2077 1131 non
2101 1077 2297 1131 inlicita
2322 1079 2492 1132 solum
2519 1076 2899 1140 intercidendo,
2920 1076 3012 1130 sed
3035 1077 3193 1131 etiam
3218 1077 3359 1132 licita

1798 1168 2138 1233 coarctando,
2170 1169 2553 1223 circumcidens
2579 1168 2800 1232 scilicet,
2831 1176 2884 1220 et
2915 1184 3066 1221 usum
3102 1168 3367 1237 conjugio~

1798 1275 1915 1314 rum
1939 1299 1953 1322 ,
1995 1270 2050 1314 et
2077 1259 2439 1314 infidelitatem
2503 1259 2720 1315 fletuum
2744 1300 2759 1326 ,
2808 1268 2864 1315 et
2905 1262 3365 1332 intemperantiam

1796 1352 2129 1418 gaudiorum,
2162 1361 2217 1407 et
2245 1353 2472 1407 habendi
2496 1352 2769 1407 libidinem
2794 1393 2807 1417 ,
2837 1360 2891 1407 et
2920 1354 3130 1408 emendi
3159 1356 3361 1424 cupidi-

1799 1451 1983 1508 tatem,
2016 1452 2069 1497 et
2093 1445 2261 1513 ipsam
2307 1445 2535 1512 denique
2563 1445 2745 1499 mundi
2773 1445 2929 1513 hujus
2965 1445 3180 1500 brevem
3207 1456 3365 1515 atque

1798 1533 2136 1589 umbratilem
2165 1536 2516 1604 voluptatem.
2545 1534 2609 1589 Et
2632 1536 2742 1590 haec
2765 1537 2940 1591 omnia
2966 1538 3097 1590 cur?
3124 1536 3233 1591 Cur
3258 1539 3363 1591 uti-

1795 1639 1901 1692 que
1946 1624 2068 1689 nisi,
2109 1632 2165 1677 ut
2189 1625 2300 1693 ipse
2342 1625 2508 1689 dixit,
2545 1625 2669 1694 quia
2716 1624 2951 1693 prieterit
2978 1625 3160 1693 .figura
3208 1626 3364 1693 hujus

1795 1712 2014 1766 mundi?
2042 1712 2210 1778 Quam
2242 1714 2397 1781 iunge
2428 1722 2551 1768 sunt
2578 1728 2706 1781 ergo
2734 1729 2764 1767 a
2804 1714 3057 1769 mandatu
3088 1715 3182 1769 Dei
3227 1731 3363 1784 quos

154 1814 245 1866 sine
262 1813 462 1883 «μιγείη
484 1809 641 1882 (Luc.
665 1827 702 1877 ι,
725 1809 803 1881 6).
834 1809 986 1865 Sicut
1013 1809 1191 1877 utique
1214 1809 1287 1862 illi
1328 1809 1427 1878 ipsi
1463 1808 1696 1885 ambula-
1726 1800 1770 1859 Β
1796 1817 1914 1855 cum
1947 1802 2088 1871 ipsos
2110 1802 2329 1869 jusserit
2370 1803 2509 1857 Deus
2538 1803 2775 1877 viventes
2800 1804 2990 1871 opibus
3036 1805 3360 1869 renuntiare,

154 1910 315 1958 verunt
340 1903 406 1957 de
434 1903 631 1971 quibus
676 1902 777 1955 ista
815 1908 1199 1965 memorantur,
1229 1900 1366 1953 sicut
1407 1899 1693 1969 prophetes

154 1994 280 2048 Anna
305 1995 357 2047 in
393 1992 614 2061 jejuniis
641 2001 801 2060 atque
826 1990 1158 2045 orationibus
1183 1991 1398 2054 vivens;
1428 1988 1564 2042 sicut
1589 1987 1694 2042 Na-

154 2084 332 2138 thanael
359 2083 470 2145 ille,
503 2097 663 2152 quem
700 2083 943 2150 legimus,
972 2081 1084 2134 veri
1124 2079 1375 2133 lsraelita:
1402 2079 1558 2132 laude
1603 2094 1695 2133 su-

153 2176 314 2241 blimis,
354 2184 409 2230 et
437 2176 560 2245 ipso
580 2174 806 2227 Domino
834 2188 897 2228 ac
925 2172 1036 2226 Deo
1077 2178 1213 2226 teste
1243 2171 1525 2231 mirabilis;
1557 2172 1695 2226 sicut

155 2263 176 2302 δ
199 2264 394 2330 Tobias,
437 2264 880 2332 magnanimitate
917 2261 1216 2316 devotionis
1256 2269 1521 2330 praecepta
1563 2262 1697 2329 legis

152 2354 403 2420 excedens,
424 2354 719 2424 sepulturis
738 2352 1013 2407 hominum
1036 2359 1368 2405 mortuorum
1389 2352 1551 2405 etiam
1572 2365 1691 2405 cum

151 2446 308 2501 mortis
330 2446 577 2516 periculo
617 2445 902 2508 serviebat,
933 2451 988 2497 et
1027 2442 1389 2510 indigentibus
1417 2456 1586 2511 usque
1626 2442 1694 2497 ad

151 2535 464 2604 indigentiam
495 2549 649 2589 suam
677 2534 977 2594 consulens,
1004 2533 1056 2586 in
1084 2539 1289 2585 tantum
1325 2530 1585 2599 largitatis
1613 2528 1692 2583 af-

150 2620 314 2676 fectum
341 2630 588 2687 venerat,
611 2629 670 2676 ut
697 2621 1030 2676 mercenario
1057 2635 1155 2675 suo
1183 2626 1395 2689 partem
1428 2620 1691 2675 honorum

148 2714 355 2768 omnium
381 2714 701 2782 deputaret;
730 2721 785 2766 et
811 2713 931 2775 hoc,
959 2725 1066 2779 quo
1103 2711 1271 2778 magis
1304 2710 1474 2779 possit
1499 2710 1692 2763 mirum

149 2817 263 2869 esse,
296 2803 407 2874 jam
433 2804 623 2867 dives;
650 2810 725 2867 et,
754 2817 862 2871 quo
901 2801 1227 2866 mirabilius,
1257 2801 1408 2855 dives
1445 2816 1513 2855 ex
1555 2817 1693 2871 pau-

146 2912 276 2965 pere,
297 2900 418 2968 quia
463 2896 728 2966 majorem
758 2895 923 2952 ferme
962 2896 1198 2951 excitant
1225 2894 1456 2950 habendi
1489 2896 1694 2965 cupidi-

148 2993 283 3040 tatem
304 3004 434 3058 opes
465 2995 591 3057 post
622 2986 987 3054 indigentiam.

197 3075 255 3131 γ.
292 3076 448 3133 Tales
476 3090 611 3145 ergo
644 3087 767 3130 tunc
792 3077 959 3130 sancti
986 3083 1161 3141 erant,
1201 3074 1491 3130 secundum
1520 3075 1692 3143 legem

1794 1891 1869 1945 illi
1901 1907 1993 1945 eas
2026 1894 2247 1963 cupiunt
2275 1893 2437 1946 etiam
2475 1893 2528 1946 in
2555 1894 2793 1961 cognatis
2832 1893 2943 1947 suis
2970 1893 3165 1947 mortui
3192 1894 3363 1963 pOSsi«

1794 1976 1958 2035 dere!
1986 1981 2090 2036 Aut
2118 1998 2276 2051 quam
2319 1984 2475 2050 longe
2503 1982 2571 2037 ab
2598 1998 2661 2037 ea
2692 1983 2981 2038 devotione
3018 1992 3144 2037 sunt
3181 1993 3240 2038 ut
3265 2000 3362 2039 ex-

1793 2070 2066 2125 hteredent
2109 2072 2313 2140 seipsos
2358 2078 2579 2141 propter
2632 2072 2839 2137 Deum,
2890 2073 2983 2141 qui
3022 2074 3363 2129 ethredare

1794 2159 1983 2213 nolunt
2010 2161 2199 2214 saltem
2219 2169 2506 2215 extraneos
2533 2170 2752 2230 propter
2777 2161 2867 2215 se!
2900 2160 3105 2226 Quibus
3134 2163 3362 2217 libenter

1794 2250 1960 2306 libere
1979 2251 2212 2306 dicerem
2264 2270 2275 2305 :
2325 2251 2454 2317 Quae
2502 2252 2706 2306 insania
2736 2262 2835 2317 est,
2869 2267 2902 2306 ο
2943 2252 3259 2307 miserrimi!
3298 2253 3362 2308 Ut

1793 2339 2029 2396 hmredes
2075 2340 2209 2395 alios
2252 2356 2597 2410 quoscunque
2638 2340 2865 2405 faciatis,
2895 2356 2993 2396 vos
3039 2342 3188 2410 ipsos
3232 2359 3360 2397 vero

1795 2432 2171 2495 exhtcredatis;
2219 2441 2277 2488 ut
2304 2433 2439 2487 alios
2476 2433 2793 2502 relinquatis
2822 2432 2905 2486 vel
2941 2433 3091 2488 brevi
3144 2434 3356 2500 divites,

1798 2539 1893 2578 vos
1921 2525 2065 2594 ipsos
2094 2534 2293 2580 aeterna
2321 2525 2664 2580 mendicitate
2692 2524 2972 2579 damnatis.

1866 2616 1950 2670 Vl.
1977 2617 2083 2671 Sed
2109 2618 2299 2686 quaerit
2325 2618 2549 2673 fortasse
2577 2618 2786 2686 aliquis,
2817 2616 2943 2686 quid
2964 2618 3033 2672 sit
3057 2618 3198 2673 istud
3219 2620 3361 2688 quod

1795 2721 1937 2761 nunc
1963 2707 2082 2776 plus
2110 2708 2288 2775 exigat
2318 2708 2457 2762 Deus
2482 2724 2511 2761 a
2542 2708 2859 2763 Christianis
2892 2724 2991 2778 per
3010 2706 3356 2779 Evangelium

1794 2811 1953 2865 quam
1982 2813 2013 2850 a
2040 2797 2235 2852 Judaeis
2279 2807 2405 2852 ante
2445 2813 2541 2868 per
2579 2798 2792 2866 legem?
2825 2807 2847 2835 ε
2888 2798 3046 2853 Certa
3093 2799 3247 2855 istius
3283 2802 3360 2855 rei

1795 2887 1932 2940 ratio
1973 2895 2074 2941 est.
2118 2887 2242 2943 ideo
2288 2889 2430 2942 enim
2470 2888 2677 2957 majora
2725 2904 2866 2944 nunc
2904 2889 3129 2944 Domino
3172 2898 3359 2945 nostro

1796 2978 2089 3044 solvimus,
2135 2981 2259 3050 quia
2302 2979 2506 3048 majora
2533 2980 2806 3035 debemus.
2838 2979 3005 3036 Judaei
3044 2982 3242 3052 quippe
3267 2983 3361 3038 ha-

1796 3072 1995 3127 bebant
2037 3072 2306 3141 quondam
2354 3072 2596 3128 umbram
2651 3089 2829 3128 rerum
2853 3113 2869 3139 ,
2911 3090 3008 3131 nos
3049 3078 3360 3141 veritatem;

144 3167 293 3219 omnia
321 3167 607 3225 habentes.
638 3177 660 3205 °
689 3166 980 3221 secundum
999 3166 1174 3234 legem
1200 3167 1378 3221 omnia
1398 3167 1697 3237 relinquen-
1720 3160 1767 3224 C
1795 3158 1963 3214 Judwi
1993 3160 2206 3215 fuerunt
2244 3162 2404 3227 servi.
2452 3178 2552 3217 nos
2580 3162 2851 3232 adoptivi;
2882 3164 3045 3236 234
3081 3163 3251 3220 Ιυάωἱ
3280 3180 3361 3220 ac-

145 3264 222 3310 tes.
265 3257 336 3313 Ac
380 3259 460 3313 sic
490 3257 763 3327 perfectus
789 3257 893 3332 fuit
926 3258 1103 3312 omnis
1130 3259 1221 3326 qui
1247 3258 1350 3326 legi
1379 3260 1591 3328 paruit,
1638 3267 1693 3313 et

145 3351 229 3399 tam
253 3347 479 3403 devotus
531 3348 621 3416 qui
665 3348 762 3402 sub
802 3349 919 3416 lege
948 3356 1073 3402 tunc
1116 3348 1293 3402 minus
1323 3347 1482 3413 fecit,
1527 3363 1689 3417 quam

146 3438 329 3491 nuncin
369 3437 674 3507 Evangelia
702 3439 791 3507 qui
820 3439 939 3507 plus
984 3437 1127 3493 facit.
1180 3438 1330 3493 Tunc
1373 3440 1514 3493 enim
1539 3440 1691 3507 quasi

146 3523 458 3594 Evangelium
490 3529 586 3582 lex
615 3526 730 3582 fuit.
779 3528 896 3594 Quo
942 3527 999 3582 fit
1025 3528 1167 3596 quod
1206 3530 1298 3597 qui
1328 3544 1387 3583 se
1414 3529 1688 3599 obtempe-

143 3627 315 3671 rantem
346 3629 475 3675 tunc
508 3618 614 3686 legi
640 3619 883 3687 praebuit,
915 3620 1066 3688 quasi
1097 3618 1124 3656 ά
1154 3618 1499 3688 Evangelium
1544 3636 1691 3676 com-

141 3705 295 3771 plevit.
336 3707 451 3763 Non
484 3716 575 3762 est
604 3722 730 3776 ergo
758 3708 900 3777 quod
943 3707 1355 3777 confugiendum
1403 3698 1502 3764 sibi
1549 3726 1689 3766 nunc

139 3795 389 3864 quisquam
413 3799 487 3852 ad
520 3798 692 3866 legem
722 3807 891 3867 putet.
935 3798 1117 3852 Vetera
1147 3800 1315 3863 enim,
1348 3808 1407 3854 ut
1432 3802 1507 3854 ait
1547 3801 1689 3870 Apo-

139 3883 309 3950 stolus,
345 3889 672 3941 transierunt
712 3904 731 3940 :
770 3891 908 3958 facta
936 3898 1056 3942 sunt
1082 3891 1255 3944 omnia
1286 3907 1417 3944 noua
1456 3890 1536 3959 (II
1564 3891 1682 3945 Cor.

140 3986 178 4035 ν,
207 3970 320 4043 l7).
359 3974 487 4030 Plus
512 3983 645 4029 tunc
672 3975 1012 4044 indulgentia:
1054 3985 1169 4031 erat
1195 3986 1249 4032 et
1295 3978 1414 4047 plus
1440 3979 1682 4034 licentiae.

138 4059 261 4117 Tunc
286 4080 405 4120 esus
432 4067 682 4121 carnium
711 4066 1098 4136 puedicabatur
1118 4107 1132 4131 ,
1176 4084 1317 4124 nunc
1343 4070 1681 4125 abstinentia.

139 4150 261 4211 Tunc
287 4157 335 4210 in
361 4159 521 4214 omni
540 4160 649 4212 vita
670 4158 994 4227 jejuniorum
1015 4160 1320 4228 pauciSsimi
1347 4160 1461 4214 dies
1485 4200 1500 4223 ,
1543 4177 1685 4217 nunc

136 4249 263 4312 quasi
290 4266 451 4304 unum
496 4249 765 4319 jejunium
793 4251 904 4304 vita
950 4252 1142 4304 omnis.
1178 4251 1325 4306 Tunc
1364 4252 1510 4307 laesis
1552 4253 1685 4308 ultio

135 4339 444 4405 suppetebat,
495 4354 645 4392 nunc
690 4339 965 4406 patientia.
1012 4338 1160 4393 Tunc
1205 4340 1555 4396 irascentibus
1597 4343 1681 4397 lex

137 4425 346 4480 ministra
375 4436 521 4494 erat,
548 4443 694 4482 nunc
722 4428 1045 4483 adversaria.
1076 4429 1224 4484 Tunc
1261 4432 1557 4486 accusatori
1577 4433 1683 4500 gla«

1793 3259 2053 3318 ceperunt
2084 3250 2288 3318 jugum,
2337 3267 2437 3306 nos
2485 3251 2815 3317 libertatem;
2850 3251 3020 3308 Judaei
3057 3255 3360 3321 maledicta,

1793 3354 1892 3392 nos
1918 3340 2171 3407 gratiam;
2201 3339 2370 3394 Judmi
2398 3340 2630 3396 litteram
2658 3341 3086 3409 interficientem,
3117 3360 3218 3400 nos
3254 3347 3360 3415 spi-

1794 3430 1958 3484 ritum
1988 3430 2378 3495 viviticantem;
2418 3430 2615 3486 ludatis
2661 3448 2847 3489 servus
2882 3436 3139 3503 magister
3169 3437 3359 3493 missus

1791 3529 1871 3574 est
1891 3560 1906 3586 ,
1939 3521 2091 3575 nobis
2117 3519 2288 3586 ﬁlius;
2317 3519 2483 3575 Judazi
2508 3536 2606 3591 per
2624 3537 2772 3577 mare
2793 3524 3119 3578 transierunt
3146 3526 3214 3580 ad
3242 3541 3359 3581 ere-

1789 3628 1955 3679 mum,
1981 3628 2081 3666 nos
2099 3628 2197 3683 per
2222 3614 2485 3683 baptisma
2512 3613 2796 3668 introimus
2823 3614 2876 3667 in
2904 3628 3154 3682 regnum;
3192 3614 3358 3672 Judaei

1791 3717 1981 3756 manna
2004 3701 2477 3768 manducaverunt,
2508 3717 2609 3757 nos
2635 3700 2936 3768 Christum;
2962 3702 3129 3758 Judaei
3171 3720 3359 3760 carnes

1789 3795 1987 3859 avium,
2016 3808 2117 3848 nos
2154 3809 2353 3864 corpus
2383 3794 2506 3860 Dei;
2551 3792 2719 3849 Judaei
2764 3795 3011 3864 pruinam
3049 3795 3211 3858 cmli,
3262 3811 3359 3849 nes

1788 3883 1954 3938 Deum
1984 3885 2104 3939 caeli
2138 3902 2152 3937 :
2183 3886 2267 3955 qui
2295 3901 2429 3950 cum,
2463 3892 2521 3938 ut
2548 3884 2835 3954 Apostolus
2857 3885 2950 3951 ait,
2976 3886 3032 3939 in
3055 3888 3223 3956 forma
3259 3886 3357 3940 Dei

1787 3983 1936 4039 esset,
1967 3976 2253 4029 humiliavit
2271 3978 2596 4046 semetipsum
2618 3992 2773 4047 usque
2794 3974 2862 4028 ad
2888 3984 3117 4039 mortem,
3145 3986 3358 4033 mortem

1786 4076 1953 4120 autem
1981 4067 2143 4120 crucis
2180 4065 2398 4137 (Philip.
2423 4082 2480 4127 ιι,
2506 4064 2663 4137 6,8);
2706 4081 2812 4119 non
2842 4073 3126 4119 contentus
3153 4066 3356 4120 scilicet

1785 4158 2079 4226 simplicem
2106 4172 2204 4225 pro
2234 4157 2389 4211 nobis
2423 4156 2603 4209 subire
2644 4162 2892 4219 mortem,
2931 4154 3031 4207 nisi
3060 4155 3229 4223 ipsam
3258 4171 3355 4206 vo-

1785 4247 2026 4301 luntaria:
2064 4246 2212 4301 necis
2259 4245 2656 4314 susceptionem
2700 4257 3027 4297 summorum
3057 4243 3353 4311 supplicio-

1784 4354 1901 4392 rum
1930 4337 2272 4408 perpessione
2293 4336 2631 4391 cumulasset.
2663 4332 2768 4387 Pro
2791 4334 2892 4388 hoc
2921 4347 3048 4400 ergo
3076 4334 3193 4387 solo
3221 4334 3349 4401 quid

1782 4430 1991 4485 solvere
2021 4430 2180 4482 homo
2208 4427 2434 4498 poterit,
2469 4426 2557 4480 cui
2589 4439 2648 4480 se
2675 4438 2772 4494 per
2800 4423 3038 4478 ultimam
3075 4437 3350 4491 pteuarum

138 4509 257 4566 dium
283 4519 615 4585 porrigebat,
646 4532 791 4571 nunc
816 4518 1151 4573 charitatem.
1187 4519 1338 4575 Tunc
1366 4522 1527 4576 etiam
1571 4538 1688 4577 car-
1713 4523 1767 4581 D
1791 4518 2139 4572 acerbitatem
2165 4516 2407 4570 Christus
2436 4515 2729 4584 impendit?
2759 4512 2864 4568 Aut
2890 4513 3016 4582 quid
3059 4528 3157 4582 pro
3185 4528 3244 4566 se
3271 4512 3350 4565 di-

138 4601 223 4654 nali
249 4604 509 4661 illecebras
539 4607 626 4661 lex
654 4606 980 4673 indulgebat,
1028 4624 1170 4664 nunc
1200 4608 1546 4678 Evangelium
1586 4628 1687 4668 nec

136 4696 363 4760 aspectui.
396 4695 554 4750 Tunc
582 4711 855 4765 corporea:
880 4699 1178 4768 voluptates
1207 4701 1474 4756 habebant
1493 4719 1681 4772 qnam-

136 4778 235 4833 dam
259 4784 555 4850 licentiam,
589 4801 731 4840 nunc
756 4787 1006 4856 iubentur
1031 4791 1190 4843 etiam
1234 4793 1376 4845 oculi
1414 4795 1682 4851 custodire

136 4881 405 4929 censuram.
439 4877 605 4947 233
626 4876 669 4929 Τ
674 4893 777 4932 unc
804 4878 869 4931 ad
907 4879 1101 4934 multas
1129 4897 1323 4935 uxores
1352 4885 1681 4953 recipiendas

136 4960 268 5015 unius
305 4968 485 5020 mariti
534 4974 713 5020 torum
756 4967 842 5020 lex
895 4968 1171 5034 dilatabat,
1220 4987 1361 5025 nunc
1409 4975 1568 5027 etiam
1616 4976 1681 5028 ad

137 5061 269 5103 unam
296 5054 684 5109 excludendum
711 5055 844 5110 casti
870 5055 1088 5111 affectus
1113 5058 1397 5115 devotione
1426 5066 1684 5116 constrin-

136 5138 211 5201 git.
234 5139 473 5210 Superest
498 5145 663 5210 enim,
694 5145 865 5214 inquit
885 5146 1189 5215 Apostolus,
1218 5159 1273 5202 ut
1300 5161 1350 5204 et
1381 5154 1463 5222 qui
1492 5153 1680 5207 habent

1788 4622 1951 4676 gnum
1985 4608 2210 4662 Domino
2239 4607 2567 4677 repensabit,
2605 4607 2696 4674 qui
2719 4606 2892 4674 ipsum
2926 4619 2961 4657 a
3000 4619 3108 4673 quo
3147 4603 3353 4656 redem-

1785 4708 1908 4769 ptus
1935 4706 2019 4754 est
2043 4698 2213 4754 Deum
2241 4698 2436 4753 debet?
2467 4697 2590 4751 [huc
2627 4710 2754 4763 ergo
2802 4708 2959 4748 causa
2991 4703 3073 4746 est
3099 4707 3203 4760 qua
3255 4692 3351 4746 de-

1782 4791 2019 4844 votiores
2047 4804 2165 4844 esse
2192 4803 2292 4843 nos
2318 4787 2575 4842 Dominus
2623 4784 2725 4838 sibi
2754 4782 2900 4844 velit,
2931 4782 3055 4849 quia
3103 4790 3211 4834 tam
3242 4797 3351 4834 ma-

1784 4896 1889 4949 gno
1919 4880 2256 4935 devotionem
2290 4886 2525 4932 nostram
2555 4875 2727 4943 pretio
2754 4871 3099 4941 comparavit.
3131 4870 3198 4935 Et
3229 4872 3342 4926 idcc

1784 4971 2118 5024 beatissimus
2141 4968 2335 5022 Paulus
2366 4984 2379 5018 :
2405 4965 2532 5028 Quis
2559 4979 2697 5034 ergo,
2741 4963 2932 5032 inquit,
2965 4979 3060 5017 nos
3086 4963 3350 5033 separabzt

1786 5080 1818 5114 a
1841 5062 2088 5114 charitate
2108 5058 2331 5112 Christi?
2354 5055 2633 5109 Tribuiatio
2648 5096 2664 5120 ,
2688 5070 2753 5106 an
2782 5055 3041 5125 angustia,
3071 5070 3142 5106 an
3174 5047 3347 5123 persa-

1788 5155 1943 5219 cutio,
1976 5170 2043 5205 an
2074 5154 2253 5222 fames,
2273 5165 2341 5201 an
2368 5148 2596 5210 auditas,
2621 5164 2688 5200 an
2711 5146 2988 5217 periculum
3008 5184 3022 5210 ,
3053 5162 3119 5199 an
3142 5146 3348 5217 gladius

1287 5260 1620 5317 STEPHANI
1657 5262 1928 5320 BALUle
1962 5261 2189 5319 NOTAE.

194 5374 215 5402 '
250 5367 345 5424 Ista
371 5387 485 5425 non
515 5382 728 5429 exstant
753 5372 806 5427 in
834 5375 1118 5429 recentiori
1161 5376 1346 5431 codice
1374 5379 1550 5445 regio,
1586 5393 1679 5433 ne-

163 5448 222 5487 ue
246 5437 293 5489 in
320 5437 658 5495 Colbertino.

263 5453 293 5489 ll
320 5453 658 5495 υοιοεηιιιο.

134 5445 222 5499 que
246 5445 293 5489 in
320 5445 658 5496 Colbertino.

139 5569 159 5588 ρ
183 5504 219 5582 ,δ
252 5507 485 5588 Annotat
518 5509 761 5588 Pitbgeus
779 5512 831 5566 in
860 5518 1069 5588 vetusto
1097 5512 1285 5588 codice.
1306 5528 1404 5588 suo
1428 5517 1680 5588 scriptum

138 5569 273 5650 fuisse
298 5576 447 5634 Tohis
464 5618 481 5641 ,
513 5588 567 5632 et
591 5581 880 5635 editionem
906 5580 1251 5650 Septuaginta
1280 5583 1478 5638 habere
1509 5569 1675 5641 Tobit.

141 5638 286 5723 Porro
302 5638 715 5723 uterque__codex
744 5651 917 5717 regius
938 5638 1298 5723 birbetTgbis.

196 5721 214 5747 ε
250 5711 453 5769 Primo'
470 5711 830 5773 edideramus'
849 5720 1121 5773 semiudum
1149 5721 1480 5793 Evanqet'iun}
1500 5766 1512 5787 ,
1544 5733 1670 5788 etc.,

1781 5379 1948 5432 secuti
1964 5384 2114 5431 vetus
2129 5377 2401 5444 exemplar
2412 5375 2744 5430 bibliotheca:
2764 5375 2942 5442 regite.
2964 5373 3068 5428 Sed
3083 5387 3201 5444 cum
3218 5370 3344 5444 reli-

1783 5464 1889 5520 qua
1917 5458 1971 5502 et
1999 5459 2205 5501 veteres
2226 5441 2487 5520 editiones
2509 5445 2789 5514 pncferant
2807 5441 2984 5520 legem,
3004 5456 3170 5520 eaque
3188 5441 3345 5520 lectio

1782 5510 2026 5571 videatur
2053 5530 2172 5573 esse
2201 5515 2406 5578 melior,
2439 5510 2557 5569 eam
2592 5510 2976 5568 revocavimus.
3019 5510 3176 5564 lsthi‘c
3202 5511 3345 5562 enim

1782 5603 1888 5641 non
1904 5589 2077 5654 agitur
2090 5588 2155 5637 de
2172 5592 2413 5654 tempore
2430 5584 2723 5654 Evangelii1
2737 5583 2828 5654 sed
2845 5582 2910 5633 de
2927 5589 3165 5654 tempore
3192 5578 3344 5654 legis.

1850 5654 1876 5693 ἀ
1918 5647 2204 5728 Recentior
2230 5647 2396 5728 endex
2422 5647 2599 5728 regius
2616 5650 2945 5728 “gallant,
2974 5647 3270 5728 lfrangetia.

1854 5737 1877 5763 ο
1916 5728 2110 5777 Unmes
2140 5725 2257 5779 libri
2287 5733 2491 5778 veteres
2522 5725 2896 5790 legun‘tﬂierta
2923 5725 3092 5784 istius.
