3866 6178
461 304 561 375 ms

1407 315 1462 369 S.
1505 312 1817 368 SALVlANl
1857 310 2310 368 MASSILIENSIS
2350 313 2772 369 PRESBYTERI

3567 322 3650 377 l96

461 431 634 501 (Rom.
679 444 768 482 \‘lll
793 468 807 490 ,
859 424 984 497 '55)?
1035 425 1148 479 Non
1195 423 1488 492 Apostolus
1526 424 1698 495 solam
1754 423 2036 491 pecuniam
2067 434 2112 487 Α
2140 423 2288 477 habet
2309 428 2465 479 vir-nn
2498 425 2629 496 (lsa.
2663 444 2766 492 uv,
2802 427 2875 498 i).
2916 427 2981 482 Et
3003 429 3177 484 sterile
3204 445 3418 500 namque
3439 443 3513 489 est
3530 439 3647 503 quoi

460 537 558 576 nec
589 520 731 575 solas
758 517 940 572 deberi
969 531 1001 569 a
1031 514 1180 568 nobis
1208 513 1420 567 divitias
1458 512 1569 566 Deo
1609 511 1757 575 dicit,
1794 510 1889 565 sed
1930 511 2029 562 tri-

464 611 810 674 bulationem,
864 605 1183 675 angustiam,
1239 602 1465 665 famem,
1519 602 1775 669 gladium,
1822 599 2030 669 passio.

463 716 597 771 nem.
625 738 641 764 ,
700 696 1015 752 effusionem
1082 694 1355 762 sanguinis
1391 732 1408 757 ,
1479 693 1669 746 anima:
1734 691 2034 744 exhalatio-

467 807 625 852 nctn,
693 796 923 843 mortem
988 785 1219 854 denique
1286 783 1432 838 omni
1498 797 1775 852 pmnarum
1838 793 2035 848 genere

458 880 746 935 conditam.
817 875 969 931 Unde
1036 873 1332 940 intelligant
1378 887 1565 927 omnes
1630 870 1867 939 religiosi
1924 883 2032 923 non

459 969 588 1024 satis
640 983 696 1021 se
726 966 836 1019 Deo
874 963 1115 1028 reddere,
1147 963 1308 1016 etiam
1360 962 1406 1016 si
1461 962 1738 1015 universas
1786 958 2036 1012 dederint

458 1060 738 1114 facultates
768 1075 781 1108 :
815 1056 941 1124 quia
963 1055 1086 1109 licet
1113 1069 1210 1107 sua
1235 1060 1425 1108 cuncta
1456 1051 1786 1119 dispensent,
1812 1048 1958 1117 ipsos
1976 1061 2036 1102 se

461 1161 638 1204 tamen
666 1147 882 1202 debent.
932 1143 999 1198 Et
1027 1143 1168 1207 ideo,
1200 1143 1337 1197 sicut
1384 1155 1546 1210 supra
1574 1140 1753 1194 dicere
1793 1152 2037 1205 cmpera—

462 1257 596 1304 mus,
628 1239 672 1291 si
693 1238 851 1291 vidua
881 1244 963 1291 est
990 1233 1271 1303 quaepiam,
1298 1246 1632 1303 nequaquam
1662 1230 1762 1283 sibi
1790 1225 2035 1283 sufﬁcere

460 1330 526 1384 ad
552 1337 806 1383 aeternam
831 1325 1059 1380 salutem
1090 1337 1283 1377 nomen
1311 1321 1584 1375 viduitatis
1610 1329 1782 1390 putet,
1815 1318 1908 1372 sed
1957 1316 2036 1369 vi-

460 1420 582 1473 deat
603 1417 815 1487 qualem
836 1429 956 1469 esse
984 1413 1037 1467 in
1067 1411 1325 1482 Apostolo
1353 1411 1566 1464 viduam
1598 1410 1738 1464 Deus
1754 1409 1936 1477 jubeat
1962 1407 2039 1460 di-

460 1527 587 1565 cens
618 1528 631 1561 :
667 1506 795 1572 Quae
822 1523 935 1560 vere
972 1505 1125 1558 vidua
1151 1512 1245 1567 est,
1276 1502 1509 1555 desolata
1550 1509 1724 1570 sperat
1783 1497 1943 1569 235
1980 1497 2037 1548 in

462 1599 702 1662 Domino,
754 1598 914 1649 instat
940 1590 1256 1647 orationibus
1300 1599 1447 1646 nocte
1481 1606 1542 1642 ac
1589 1589 1689 1642 die.
1734 1587 1876 1640 Nam
1921 1600 2035 1657 quas

462 1692 514 1744 in
542 1690 736 1743 deliciis
783 1687 911 1757 agit,
938 1687 1108 1739 vivens
1151 1691 1358 1737 mortua
1403 1691 1479 1734 est
1507 1680 1552 1751 (ι
1595 1679 1726 1733 Tim.
1776 1695 1828 1743 v,
1859 1675 1912 1740 5,
1955 1676 2030 1745 6).

2134 528 2239 575 non
2267 516 2408 583 parit
2430 554 2446 577 ,
2496 524 2551 569 et
2590 516 2857 571 desertum
2902 518 3042 586 quod
3071 520 3136 573 ab
3163 522 3398 576 omnibus
3421 520 3477 579 se’
3499 530 3650 580 mundi

2132 601 2414 658 inlecebris
2440 607 2735 674 separavit,
2766 616 2821 661 et
2859 608 2976 662 sine
3016 609 3129 664 viro
3166 611 3303 678 quod
3327 613 3435 667 sine
3459 614 3548 668 viri
3573 633 3651 670 usu

2132 695 2205 750 ita
2235 695 2404 750 virum
2450 698 2611 753 habet
2655 708 2715 752 ut
2759 715 2865 753 non
2911 701 3109 757 habere
3136 703 3387 759 videatur.
3423 705 3523 760 Hos
3545 722 3653 776 ergo

2131 784 2385 853 conjuges
2424 787 2556 841 tales
2592 788 2711 855 quis
2750 789 2987 853 dubitet,
3017 799 3073 846 et
3099 793 3222 846 dum
3251 795 3589 861 vivnut,.sicut
3611 800 3654 852 in

2131 888 2209 937 se,
2243 875 2312 927 ita
2342 875 2501 928 etiam
2520 875 2599 929 ‘iu
2642 877 2752 932 suis
2792 879 3102 934 substantiis
3148 881 3256 936 Deo
3282 883 3476 949 vivere,
3503 900 3607 940 cum
3630 901 3657 939 e

2134 961 2239 1014 vita
2269 969 2492 1025 exeunt,
2523 978 2645 1018 cum
2672 980 2765 1018 sua
2795 966 2863 1019 ad
2892 966 3059 1021 Deum
3085 970 3171 1023 cui
3196 970 3418 1025 vixerint
3440 971 3657 1028 facultate

2136 1050 2401 1117 migrare?
2428 1051 2597 1106 Aliter
2623 1054 3015 1122 enimquilibet
3041 1056 3245 1123 horum,
3277 1059 3320 1112 si
3345 1074 3427 1114 res
3450 1075 3561 1114 suas
3583 1076 3657 1114 sa:-

2135 1140 2257 1193 eulo
2289 1140 2482 1195 deditis
2501 1152 2661 1210 atque
2682 1143 2782 1212 ipsi
2802 1146 2997 1200 smculo
3018 1146 3347 1217 derelinquit,
3376 1147 3552 1203 frustra
3575 1149 3657 1203 sibi

2135 1243 2328 1284 nomen
2352 1231 2621 1298 religionis
2633 1231 2916 1303 inscripsit,
2931 1235 3086 1303 eique
3096 1235 3300 1290 videtur
3313 1252 3507 1306 semper
3518 1236 3657 1290 vixis—

2134 1332 2193 1371 se
2221 1318 2305 1372 cui
2339 1320 2580 1373 moritur.
2621 1320 2697 1374 De
2724 1321 3037 1390 conjugibus
3064 1323 3243 1392 itaque
3282 1324 3377 1378 ista
3403 1324 3657 1378 subiciunt.

2206 1408 2336 1461 Vill.
2379 1408 2730 1465 Transeamus
2749 1411 2816 1465 ad
2836 1427 3017 1467 sacras
3036 1412 3283 1480 virgines,
3311 1414 3490 1482 quibus
3515 1413 3660 1480 legent

2135 1497 2433 1553 devotionis
2473 1499 2719 1555 Salvator
2759 1501 2873 1570 ipse
2911 1504 3234 1573 praescripsit
3270 1502 3473 1573 (Matth.
3502 1500 3658 1567 xxv,l

2135 1592 2327 1662 καφ),
2380 1592 2626 1660 exemplo
2653 1592 2853 1646 scilicet
2880 1592 3065 1649 decem
3092 1594 3349 1662 virginum
3369 1634 3385 1660 ,
3415 1609 3478 1647 ex
3502 1593 3664 1662 quibus

2137 1678 2400 1734 fatuarum
2428 1696 2705 1735 numerum
2725 1682 3018 1751 puellarum
3043 1682 3163 1739 ideo
3186 1684 3535 1738 tantummodo
3559 1682 3665 1736 dicit

464 1779 584 1836 Uno
612 1779 909 1846 eodemque
935 1782 1207 1845 pmcepto
1234 1772 1366 1827 duas
1388 1772 1676 1841 Apostolus
1720 1770 1918 1824 formas
1956 1768 2038 1821 vi-
2071 1786 2111 1840 Β
2138 1772 2309 1840 poenis
2336 1772 2656 1840 perennibus
2683 1773 2934 1838 dandum,
2962 1775 3086 1844 quia
3118 1784 3145 1813 ιι
3173 1776 3273 1830 scit
3297 1775 3344 1830 ei
3372 1790 3501 1845 opus
3525 1774 3663 1828 mise-

463 1872 681 1927 duitatis
707 1868 987 1939 expressit,
1021 1882 1177 1919 unam
1198 1866 1339 1929 vitae,
1363 1864 1584 1918 alteram
1614 1863 1819 1926 mortis,
1842 1876 1962 1917 cum
1985 1861 2040 1912 in

463 1962 666 2018 deliciis
691 1968 917 2015 mortem
944 1958 1142 2028 posuit.
1190 1955 1330 2025 Ergo
1369 1956 1570 2023 absque
1619 1955 1781 2009 dubio
1822 1954 2039 2007 divitem

464 2069 585 2109 esse
608 2069 713 2107 non
738 2051 849 2106 vult
868 2065 1029 2119 quam
1051 2048 1358 2102 deliciosam
1381 2060 1499 2100 esse
1525 2060 1630 2098 non
1658 2045 1893 2115 patitur;
1916 2043 2041 2111 quia

463 2142 637 2198 omnis
663 2140 863 2193 fructus
888 2138 1190 2193 divitiarum
1220 2137 1272 2190 in
1303 2151 1400 2190 usu
1444 2143 1527 2188 est
1569 2134 1774 2203 positus
1819 2133 2040 2187 delicia-

465 2248 582 2287 rum
613 2250 625 2285 :
657 2230 855 2299 alioqui
906 2236 1118 2284 remoto
1162 2244 1265 2283 usu
1314 2226 1646 2291 deliciarum,
1676 2240 1851 2281 causa;
1878 2239 2041 2295 opum

470 2338 576 2379 non
601 2322 991 2392 relinquuntur.

536 2412 647 2467 VII.
703 2408 839 2465 Cum
868 2410 1047 2477 itaque
1075 2407 1362 2478 Apostolus
1389 2407 1443 2461 in
1471 2406 1674 2462 deliciis
1700 2405 1872 2460 viduae
1898 2418 2044 2459 mor-

466 2513 573 2559 tem
603 2517 722 2557 esse
763 2499 1166 2564 memoraverit,
1204 2506 1509 2568 proruptum
1552 2506 1636 2552 est
1660 2496 1803 2564 quod
1830 2496 1896 2550 ad
1923 2497 2044 2550 vitae

464 2600 678 2648 mterna:
707 2590 930 2645 fructum
961 2589 1074 2643 vult
1103 2589 1346 2642 universa
1376 2587 1649 2652 distribui,
1678 2587 1769 2655 qui
1799 2601 1904 2640 non
1934 2585 2045 2640 vult

467 2685 533 2739 ad
563 2684 751 2739 mortis
779 2697 932 2736 usum
962 2681 1138 2749 aliqua
1170 2679 1452 2734 reservari.
1483 2678 1551 2732 Et
1579 2676 1697 2732 ideo
1724 2677 1888 2732 dicit:
1915 2672 2045 2740 Qua

388 2785 399 2791 ’
467 2790 579 2829 vere
608 2771 758 2826 vidua
786 2780 881 2832 est,
912 2769 1142 2823 desolata
1170 2776 1344 2840 sperat
1368 2768 1426 2821 in
1452 2765 1678 2837 Domino
1709 2765 1902 2837 (Ibid.,
1933 2764 1990 2836 5)
2024 2782 2039 2818 :

468 2864 672 2917 docens
698 2860 901 2914 scilicet
928 2873 1115 2928 parum
1143 2872 1261 2912 esse
1292 2858 1335 2910 si
1360 2871 1467 2910 non
1488 2856 1558 2910 sit
1583 2855 1739 2909 vidua
1767 2854 2038 2920 deliciosa,

467 2967 576 3006 non
597 2949 764 3014 dives,
798 2948 899 3002 nisi
922 2945 1084 3001 fuerit
1111 2945 1221 3001 Deo
1248 2945 1545 3010 adhaerens,
1568 2943 1671 2998 nisi
1696 2942 1925 2997 orationi
1949 2940 2042 2997 de-

464 3041 598 3104 dita,
640 3039 739 3093 nisi
770 3053 802 3092 a
828 3037 1034 3093 cunctis
1058 3035 1239 3090 mundi
1269 3034 1550 3089 inlecebris
1577 3033 1838 3098 desolata,
1865 3040 1920 3088 et
1945 3047 2043 3101 per

2139 1859 2383 1914 ricordite
2410 1859 2731 1935 defuturum.
2784 1860 2902 1928 Quo
2929 1863 3074 1919 dicto
3101 1864 3487 1919 evidentissime
3511 1864 3668 1918 docuit

2139 1949 2324 2018 quanti
2366 1950 2524 2018 pretii
2562 1950 2814 2018 judicarit
2857 1952 3056 2021 largam
3104 1954 3512 2009 misericordiam
3532 1994 3546 2018 ,
3572 1954 3669 2006 sine

2140 2055 2244 2108 qua
2270 2040 2403 2094 dixit
2430 2055 2529 2094 nec
2557 2041 2916 2110 integritatem
2944 2043 3160 2112 quidem
3181 2045 3346 2115 ipsam
3364 2044 3544 2112 virgini
3566 2058 3671 2113 pro-

2138 2130 2390 2185 futuram.
2449 2129 2555 2185 Sed
2590 2130 2933 2186 hlandiuntur
2969 2133 3070 2188 sibi
3097 2132 3326 2190 fortasse
3349 2133 3602 2203 qundam,
3628 2140 3672 2185 et

2140 2220 2384 2277 sufﬁcere
2409 2221 2510 2276 sibi
2535 2222 2798 2276 aestimant
2831 2223 2905 2287 si,
2947 2240 3068 2279 cum
3096 2226 3265 2280 multa
3293 2224 3320 2264 δ
3348 2240 3409 2280 ac
3434 2238 3607 2293 magna
3631 2221 3674 2274 in

2139 2310 2476 2368 facultatibus
2515 2313 2774 2379 habeant,
2817 2315 3008 2369 saltem
3036 2317 3232 2385 exigua
3259 2316 3552 2385 largiantur.
3586 2312 3674 2367 Nec

2143 2415 2245 2470 ego
2272 2403 2449 2456 abnuo
2476 2411 2536 2457 ut
2561 2403 2608 2457 si
2635 2403 2707 2457 ita
2736 2404 2875 2459 ratio
2904 2412 3005 2470 est,
3038 2406 3111 2460 ita
3141 2422 3261 2463 esse
3286 2406 3539 2463 credatur.
3593 2401 3675 2456 Pa-

2140 2509 2259 2548 rnm
2286 2492 2458 2558 detur,
2501 2494 2548 2548 si
2572 2509 2759 2562 parum
2798 2494 3010 2552 dedisse
3048 2496 3267 2552 sufficit.
3307 2494 3411 2552 Sed
3436 2509 3531 2563 ego
3555 2491 3678 2548 suillo

2141 2600 2265 2640 cere
2291 2599 2478 2653 parum
2507 2585 2688 2641 nescio
2713 2602 2728 2639 :
2758 2585 2922 2641 inuno
2949 2603 3138 2657 parum
3160 2603 3269 2643 non
3297 2587 3529 2642 sufficere
3553 2590 3679 2639 certa

2140 2673 2274 2730 scio.
2320 2684 2342 2713 ο
2371 2672 2429 2729 Si
2473 2675 2618 2730 aliud
2660 2676 2790 2745 ipsa:
2834 2678 3045 2742 sciunt,
3093 2678 3241 2747 apud
3267 2695 3325 2733 se
3351 2679 3488 2748 ipsas
3513 2675 3678 2730 sciant.

2141 2763 2255 2833 Ego
2283 2780 2445 2819 unum
2469 2765 2601 2831 scio,
2632 2765 2779 2834 quod
2806 2765 2946 2821 Deus
2972 2767 3103 2822 dicit
3129 2768 3421 2823 exstinctas
3448 2765 3681 2819 fatuaruni

2140 2855 2401 2923 virginum
2429 2854 2700 2925 lampadas
2727 2870 2950 2925 operum
2974 2855 3243 2913 bonorum
3272 2856 3445 2911 oleum
3482 2869 3580 2908 non
3603 2852 3683 2905 ha-

2140 2945 2347 3001 bentes.
2413 2944 2521 3000 Sed
2565 2953 2624 3000 tu
2644 2985 2660 3010 ,
2708 2960 3039 3015 quzeeunque
3082 2962 3160 3013 es,
3211 2947 3410 3002 habere
3456 2953 3506 2999 te
3544 2942 3681 3015 237

2141 3035 2320 3091 oleum
2345 3035 2554 3091 abunde
2578 3035 2772 3105 putas?
2798 3034 2867 3088 Et
2894 3035 2997 3090 illa:
3020 3035 3266 3105 profecto
3293 3035 3362 3091 de
3386 3035 3569 3106 quibus
3592 3030 3685 3084 dixi

465 3132 577 3187 haec
606 3130 785 3185 omnia
812 3144 939 3184 vere
964 3127 1140 3182 vidua.
1166 3125 1318 3194 Quod
1339 3125 1386 3180 si
1411 3126 1483 3179 ita
1507 3132 1610 3190 est,
1633 3138 1956 3193 quaecunque
1980 3137 2039 3179 se
2066 3140 2111 3202 ο
2140 3125 2316 3179 stultae
2359 3125 2593 3192 virgines
2641 3124 2719 3179 sic
2763 3124 3040 3194 putabant.
3099 3124 3216 3181 Nisi
3252 3126 3394 3180 enim
3432 3124 3615 3178 habere
3638 3134 3685 3175 se

466 3222 590 3276 vita:
618 3219 765 3290 cupit
790 3234 926 3284 esse,
950 3234 1057 3272 non
1082 3217 1288 3278 mortis,
1313 3230 1650 3285 nequaquam
1671 3213 1914 3270 subicere
1934 3214 2038 3270 sibi

464 3310 693 3365 aestimet
718 3310 764 3364 si
792 3316 847 3362 et
873 3307 1092 3362 delicias
1117 3307 1217 3362 sibi
1247 3306 1317 3361 ob
1356 3305 1523 3360 Deum
1546 3312 1602 3360 et
1626 3304 1838 3361 divitias
1869 3306 2037 3361 abne-

466 3400 606 3470 garit
625 3439 640 3465 ,
670 3400 773 3454 nisi
796 3406 853 3453 ct
890 3397 1134 3453 oratione
1174 3405 1228 3451 et
1271 3396 1453 3451 labore
1498 3396 1551 3450 id
1596 3395 1953 3466 promeruerit
1980 3402 2038 3448 ut

464 3503 590 3544 vere
616 3488 773 3543 vidua
804 3489 897 3542 Dei
927 3502 1044 3542 esse
1082 3487 1362 3542 videatur:
1392 3487 1517 3555 quia
1560 3502 1665 3541 non
1709 3493 1792 3540 est
1818 3486 2038 3540 dubium

461 3580 604 3649 quod
632 3577 1079 3649 quemadmodum
1103 3577 1223 3647 quis
1251 3577 1304 3630 in
1328 3576 1434 3631 hoc
1466 3577 1660 3631 saeculo
1687 3574 1900 3630 Christo
1939 3574 2036 3628 ad-

462 3672 693 3735 hzeserit,
724 3671 797 3724 ita
825 3670 877 3723 in
900 3669 1097 3724 Christi
1122 3684 1347 3737 corpore
1367 3668 1716 3737 permanebit,
1747 3667 2034 3722 secundum

462 3762 587 3815 illud
618 3780 630 3813 :
661 3760 893 3813 Adhaesit
919 3760 1096 3812 anima
1124 3774 1236 3810 mea
1263 3767 1376 3827 post
1404 3767 1450 3810 te
1467 3796 1482 3819 ,
1514 3774 1594 3810 me
1622 3767 1791 3810 autem
1817 3759 2037 3828 suscepit

462 3851 673 3903 dextera
706 3858 792 3901 tua
823 3846 994 3918 (Psal.
1018 3863 1143 3910 Lxu,
1165 3847 1240 3915 9).
1275 3846 1393 3912 Quo
1421 3847 1723 3901 declaratur
1747 3847 1889 3915 quod
1915 3863 2033 3901 eam

462 3948 667 3994 tantum
698 3940 928 3992 animam
956 3953 1075 4007 quae
1106 3938 1216 3991 Deo
1256 3938 1539 3991 adlimserit
1576 3937 1629 3991 in
1673 3937 1774 3992 hoc
1813 3937 2031 3999 saeculo,

461 4030 677 4084 dextera
706 4028 799 4083 Dei
824 4028 1076 4097 suscipiet
1117 4027 1168 4079 in
1199 4025 1398 4080 futuro.
1429 4025 1555 4081 Ηωο
1599 4042 1727 4095 ergo
1768 4027 2038 4082 viduitatis

388 4128 395 4135 ‘
462 4132 541 4178 est
561 4122 760 4190 regula.
786 4119 917 4174 Nam
947 4119 1013 4173 de
1033 4117 1346 4186 conjugibns
1372 4118 1753 4173 continentiam
1783 4118 2036 4187 professis

461 4220 513 4267 et
540 4213 728 4281 spiritu
757 4209 853 4265 Dei
883 4209 1053 4279 plenis
1080 4208 1326 4262 dubitare
1371 4207 1491 4275 quis
1527 4207 1720 4261 debeat
1763 4207 1892 4277 quin
1937 4222 2031 4260 sua

460 4303 756 4359 haeredibus
782 4300 1062 4355 mundanis
1081 4300 1282 4354 servire
1304 4300 1471 4353 nolint
1491 4299 1579 4368 qui
1603 4298 1807 4368 seipsos
1835 4299 2033 4353 mundo

459 4389 881 4448 eliininaveriut?
909 4387 1187 4453 Quomodo
1211 4388 1352 4442 enim
1381 4386 1446 4441 ad
1473 4403 1532 4441 se
1554 4388 1870 4457 pertinentia
1918 4389 2035 4443 aliis

2138 3214 2522 3279 credidissent,
2554 3212 2580 3253 ἀ
2609 3214 2953 3284 providerant
2998 3223 3059 3270 ut
3099 3215 3385 3271 haberent.
3435 3214 3561 3269 Nam
3585 3226 3688 3266 cum

2136 3313 2346 3376 postea,
2378 3313 2439 3359 ut
2465 3305 2541 3359 ait
2568 3305 2854 3370 Dominus,
2885 3305 3118 3359 mutuari
3144 3307 3318 3381 velint
3345 3313 3399 3359 et
3426 3302 3563 3359 omni
3588 3307 3689 3354 stu-

2136 3395 2225 3450 dio
2253 3404 2413 3463 atque
2440 3394 2730 3449 ambitione
2755 3394 3067 3464 perquirant
3084 3434 3099 3459 ,
3129 3395 3334 3466 absque
3363 3393 3522 3450 dubio
3546 3390 3690 3447 etiam

2136 3491 2260 3538 ante
2276 3484 2631 3551 quaesissent,
2664 3483 2766 3538 nisi
2792 3498 2887 3538 eas
2912 3482 3142 3538 habendi
3172 3482 3368 3539 ﬁducia
3395 3480 3684 3551 decepisset.

2137 3575 2203 3629 Et
2230 3584 2287 3629 tu
2314 3576 2512 3644 itaque,
2543 3589 2878 3645 quaecunque
2925 3574 3074 3643 virgo
3101 3588 3163 3629 es
3185 3616 3202 3642 ,
3246 3575 3371 3630 vide
3407 3589 3474 3629 ne
3499 3571 3572 3627 sic
3596 3583 3690 3623 non

2135 3666 2353 3730 habeas,
2384 3666 2513 3721 licet
2537 3666 2734 3720 habere
2763 3672 2816 3719 te
2838 3657 3045 3719 credas.
3084 3663 3342 3734 Ejusdem
3370 3664 3508 3718 enim
3535 3656 3691 3714 nomi-

2138 3757 2220 3811 nis
2248 3756 2398 3823 cujus
2426 3757 2557 3823 illm,
2588 3756 2825 3826 ejusdem
2853 3755 3200 3827 professionis
3229 3773 3307 3813 es.
3350 3756 3432 3812 Tu
3457 3755 3598 3823 virgo
3623 3766 3692 3814 es,

2134 3855 2191 3902 et
2229 3848 2329 3901 illa:
2376 3846 2604 3915 virgines
2649 3854 2833 3911 erant;
2884 3854 2941 3900 tu
2969 3847 3252 3915 prmsumis
3281 3855 3336 3901 te
3357 3860 3475 3900 esse
3498 3842 3692 3912 sapien-

2134 3946 2241 3995 tem
2260 3976 2275 3999 ,
2304 3945 2357 3992 et
2387 3938 2487 3991 illa:
2533 3952 2591 3992 se
2619 3950 2734 3992 esse
2763 3935 2938 3991 fatuas
2965 3951 3071 3991 non
3108 3936 3408 4006 putabant;
3440 3943 3498 3988 tu
3535 3933 3694 4006 lumen

2134 4028 2330 4091 habere
2370 4028 2666 4098 lampadem
2706 4035 2849 4081 tuam
2874 4026 3109 4096 judicas,
3141 4034 3197 4082 et
3226 4027 3334 4082 illa:
3360 4025 3599 4096 profecto
3622 4020 3695 4073 lu-

2134 4133 2254 4171 men
2286 4118 2697 4186 praesumptione
2726 4115 2887 4172 futuri
2914 4117 3129 4173 luminis
3154 4118 3531 4188 perdiderunt.
3576 4109 3695 4166 Nam

2134 4215 2190 4263 et
2218 4208 2337 4263 ideo
2365 4208 2668 4262 scribuntur
2696 4216 2909 4277 aptasse
2946 4208 3222 4278 lampadas
3252 4224 3383 4264 suas
3400 4247 3417 4274 ,
3447 4206 3566 4278 quia
3593 4202 3697 4257 illu-

2132 4297 2411 4351 minandas
2437 4312 2555 4351 esse
2575 4297 2881 4351 credebant.
2924 4297 2990 4350 Et
3008 4297 3136 4366 quid
3158 4297 3357 4366 plura?
3388 4296 3560 4350 Etiam
3579 4289 3697 4347 emi-

2133 4389 2306 4442 cuisse
2337 4388 2387 4441 in
2415 4390 2493 4442 eis
2519 4387 2767 4456 quiddam
2799 4388 3010 4442 luminis
3036 4395 3184 4457 puto.
3228 4386 3369 4443 Cum
3399 4386 3542 4441 enim
3563 4383 3696 4452 ipse.

459 4483 726 4545 addicam,
746 4480 836 4549 qui
867 4479 1009 4547 ipsos
1033 4492 1092 4531 se
1114 4477 1215 4531 sibi
1240 4476 1542 4544 denegant?
1572 4477 1704 4531 Tam
1731 4494 1866 4533 nova
1889 4479 2031 4532 enim
2062 4497 2107 4552 η
2135 4486 2192 4533 ut
2218 4479 2444 4547 legimus
2465 4519 2480 4544 ,
2530 4478 2942 4546 exstinguendas
2990 4477 3127 4532 forte
3173 4476 3456 4547 lampadas
3482 4488 3601 4529 suas
3623 4486 3699 4524 rr—

460 4572 652 4625 virtute
698 4569 924 4640 praediti,
972 4580 1359 4635 concessasque
1408 4567 1683 4635 et,_quod
1727 4566 1898 4635 majus
1926 4575 2027 4634 est,

461 4668 705 4730 expertas
733 4674 1015 4729 corporum
1037 4657 1338 4727 voluptates
1365 4656 1691 4711 admirabilis
1712 4659 1874 4729 236
1899 4674 2028 4713 con-

461 4751 694 4804 tinentiae
720 4752 1029 4805 austeritate
1048 4749 1335 4812 calcantes,
1358 4747 1800 4815 quemadmodum
1830 4749 2027 4818 aliquid

461 4856 635 4895 rerum
663 4856 875 4895 suarum
905 4854 1010 4896 non
1040 4840 1150 4895 Deo
1177 4848 1440 4905 voveant,
1482 4840 1573 4908 qui
1604 4841 1774 4909 ipsum
1803 4841 1940 4896 intra
1968 4858 2028 4897 se

461 4930 624 4984 Deum
670 4944 790 4984 esse
834 4929 1109 5007 fecerunt?
1155 4938 1214 4983 ut
1253 4945 1374 4983 meo
1400 4929 1614 4999 quidem
1637 4929 1836 4997 judicio
1864 4931 2026 4985 etiam

457 5021 524 5075 de
552 5018 643 5073 tali
669 5017 919 5086 coniugio
946 5019 1240 5073 rectissime
1268 5019 1368 5074 diei
1400 5019 1567 5088 possit
1590 5037 1602 5072 :
1628 5018 1848 5086 Lanare,
1878 5022 2049 5075 steri-

458 5110 542 5172 iis,
574 5106 709 5181 quod
736 5124 839 5161 non
863 5107 1024 5177 paris,
1054 5123 1258 5178 erumpe
1282 5117 1331 5161 et
1360 5112 1591 5163 exclama
1618 5109 1755 5180 quod
1780 5127 1884 5166 non
1908 5127 2031 5180 par-

458 5199 586 5253 turis
609 5215 627 5252 :
667 5198 786 5270 quia
830 5197 979 5252 multi
1016 5197 1115 5267 ﬁlii
1156 5197 1366 5252 desertis
1404 5201 1569 5270 magis
1602 5216 1755 5272 quam
1779 5201 1889 5272 ejus
1917 5217 2031 5273 qua

2133 4568 2513 4633 formidarent,
2569 4568 2836 4622 habebant
2880 4568 3120 4636 profecto
3167 4568 3373 4637 aliquid
3400 4566 3546 4637 quod
3570 4577 3701 4618 vere-

2130 4660 2325 4714 bantur
2351 4660 2636 4727 exstingui.
2686 4658 2795 4713 Nee
2832 4659 2975 4713 falsar
3001 4658 3182 4728 opinio
3211 4658 3571 4714 metuentium
3589 4652 3697 4707 fuit.

2130 4749 2418 4804 Exstinctze
2463 4748 2761 4819 siquidem,
2801 4755 2855 4803 et
2883 4750 3164 4804 obctecata:
3187 4757 3337 4803 sunt.
3402 4747 3545 4804 Nihil
3569 4743 3703 4800 enim

2129 4838 2330 4910 profuit
2370 4838 2445 4892 illi
2495 4838 2784 4907 integritati
2830 4838 2974 4906 quod
3004 4838 3055 4892 in
3084 4852 3147 4892 ea
3176 4837 3366 4894 lumen
3397 4831 3703 4906 virginitatis

2131 4929 2395 4998 apparuit,
2431 4938 2453 4965 ο
2482 4929 2607 4997 quia
2636 4928 2930 4982 substantia
2952 4928 3059 4983 olei
3078 4943 3185 4982 non
3212 4927 3602 4998 suppeditante
3619 4923 3707 4977 de-

2133 5021 2277 5077 fecit.
2318 5020 2397 5075 Ex
2438 5036 2544 5090 quo
2582 5021 2925 5088 intelligimus
2960 5020 3014 5074 id
3055 5020 3198 5088 quod
3226 5036 3424 5089 parum
3452 5028 3537 5075 est
3561 5013 3704 5086 quasi

2135 5113 2266 5168 nihil
2294 5128 2413 5168 esse
2439 5131 2452 5165 :
2492 5113 2617 5182 quia
2644 5120 2752 5167 nan
2780 5112 2911 5166 satis
2936 5110 3158 5182 prodest
3184 5110 3331 5166 illico
3363 5110 3706 5178 exstinguen-

2136 5204 2265 5261 dum
2313 5205 2490 5260 lumen
2536 5202 2791 5270 accendi,
2839 5218 2942 5259 nec
2962 5202 3113 5272 juvat
3153 5202 3359 5273 aliquid
3387 5202 3710 5257 inluceseere

1627 5332 1957 5390 STEPHANI
1996 5334 2268 5391 BALUle
2310 5334 2534 5390 NOTAE.

530 5478 555 5508 ι
595 5468 763 5523 Antea
809 5467 1083 5538 legebatur
1125 5468 1216 5521 sit.
1261 5465 1320 5522 ln
1359 5467 1460 5521 hac
1498 5482 1627 5536 ergo
1664 5468 1897 5525 editione
1943 5485 2033 5525 se-

459 5539 549 5611 qui
575 5539 774 5611 placuit
808 5538 1465 5611 auctoritatemlibroru‘m
1494 5553 1663 5611 manu
1675 5539 2019 5611 scriptorum.

741 5605 933 5693 desunt
960 5610 1012 5662 in
1040 5608 1287 5663 omnibus
1312 5606 1544 5693 antiquis
1569 5605 1856 5693 codicibus.

595 5674 777 5732 Βορυιὶ
798 5693 981 5734 sumus
1000 5692 1317 5734 consensum
1340 5684 1579 5730 veterum
1602 5677 1871 5732 librorum.
1891 5676 2024 5732 Nam

2140 5468 2403 5525 editiones
2429 5469 2645 5533 habent,
2675 5468 2735 5524 Si
2759 5468 2927 5524 aliter.
3412 5516 3417 5519 .

2201 5538 2228 5576 ά
2268 5538 2344 5592 Ita
2372 5539 2531 5594 etiam
2553 5547 2762 5607 veteres
2789 5538 2925 5592 libri.
2944 5537 3108 5598 Edit.,
3133 5534 3503 5607 procidissent.

2206 5618 2228 5645 ο
2266 5607 2323 5662 ln
2348 5616 2573 5674 utroque
2600 5606 2785 5663 codice
2821 5607 2970 5674 regio
3007 5607 3085 5662 sic
3115 5600 3378 5675 scriptum
3422 5613 3511 5660 est
3541 5622 3555 5657 :
3588 5600 3720 5667 Quia

2129 5678 2427 5757 substantiae
2452 5677 2548 5732 olei
2575 5690 2672 5731 nou
2692 5676 3047 5749 suppeditante
3072 5676 3273 5747 defecit.
