3936 6176
476 339 493 390 1
506 339 573 390 99

1447 327 1521 387 S.’
1544 322 1853 387 SALVlANl
1892 318 2351 384 MASSlLIENSlS
2387 318 2810 383 PRESBYTERI

3610 326 3705 387 2‘30

472 445 824 513 fungentibus,
856 442 898 497 si
930 443 1027 512 ipsi
1058 450 1260 496 tantum
1290 444 1480 496 divites
1510 442 1721 506 fuerint,
1754 440 1855 494 nisi
1877 440 2037 494 etiam
2069 443 2115 499 Α
2143 438 2497 507 appetivimus
2525 439 2838 508 quamquod
2863 440 3017 493 nobis
3045 440 3093 492 id
3123 442 3445 497 conveniens
3473 444 3708 502 arbitrati

474 535 708 590 lueredes
723 534 911 588 divites
924 533 1242 601 relinquant.
1262 532 1670 597 Erubescamus,
1681 547 1884 602 (ιυεεεο,
1902 530 2041 584 hanc

473 623 727 677 inlidelita
735 632 859 677 tem.
875 620 1118 677 Sufficiat
1127 623 1283 677 nobis
1292 623 1437 691 quod
1451 622 1691 676 videmur
1704 635 1868 689 usque
1882 619 1948 673 ad
1964 619 2043 673 vi-

473 723 538 767 ta:
569 712 824 766 terminos
852 711 1018 766 Deum
1057 726 1331 780 spernere.
1353 711 1461 765 Cur
1486 710 1537 764 id
1564 711 1768 779 agimus
1792 708 1955 781 240
1981 718 2042 761 ut

468 809 834 870 contemptum
865 802 1031 872 ipsius
1059 804 1221 856 etiam
1243 808 1367 872 post
1390 810 1619 855 mortem
1656 800 2040 854 extendamus?

469 893 707 948 Diximus
730 894 795 947 de
818 894 1058 962 personis
1080 902 1239 962 atque
1252 893 1440 948 ofliciis
1459 893 1807 963 singulorum.
1840 890 1906 944 Et
1926 892 2041 946 hinc

475 984 655 1037 omnia
677 983 797 1037 ideo
817 984 960 1052 quia,
985 991 1213 1052 utsupra
1224 982 1469 1049 diximus,
1495 983 1706 1051 quidam
1729 981 2040 1050 religionem

469 1070 693 1141 professi
727 1080 819 1126 aut
848 1088 955 1126 non
985 1072 1183 1127 debere
1237 1087 1296 1127 se
1324 1073 1459 1128 sicut
1498 1081 1721 1127 ceteros
1748 1071 2041 1126 mundiales

471 1160 820 1215 substantiam
847 1176 997 1214 suam
1034 1160 1279 1226 Domino,
1307 1169 1398 1215 aut
1448 1170 1594 1217 certe
1636 1162 1811 1214 minus
1844 1160 2041 1214 debere

473 1250 840 1315 acbitrantur;
890 1265 1011 1303 cum
1056 1250 1241 1318 utique
1287 1251 1389 1306 hoc
1436 1251 1604 1318 magis
1636 1251 1885 1314 debeant,
1915 1249 2038 1319 quia

470 1353 659 1391 servus
686 1338 778 1407 qui
823 1338 923 1393 scit
960 1338 1291 1394 voluntatem
1329 1340 1528 1393 domini
1558 1339 1666 1403 sui,
1700 1348 1754 1393 et
1783 1355 1888 1393 non
1914 1338 2041 1392 facit

471 1442 608 1491 eam,
641 1428 855 1496 vapulet
896 1428 1108 1492 multis;
1132 1429 1220 1497 qui
1243 1437 1421 1496 autem
1451 1429 1639 1493 nescit,
1671 1429 1888 1498 vapulet
1908 1437 2041 1497 pall-

470 1520 547 1574 cis
579 1518 724 1587 (Luc.
760 1536 849 1585 xu,
899 1519 985 1585 47,
1037 1519 1149 1589 48).
1207 1520 1413 1589 Religio
1461 1529 1640 1575 autem
1683 1520 1902 1575 scientia
1959 1527 2040 1572 est

470 1609 564 1663 Dei
588 1627 602 1674 ;
635 1624 697 1663 ac
717 1625 814 1678 per
838 1610 941 1663 hoc
969 1611 1143 1664 omnis
1171 1611 1472 1678 religiosus,
1513 1611 1616 1665 hoc
1641 1610 1756 1679 ipso
1784 1608 1925 1678 quod
1950 1624 2037 1661 re-

470 1702 718 1768 ligionem
748 1702 1004 1771 sequitur,
1037 1702 1131 1755 Dei
1160 1717 1218 1755 se
1246 1702 1580 1755 voluntatem
1608 1716 1765 1755 nosse
1791 1709 2033 1755 testatur.

2143 542 2346 591 sumus,
2377 527 2675 595 cogitantes
2702 528 2907 582 scilicet
2935 538 2990 582 et
3010 530 3350 598 ptmsentium
3378 546 3553 585 rerum
3593 534 3714 589 bre-

2140 614 2383 680 vitatem,
2430 624 2486 670 et
2533 615 2829 670 futurarum
2867 618 3241 679 aeternitatem,
3291 634 3452 687 quam
3490 635 3709 690 parvum

2139 702 2297 770 istud,
2326 720 2486 772 quam
2514 705 2714 773 grande
2742 706 2896 772 illud;
2926 708 3221 777 cogitantes
3248 722 3458 778 quoque
3478 709 3712 765 futurum

2135 790 2374 860 judicem
2397 800 2452 846 et
2471 791 2734 848 tremendi
2757 793 2942 863 judicii
2971 810 3162 863 graves
3190 796 3367 850 exitus
3388 837 3402 863 ,
3435 799 3711 854 ardentem

2142 882 2197 934 in
2225 882 2402 937 medio
2431 884 2752 952 populorum
2780 886 3237 943 circumstantium
3284 890 3474 944 vallem
3515 908 3711 961 peren-

2141 969 2286 1025 nium
2326 971 2714 1042 lacrymarum;
2762 990 2921 1044 quam
2959 992 3067 1031 non
3113 978 3286 1031 solum
3315 979 3525 1033 introiri
3549 988 3713 1048 atque

2142 1059 2361 1114 tolerari
2394 1062 2760 1118 intestimabile
2808 1080 2870 1120 ac
2898 1082 3160 1120 summum
3190 1069 3408 1132 malum,
3435 1070 3526 1124 sed
3549 1072 3712 1123 etiam

2142 1152 2308 1206 videri
2358 1168 2420 1207 ac
2476 1154 2651 1208 timeri
2692 1171 2816 1226 pars
2862 1158 2986 1211 mali
3027 1159 3218 1213 summi
3261 1160 3365 1226 sit;
3414 1162 3715 1227 cogitantes

2139 1260 2374 1313 quoque,
2408 1246 2546 1300 inter
2562 1247 2676 1300 inec
2703 1248 2967 1303 horrenda
2997 1259 3050 1303 et
3071 1250 3446 1319 ptenalissima,
3476 1253 3575 1306 alia
3598 1253 3713 1308 haec

2141 1334 2396 1403 praeclara
2420 1351 2483 1390 ac
2510 1335 2815 1392 beatissima
2842 1356 2853 1390 :
2888 1354 3056 1393 novos
3096 1341 3303 1395 scilicet
3341 1342 3506 1397 caelos
3532 1349 3585 1396 et
3613 1358 3714 1396 no-

2141 1443 2262 1482 vam
2310 1437 2530 1493 terram,
2577 1429 2781 1484 vultum
2825 1446 3000 1485 rerum
3048 1433 3285 1487 omnium
3329 1433 3713 1502 pulchriorem,

2139 1525 2397 1572 aeternum
2464 1517 2682 1588 justitia:
2738 1521 3127 1586 habitaculum,
3183 1538 3370 1577 recens
3431 1522 3715 1578 aedilicium

2139 1617 2524 1673 creaturarum,
2576 1626 2765 1666 aureas
2808 1628 2968 1681 super
3017 1613 3176 1667 rudes
3209 1615 3375 1668 caelos
3395 1623 3711 1669 sanctorum
3778 1626 3785 1631 '

2141 1700 2376 1753 omnium
2403 1700 2614 1766 domos,
2646 1702 2795 1755 aulas
2820 1704 3044 1770 gemmis
3075 1704 3532 1759 intermicantibus
3552 1720 3719 1773 expo-

472 1790 737 1845 Professio
766 1793 947 1860 itaque
994 1792 1265 1858 religionis
1309 1808 1414 1845 non
1446 1791 1617 1846 aufert
1646 1792 1912 1856 debitum,
1946 1789 2038 1844 sed
2072 1785 2114 1841 Β
2142 1789 2281 1853 litas,
2314 1797 2369 1843 et
2402 1791 2782 1845 immortalium
2834 1792 3172 1847 metallorum
3203 1794 3405 1862 fulgore
3428 1796 3713 1863 pretiosas,

470 1888 627 1949 auget
660 1900 672 1933 :
704 1882 825 1949 quia
855 1883 1147 1950 assumptio
1178 1882 1411 1948 religiosi
1455 1881 1684 1934 nominis
1713 1879 1931 1949 sponsio
1957 1887 2041 1933 est

468 1972 799 2037 devotionis;
822 1987 885 2026 ac
906 1987 1000 2041 per
1020 1973 1139 2035 hoc,
1164 1980 1309 2026 tanto
1332 1973 1448 2041 plus
1468 1972 1726 2041 quispiam
1748 1971 1904 2025 debet
1918 1986 2041 2040 ope-

470 2078 547 2125 re,
580 2073 778 2132 quanto
806 2064 924 2133 plus
952 2064 1258 2133 promiserit
1283 2062 1631 2132 professione,
1656 2061 1945 2117 secundum
1973 2062 2037 2114 il-

470 2153 556 2207 lud
582 2152 799 2207 :Melins
826 2163 902 2206 est
930 2171 1033 2207 non
1060 2170 1250 2220 vorere,
1282 2160 1434 2225 quam
1463 2162 1577 2223 post
1598 2163 1764 2208 votum
1784 2154 2037 2222 promissa

469 2260 572 2296 non
602 2243 813 2297 reddere
835 2241 1030 2313 (Eccle.
1057 2260 1111 2309 γ,
1140 2241 1218 2313 4).

540 2331 609 2385 X.
640 2331 742 2386 Sed
774 2331 992 2386 forsitan
1022 2332 1150 2388 dicit
1176 2333 1365 2402 aliquis
1397 2351 1409 2385 :
1437 2330 1492 2386 Si
1527 2331 1640 2386 haec
1658 2331 1733 2385 ita
1770 2338 1921 2395 sunt,
1953 2338 2039 2385 tu-

469 2423 575 2476 tior
620 2436 745 2490 ergo
786 2430 867 2477 est
915 2423 1291 2491 inreligiositas
1339 2439 1498 2492 quam
1551 2423 1757 2490 religio.
1803 2421 2037 2476 Minime.

471 2511 770 2580 Religiosus
799 2513 940 2567 enim
974 2528 1069 2582 per
1096 2514 1198 2567 hoc
1244 2522 1325 2567 est
1352 2512 1564 2566 debitor
1590 2513 1732 2582 quod
1759 2512 2041 2582 prolitetur

477 2602 814 2670 religiosum;
846 2602 1183 2671 inreligiosus
1204 2610 1378 2656 autem
1407 2617 1500 2671 per
1522 2600 1573 2655 id
1600 2601 1746 2671 quod
1784 2601 2037 2669 neglexe-

470 2701 539 2746 rit
563 2693 908 2761 religionem;
951 2709 1013 2747 ac
1040 2710 1136 2760 per
1159 2694 1260 2749 hoc
1288 2694 1445 2748 ambo
1466 2692 1666 2747 habent
1692 2709 1789 2763 pro
1817 2693 2040 2748 diversi-

479 2792 589 2837 tate
639 2783 960 2837 conditionis
1020 2783 1256 2837 debitum
1307 2798 1478 2837 suum.
1535 2782 1835 2850 Religiosus
1882 2782 2042 2837 debet

470 2870 723 2941 quidquid
744 2886 802 2925 se
819 2870 1085 2940 professus
1111 2880 1191 2925 est
1220 2872 1525 2942 agnovisse;
1553 2872 1885 2941 inreligiosus
1913 2888 2041 2926 vero

470 2965 633 3017 etiam
673 2963 816 3033 quod
847 2979 953 3016 non
983 2963 1228 3031 dignatur
1251 2978 1568 3032 agnoscere,
1599 2963 1890 3018 secundum
1914 2963 2042 3018 illud

471 3053 612 3120 quod
642 3051 942 3122 specialiter
965 3068 1142 3108 sermo
1194 3053 1402 3108 divinus
1438 3053 1505 3109 de
1549 3070 1615 3109 eo
1652 3054 1780 3108 dicit
1812 3072 1825 3107 :
1863 3052 2043 3108 Nolnit

2141 1879 2314 1933 lucem
2356 1879 2463 1935 illic
2507 1883 2752 1950 septuplo
2800 1880 3167 1947 illustriorem,
3216 1886 3443 1954 puniceo
3496 1901 3719 1955 semper

2139 1969 2425 2038 splendore
2453 1970 2746 2024 radiantem
2765 2009 2779 2033 ,
2810 1972 3192 2027 beatitudinem
3235 1966 3591 2029 inell'abilibus
3613 1976 3718 2030 bo-

2139 2058 2224 2111 nis
2262 2058 2498 2124 divitem,
2532 2060 2705 2115 laetam
2756 2078 2877 2115 eum
2922 2062 3109 2117 incolis
3147 2063 3257 2118 suis
3301 2067 3718 2134 perennitatem,

2139 2150 2559 2217 patriarcharum
2587 2154 2934 2217 consortium,
2967 2156 3347 2223 prophetarum
3376 2157 3715 2221 societatem,

2139 2239 2505 2307 apostolorum
2563 2242 2990 2309 germanitatem,
3045 2253 3333 2315 martyrum
3379 2245 3718 2313 dignitatem,

2140 2337 2195 2383 et
2217 2329 2268 2382 in
2290 2331 2536 2386 omnibus
2556 2332 2752 2386 sanctis
2780 2334 3087 2400 angelorum
3109 2334 3525 2398 similitudinem,
3550 2352 3719 2405 opum

2141 2423 2435 2477 cmlestium
2456 2425 2685 2493 copiam,
2716 2425 2872 2497 2&2
2899 2424 3209 2480 deliciarum
3239 2427 3613 2481 immortalium
3637 2428 3721 2480 af-

2140 2513 2434 2580 ﬂuentiam,
2480 2529 2817 2569 communem
2837 2531 2959 2569 cum
3000 2516 3112 2571 Deo
3154 2517 3339 2570 vitam.
3366 2516 3487 2571 Haec
3534 2517 3720 2585 itaque

2141 2605 2437 2674 cogitantes
2459 2646 2475 2671 ,
2514 2606 2631 2661 haec
2650 2608 3091 2677 contemplantes,
3117 2608 3183 2663 ad
3208 2610 3406 2664 cultum
3440 2609 3722 2677 religionis

2140 2709 2306 2748 sacrae
2326 2692 2664 2764 oﬂieiumque
2685 2695 3017 2765 confugimus
3040 2739 3053 2763 ,
3081 2713 3306 2767 eamque
3339 2699 3492 2753 nobis
3522 2698 3589 2752 ad
3614 2700 3717 2754 oh-

2142 2782 2358 2838 tinenda
2386 2781 2502 2837 haec
2528 2784 2664 2838 bona
2689 2784 3088 2853 sull'ragatorem
3134 2786 3524 2854 quodammodo
3546 2795 3605 2841 et
3625 2788 3720 2840 ad-

2141 2883 2393 2928 vocatum
2440 2872 2818 2928 efﬁcacissima:
2861 2875 3258 2929 intercessionis
3311 2876 3718 2945 assumpsimus,

2145 2971 2307 3033 atque
2342 2964 2395 3018 in
2424 2965 2503 3018 eis
2531 2981 2629 3019 nos
2657 2965 3045 3034 protectionem
3074 2980 3137 3021 ac
3163 2966 3518 3036 patrocinium
3550 2966 3721 3021 ambi-

2144 3054 2281 3107 tiosa
2315 3053 2616 3109 humilitate
2637 3054 2977 3109 contulimus.

471 3143 754 3214 intelligere
798 3152 855 3197 ut
898 3142 1025 3197 bene
1076 3153 1250 3216 ageret
1288 3143 1509 3213 (Psalm.
1545 3160 1702 3210 xxxv,
1727 3144 1803 3216 4).
1835 3143 1939 3199 Sed
1964 3152 2039 3198 ta-
2069 3146 2112 3205 C
2214 3144 2304 3198 XI.
2347 3143 2498 3199 Unde
2549 3160 2671 3200 cum
2724 3144 2839 3200 haec
2877 3154 3024 3199 tanta
3055 3153 3109 3198 et
3134 3144 3539 3215 cogitaverimus
3566 3147 3719 3214 pari-

473 3248 598 3289 men
644 3234 734 3303 qui
774 3250 1026 3290 onerasse
1062 3235 1340 3303 religiosos
1386 3236 1488 3291 hac
1533 3252 1592 3290 re
1625 3236 1886 3299 videmur,
1917 3237 2042 3304 quia

473 3320 858 3392 professionem
888 3325 1118 3378 nominis
1139 3326 1480 3394 sponsionem
1522 3339 1640 3379 esse
1669 3324 1898 3378 diximus
1918 3325 2043 3378 reli-

474 3413 676 3481 gionis;
699 3428 1068 3469 removeamus
1094 3414 1231 3470 hanc
1250 3415 1537 3480 sarcinam,
1560 3422 1809 3483 putemus
1837 3430 1943 3467 non
1970 3414 2044 3467 ita

472 3517 590 3556 esse
613 3516 733 3571 qua:
758 3501 888 3556 dixi.
928 3501 1336 3558 Consideremus
1378 3502 1607 3572 denique
1637 3519 1742 3555 non
1766 3501 1892 3571 quid
1921 3518 2045 3572 pro-

473 3589 722 3654 fessione,
752 3590 844 3644 sed
874 3591 998 3659 quid
1027 3592 1268 3656 ratione;
1300 3607 1409 3646 non
1452 3591 1578 3659 quid
1606 3601 1764 3653 voto,
1796 3592 1890 3645 sed
1918 3590 2045 3660 quid

473 3679 783 3734 salubritate
805 3680 916 3749 ipsa
939 3679 1113 3735 facere
1142 3681 1450 3736 debeamus.
1477 3679 1646 3734 Dicite
1667 3680 1815 3745 mihi,
1838 3694 2040 3748 quaeso,

474 3783 661 3821 omnes
684 3769 933 3836 religiosi,
966 3770 1202 3837 nunquid
1221 3777 1305 3824 est
1332 3769 1469 3822 ullus
1497 3769 1773 3823 hominum
1812 3770 1905 3836 qui
1932 3785 2041 3824 non

477 3857 656 3911 omnia
683 3870 803 3924 qua:
847 3856 991 3920 facit,
1021 3857 1109 3912 vel
1135 3858 1319 3911 salutis
1346 3872 1454 3911 suae
1502 3856 1589 3911 vel
1633 3865 1779 3911 certe
1805 3856 2049 3912 utilitatis

476 3948 645 4015 gratia
694 3946 884 4003 faciat?
914 3949 1068 4020 241
1108 3948 1294 4014 Nemo,
1328 3949 1538 4018 opinor.
1570 3946 1765 4002 Omnes
1811 3948 1952 4003 enim
1982 3948 2050 4003 ad

477 4037 724 4092 allectum
753 4046 911 4106 atque
941 4039 1232 4107 appetitum
1258 4038 1499 4092 utilitatis
1524 4054 1633 4092 sua:
1654 4046 1858 4093 natura:
1884 4039 2049 4108 ipsius

484 4128 791 4196 magisterio
843 4139 1005 4196 atque
1058 4128 1377 4197 impulsione
1424 4128 1707 4182 ducuntur.
1737 4127 1970 4197 Ideoque
1996 4135 2051 4182 et

477 4220 568 4288 qui
589 4220 836 4285 militant,
868 4219 921 4273 id
948 4220 1047 4274 sibi
1074 4220 1388 4290 pulchrum;
1419 4227 1473 4273 et
1493 4219 1583 4288 qui
1605 4218 1965 4286 negotiantur,
1997 4219 2051 4271 id

483 4309 584 4363 sibi
610 4310 762 4373 utile;
787 4319 842 4364 et
859 4310 951 4377 qui
975 4309 1350 4377 agricolantur,
1371 4308 1425 4363 id
1453 4309 1552 4363 sibi
1574 4309 1904 4363 fructuosum
1932 4323 2052 4363 esse

476 4400 801 4455 existimant.
816 4398 882 4452 Et
891 4401 1018 4467 quid
1030 4400 1206 4468 plura?
1218 4398 1384 4453 Fures
1392 4413 1606 4468 quoque
1619 4398 1717 4467 ipsi
1729 4405 1783 4451 et
1794 4397 2048 4462 latrones,
2088 4468 2091 4471 _

2148 3242 2230 3289 ter
2274 3242 2329 3290 et
2376 3235 2705 3304 petierimus,
2746 3234 3020 3289 videamus
3056 3250 3196 3289 nunc
3252 3243 3306 3289 et
3351 3236 3723 3306 expendamus

2144 3324 2543 3392 diligentissime
2569 3365 2583 3388 ,
2619 3325 2663 3379 si
2704 3332 2785 3378 est
2833 3325 2913 3378 vel
2958 3325 3010 3379 in
3048 3323 3251 3378 actibus
3297 3326 3493 3379 nostris
3536 3324 3622 3379 vel
3666 3326 3721 3379 in

2145 3413 2454 3467 substantiis
2475 3414 2613 3467 unde
2634 3413 2761 3466 talia
2788 3428 2851 3468 ac
2872 3420 3017 3466 tanta
3040 3429 3067 3466 a
3095 3413 3207 3467 Deo
3229 3428 3407 3467 emere
3427 3413 3720 3481 possimus.

2145 3502 2300 3568 Quod
2327 3503 2370 3556 si
2395 3518 2497 3555 non
2526 3511 2624 3566 est,
2649 3518 2759 3566 cur,
2776 3517 2936 3570 rogo,
2961 3519 3064 3556 non
3085 3503 3446 3571 tmusquisque
3474 3513 3724 3556 nostrum

2146 3598 2317 3645 totum
2365 3607 2462 3661 pro
2503 3607 2561 3645 se
2612 3590 2803 3644 oll'erat
2849 3591 2991 3660 quod
3033 3591 3229 3654 habet,
3261 3592 3386 3660 quia
3407 3607 3511 3645 non
3538 3600 3727 3661 potest

2148 3687 2320 3733 totum
2349 3666 2541 3734 oll‘erre
2561 3680 2704 3747 quod
2730 3679 2928 3734 debet?
2948 3679 3177 3733 maxime
3197 3695 3316 3734 cum
3338 3678 3584 3733 Salvator
3606 3681 3725 3749 ipse

2149 3783 2212 3822 ac
2258 3768 2399 3822 Deus
2443 3775 2626 3823 noster
2676 3768 2806 3822 nihil
2837 3769 3000 3822 tutius
3033 3783 3097 3822 ac
3133 3768 3398 3822 salubrius
3435 3769 3581 3822 omni
3624 3771 3725 3823 ho-

2149 3858 2282 3911 mini
2308 3873 2427 3911 esse
2453 3857 2648 3911 dixerit
2676 3872 2835 3926 quam
2864 3873 2978 3913 rem
3008 3874 3158 3913 suam
3188 3866 3348 3927 atque
3369 3859 3727 3912 substantiam

2150 3949 2206 4001 in
2233 3963 2332 4002 usu
2359 3947 2737 4002 misericordia:
2780 3948 3094 4013 conlocare;
3120 3947 3279 4016 idque
3305 3949 3574 4017 przecipue
3591 3957 3648 4003 et
3670 3951 3725 4002 in

2149 4046 2349 4100 vetere,
2376 4045 2432 4093 et
2460 4037 2514 4091 in
2537 4052 2677 4091 nova
2706 4036 2822 4105 lege
2868 4035 3202 4090 mandaverit
3230 4036 3411 4090 dicens
3436 4036 3599 4104 quod,
3631 4036 3727 4104 qui

2148 4128 2389 4183 dividant
2418 4128 2658 4197 propria,
2689 4127 2911 4181 ditiores
2928 4125 3075 4189 ﬁant,
3101 4132 3156 4179 et
3184 4125 3328 4194 quod
3356 4125 3729 4180 misericordia

2149 4234 2181 4272 a
2210 4226 2383 4273 morte
2405 4218 2597 4272 liberet
2619 4216 2767 4287 (Tob.
2792 4232 2885 4280 xn,
2914 4214 2990 4286 9),
3022 4214 3091 4267 Et
3110 4214 3237 4268 alibi
3265 4214 3330 4268 de
3351 4223 3537 4268 sancto
3560 4214 3681 4269 viro
3708 4233 3724 4269 :

2151 4309 2429 4378 Dispersit,
2477 4308 2614 4360 dedit
2659 4305 2987 4376 pauperibus,
3040 4307 3244 4375 jnstitia
3287 4306 3397 4375 ejus
3450 4316 3623 4359 manet
3670 4307 3728 4360 in

2153 4408 2399 4453 aeternum
2428 4396 2648 4467 (Psalm.
2680 4411 2786 4460 cxi,
2819 4393 2893 4463 9).
2928 4395 2985 4448 ιιι
3016 4394 3302 4463 Evangelio
3323 4408 3535 4464 quoque
3566 4411 3578 4446 :
3604 4393 3658 4446 Ν
3664 4411 3726 4447 o-

477 4487 856 4554 etvenellci,ct
879 4490 1074 4553 sicarii,
1100 4496 1154 4542 et
1175 4504 1334 4542 omne
1356 4488 2046 4557 improbazconversationis
2078 4472 2270 4558 ﬁlite,
2321 4487 2522 4556 inquit,
2576 4486 2926 4539 thesaurizare
2982 4483 3120 4537 vobis
3182 4483 3444 4537 thesauros
3483 4483 3536 4536 in
3585 4492 3729 4536 terra

478 4595 663 4649 genus,
694 4580 747 4634 id
772 4580 873 4634 sibi
900 4578 1041 4649 quod
1070 4579 1177 4647 agit
1205 4591 1501 4645 congruum
1550 4585 1731 4646 putat,
1762 4591 1869 4630 non
1903 4576 2048 4644 quod

481 4673 571 4726 ulli
597 4688 756 4741 prava
779 4670 1118 4733 conveniant,
1144 4669 1238 4724 sed
1266 4669 1409 4738 quod
1432 4669 1521 4723 ille
1539 4669 1631 4737 qui
1660 4669 1839 4737 pravis
1860 4670 2045 4730 utitur,

480 4765 583 4819 hoc
608 4763 709 4818 sibi
736 4763 919 4821 credat
938 4775 1230 4830 congruum
1253 4775 1370 4815 esse
1390 4760 1532 4829 quod
1562 4775 1802 4830 pravum.
1835 4758 1976 4827 Ergo
1998 4767 2052 4812 et

483 4870 581 4910 nos
622 4870 729 4908 non
781 4854 884 4929 alia
937 4854 1129 4924 opinor
1174 4868 1335 4909 causa
1364 4853 1638 4922 religionis
1659 4852 2050 4922 philosophiam

2160 4576 2374 4645 (Matth.
2398 4592 2467 4638 vi.
2491 4575 2598 4645 l9).
2624 4575 2689 4628 Et
2717 4576 2908 4629 iterum
2942 4593 2954 4627 :
2990 4573 3113 4627 Non
3140 4575 3349 4643 potestis
3389 4572 3499 4626 Deo
3534 4574 3731 4626 servire

2150 4678 2199 4720 et
2218 4680 2523 4720 mammona:
2546 4663 2857 4732 (Ibid.,9.4).
2879 4662 2947 4716 Et
2974 4664 3165 4716 iterum
3191 4678 3203 4711 :
3241 4660 3328 4715 Vw
3348 4659 3501 4723 vobis,
3522 4659 3729 4722 divites,

2153 4759 2239 4829 qni
2268 4754 2461 4808 habetis
2502 4755 2878 4809 consolationes
2915 4764 3104 4808 vestras
3136 4751 3284 4823 (Luc.
3308 4768 3379 4815 vr,
3402 4748 3513 4817 2i).
3538 4750 3733 4802 Araris

2150 4861 2364 4917 quoque
2393 4854 2447 4899 et
2469 4846 2869 4900 inhumanitatis
2888 4844 3107 4899 crimine
3134 4842 3241 4896 reis
3275 4860 3288 4894 :
3319 4841 3419 4906 Ite,
3450 4839 3644 4909 inquit,
3671 4840 3733 4893 in

1655 4944 1988 4999 STEPHANI
2025 4942 2154 4997 BAL
2163 4939 2291 4996 ['1le
2329 4936 2554 4992 NOTAE.

483 5039 623 5093 tibus
650 5036 915 5092 invehitur
934 5037 984 5090 in
1013 5037 1309 5104 religiosos,
1342 5036 1392 5089 in
1413 5050 1641 5104 quorum
1667 5048 1944 5087 numerum
1965 5047 2056 5085 ve-

484 5109 635 5161 niunt
660 5114 715 5160 et
741 5107 995 5175 episcopi,
1034 5103 1180 5173 quod
1208 5121 1327 5159 cum
1383 5105 1457 5157 illi
1512 5103 1652 5175 lilios
1677 5110 1770 5156 aut
1797 5108 2054 5168 cognatos

484 5191 590 5230 non
620 5174 876 5230 baberent
913 5174 1101 5243 quibus
1129 5174 1403 5229 facultates
1430 5190 1554 5230 suas
1593 5174 1905 5234 tribuerent,
1937 5185 2052 5243 nia-

485 5246 663 5300 lebant
688 5261 778 5316 eas
806 5238 1104 5316 relinquere
1133 5242 1725 5316 extraneishzeredibus
1750 5256 1909 5310 quam
1938 5238 2053 5316 Ec-

482 5316 677 5371 clesiis.
709 5314 890 5368 Codex
932 5307 1192 5367 canonum
1222 5312 1471 5366 Ecclesiae
1499 5307 1899 5377 Alric'anax'cap.
1936 5307 1998 5359 81
2038 5324 2050 5358 :

490 5385 513 5438 Ι
522 5396 616 5438 tem
639 5386 961 5436 coastitutnm
981 5393 1055 5436 est
1074 5392 1128 5435 nt
1148 5384 1190 5435 si
1211 5384 1321 5453 quis
1351 5384 1621 5453 episcopus
1636 5379 1859 5453 hatredes
1879 5387 2056 5430 extra-

485 5471 607 5508 neos
635 5470 667 5506 a
694 5454 1139 5524 consanguinitate
1165 5449 1295 5524 sua,
1337 5451 1413 5524 vel
1439 5449 1711 5524 Aha‘reticos
1740 5449 1892 5524 etiam
1931 5461 2056 5524 con-

483 5525 808 5595 sanguineos,
840 5514 927 5575 an't
956 5537 1186 5595 paganos
1206 5561 1223 5595 ,_
1255 5521 1494 5595 ligclesite
1522 5518 1830 5595 prwtnlerit,
1873 5514 2055 5568 saltem

485 5588 600 5661 post
627 5603 837 5645 mortem
865 5588 1225 5661 anathemaei
1273 5589 1505 5661 dicatur,
1524 5588 1839 5661 'atquenejns
1869 5598 2052 5636 nomen

485 5655 619 5713 inter
646 5661 741 5714 Dei
769 5660 1054 5714 sacerdotes
1075 5659 1215 5712 nullo
1236 5658 1384 5712 modo
1406 5655 1660 5711 recitetiir.
1694 5655 1860 5723 Hujus
1885 5666 2055 5706 cano-

489 5730 921 5801 n_is__nientionem
945 5728 1126 5801 injecit
1153 5731 1204 5781 in
1226 5727 1513 5801 collatione
1532 5726 1713 5801 quinta
1734 5724 1902 5791 quinti
1929 5737 2058 5801 cpn-

487 5797 593 5854 cilii
625 5797 945 5853 Sextilianus
964 5790 1244 5867 episcopus
1266 5790 1740 5852 Tuniensis'vicem
1756 5790 1924 5863 agens
1947 5790 2055 5845 Pri—

2158 5028 2294 5083 mosi
2322 5025 2556 5093 episcopi
2576 5021 3007 5093 Carthaginensis
3027 5039 3039 5073 :
3062 5019 3232 5093 Dareo
3254 5027 3485 5093 sanctum
3506 5025 3733 5071 vestrum

2154 5087 2423 5151 conciliem
2451 5087 2595 5167 quod
2614 5087 2951 5167 amarioribus
2987 5087 3287 5167 temporibus
3316 5090 3369 5167 in
3397 5097 3730 5167 nos‘tra'pro-

2155 5167 2320 5220 vincia
2346 5155 2488 5216 mutii
2517 5162 2737 5230 episcopi
2767 5155 3157 5229 congregati,'et
3192 5159 3425 5230 qnwdam
3465 5156 3527 5230 de
3558 5155 3733 5230 diver—

2155 5237 2227 5289 sis
2258 5235 2429 5287 cansis
2458 5231 2526 5283 ad
2546 5224 2969 5282 "ecclesiastic'um'
2997 5237 3186 5280 statum
3205 5224 3581 5289 pertinentibus
3609 5224 3729 5277 dis-

2154 5312 2394 5374 ponentes
2413 5340 2427 5365 ,
2457 5307 2742 5374 statnerunt
2769 5298 2832 5374 de
2873 5299 3121 5374 episcopis
3151 5297 3402 5365 defunctis
3443 5294 3528 5374 qni
3555 5294 3735 5345 hiare-

2158 5367 2270 5426 ticis
2298 5388 2416 5424 suas
2448 5368 2715 5439 facultates
2738 5369 3044 5439 relinquunt,
3068 5367 3143 5439 ita
3161 5374 3219 5439 nt
3236 5375 3348 5439 post
3366 5371 3574 5439 mortem
3593 5376 3737 5439 arta:

2161 5442 2367 5496 themati
2397 5430 2753 5509 subjiciuntur.
2789 5430 3045 5509 Respexit
3071 5430 3412 5509 nihilominus
3448 5431 3609 5509 etiam
3660 5430 3735 5509 ad

2158 5524 2417 5566 canonem
2464 5501 2531 5559 ᾗ
2575 5506 2811 5575 ejusdem
2840 5501 3483 5575 collectionigAfi-icanm,
3513 5501 3602 5566 qui
3650 5501 3737 5552 sic

2160 5581 2322 5634 habet
2352 5596 2366 5631 :
2400 5576 2469 5630 Et
2488 5585 2543 5629 ut
2568 5570 2622 5629 in
2652 5590 2735 5628 eos
2763 5575 2847 5644 qui
2877 5574 3110 5627 catholici
3132 5570 3409 5644 Christiani
3452 5584 3556 5622 non
3583 5578 3735 5628 sunt,

2158 5649 2360 5703 etiamsi
2389 5646 2749 5716 consanguinei
2776 5640 3168 5716 :[nerinthper
3213 5640 3537 5716 donationes
3556 5651 3735 5689 rerum

2160 5734 2366 5772 snamrn
2391 5704 2910 5787 episcopirebclérici
2950 5704 3089 5787 nihil
3109 5711 3396 5787 conferant.
3445 5704 3573 5759 Vide
3600 5721 3736 5758 rur-

2160 5804 2277 5844 sum
2305 5781 2570 5843 canonem'
2592 5782 2660 5839 52
2688 5781 2923 5852 ejusdem
2950 5781 3297 5837 cullectionis.
