3936 6176
149 345 234 399 εοι
1209 345 1563 404 ADVERSUS
1601 349 1978 405 AVARJTIAM
2013 349 2138 405 LIB.
2182 351 2243 407 ll.

3254 351 3373 405 “202

143 467 300 540 ignem
329 473 586 524 cateruam.
639 482 783 536 quem
830 468 1028 534 paravit
1071 464 1232 517 Pater
1257 481 1397 518 meus
1418 464 1622 518 diabolo
1650 475 1699 517 et
1729 467 1775 522 A
1803 474 2037 520 tuentem
2078 467 2386 523 melioribus
2421 467 2760 536 applicarem.
2811 466 2918 521 Sed
2963 466 3091 535 quid
3130 467 3369 534 agimus?

142 559 328 630 angelis
369 559 476 628 ejus
528 557 742 627 (Matth.
798 574 921 623 xxv,
964 557 1075 626 41).
1107 556 1344 623 Quorum
1382 572 1502 625 qua:
1537 572 1696 625 pmna

142 665 342 718 semper
362 647 532 701 futura
561 648 648 712 sit,
682 646 836 702 facile
857 647 1192 714 intelligitur,
1217 647 1410 715 quibus
1433 661 1552 701 sors
1575 663 1696 700 cum

141 740 342 795 diabolo
361 739 680 807 deputatur:
707 753 803 807 per
821 752 938 806 qua:
960 745 1134 791 tamen
1157 744 1422 791 tormenta
1444 737 1694 802 maxima,

141 848 235 886 non
263 828 591 884 atrocissima
614 829 702 882 illa
727 829 778 882 in
809 829 886 882 eis
928 826 1341 883 fornicationum
1363 835 1455 882 aut
1474 825 1700 882 homici-

142 924 336 977 diorum
381 929 472 974 aut
525 919 927 988 saerilegiorum
972 917 1196 974 crimina
1235 919 1547 988 puniuntur,
1604 919 1698 974 sed

141 1015 239 1070 sola
268 1005 634 1067 tantummodo
664 1011 884 1066 avaritia
908 1018 963 1065 et
996 1011 1290 1065 abdicatrix
1321 1010 1699 1065 misericordia:

143 1102 506 1158 inhumanitas.
574 1099 726 1156 Unde
791 1101 1088 1168 intelligere
1139 1116 1237 1154 nos
1281 1101 1533 1155 convenit
1571 1099 1698 1168 quid

140 1195 330 1265 passuri
355 1195 463 1248 sint
489 1192 648 1264 243
675 1208 841 1262 quos,
875 1202 1068 1262 prmter
1094 1191 1197 1246 alia
1241 1200 1489 1261 peccata,
1536 1192 1696 1245 etiam

141 1286 346 1339 avaritia
367 1268 492 1338 reos
519 1283 740 1348 fecerit;
771 1298 892 1337 cum
913 1297 1120 1337 summo
1147 1282 1409 1351 supplicio
1432 1279 1697 1335 alliciendi

140 1378 232 1431 sint
251 1391 402 1445 quos,
428 1384 676 1446 expertes
698 1376 934 1430 omnium
975 1382 1340 1445 peccatorum,
1364 1372 1538 1428 solum
1571 1389 1699 1427 ava-

140 1468 258 1520 ritize
298 1467 501 1521 crimen
536 1475 708 1521 morte
745 1466 1028 1520 damnarit.
1068 1465 1197 1531 Qua:
1243 1463 1428 1533 utique
1455 1463 1499 1518 si
1520 1461 1697 1517 futura

140 1557 299 1610 omnia
341 1555 626 1621 credimus,
661 1557 859 1626 absque
894 1556 1056 1610 dubio
1089 1555 1290 1610 evitare
1324 1553 1598 1610 debemus.
1641 1551 1698 1608 Si

139 1658 297 1703 autem
328 1666 435 1703 non
459 1649 772 1715 devitamus,
807 1649 1048 1719 profecto
1069 1666 1176 1704 non
1197 1648 1482 1704 credimus.
1513 1648 1568 1702 Si
1599 1664 1698 1702 au-

140 1747 230 1791 tem
281 1755 385 1794 non
446 1739 732 1802 credimus,
786 1739 1072 1794 Christiani
1114 1754 1449 1808 nequaquam
1490 1755 1691 1794 sumus.

1799 556 1914 610 Non
1962 557 2136 610 dubiis
2175 558 2335 612 rebus
2360 557 2638 620 vincimur,
2669 564 2725 611 et
2757 557 3091 612 evidentibus
3130 565 3372 612 coarcta-

1799 661 1935 698 mur.
1965 644 2095 710 Quis
2119 645 2260 699 enim
2301 645 2529 700 Domino
2572 654 2755 700 mente
2794 646 2981 712 credit,
3013 654 3070 700 et
3120 645 3373 701 facultate

1799 751 1906 790 non
1955 737 2156 790 credit?
2196 737 2316 805 quis
2364 737 2473 791 Deo
2520 737 2753 791 animam
2793 753 2943 792 suam
2987 737 3285 806 mancipat,
3317 741 3374 790 et

1798 827 2078 894 pecuniam
2125 828 2319 893 negat?
2364 827 2484 894 quis
2527 827 2806 896 promissis
2858 826 3163 881 cmlestibus
3212 824 3371 880 ﬁdem

1799 916 2120 980 commodat,
2145 924 2200 971 et
2229 931 2336 970 non
2364 917 2472 984 agit
2498 924 2555 969 ut
2601 931 2721 972 esse
2748 917 2918 986 possit
2944 917 3213 986 particeps
3241 931 3369 984 pro-

1799 1005 2151 1059 missionum?
2174 1003 2240 1059 Et
2259 1004 2383 1060 ideo
2412 1021 2533 1060 cum
2562 1005 2836 1060 videamus
2855 1007 3102 1061 homines
3126 1005 3242 1061 haec
3264 1021 3372 1059 non

1800 1110 1978 1164 agere,
2019 1095 2260 1164 cogimur
2307 1111 2416 1148 non
2462 1096 2746 1151 credentes
2785 1097 2962 1166 palam
3003 1105 3058 1152 et
3096 1096 3373 1152 evidenter

1799 1199 2106 1252 agnoscere.
2131 1185 2248 1240 Non
2290 1185 2414 1240 licet
2436 1195 2495 1239 ut
2534 1201 2626 1240 eos
2655 1201 2754 1239 nos
2783 1185 2894 1240 Deo
2924 1186 3080 1241 ﬁdem
3119 1193 3368 1256 putemus

1799 1277 2074 1339 adhibere,
2104 1292 2224 1332 cum
2249 1277 2324 1330 illi
2352 1293 2409 1330 se
2436 1277 2598 1331 rebus
2647 1278 2879 1331 clament
2907 1292 3122 1346 negare.
3167 1277 3224 1331 In
3263 1292 3371 1345 quo

1800 1382 2020 1421 necesse
2069 1375 2151 1421 est
2206 1367 2574 1422 inﬁdelitatem
2621 1383 2760 1436 pene
2806 1368 3042 1422 omnium
3097 1368 3372 1423 hominum

1798 1455 1976 1526 plangi
1999 1464 2157 1525 atque
2179 1456 2366 1524 lugeri.
2392 1455 2435 1510 Ο
2456 1456 2701 1510 miseria!
2729 1473 2762 1511 ο
2784 1457 3134 1526 perversitas!
3157 1456 3372 1512 Homini

1802 1546 1868 1599 ab
1888 1546 2103 1600 homine
2143 1546 2412 1610 creditur,
2441 1555 2495 1602 et
2534 1563 2639 1601 non
2684 1546 2919 1602 creditur
2952 1548 3082 1604 Deo.
3113 1548 3372 1603 llumanis

1800 1637 2242 1706 promissionibus
2266 1655 2389 1708 spes
2409 1639 2797 1705 commodatur,
2832 1641 2942 1694 Deo
2973 1650 3215 1709 negatur.
3246 1639 3372 1696 Om-

1801 1728 1888 1781 nia
1911 1728 2139 1798 denique
2168 1730 2221 1783 in
2256 1729 2414 1784 rebus
2442 1730 2686 1786 humanis
2714 1747 2836 1800 spes
2865 1731 3163 1786 futurorum
3187 1742 3368 1800 agunt.

138 1828 300 1897 Neque
354 1831 499 1884 enim
549 1845 835 1900 possumus
873 1845 1198 1900 quemquam
1233 1830 1412 1886 dicere
1445 1829 1700 1885 Christia-

1809 1815 1923 1870 Vita
1943 1834 2154 1888 quoque
2177 1819 2291 1888 ipsa
2312 1819 2427 1874 haec
2457 1822 2781 1890 temporaria
2812 1838 2919 1875 non
2962 1823 3063 1876 nisi
3085 1838 3182 1892 spe
3211 1824 3371 1878 alitur

138 1935 266 1984 num,
304 1921 394 1989 qui
427 1937 536 1975 non
567 1929 719 1990 putat
747 1919 960 1975 Christo
985 1936 1102 1976 esse
1140 1921 1479 1976 credendum.

195 2009 298 2065 ΧΠ.
339 2011 452 2066 Sed
486 2020 622 2078 esto,
645 2013 761 2068 illas
787 2027 920 2081 quas
945 2027 1106 2083 snpra
1134 2012 1362 2068 diximus
1383 2029 1570 2082 pmnas
1589 2027 1698 2067 non

142 2102 401 2157 timeamus
429 2103 540 2167 rei;
572 2102 810 2172 nunquid
831 2104 992 2157 etiam
1023 2107 1300 2173 prmmium
1327 2120 1543 2174 sperare
1571 2119 1698 2174 pos-

143 2207 304 2247 sunus
332 2209 442 2247 non
476 2195 776 2248 merentes?
802 2192 868 2246 Et
889 2193 1010 2248 ideo
1038 2194 1083 2248 si
1125 2209 1258 2264 opes
1276 2211 1384 2248 non
1413 2195 1601 2249 damus
1629 2193 1699 2248 ob

144 2291 465 2349 peccatorum
494 2283 938 2351 redemptionem,
972 2283 1160 2340 demus
1203 2283 1393 2339 saltem
1422 2285 1489 2339 ad
1518 2299 1701 2340 emen-

147 2371 242 2426 dam
276 2374 691 2439 beatitudinem;
723 2375 768 2428 si
791 2391 895 2430 non
924 2376 1112 2430 damus
1140 2391 1206 2430 nc
1243 2376 1574 2442 damnemur,
1607 2376 1700 2432 de-

147 2477 243 2517 mus
262 2465 452 2519 saltem
486 2473 546 2519 ut
577 2480 957 2519 muneremur:
992 2467 1114 2536 quia
1156 2465 1317 2521 etiam
1351 2467 1392 2520 si
1431 2467 1699 2536 prmterita

147 2557 259 2611 mala
296 2573 402 2612 non
444 2558 557 2611 sint
573 2573 690 2626 quze
719 2566 968 2627 oporteat
1010 2567 1224 2613 sanctos
1251 2559 1534 2624 redimere,
1576 2566 1702 2614 sunt

147 2654 296 2700 tamen
335 2648 599 2716 perennia
644 2647 782 2701 bona
821 2662 940 2716 qua:
975 2661 1168 2716 magno
1217 2646 1446 2702 debeant
1478 2664 1696 2718 compa-

147 2750 270 2801 rare;
301 2739 516 2792 etiamsi
541 2753 697 2807 poena
727 2755 832 2792 non
863 2739 932 2793 sit
960 2753 1078 2807 qua:
1100 2739 1368 2805 timeatur,
1411 2747 1494 2793 est
1522 2747 1700 2794 tamen

147 2841 340 2895 regnum
387 2828 539 2898 quod
586 2829 878 2893 ambiatur;
923 2843 986 2884 ac
1029 2844 1126 2899 per
1152 2829 1284 2895 hoc,
1336 2829 1546 2884 etiamsi
1592 2845 1702 2884 non

147 2915 318 2971 habent
362 2919 541 2973 sancti
589 2935 708 2988 qua:
756 2919 1057 2985 redimant,
1120 2920 1321 2974 habent
1366 2929 1544 2973 tamen
1584 2934 1702 2989 qua:

147 3017 316 3061 emant.
339 3009 449 3066 Nisi
483 3010 622 3064 forte
645 3011 838 3080 aliquis
864 3011 1114 3066 damnum
1145 3013 1197 3066 in
1228 3013 1498 3082 emptione
1521 3027 1704 3067 verea-

148 3106 234 3164 tur,
258 3102 508 3157 videlicet
537 3117 603 3157 ne
632 3103 752 3172 plus
789 3104 1095 3159 commodet
1143 3119 1303 3174 quam
1347 3105 1589 3175 recipiat,
1635 3121 1702 3159 ne

1801 1924 1865 1964 ac
1890 1911 2201 1965 sustinetur.
2235 1911 2361 1967 Ideo
2400 1914 2543 1967 enim
2575 1913 2731 1968 terris
2781 1912 3043 1969 frumenta
3083 1916 3370 1982 credimus,

1801 2009 1859 2054 ut
1886 2017 2005 2056 cum
2028 2003 2200 2057 usuris
2220 2003 2421 2058 credita
2443 2005 2783 2074 recipiamus.
2807 2004 2931 2060 [dco
2953 2006 3005 2059 in
3031 2006 3202 2060 vineis
3221 2006 3376 2061 labor

1801 2093 2063 2148 maximus
2091 2095 2324 2164 ponitur,
2356 2097 2479 2166 quia
2509 2098 2753 2152 homines
2777 2113 2900 2167 spes
2919 2099 3202 2154 vindemia:
3239 2116 3373 2156 con-

1801 2185 2022 2240 solatur.
2048 2183 2172 2242 ldeo
2192 2189 2554 2256 negotiatores
2577 2191 2852 2245 thesauros
2872 2205 2998 2248 suos
3018 2192 3376 2260 emptionibus

1804 2284 2062 2340 vacuant,
2100 2277 2227 2331 dum
2265 2278 2663 2334 venditionibus
2701 2267 2921 2350 sperant
2949 2296 3066 2336 esse
3093 2282 3372 2336 cumulan-

1801 2365 1917 2420 dos.
1947 2366 2104 2437 255
2125 2365 2249 2422 ldco
2271 2370 2578 2438 navigantes
2599 2371 2762 2425 vitam
2789 2373 2963 2427 ventis
2990 2387 3054 2427 ac
3083 2379 3372 2442 tempesta-

1801 2458 1944 2514 tibus
1973 2460 2222 2526 credunt,
2257 2469 2314 2516 ut
2334 2463 2528 2531 spebus
2557 2465 2800 2534 votisque
2829 2466 3121 2534 potiantur.
3152 2465 3216 2518 Et
3247 2465 3374 2535 quid

1800 2549 1988 2622 plura?
2017 2550 2128 2606 Pax
2174 2568 2389 2622 quoque
2433 2555 2574 2609 inter
2617 2554 2758 2610 feras
2799 2571 2862 2612 ac
2897 2557 3154 2611 barbaras
3191 2565 3376 2625 gentes

1802 2657 1898 2711 spe
1927 2642 2188 2707 innititur,
2221 2650 2275 2697 et
2317 2641 2418 2698 ﬁde
2458 2645 2782 2714 astipulante
2822 2647 3082 2702 ﬁrmatur.
3116 2647 3378 2701 Latrones

1803 2733 2137 2804 quoqueipsi
2166 2741 2218 2789 et
2241 2736 2570 2803 sanguinarii
2599 2735 2755 2792 ﬁdem
2783 2737 2882 2792 sibi
2905 2738 3132 2793 invicem
3155 2753 3261 2792 non
3288 2753 3377 2791 ne-

1803 2833 1932 2895 gant
1957 2867 1972 2891 ,
2021 2832 2075 2880 et
2115 2840 2234 2894 quae
2280 2827 2658 2896 promiserint,
2682 2838 2870 2883 mutuo
2911 2835 3218 2884 servaturos
3256 2843 3376 2884 esse

1803 2916 2094 2974 conﬁdunt.
2143 2915 2338 2970 Totum
2377 2917 2639 2986 denique,
2671 2926 2730 2972 ut
2767 2919 2914 2984 dixi,
2956 2919 3097 2974 inter
3129 2919 3377 2975 homines

1803 3007 2000 3077 spebus
2037 3008 2230 3075 agitur.
2261 3006 2421 3062 Solus
2468 3007 2610 3064 Deus
2653 3017 2736 3064 est
2776 3009 2843 3064 de
2883 3025 2991 3078 quo
3038 3009 3374 3080 desperatur.

1804 3095 2047 3168 Cumque
2069 3099 2094 3137 δ
2124 3099 2388 3154 elementa
2417 3099 2531 3168 ipsa
2555 3108 2608 3154 et
2627 3109 2874 3155 naturam
2913 3101 3095 3157 mundi
3125 3101 3380 3158 Dominus

150 3192 337 3256 grandia
379 3194 653 3248 feneranti
700 3210 864 3264 parva
909 3195 1220 3260 reddantur,
1256 3212 1322 3250 ne
1365 3196 1705 3264 largitionem
1731 3183 1777 3245 C
1809 3197 1994 3243 noster
2021 3188 2230 3244 ﬁdelem
2260 3189 2478 3256 fecerit,
2503 3190 2578 3244 illi
2606 3199 2813 3245 tantum
2840 3207 3010 3262 prope
3037 3193 3102 3247 ab
3131 3193 3380 3250 omnibus

153 3281 404 3340 redhibitio
433 3301 549 3340 non
578 3294 849 3355 repenset,
881 3294 937 3341 et
964 3287 1087 3341 data
1110 3287 1276 3343 semel
1302 3289 1459 3358 pretii
1497 3289 1705 3358 magni-

154 3372 305 3428 tudine
329 3375 562 3444 pecunia
585 3375 918 3445 periclitetur
945 3377 1236 3447 emptoris;
1269 3393 1332 3432 ac
1360 3379 1403 3433 si
1450 3392 1702 3446 magnum

156 3463 250 3529 quid
276 3465 505 3522 Domino
528 3467 920 3522 commendarit
942 3469 994 3522 in
1019 3476 1180 3533 terra,
1206 3484 1310 3523 non
1333 3469 1530 3523 habeat
1557 3467 1705 3523 Chri-

156 3559 245 3604 stus
262 3553 474 3611 forsitan
504 3557 651 3611 unde
680 3558 728 3611 ei
753 3557 926 3612 solvat
954 3557 1008 3612 in
1034 3557 1190 3614 cmlo.
1225 3557 1388 3613 Plane
1410 3559 1455 3613 si
1477 3559 1576 3612 ista
1607 3559 1704 3614 du-

157 3638 310 3697 hitatio
345 3655 442 3710 est,
479 3646 600 3700 ﬁeri
627 3647 757 3700 nihil
780 3647 980 3703 suadeo
1005 3666 1016 3701 :
1042 3648 1164 3717 quia
1196 3663 1296 3703 nec
1332 3658 1555 3718 prosunt
1585 3666 1702 3703 om-

158 3729 257 3783 nino
279 3734 376 3788 ulla
418 3735 712 3790 dubitanti.
745 3736 909 3792 Cassa
938 3737 1138 3806 quippe
1165 3745 1249 3792 est
1276 3740 1538 3808 operatio,
1566 3740 1608 3794 si
1653 3738 1706 3790 ﬁ-

159 3818 231 3874 des
255 3835 388 3880 certa
419 3843 534 3881 non
562 3825 749 3894 fuerit;
782 3836 836 3884 et
860 3827 1055 3885 frustra
1083 3828 1292 3888 fenerat
1332 3831 1423 3899 qui
1453 3829 1518 3884 de
1555 3845 1705 3886 rece-

157 3912 308 3976 ptione
327 3915 600 3986 desperat.
621 3915 864 3974 Christus
885 3920 1045 3984 enim,
1064 3927 1122 3974 ut
1142 3919 1426 3987 credimus,
1445 3919 1706 3975 factorum

159 4007 359 4060 omnium
389 4008 691 4064 retributor
715 4019 816 4065 est.
841 4010 896 4064 Si
927 4025 1055 4080 ergo
1083 4020 1174 4065 aut
1209 4012 1422 4082 inopem
1453 4027 1572 4066 cum
1613 4013 1706 4080 qui

159 4095 416 4152 retribuere
446 4114 563 4154 non
606 4100 793 4168 possit,
828 4108 920 4154 aut
950 4100 1218 4156 inﬁdelem
1257 4108 1415 4171 putas
1460 4116 1576 4156 esse
1614 4102 1707 4171 qui

161 4182 292 4245 nolit;
339 4188 616 4254 quomodo
645 4191 712 4243 ab
747 4205 813 4244 eo
841 4191 1249 4245 retributionem
1289 4207 1507 4260 sperare
1550 4191 1708 4263 2M

162 4274 344 4338 poteris,
375 4293 539 4345 quem
564 4287 619 4331 et
649 4279 1093 4348 impossibilitatis
1122 4287 1176 4334 et
1219 4278 1546 4335 inﬁdelitatis
1593 4282 1706 4350 ipse

162 4355 492 4419 damnaveris?
521 4365 679 4431 Quod
717 4368 763 4420 si
793 4383 901 4422 non
942 4368 1016 4422 ita
1053 4375 1152 4431 est,
1187 4382 1284 4422 nec
1321 4369 1545 4437 ambigis
1584 4385 1705 4424 cum

164 4443 385 4506 facturum
415 4470 540 4509 esse
569 4470 688 4524 qum
707 4455 872 4522 dixit;
897 4472 1016 4526 qua:
1044 4456 1350 4526 insipientia
1379 4467 1470 4511 aut
1497 4459 1587 4526 qui
1617 4474 1704 4512 er-

1803 3294 1912 3332 non
1943 3278 2198 3344 creditur,
2239 3279 2331 3348 qui
2359 3279 2504 3335 solus
2544 3280 2668 3336 fecit
2691 3288 2746 3335 ut
2775 3281 2934 3337 rebus
2976 3283 3224 3339 omnibus
3258 3298 3378 3339 cre-

1801 3367 2034 3423 deretur.

1873 3455 2010 3510 Xlll.
2052 3455 2158 3511 Sed
2199 3456 2306 3512 dici
2345 3458 2482 3511 forte
2516 3456 2621 3512 hoc
2660 3457 2781 3513 loco
2813 3459 3010 3527 possit,
3042 3459 3187 3528 quod
3221 3458 3382 3513 rebus

1803 3548 1913 3602 suis
1940 3555 2156 3601 utantur
2183 3547 2426 3602 homines
2454 3563 2560 3602 non
2591 3563 2708 3602 esse
2739 3547 3065 3604 inﬁdelitatis
3085 3549 3378 3615 interdum,

1803 3637 1899 3693 sed
1927 3638 2289 3699 necessitatis,
2322 3653 2496 3708 neque
2525 3637 2638 3693 Deo
2665 3654 2772 3693 non
2813 3638 3033 3694 credere
3076 3639 3374 3708 religiosos,

1805 3728 1898 3784 sed
1925 3728 2045 3783 vitm
2083 3737 2244 3798 atque
2290 3729 2408 3784 usui
2456 3729 2759 3784 necessaria
2805 3744 3084 3784 reservare
3129 3748 3141 3782 :
3183 3728 3382 3783 multos

1806 3819 1946 3884 enim
1975 3828 2281 3874 sanctorum
2309 3820 2583 3876 hominum
2605 3836 2634 3874 a
2665 3835 2871 3875 summa
2895 3819 3378 3892 dispensandarum

1806 3927 1966 3983 opum
1995 3912 2324 3982 perfectione
2351 3922 2443 3967 aut
2475 3929 2608 3969 sexu
2635 3929 3036 3984 nonnunquam,
3069 3923 3162 3968 aut
3200 3922 3380 3976 (etate,

1808 4013 1900 4057 aut
1941 4005 2054 4074 ipsa
2091 4003 2399 4060 inﬁrmioris
2449 4007 2751 4075 corpusculi
2794 4007 3161 4063 imbecillitate
3200 4007 3384 4077 prohi-

1805 4094 1941 4148 beri.
1974 4092 2122 4158 Esto,
2164 4095 2267 4149 hoc
2295 4094 2419 4149 ferri
2449 4097 2649 4165 possit;
2698 4097 2793 4151 sed
2825 4105 3004 4152 tamen
3047 4098 3257 4152 etiamsi
3304 4096 3382 4151 fc-

1807 4193 1976 4250 ratur,
2001 4185 2073 4238 ita
2102 4184 2378 4239 ferendum
2407 4193 2566 4239 estut
2596 4202 2694 4256 pro
2729 4188 2985 4255 qualitate
3006 4189 3384 4241 necessitatum

1809 4283 1970 4344 atque
1998 4291 2276 4330 causarum
2298 4275 2612 4330 sufﬁcientia
2642 4277 2993 4341 retineantur,
3032 4277 3382 4332 immoderata

1809 4376 2140 4423 resecentur.
2179 4367 2442 4422 Habentes
2477 4368 2632 4432 enim,
2657 4368 2828 4438 inquit
2854 4367 3165 4438 Apostolus,
3197 4369 3385 4422 victum

1807 4468 1856 4511 et
1897 4460 2148 4519 vestitum,
2180 4459 2261 4510 Itis
2281 4459 2509 4512 contenti
2531 4475 2726 4512 sumus.
2761 4456 2903 4512 Nam
2929 4460 3016 4531 qui
3044 4459 3219 4513 volunt
3249 4458 3383 4511 divi-

165 4547 232 4590 τοι
254 4552 328 4596 est
351 4554 408 4598 ut
436 4563 547 4600 non
580 4547 632 4601 ei
679 4555 885 4602 tantum
931 4547 1025 4602 des
1059 4557 1320 4616 quantum
1365 4556 1542 4618 potes,
1585 4564 1705 4603 cum
1737 4561 1787 4620 Ι)
1811 4557 1884 4601 tes
1907 4549 2038 4618 ﬁeri,
2063 4546 2294 4601 incidunt
2323 4549 2377 4602 in
2412 4550 2743 4603 tentationem
2777 4559 2799 4587 ο
2829 4557 2880 4602 et
2917 4549 3152 4621 laqueum
3189 4545 3383 4601 diaboli

167 4630 316 4698 utique
343 4651 448 4690 non
488 4637 704 4692 dubites
735 4639 904 4693 multo
951 4647 1004 4693 te
1041 4639 1163 4708 plus
1203 4646 1542 4707 recepturum
1591 4654 1710 4694 esse

167 4730 293 4782 'luam
333 4725 584 4782 dederis?
611 4726 740 4792 Qum
768 4727 1000 4796 denique
1028 4729 1240 4782 miseria
1290 4736 1348 4780 ut
1376 4728 1530 4782 malis
1577 4728 1709 4782 nihil

167 4818 217 4859 ex
237 4811 304 4864 eis
325 4816 568 4884 recipere
594 4831 712 4885 quae
732 4817 1008 4886 relinquis,
1040 4832 1162 4871 cum
1193 4824 1364 4870 totum
1404 4817 1578 4887 possis
1615 4833 1709 4886 pe-

168 4897 280 4953 nitus
311 4905 586 4971 possidere
629 4905 771 4974 quod
818 4907 1028 4962 credis?
1065 4905 1170 4961 Sed
1214 4907 1499 4977 (miserum
1549 4908 1706 4977 me!)

168 4997 288 5053 Puto,
316 5009 418 5049 non
439 4997 678 5051 creditur
707 4997 838 5052 Deo.
882 4997 947 5051 Et
975 4999 1118 5068 quod
1161 4997 1282 5053 dico
1321 5007 1472 5068 puto,
1506 5001 1708 5054 utinam

169 5081 380 5149 ambigue
427 5097 708 5157 putarem,
761 5099 816 5143 et
870 5106 976 5144 non
1017 5091 1295 5144 evidenter
1337 5096 1706 5158 agnoscerem!

170 5171 190 5198 ⁸
230 5166 535 5232 laborarem
581 5177 809 5233 fortasse
849 5180 985 5232 intra
1031 5195 1120 5233 me
1158 5181 1375 5235 vincere
1430 5181 1708 5249 opiniones

172 5270 310 5324 meas.
356 5274 410 5319 et
446 5282 697 5336 cogerem
739 5284 955 5323 sensum
996 5269 1153 5324 dubia
1193 5285 1300 5325 non
1348 5270 1606 5335 credere,
1650 5282 1709 5325 ut

1814 4638 1868 4707 (ι
1898 4639 2028 4692 Tim.
2065 4655 2136 4705 vr,
2177 4639 2227 4701 8,
2261 4637 2346 4708 9).
2399 4639 2561 4708 Ergo,
2612 4649 2671 4696 ut
2711 4641 2972 4705 videmus,
3004 4641 3057 4694 in
3087 4640 3246 4694 rebus
3275 4646 3387 4692 tan-

1812 4738 1924 4783 tum
1965 4730 2278 4784 necessariis
2320 4731 2465 4784 salus
2502 4739 2602 4796 est,
2634 4731 2686 4785 in
2727 4729 3010 4801 superﬂuis
3047 4731 3301 4799 laqueus;
3333 4730 3388 4783 in

1811 4819 2183 4874 mediocritate
2213 4820 2307 4876 Dei
2330 4821 2533 4889 gratia,
2571 4824 2624 4877 in
2655 4821 2853 4876 divitiis
2891 4821 3089 4875 diaboli
3117 4820 3140 4858 ά
3175 4829 3382 4875 catena.

1816 4909 2054 4978 Denique
2085 4910 2212 4980 quid
2241 4913 2420 4966 statim
2462 4911 2749 4980 Apostolus
2784 4911 2998 4966 subdit?
3035 4909 3162 4974 Qua:
3195 4910 3388 4964 demer-

1817 5009 1974 5070 gunt,
2015 5001 2204 5071 inquit,
2247 5003 2503 5056 hominem
2545 5003 2600 5055 in
2644 5003 2910 5056 interitum
2939 5012 2990 5056 et
3025 5002 3382 5073 perditionem.

1816 5090 1958 5160 Ergo
1985 5092 2029 5145 si
2057 5091 2254 5146 divitize
2276 5093 2548 5146 interitum
2572 5093 2624 5147 in
2651 5109 2709 5149 sc
2737 5094 2956 5160 habent,
2979 5094 3239 5149 evitemus
3260 5109 3388 5163 opu.

1815 5181 2052 5246 lentiam,
2084 5197 2151 5236 ne
2180 5183 2232 5235 in
2262 5182 2536 5236 interitum
2565 5199 2897 5239 corruamus.
2929 5183 3117 5253 Ampla
3146 5197 3210 5239 ac
3237 5182 3387 5238 locu-

1813 5273 1929 5342 ples
1959 5271 2184 5326 facultas
2212 5272 2568 5342 perditionem
2596 5273 2792 5330 inferre
2814 5274 3027 5330 dicitur.
3056 5271 3387 5342 Refugienda

1321 5350 1660 5412 STEPHANI
1696 5357 1966 5412 BALUZII
2003 5356 2228 5412 NOTAE.

226 5448 248 5476 '
280 5441 362 5499 Sic
393 5447 602 5516 habent
630 5447 736 5502 duo
785 5447 996 5502 codices
1048 5449 1176 5516 regii
1225 5456 1280 5502 et
1307 5447 1472 5502 editio
1495 5446 1705 5502 Pithtei.

176 5501 364 5588 Prorsus
389 5515 544 5571 bene.
580 5516 746 5572 Antea
787 5501 1061 5585 legebatur
1086 5501 1446 5572 ivLabiorarem
1493 5501 1712 5588 fortasse

177 5586 391 5658 intra-me,
414 5588 661 5640 vincerem
691 5590 957 5658 opiniones
985 5605 1144 5658 meas,
1177 5597 1281 5642 etc.

231 5646 251 5726 ἓ
285 5646 574 5726 lnvetusto
601 5646 779 5711 codice
803 5657 950 5723 regio
969 5657 1047 5711 sic
1075 5646 1329 5726 scriptum
1351 5665 1462 5710 est:
1488 5655 1710 5726 Cumque

180 5724 449 5776 naturaiosa
473 5734 522 5776 et
535 5726 778 5780 elementa
793 5726 989 5780 mundi.
1009 5727 1064 5781 In
1086 5724 1371 5783 recentiori
1388 5741 1514 5781 vero
1534 5745 1544 5778 :
1567 5724 1712 5780 Cum-

424 5816 690 5877 ΙἈτιιοι..
738 5817 896 5877 Llll.

1817 5465 1912 5519 que
1937 5448 2386 5519 altmtentamundi
2414 5459 2464 5503 et
2488 5453 2654 5519 ipsum
2680 5459 2920 5504 naturam
2938 5449 3200 5519 Dominus
3222 5485 3238 5512 ,
3279 5454 3385 5504 etc.

1892 5529 1913 5555 ο
1956 5518 2079 5571 Haec
2107 5518 2285 5572 addita
2313 5515 2438 5574 sunt
2463 5515 2529 5574 ei
2559 5521 2722 5574 veteri
2744 5518 3033 5586 exemplari
3062 5518 3208 5585 regio
3239 5523 3292 5570 et
3321 5531 3386 5569 ex
3479 5515 3488 5525 “

1817 5585 2146 5658 Colbertino.
2180 5585 2402 5642 Exstant
2429 5599 2602 5643 autem
2628 5591 2768 5658 aput
2792 5589 2852 5641 D.
2883 5585 3122 5640 Paulum.

1888 5658 1910 5692 ά
1954 5656 2029 5710 lta
2060 5665 2268 5711 veteres
2297 5658 2414 5712 libri
2445 5668 2497 5712 et
2525 5656 2802 5722 editiones,
2825 5671 2928 5711 uno
2952 5662 3175 5725 excepto
3197 5671 3384 5708 recru-

1817 5728 1952 5782 tiore
1979 5727 2146 5795 regio,
2172 5728 2222 5779 in
2249 5742 2354 5796 quo
2383 5731 2638 5799 scriptum
2668 5738 2748 5783 est
2775 5729 3000 5798 laqueus.

2953 5817 2990 5874 7
