3866 6178
560 331 681 389 ἲοὸ

2460 180 2580 202 ..ω

1542 332 1598 388 8.
1639 331 1950 387 ΞΑΙΝΙΑΝΙ
1988 333 2037 385 Μ
2043 332 2139 385 Αδε

2243 324 2445 385 [ENSIS
2484 326 2907 385 rassnvrsm
3062 286 3070 295 ’
3625 332 3697 392 an

576 453 657 500 est
681 448 854 511 ampla
885 441 1171 514 possessio,
1194 457 1264 497 ne
1307 452 1669 515 consequatur
1705 444 1970 514 profunda
2013 460 2139 514 per—
2167 446 2215 504 A
2243 460 2457 500 manum
2487 453 2567 500 est
2592 446 2733 514 quod
2768 446 2834 499 ab
2880 447 3122 501 omnibus
3150 448 3310 513 vobis,
3337 463 3368 503 ο
3391 449 3551 506 divites
3571 456 3700 509 mundi

514 586 519 593 ι
576 536 726 593 ditio.
756 537 834 591 Ac
858 550 957 605 per
981 535 1105 601 hoc,
1126 535 1457 601 slve.sexus,
1482 536 1597 591 sive
1634 544 1796 602 aetas,
1829 537 1942 591 sive
1986 536 2136 591 infir-

576 626 733 682 mites
770 627 1072 682 necessaria
1109 627 1276 682 victui
1304 628 1599 695 requirant,
1631 627 2018 685 sufficientibus
2046 629 2140 682 tle-

574 715 710 777 bent
730 717 891 788 πθ
912 732 1035 773 esse
1062 725 1348 783 contenta;
1380 719 1451 772 ita
1481 727 1539 773 ut
1575 720 1833 790 quidquid
1871 727 2141 790 tempora-

568 807 713 864 rium
753 808 969 864 excedit
1002 824 1157 864 usum
1181 850 1196 873 ,
1246 809 1555 878 religiosum
1594 810 1840 866 absumat
1882 810 2137 866 officium.

573 898 840 956 Caeterum
885 900 933 955 si
960 907 1057 964 tu,
1084 899 1390 971 quicunque
1436 907 1529 955 aut
1572 914 1900 970 quascunque
1950 902 2039 956 illa
2084 915 2142 956 es

573 998 774 1047 sancta
798 990 1166 1062 professionis,
1197 1000 1290 1046 aut
1310 992 1691 1049 conservandis
1714 992 1906 1063 opibus
1930 1001 2023 1048 aut
2050 1009 2145 1049 cu-

570 1083 838 1141 mulandis
864 1083 1203 1140 facultatibus
1223 1084 1416 1149 inhies,
1446 1082 1714 1153 superﬂue
1737 1083 1805 1139 de
1834 1082 2143 1139 infimitate

575 1175 829 1231 causaris.
862 1173 1109 1243 Nunquid
1138 1175 1279 1229 enim
1301 1173 1561 1230 infirmior
1578 1190 1740 1231 sexus
1760 1174 1956 1231 ducere
1987 1175 2143 1230 aliter

574 1266 738 1322 vitam
766 1283 873 1325 non
900 1276 1098 1338 potest,
1130 1269 1231 1324 nisi
1271 1269 1435 1323 animi
1461 1270 1542 1324 sui
1577 1284 1732 1324 curas
1760 1269 1926 1323 multa
1958 1269 2144 1337 ingen-

572 1362 643 1417 tis
667 1363 973 1432 patrimonii
1001 1363 1461 1419 administratione
1496 1362 1848 1420 distenderit?
1894 1360 2142 1429 Nunquid

574 1454 749 1525 puella
770 1471 920 1511 sacra
949 1464 1041 1511 aut
1068 1455 1228 1512 vidua
1261 1456 1505 1512 castitate
1539 1455 1733 1511 devota
1771 1470 1986 1510 scrvare
2014 1454 2145 1508 illae-

572 1561 687 1602 sam
713 1554 913 1603 sanctae
930 1546 1278 1619 professionis
1307 1546 1759 1618 perseverantiam
1796 1561 1906 1601 non
1935 1545 2137 1611 valent,

574 1637 674 1694 nisi
702 1640 907 1709 argenti
929 1645 984 1695 et
1008 1641 1123 1695 auri
1153 1639 1480 1709 ponderibus
1509 1638 1899 1703 incohaverint,
1933 1653 1996 1693 ac
2025 1644 2145 1691 tan-

568 1737 658 1784 tas
698 1731 839 1786 intra
890 1730 1273 1787 conscientiam
1314 1746 1443 1800 opes
1486 1729 1763 1801 possidere
1804 1745 1863 1784 se
1900 1730 2142 1784 noverint

2245 537 2418 605 hujus,
2447 539 2663 606 petitur,
2703 553 2765 592 ac
2810 536 3136 594 deliciosum.
3168 537 3225 594 Si
3265 540 3508 609 impetrari
3537 544 3590 599 ab
3609 561 3702 601 uno-

2243 644 2455 697 quoque
2502 616 2733 685 vestrum
2764 647 2869 684 non
2915 637 3089 700 potest
3136 640 3191 686 ut
3230 648 3341 688 esse
3375 634 3423 687 in
3450 636 3539 690 hoc
3565 639 3704 693 saecan

2243 735 2445 790 pauper
2482 722 2629 785 velit,
2677 729 2891 790 praestet
2928 722 3025 776 sibi
3061 723 3244 777 saltem
3293 739 3356 779 ne
3398 725 3444 781 in
3483 728 3704 787 aeternitate

2244 814 2528 868 mendicet.
2581 814 2681 881 Qui
2722 823 3038 887 pncsentem
3090 816 3315 885 inopiam
3351 826 3528 873 tantum
3566 818 3704 886 fugitis,

2243 921 2339 961 cur
2367 906 2419 961 in
2448 892 2766 976 perpetuum
2783 922 2890 960 non
2918 905 3306 963 reformidatis?
3324 907 3376 962 In
3407 908 3613 964 brevibus
3627 926 3706 965 mea

2242 996 2452 1051 ticulosi
2476 1038 2489 1062 ,
2523 997 2681 1065 longa
2710 1005 2763 1052 et
2791 997 3201 1053 interminabilia
3234 999 3406 1057 vitate.
3430 998 3557 1075 Quid
3585 1008 3709 1056 tanto-

2242 1104 2373 1159 pere
2403 1089 2453 1143 in
2497 1090 2605 1143 vita
2637 1090 2734 1144 ista
2778 1096 3148 1160 paupertatem
3188 1089 3422 1156 horretis,
3464 1084 3569 1161 quid
3598 1106 3710 1161 expa-

2247 1181 2493 1235 vescitis?
2514 1180 2686 1235 Minus
2713 1180 2881 1237 multo
2920 1188 3003 1234 est
3031 1179 3173 1248 quod
3197 1181 3283 1235 hic
3308 1181 3503 1235 timetis.
3523 1180 3571 1235 Si
3592 1181 3711 1235 tenui-
3811 1172 3819 1178 ”

2244 1279 2409 1326 tatem
2454 1271 2833 1342 temporariam
2880 1285 3094 1339 gravem
3138 1270 3340 1336 ducitis,
3377 1270 3541 1339 qualis,
3568 1286 3709 1339 quaeso.

2245 1362 2348 1417 erit
2372 1362 2461 1417 illa
2476 1377 2609 1431 quae
2629 1377 2901 1431 nunquam
2925 1349 3167 1417 desinet?
3186 1361 3338 1428 Quasi
3362 1363 3506 1416 vestri
3529 1361 3635 1430 apud
3651 1376 3713 1415 vos

2245 1453 2408 1507 animi
2453 1468 2567 1508 rem
2600 1454 2806 1521 agimus
2850 1454 3122 1521 vestrique
3147 1452 3273 1506 voti.
3304 1451 3359 1508 Si
3384 1449 3473 1509 usu
3495 1458 3714 1505 vestrarum

2245 1559 2423 1599 rerum
2445 1544 2659 1614 penitus
2688 1558 2872 1598 carere
2894 1559 3001 1598 non
3025 1543 3201 1605 vultis,
3229 1542 3282 1597 id
3307 1542 3437 1612 agite
3461 1556 3519 1596 ne
3539 1542 3717 1610 aliquan-

2246 1635 2317 1691 do
2342 1635 2589 1690 careatis.
2639 1634 2958 1690 Deliciosam
2986 1650 3017 1691 a
3051 1634 3201 1690 vobis
3225 1649 3334 1689 rem
3367 1642 3419 1691 et
3449 1630 3718 1702 voluptariam

2247 1727 2537 1797 poscimus.
2564 1725 2665 1794 Qui
2688 1727 2805 1781 sine
2834 1726 3035 1782 divitiis
3068 1727 3284 1782 omnino
3312 1741 3423 1783 esse
3448 1740 3538 1779 non
3563 1721 3718 1791 acquie-

566 1830 803 1893 quantas
843 1839 973 1878 usus
1000 1821 1391 1893 possidentium
1432 1837 1541 1875 non
1585 1820 1843 1892 requirit?
1872 1820 1977 1875 Aut
2016 1820 2142 1889 quia
2177 1808 2220 1867 Β
2247 1817 2410 1879 scitis,
2437 1817 2488 1870 id
2513 1818 2654 1885 agite
2673 1824 2733 1871 ut
2757 1817 2948 1873 divites
2979 1832 3192 1888 semper
3224 1832 3339 1872 esse
3365 1815 3569 1888 possitis,
3586 1828 3719 1869 secun-

568 1914 700 1969 huic
729 1921 783 1969 et
800 1914 953 1969 sexui
979 1915 1184 1985 pariter
1210 1922 1266 1969 et
1288 1913 1481 1984 pudori
1508 1912 1661 1984 quies
1688 1913 1921 1967 maxime
1959 1926 2145 1967 neces-

576 2004 716 2058 saria
766 2011 868 2067 est,
919 2004 1157 2075 nunquid
1198 2004 1524 2075 impossibile
1560 2002 1661 2087 sibi
1704 2003 1965 2073 quaepiam
2007 2002 2146 2057 forte

567 2095 803 2149 aestimat
828 2095 969 2150 inter
995 2110 1164 2166 pauca
1193 2094 1563 2150 famulantium
1590 2093 1887 2149 ministeria
1928 2092 2147 2148 inviola-

573 2191 685 2239 tam
713 2185 948 2254 quietem
973 2201 1132 2255 posse
1160 2201 1396 2252 servare,
1446 2186 1547 2242 nisi
1580 2200 1739 2242 aures
1766 2185 1881 2255 ejus
1933 2184 2145 2240 familia:

574 2279 804 2347 ingentis
831 2279 1088 2349 strepitus
1112 2280 1414 2335 verberarit
1441 2286 1497 2335 et
1522 2279 1801 2341 turbarum
1842 2279 2141 2335 circumso-

556 2373 816 2427 nantium
840 2373 1204 2429 tumultuosus
1223 2373 1426 2428 clamor
1454 2372 1764 2429 obtuderit?
1789 2373 1918 2439 Quae
1956 2371 2142 2440 utique

575 2472 773 2521 sanctas
798 2466 986 2520 animas
1006 2473 1061 2520 et
1087 2466 1319 2535 quietem
1348 2479 1530 2519 veram
1553 2463 1879 2520 desideranti
1907 2478 2012 2517 non
2033 2462 2146 2532 pati

566 2562 783 2611 tantum
825 2555 984 2611 nimis
1029 2569 1223 2626 magna
1269 2555 1602 2626 inquietudo,
1654 2554 1749 2610 sed
1778 2554 1939 2610 etiam
1962 2553 2147 2607 videre

575 2645 968 2715 quodammodo
994 2661 1125 2716 pars
1153 2653 1237 2701 est
1278 2644 1682 2715 inquietudinis,
1713 2658 1955 2713 quasque
1982 2643 2144 2698 etiam

573 2735 621 2790 si
640 2735 870 2791 subdere
908 2736 1101 2806 aliquis
1145 2736 1439 2807 disciplina:
1472 2752 1536 2792 ac
1576 2736 1790 2791 silentio
1819 2734 1966 2800 velit,
1999 2748 2146 2791 com-

568 2825 1015 2895 primeredamen
1044 2840 1230 2881 earum
1257 2825 1678 2895 inquietudinem
1704 2840 1822 2885 cum
1843 2839 1939 2888 sua
1962 2824 2146 2893 quiete

568 2930 684 2973 non
710 2916 882 2987 possit
912 2933 925 2971 :
957 2915 1093 2973 adeo
1119 2917 1279 2973 etiam
1310 2926 1336 2956 ι
1365 2918 1480 2987 ipsa
1519 2917 1823 2977 emendatio
1850 2917 2036 2971 alienae
2064 2917 2147 2971 in-

575 3008 902 3078 quietudinis
926 3009 1262 3079 perturbatio
1298 3017 1380 3065 est
1407 3016 1606 3065 nostrae
1632 3009 1846 3077 quietis.
1886 3006 2012 3063 limo
2050 3023 2145 3063 au-

572 3109 685 3156 tem
729 3115 849 3170 quae
875 3100 944 3156 de
970 3101 1076 3157 hoc
1116 3116 1250 3157 sexu
1276 3101 1442 3157 locuti
1469 3116 1670 3166 sumus,
1703 3100 1767 3154 ad
1798 3115 1985 3163 omnes
2024 3115 2149 3170 per-

2246 1910 2371 1965 dum
2400 1909 2526 1963 illud
2552 1900 2651 1965 {Si
2678 1927 2797 1979 ergo
2822 1909 3147 1965 delectamini
3164 1910 3359 1966 sedibus
3376 1906 3718 1968 etsummatim,

2246 2019 2388 2073 reges
2418 2002 2625 2073 populi,
2677 2002 2876 2073 diligite
2921 2005 3232 2075 sapientiam
3262 2045 3276 2068 ,
3325 2011 3380 2055 ut
3421 2003 3469 2056 in
3502 2008 3720 2072 perpoliam

2246 2094 2466 2165 regnetis
2520 2093 2689 2164 (Sap.
2716 2110 2785 2160 vr,
2822 2092 2943 2165 29.).
2975 2094 3137 2167 248
3165 2093 3370 2163 Alioqui
3407 2093 3489 2162 qui
3528 2105 3649 2146 error
3664 2098 3723 2142 aut

2244 2202 2365 2256 quas
2394 2186 2596 2241 insania
2626 2195 2725 2253 est,
2756 2203 3080 2258 quemquam
3104 2187 3374 2243 hominum
3398 2201 3504 2243 esse
3525 2198 3649 2255 posse
3665 2180 3725 2250 qui

2245 2286 2364 2334 acta
2394 2279 2447 2333 in
2475 2279 2664 2348 amplis
2692 2279 2904 2347 opibus,
2926 2277 3071 2348 quod
3089 2278 3264 2333 solum
3279 2275 3460 2332 sufficit
3480 2274 3539 2329 ad
3560 2279 3726 2329 reatum.

2245 2385 2414 2441 usque
2443 2371 2510 2426 ad
2531 2370 2670 2424 diem
2695 2369 2940 2424 ultimum
2968 2370 3095 2436 vita,
3133 2384 3234 2425 nec
3260 2369 3312 2424 in
3334 2381 3558 2438 supremo
3575 2360 3728 2432 quidem

2247 2460 2394 2515 exitu
2417 2460 2563 2529 large
2591 2477 2654 2518 ac
2682 2460 2969 2515 salubriter
3009 2461 3093 2516 sui
3132 2476 3335 2521 memor
3377 2460 3458 2524 sit,
3485 2471 3571 2512 nec
3589 2456 3631 2509 in
3651 2453 3730 2522 ipsa

2241 2552 2352 2622 jam
2380 2552 2448 2609 de
2474 2568 2574 2610 suo
2597 2553 2810 2608 sibimet
2834 2565 2973 2620 aegra
3002 2553 3343 2608 extremitate
3368 2554 3605 2607 succumt
3622 2545 3731 2614 (prae-

2247 2643 2435 2699 sertim
2454 2658 2575 2698 cum
2598 2642 2653 2697 in
2674 2642 2895 2707 divitiis,
2918 2658 3016 2713 per
3041 2658 3099 2699 se
3125 2643 3402 2700 Dominum
3416 2636 3730 2697 accusantibus

2247 2736 2540 2795 secundum
2570 2736 2716 2801 illud,
2757 2736 2849 2792 Via
2870 2736 3011 2792 vobis
3041 2735 3224 2793 divites
3245 2734 3387 2807 (Luc.
3409 2751 3475 2797 vt,
3499 2731 3596 2799 ει),
3618 2728 3736 2784 etiam

2247 2827 2352 2882 alia
2380 2825 2407 2865 δ
2439 2827 2540 2897 ipsi
2563 2826 2713 2881 diviti
2738 2834 3083 2897 peccatorum
3111 2840 3309 2896 genera
3336 2841 3438 2881 non
3466 2822 3628 2883 desint,
3651 2828 3738 2884 quae
3818 2840 3819 2863 ς

2249 2917 2301 2973 in
2330 2918 2446 2989 ipso
2473 2918 2777 2974 divitiarum
2802 2919 2924 2974 sinu
2944 2926 3105 2989 atque
3133 2905 3357 2973 matrice
3378 2914 3518 2986 quasi
3550 2913 3593 2966 in
3621 2915 3738 2963 natu-

2247 3009 2346 3063 rali
2373 3009 2605 3079 quodam
2634 3008 2819 3065 fomite
2846 3007 3200 3081 pullularint),
3229 3015 3284 3065 et
3304 3022 3406 3063 non
3430 3004 3505 3060 vel
3528 3003 3574 3057 in
3590 2996 3738 3055 ultimis

2248 3100 2358 3155 suis
2372 3099 2425 3154 id
2436 3107 2575 3180 agat,
2596 3099 2648 3156 id
2663 3101 2922 3166 elaboret,
2939 3099 2993 3155 id
3013 3101 3163 3155 omni
3174 3104 3349 3155 rerum
3372 3109 3564 3153 suarum
3587 3088 3738 3153 ambitu

570 3193 765 3258 tinent,
797 3191 1048 3262 omnique
1077 3191 1282 3262 pariter
1306 3192 1480 3257 tutati,
1511 3191 1663 3249 sexui
1688 3232 1702 3257 ,
1736 3178 2210 3261 infirmitatique'C
2238 3178 2623 3264 promereatur,
2644 3208 2710 3249 ne
2728 3209 2853 3249 reus
2874 3201 3049 3260 exeat,
3071 3208 3140 3251 ne
3168 3190 3468 3255 reusvadat,
3484 3203 3544 3243 ne
3556 3181 3740 3241 crucian-

574 3285 916 3341 conveniunt.
932 3283 1052 3341 Non
1067 3285 1340 3354 estitaque
1366 3284 1509 3356 quod
1528 3292 1834 3356 competere
1860 3284 2139 3355 quisquam

574 3384 668 3431 aut
707 3393 812 3431 non
861 3377 1051 3432 obesse
1104 3375 1319 3431 divitias
1363 3376 1609 3445 religioni
1656 3381 1811 3446 putet
1860 3393 1872 3428 :
1923 3374 2143 3445 impedi~

571 3471 752 3521 menta
794 3466 908 3522 hzec
947 3472 1091 3533 sunt,
1126 3480 1235 3522 non
1280 3465 1621 3537 adjumenta;
1652 3481 1837 3532 onera,
1873 3480 1979 3521 non
2008 3464 2138 3520 sub-

476 3626 482 3632 .
570 3556 725 3613 sidia.
754 3555 1105 3614 PossesSione
1133 3558 1274 3614 enim
1304 3566 1359 3633 et
1384 3575 1480 3617 usu
1504 3574 1666 3628 opum
1696 3575 1807 3615 non
1841 3557 2143 3614 suil'ulcitur

573 3646 791 3715 religio,
822 3647 1303 3711 sed'suhvertitur.
1357 3647 1646 3703 secundum
1695 3647 1828 3702 illud
1851 3647 1995 3716 quod
2036 3647 2143 3703 Do-

574 3737 750 3793 minus
778 3735 894 3807 ipse
922 3736 1053 3793 dicit
1078 3756 1092 3792 :
1125 3736 1433 3794 Sollicitudo
1463 3735 1641 3792 swculi
1660 3738 1809 3791 istius
1845 3744 1894 3791 et
1927 3738 2142 3808 fallacia

575 3824 866 3881 divitiarum
902 3827 1158 3896 suffecerit
1179 3827 1336 3900 247
1370 3825 1467 3880 Dei
1498 3823 1729 3891 verbum,
1760 3836 1808 3881 et
1836 3827 1946 3881 sine
1972 3829 2143 3899 fructu

572 3916 791 3987 emetitur
830 3914 1060 3991 (Matth.
1098 3902 1213 3980 xm.
1258 3916 1383 3986 22).
1427 3914 1651 3984 Proprie
1680 3916 1862 3985 utique
1908 3931 1972 3971 ac
2010 3918 2142 3973 satis

570 4005 793 4076 pulchre
840 3994 1057 4063 fallaces
1101 4007 1237 4063 dixit
1262 4023 1383 4069 esse
1420 4006 1652 4063 divitias.
1696 4008 1844 4063 Bona
1892 4008 2037 4064 enim
2083 4017 2139 4064 et

569 4104 828 4168 putantur
856 4106 911 4154 et
929 4098 1297 4168 appellantur;
1340 4113 1403 4155 ac
1430 4113 1528 4169 per
1553 4098 1657 4153 hoc
1687 4097 1873 4152 fallunt
1896 4099 2141 4153 homines

568 4189 788 4247 nomine
815 4189 1160 4260 prmsentium
1204 4189 1469 4249 bonorum
1489 4231 1503 4254 ,
1540 4204 1660 4245 cum
1688 4189 1795 4245 sint
1823 4204 1997 4244 causzc
2024 4204 2140 4244 ma-

571 4277 743 4335 lorum
770 4288 1115 4336 teternorum.

639 4366 774 4424 XIV.
796 4370 911 4447 Sed
939 4370 1067 4425 licet
1084 4368 1200 4437 haec
1226 4371 1299 4426 ita
1328 4372 1453 4434 sint,
1486 4378 1545 4425 ut
1565 4370 1703 4426 Deus
1732 4372 1846 4440 ipse
1874 4370 2135 4440 praedixit,

568 4446 967 4530 maiescamus
992 4466 1171 4514 tamen
1210 4460 1440 4515 miseriis
1466 4461 1818 4531 quorumdam
1844 4468 2004 4530 atque
2026 4461 2139 4516 lan-

2240 3282 2365 3340 dum
2387 3291 2571 3353 postea
2583 3296 2797 3352 corpus,
2810 3282 3094 3339 cruciando
3117 3282 3280 3338 etiam
3299 3281 3364 3336 ad
3380 3291 3588 3351 praesens
3608 3271 3740 3327 animiI

2241 3374 2610 3443 derelinquat?
2638 3372 2768 3440 Quis
2798 3370 2926 3442 ergo
2958 3380 3041 3427 est
3060 3380 3155 3427 aut
3181 3381 3289 3427 tam
3310 3369 3520 3427 inﬁdelis
3544 3362 3742 3420 satinsa-

2242 3480 2341 3519 nus
2390 3465 2481 3536 qui
2516 3464 2633 3520 haec
2677 3479 2785 3523 non
2821 3464 3040 3532 cogitet,
3075 3462 3196 3519 haec
3243 3478 3347 3517 non
3385 3460 3569 3520 timeat,
3594 3448 3738 3521 quide

2241 3556 2536 3611 substantia
2562 3570 2660 3610 sua
2680 3554 2798 3609 aliis
2824 3554 2995 3622 magis
3022 3569 3184 3624 quam
3204 3552 3306 3609 sibi
3326 3549 3569 3609 consulat,
3585 3551 3629 3599 et
3645 3554 3744 3597 cuna

2242 3652 2331 3700 cta
2368 3645 2583 3714 penitus
2609 3658 2705 3715 spe
2731 3644 2854 3699 vitae
2881 3641 3058 3712 hujus,
3082 3644 3293 3703 cunctis
3318 3638 3547 3697 subsidiis
3569 3630 3744 3688 destitu-

2241 3741 2348 3800 ῑυεν
2379 3748 2539 3788 unam
2568 3732 2937 3788 tantummodo
2966 3733 3223 3801 tabulam,
3253 3733 3339 3788 cui
3365 3731 3597 3787 iuhterere
3614 3718 3744 3777 adhuc

2240 3824 2401 3895 quasi
2436 3824 2493 3880 in
2522 3821 2701 3880 medio
2735 3824 2874 3880 mari
2920 3822 3208 3892 naufragus
3240 3823 3427 3894 possit,
3448 3818 3646 3877 amittat,
3670 3820 3745 3864 nec

2242 3915 2451 3969 amittat
2493 3914 2878 3981 tantummodo,
2919 3914 3014 3970 sed
3042 3915 3261 3984 abjiciat
3283 3922 3438 3983 atque
3463 3926 3492 3966 a
3514 3901 3743 3977 sepenitns

2240 4006 2493 4077 expellat,
2519 4006 2766 4061 omnibus
2800 4006 2973 4061 modis
3018 4006 3072 4060 id
3098 4006 3382 4062 elaborans
3423 4018 3487 4058 ne
3532 3996 3639 4069 quid
3668 3988 3741 4047 sibi

2240 4096 2457 4151 omnino
2485 4095 2747 4166 reliquum
2774 4110 2892 4152 esse
2912 4094 3073 4150 faciat
3097 4111 3207 4165 quo
3234 4096 3493 4166 periturus
3510 4082 3693 4146 evadat?

2308 4183 2423 4239 XV.
2457 4185 2586 4252 Quae
2612 4200 2734 4241 cum
2774 4185 2847 4240 ita
2884 4184 3009 4250 sint,
3032 4184 3195 4240 dicite
3213 4184 3364 4248 mihi,
3394 4180 3575 4252 quasso,
3601 4181 3744 4231 omnes

2241 4271 2509 4331 Christum
2536 4283 2806 4333 amantes.
2839 4275 2884 4331 si
2913 4290 3030 4330 esse
3058 4275 3153 4330 ulli
3179 4276 3398 4330 omnino
3424 4270 3643 4328 homines
3661 4269 3742 4315 tam

2241 4363 2366 4420 saevi
2393 4379 2457 4419 ac
2480 4373 2589 4423 tam
2607 4363 2849 4420 crudeles
2869 4364 3151 4421 adversum
3172 4365 3416 4421 inimicos
3442 4375 3557 4418 suos
3572 4356 3744 4428 ροεεωῑ

2240 4470 2398 4524 quam
2440 4463 2564 4515 sunt
2589 4456 2676 4511 isti
2712 4456 2992 4512 adversum
3034 4471 3093 4511 se
3124 4474 3136 4509 :
3171 4453 3303 4515 nulli
3328 4455 3519 4526 quippe
3538 4454 3645 4506 sunt
3664 4451 3744 4496 tam

568 4548 837 4618 guoribus,
867 4549 958 4619 qui
986 4555 1176 4619 putant
1201 4565 1260 4605 se
1286 4550 1403 4605 sine
1448 4550 1652 4619 magnis
1688 4551 1906 4607 omnino
1950 4551 2138 4621 opibus
2169 4546 2217 4606 D
2240 4546 2366 4613 feri,
2395 4554 2505 4601 tam
2526 4547 2800 4602 inhumani
2823 4585 2839 4610 ,
2866 4548 2958 4617 qui
3000 4562 3107 4602 non
3140 4547 3226 4602 vel
3252 4547 3555 4617 desperatos
3571 4539 3667 4608 iam
3686 4537 3746 4585 ³⁸⁸

569 4640 728 4695 vitam
749 4654 907 4710 agere
928 4656 1037 4696 non
1055 4654 1233 4711 posse.
1263 4640 1394 4696 Esto
1421 4647 1499 4706 tu,
1528 4641 1831 4711 quicunque
1878 4648 1970 4697 aut
1994 4656 2138 4710 quae-

570 4744 776 4800 cunque
803 4730 892 4785 illa
940 4746 999 4787 es
1040 4732 1212 4787 sancti
1240 4730 1472 4787 nominis
1499 4746 1563 4786 ac
1609 4729 1987 4801 professionis;
2019 4740 2136 4789 esto

569 4819 795 4887 divitias,
826 4830 942 4878 esto
963 4824 1145 4894 copias
1172 4831 1292 4880 tuas
1331 4837 1501 4893 usque
1545 4822 1613 4878 ad
1651 4823 1810 4878 finem
1835 4824 1958 4880 vitae
1985 4825 2137 4882 istius

570 4911 786 4979 habeas,
817 4913 1105 4970 dummodo
1130 4915 1319 4971 saltem
1348 4914 1403 4969 in
1433 4912 1538 4970 fine
1564 4913 1661 4970 tibi
1687 4913 1949 4972 conferas.
1982 4914 2131 4983 Esto,

568 5004 728 5061 rebus
754 5019 816 5061 ac
844 5001 1183 5061 facultatibus
1216 5008 1318 5063 tuis
1344 5007 1398 5062 in
1419 5007 1532 5062 vita
1557 5006 1658 5071 hac
1681 5006 1759 5061 uti
1792 5006 1944 5070 velis,
1978 5006 2132 5063 dum-

570 5093 727 5151 modo
754 5095 830 5150 tui
853 5094 941 5150 vel
964 5095 1197 5151 moriens
1221 5114 1326 5152 non
1353 5098 1699 5165 obliviscaris,
1719 5105 1774 5153 et
1801 5098 1867 5154 ad
1888 5098 2004 5167 ejus
2022 5098 2136 5154 cul-

568 5191 680 5239 tum
702 5189 862 5258 atque
879 5183 1139 5239 honorem
1164 5185 1496 5243 referendam
1512 5188 1607 5243 tibi
1629 5188 1975 5243 substantiam
1992 5195 2137 5241 tuam

567 5276 872 5331 memineris
900 5274 1050 5343 cujus
1077 5284 1128 5330 te
1154 5291 1373 5331 munere
1403 5278 1671 5348 accepisse
1699 5278 1995 5346 cognoscis.
2031 5275 2140 5330 llu-

2240 4651 2345 4706 que
2372 4637 2663 4693 morientes
2700 4623 3034 4693 adversarios
3071 4653 3198 4693 suos
3235 4635 3479 4706 persequi
3520 4629 3745 4687 desinant

2240 4731 2326 4786 isti
2354 4731 2558 4801 seipsos
2579 4730 2738 4785 etiam
2774 4730 2830 4785 in
2856 4737 3029 4785 morte
3051 4729 3213 4799 positi
3256 4731 3640 4800 persequuntur.
3666 4715 3751 4768 An-

2240 4837 2347 4877 non
2375 4829 2457 4878 est
2507 4821 2613 4877 hoc
2636 4821 2938 4891 persecutio
2962 4858 2976 4884 ,
3007 4827 3100 4874 aut
3125 4835 3242 4876 esse
3270 4819 3373 4875 alia
3400 4816 3560 4886 major
3591 4810 3747 4880 potest.

2239 4910 2567 4969 exhreredari
2595 4911 2864 4967 hominem
2893 4924 2924 4964 a
2944 4924 3001 4965 se
3024 4909 3168 4979 ipso,
3193 4920 3214 4949 ε
3243 4916 3508 4966 extorrem
3535 4905 3751 4959 bonorum

2240 5002 2477 5059 omnium
2506 5001 2638 5068 ﬁeri,
2670 5010 2731 5057 et
2751 5001 2903 5071 quasi
2932 5001 2986 5055 in
3014 5001 3263 5059 exsilium
3290 5017 3325 5057 a
3344 5015 3405 5057 se
3430 4999 3542 5068 ipso
3564 4989 3668 5061 agi?
3685 4992 3746 5039 at-

2239 5109 2344 5164 que
2368 5094 2474 5149 hoc
2512 5108 2621 5147 non
2647 5092 2915 5149 communi
2941 5107 3091 5149 more
3112 5101 3205 5147 aut
3224 5093 3439 5155 usitato,
3465 5085 3555 5143 sed
3579 5092 3697 5137 nove
3713 5079 3755 5126 et

2241 5184 2626 5241 crudelissimo.
2659 5184 2819 5257 21.9
2845 5181 2869 5221 ἀ
2894 5182 3089 5240 Omnes
3115 5184 3258 5241 enim
3297 5181 3522 5243 exsules,
3550 5172 3639 5230 αεὶ
3660 5178 3757 5262 απτ

2240 5276 2460 5346 poribus
2500 5274 2840 5343 ablegantur,
2893 5274 3085 5330 animis
3128 5290 3236 5329 non
3274 5272 3637 5327 eliminantur;
3676 5261 3758 5311 θίεί

1759 5366 2093 5424 STEPHANI
2130 5365 2397 5422 BALUle
2432 5365 2653 5422 NOTAE.

645 5469 673 5500 ι
707 5462 869 5514 Antea
899 5458 1193 5527 legebatur,
1211 5459 1376 5524 ipsum
1408 5463 1779 5515 commercium.
1803 5459 1909 5515 Sed
1934 5461 2035 5515 ista
2056 5458 2135 5523 le-

568 5531 694 5595 ctio,
711 5545 868 5596 quam
899 5537 955 5584 et
981 5528 1144 5585 editio
1174 5526 1366 5581 Pitbtei
1394 5537 1448 5583 et
1475 5530 1603 5597 regii
1621 5530 1833 5585 codices
1853 5530 2128 5593 exhibent,

508 5626 517 5633 -
570 5599 1079 5669 nuncgdemumvisa
1112 5606 1193 5654 est
1214 5598 1405 5669 melior
1431 5607 1648 5669 prOpter
1673 5600 2045 5669 praecedentia.

624 5667 664 5739 ’ζ’
700 5666 924 5739 Yetcres
951 5667 1091 5739 libri,
1112 5666 1483 5739 ipsiquomino.

640 5729 663 5758 °
710 5736 764 5791 In
806 5729 1091 5793 recentiori
1134 5729 1322 5793 codice
1371 5737 1517 5808 regio
1552 5738 1805 5807 scriptum
1847 5748 1926 5791 est
1957 5753 2132 5791 exsor-

1680 6002 1707 6009 ι.

2236 5466 2354 5512 tem.

2303 5509 2352 5564 id“
2368 5526 2493 5581 llzec
2519 5542 2636 5595 quae
2661 5534 2956 5595 sequuntur
2977 5567 2990 5589 ,
3044 5540 3212 5593 usque
3262 5523 3327 5578 ad
3342 5532 3560 5595 facem
3583 5509 3765 5595 sciﬁtf'";

2231 5575 2501 5672 deum};
2524 5575 3306 5672 timuissemtensisa1
3333 5575 3763 5672 Colbertinojhpljj

2232 5665 2309 5719 sic
2334 5666 2562 5789 llegitnr:
2598 5644 2703 5717 Sed
2738 5682 2864 5719 noro
2904 5674 2951 5719 et
2989 5644 3369 5727 crudelissimo,
3413 5648 3598 5714 scilicet
3630 5644 3703 5702 ubi
3727 5655 3767 5693 ιιι

2233 5738 2341 5789 arsi
2367 5738 2489 5789 ium.
2519 5743 2622 5789 etc.

2233 5750 2489 5792 exsilium.
2519 5750 2622 5789 ρῑρ.
