3936 6176
184 323 263 380 105
1211 322 1572 381 ADVERSUS
1612 324 1989 384 AVARITIAM
2032 326 2154 385 LIB.
2197 329 2281 385 ill.

3285 340 3387 393 ‘leb'

180 449 307 492 came
340 436 529 506 captivi
567 444 723 501 sunt,
756 436 1007 492 cordibus
1029 444 1227 503 tamen,
1254 439 1298 492 si
1319 438 1525 507 volunt,
1551 440 1707 495 liberi
1734 447 1784 504 Α
1811 444 1989 499 timere
2017 447 2103 517 qui
2123 456 2337 517 possunt
2364 450 2823 519 corpusocridere,
2850 454 3073 507 animum
3097 462 3263 510 autcm
3287 473 3387 511 non

181 534 487 598 perseverant.
510 525 623 582 Hoc
649 535 829 583 autem
858 527 997 582 unde
1022 543 1165 584 nunc
1190 528 1476 598 loquimur,
1506 545 1703 585 novum

345 631 501 686 genus
539 626 704 686 atque
739 624 1063 673 tormentum
1103 625 1186 673 est
1207 657 1224 683 ,
1262 619 1468 674 scilicet
1514 621 1603 676 ubi
1651 621 1703 675 in

181 707 377 763 exsilium
423 707 598 762 anima
623 708 734 778 ipsa
779 709 1027 773 mittitur,
1056 709 1146 765 ubi
1173 724 1205 765 e
1232 708 1574 765 facultatibus
1595 711 1706 766 suis

179 799 351 870 spiritus
391 798 686 855 abdicatur.
712 797 757 853 Ο
803 808 1007 869 quanto
1038 801 1271 856 leviores
1313 809 1443 855 sunt
1464 800 1707 855 extranei

180 900 221 945 et
239 890 450 945 carnales
476 890 712 945 inimici!
736 889 818 945 llli
846 892 988 946 enim
1009 902 1301 968 corporum
1327 899 1536 945 tantum
1558 899 1584 929 ι
1606 892 1705 948 ho-

176 988 260 1036 stes
280 988 405 1044 sunt,
432 996 530 1035 vos
551 987 607 1035 et
632 981 949 1036 animarum.
983 980 1126 1036 Leve
1153 988 1236 1036 est
1258 981 1457 1050 itaque,
1481 982 1536 1036 in
1565 996 1704 1037 com-

178 1071 403 1139 paratione
426 1070 725 1125 facinorum
752 1078 1073 1135 vestrorum,
1124 1070 1336 1125 illorum
1376 1070 1577 1125 odium.
1603 1069 1704 1125 Fa-

174 1162 336 1219 dicest
354 1162 491 1216 enim
517 1162 777 1232 quidquid
796 1162 850 1217 in
880 1161 1127 1231 praesenti
1148 1161 1344 1217 saeculo
1366 1169 1547 1217 nocet.
1569 1161 1703 1215 illud

174 1268 316 1322 grave,
342 1254 464 1309 illud
491 1255 856 1324 perniciosum
885 1260 968 1309 est
994 1251 1140 1321 quod
1185 1253 1242 1307 in
1281 1252 1583 1307 aeternitate
1619 1250 1705 1320 ju-

170 1346 348 1418 gulabit.
386 1346 451 1403 Et
487 1349 610 1404 ideo
662 1346 911 1404 Salvator
938 1348 1085 1418 ipse,
1117 1344 1299 1402 Nolite
1342 1363 1432 1403 eos
1455 1388 1471 1413 ,
1510 1347 1701 1416 inquit,

1807 545 2020 603 possunt
2047 534 2261 606 (Matth.
2311 554 2365 603 ι,
2396 535 2518 608 28).
2551 539 2726 595 Facile
2766 548 2850 596 est
2877 556 3004 611 ergo
3033 543 3214 599 odium
3244 548 3388 615 quod

1808 637 2004 693 corpus
2032 624 2192 692 ltedit,
2224 642 2332 681 non
2362 627 2504 682 lzedit
2530 630 2763 683 animam
2795 647 2809 683 :
2839 631 2961 700 quia
2982 632 3113 688 121350
3141 648 3387 705 corpore,

1810 716 1987 769 anima
2024 724 2178 771 extra
2229 718 2484 774 damnum
2529 729 2630 786 est,
2679 729 2734 775 et
2785 723 3121 791 passionibus
3149 728 3390 782 carnium

1810 802 2086 861 beatitudo
2127 807 2410 876 spirituum
2460 826 2567 865 non
2615 812 2987 883 interpolatur.
3020 814 3156 872 Illud
3184 819 3386 887 itaque.

1809 896 1937 951 illud
1961 897 2285 968 inexpiabile
2336 902 2535 957 malum
2583 912 2693 970 est,
2739 904 2869 960 illud
2894 907 3145 963 aestimari
3173 912 3392 967 omnino

1811 1000 1919 1041 non
1950 995 2149 1057 potest,
2192 990 2337 1059 quod
2386 999 2555 1047 totum
2586 995 2806 1051 omnino
2834 994 3110 1053 hominem
3145 999 3261 1054 sine
3292 998 3395 1054 line

1810 1077 2107 1134 damnabit.
2155 1079 2223 1135 Et
2261 1082 2385 1138 ideo
2410 1084 2641 1141 leviores
2667 1088 2822 1144 vobis
2850 1090 3051 1145 inimici
3080 1091 3243 1159 vestri
3270 1102 3392 1148 sunt

1810 1182 1972 1238 quam
2002 1185 2100 1225 vos
2124 1170 2244 1241 ipsi.
2269 1171 2457 1229 Omnis
2479 1176 2743 1246 siquidem
2773 1180 3051 1236 inimicitia
3077 1191 3251 1237 morte
3286 1183 3393 1237 dis-

1811 1259 2055 1315 solvitur.
2076 1262 2183 1319 Vos
2198 1273 2387 1320 contra
2403 1282 2499 1322 vos
2515 1270 2587 1323 ita
2604 1270 2777 1339 agitis,
2792 1278 2850 1327 ut
2863 1273 3169 1329 inimicitias
3188 1284 3391 1331 vestras

1817 1367 1916 1408 nec
1942 1363 2066 1424 post
2086 1365 2316 1412 mortem
2336 1360 2597 1416 evadatis.

1281 1458 1616 1515 STEPHANI
1652 1458 1785 1513 BAL
1794 1458 1920 1518 U711
1956 1462 2183 1520 NOTAE.

222 1565 243 1594 ³
273 1556 422 1619 Alias,
452 1556 627 1612 secuti
653 1557 1029 1611 auctoritatem
1071 1554 1385 1619 editionum,
1417 1552 1707 1622 scripsera-

167 1642 265 1697 mus
299 1641 315 1682 :
350 1624 437 1683 illi
476 1629 616 1682 enim
654 1643 929 1697 corporum
971 1632 1170 1679 tantum
1227 1625 1401 1697 hostes
1444 1630 1709 1697 suut_,_uos

167 1696 401 1765 spirituum
415 1715 433 1764 ,'
463 1697 543 1751 illi
566 1691 765 1751 tantum
788 1705 1013 1760 artuum,
1034 1713 1123 1749 vos
1149 1704 1199 1749 et
1218 1696 1532 1771 animarum.
1556 1691 1712 1771 Nune

162 1762 293 1831 vero,
330 1762 619 1837 sequentes
648 1781 971 1823 consensum
1000 1774 1243 1821 veterum
1282 1762 1529 1819 codicum
1553 1802 1568 1826 ,
1614 1762 1707 1832 qui

1816 1571 1976 1613 voces
2004 1558 2123 1613 illas
2151 1576 2239 1615 vos
2281 1559 2573 1637 spirituum,
2618 1563 2697 1617 illi
2736 1570 2935 1637 tantum
2964 1575 3169 1637 artuum
3196 1582 3393 1637 expury

1811 1636 1965 1707 gunt,
1995 1644 2095 1684 nos
2121 1643 2339 1699 quoque
2357 1631 2899 1707 illasexpunximus,
2924 1635 3071 1707 quod
3099 1631 3288 1706 aperte
3317 1631 3395 1691 vlo

1811 1696 2040 1752 deantur
2069 1696 2178 1754 non
2206 1696 2327 1756 esse
2354 1696 2612 1757 Salviani'.

1104 1938 1586 2053 LIBER
1676 1940 1997 2050 TER
2021 1940 2433 2056 TIU'S.

210 2108 356 2181 350
376 2108 417 2163 Ι.
460 2108 684 2164 Duobus
728 2107 1095 2179 superioribus
1141 2106 1290 2162 libris
1339 2121 1461 2162 cum
1504 2105 1711 2161 duabus
1741 2106 1788 2166 Β
1812 2105 1898 2161 nis
1916 2120 2027 2162 suae
2046 2107 2245 2166 ideirco
2272 2111 2629 2182 locupletibus
2647 2113 2859 2171 divitias
2879 2131 2910 2171 a
2938 2114 3166 2173 Domino
3186 2118 3301 2173 dari
3322 2117 3404 2175 in-

159 2200 351 2256 llliorum
370 2208 591 2257 tuorum
610 2200 875 2272 partibus,
891 2199 945 2255 id
965 2208 1069 2266 est,
1092 2214 1201 2254 una
1222 2197 1413 2253 mundi
1430 2200 1707 2264 amatrice,

160 2292 235 2346 alia
272 2292 547 2363 religionis
592 2292 879 2361 imaginem
923 2289 1268 2363 praeferente,
1307 2304 1342 2343 ο
1384 2287 1601 2343 domina
1636 2288 1712 2343 mi

157 2378 356 2441 Ecclesia
386 2385 517 2449 Dei,
552 2384 709 2454 quasi
745 2371 1037 2455 separatim
1076 2383 1245 2439 locuti
1278 2396 1481 2439 sumus.
1511 2380 1571 2436 In
1606 2381 1712 2437 hoc

155 2480 318 2543 autem,
348 2477 397 2532 si
428 2475 580 2532 Deus
610 2475 878 2541 annuerit,
912 2473 979 2529 ad
999 2481 1306 2542 utramque,
1346 2479 1511 2543 prout
1549 2487 1712 2526 causa

150 2579 199 2620 ac
227 2568 355 2622 ratio
392 2566 810 2638 postulaverint,
842 2564 988 2634 loqui
1024 2564 1288 2634 cupimus,
1319 2578 1463 2618 nunc
1500 2560 1711 2617 divisim

149 2655 454 2725 alterutram,
480 2672 630 2713 nunc
649 2657 836 2711 ambas
853 2656 1058 2726 pariter
1077 2655 1430 2723 alloquentes.
1456 2653 1713 2723 Superest

143 2758 189 2803 ut
222 2751 283 2805 ab
318 2758 559 2822 utraque
596 2764 782 2806 earum
824 2755 1150 2818 agnoscente
1187 2747 1242 2801 in
1285 2746 1532 2802 lectionis
1572 2746 1713 2801 serie

143 2848 296 2907 partes
321 2857 467 2908 suas,
499 2839 767 2911 quidquid
793 2840 893 2911 pro
917 2838 1111 2894 affectu
1136 2837 1230 2893 Dei
1258 2853 1289 2892 a
1318 2836 1471 2893 nobis
1494 2836 1708 2900 dicitur,

139 2947 240 2987 cum
260 2933 453 2991 aﬂ'ectu
474 2934 584 2989 Dei
610 2934 917 3004 recipiatur.
948 2931 1115 3001 Igitur
1131 2931 1257 3002 quia
1288 2931 1342 2985 in
1364 2930 1573 2986 cunctis
1592 2944 1711 3001 quae

140 3022 225 3091 iam
261 3024 429 3081 locuti
469 3041 686 3091 sumus,
726 3025 960 3095 speciale
1000 3023 1426 3078 Christianorum
1472 3021 1709 3076 omnium

119 3113 307 3170 ‘bonmn
335 3116 780 3172 misericordiam
813 3128 877 3171 ac
907 3114 1209 3187 largitatem
1237 3128 1358 3169 esse
1384 3112 1712 3168 memeravi-

136 3218 249 3272 tam,
274 3210 669 3280 pmcipnaque
697 3208 752 3263 in
779 3207 859 3263 eis
880 3214 935 3262 et
959 3206 1148 3261 merita
1177 3213 1484 3261 sanctorum
1508 3211 1564 3258 et
1584 3216 1710 3272 pce-

134 3305 349 3355 catorum
379 3300 638 3357 remedia
660 3299 927 3355 contineri
949 3299 1173 3365 idoneis,
1197 3305 1256 3352 ut
1278 3312 1421 3363 reor,
1446 3310 1509 3351 ae
1532 3295 1714 3351 multis

136 3391 333 3447 testibus
361 3388 817 3463 approbatimus,
849 3405 956 3445 non
987 3390 1180 3460 opinor
1207 3403 1239 3443 a
1259 3396 1531 3459 quoquam
1556 3387 1709 3457 plura

1811 2195 1973 2262 dicat,
2004 2205 2064 2251 ut
2083 2197 2225 2254 bono
2255 2215 2418 2270 opere
2437 2201 2702 2258 ditescant
2724 2202 2774 2276 (l
2806 2202 2937 2259 Tim.
2967 2222 3039 2271 vr,
3065 2204 3151 2273 18,
3184 2206 3300 2276 l9).
3332 2205 3398 2268 Et

1812 2287 1935 2342 ideo
1962 2290 2125 2344 etiam
2152 2304 2253 2359 ego
2281 2292 2532 2349 minimus
2559 2302 2614 2349 et
2654 2295 3053 2365 indignissimus
3079 2292 3399 2357 famulorum

1812 2376 1908 2433 Dei
1936 2381 2164 2450 primum
2185 2395 2251 2437 ac
2277 2382 2688 2440 saluberrimum
2717 2386 2991 2456 religionis
3019 2386 3253 2445 cilicium
3282 2405 3403 2446 esse

1812 2467 1933 2524 dico
1954 2476 2014 2525 ut
2039 2467 2373 2528 Christianus
2383 2474 2550 2537 dives,
2574 2474 2699 2530 dum
2728 2476 2780 2530 in
2804 2476 2906 2532 hac
2924 2478 3036 2532 vita
3061 2485 3164 2545 est,
3189 2479 3401 2537 divitias

1812 2558 1996 2616 mundi
2022 2560 2183 2632 hujus
2207 2578 2308 2634 pro
2336 2564 2434 2620 Dei
2454 2566 2671 2621 nomine
2686 2573 2848 2636 atque
2874 2566 3082 2623 honore
3101 2577 3396 2636 consumat;

1812 2651 2103 2706 secundum
2142 2661 2342 2721 autem,
2372 2661 2434 2709 ut
2471 2655 2516 2710 si
2539 2654 2591 2711 id
2618 2655 2705 2711 vel
2733 2664 2903 2723 metu,
2941 2657 3027 2712 vel
3065 2658 3395 2725 inﬁrmitate,

1811 2741 1898 2796 vel
1926 2744 2247 2832 necessitate
2284 2744 2462 2816 aliqua
2500 2746 2826 2817 prmpeditus
3037 2763 3146 2804 non
3192 2748 3396 2818 fecerit,

1812 2834 2003 2891 saltem
2030 2837 2269 2893 moriens
2286 2837 2536 2894 universa
2557 2838 2849 2910 dispenset.

1882 2925 1947 2981 ll.
1987 2926 2096 2983 Sed
2120 2927 2249 2983 dicit
2276 2927 2504 2984 fortasse
2536 2948 2548 2983 :
2578 2929 2745 2987 Filios
2789 2931 2983 2988 habeo.
3024 2931 3144 2989 Jam
3193 2933 3261 2991 de
3293 2934 3397 2992 hoc
3483 2991 3497 2998 ,

1811 3016 2025 3087 quidem
2053 3018 2363 3091 principalis
2401 3019 2567 3077 libelli
2593 3020 2785 3092 pagina
2824 3030 2878 3078 et
2901 3024 3306 3091 convenientia,
3339 3034 3398 3080 ut

1813 3108 2065 3174 arbitror,
2088 3116 2146 3165 et
2174 3125 2280 3165 non
2303 3124 2476 3181 pauca
2515 3112 2863 3180 memoravit,
2894 3114 3131 3185 satisque
3171 3114 3238 3169 ad
3258 3117 3397 3171 hanc

1814 3212 1926 3254 rem
1973 3199 2185 3255 Domini
2213 3215 2393 3257 sermo
2420 3200 2615 3259 sufﬁcit
2660 3203 2843 3260 dicens
2876 3223 2887 3255 :
2923 3203 3023 3270 Qui
3063 3211 3203 3260 autat
3229 3207 3396 3279 ﬁlium

1814 3300 1905 3344 aut
1939 3290 2106 3361 ﬁliam
2152 3308 2308 3363 super
2331 3308 2431 3358 me,
2471 3308 2575 3349 non
2618 3304 2696 3349 est
2727 3308 2810 3349 me
2849 3294 3033 3368 dignus
3069 3295 3290 3367 (Matth.
3338 3315 3391 3363 x,

1815 3374 1928 3447 57).
1961 3378 2068 3435 Sed
2096 3389 2151 3435 et
2171 3380 2545 3452 propheticum
2574 3383 2703 3438 illud
2735 3383 2879 3453 quod
2908 3385 2986 3439 ait
3014 3396 3187 3455 neque
3213 3395 3396 3457 patres

134 3482 439 3550 exspectari;
464 3482 717 3537 maxime
743 3495 865 3536 cum
893 3480 940 3535 si
963 3480 1083 3549 quis
1109 3478 1333 3549 cupidus
1358 3483 1440 3533 est
1458 3477 1708 3547 plurium,
1738 3465 1782 3526 C
1815 3486 1914 3540 pro
1942 3469 2083 3535 ﬁliis,
2113 3485 2290 3541 neque
2326 3469 2465 3528 ﬁlios
2486 3488 2585 3544 pro
2606 3475 2915 3544 parentibus
2937 3476 3273 3545 iudicandos,
3299 3483 3397 3536 sed

135 3566 258 3635 ipsos
284 3571 441 3627 adire
469 3571 686 3627 debeat
713 3570 879 3625 libros
898 3569 1013 3635 Dei,
1049 3568 1141 3637 qui
1171 3576 1280 3622 tam
1308 3566 1491 3622 multis
1518 3576 1581 3621 ac
1601 3580 1714 3619 ma-

129 3659 228 3723 litis
268 3662 507 3719 testibus
551 3661 705 3731 pleni
741 3666 885 3725 sunt,
926 3665 985 3713 ut
1014 3658 1383 3713 universarum
1412 3656 1713 3711 caelestium

129 3746 408 3810 litteram
435 3764 600 3825 pene
627 3764 795 3807 unum
821 3750 893 3805 sit
920 3748 1302 3805 testimonium.
1337 3747 1593 3817 Superest
1620 3746 1715 3800 ait

128 3852 315 3901 Versum
344 3858 446 3900 eas
484 3842 913 3914 responsionum
949 3839 1241 3895 inﬁdelium
1275 3852 1483 3904 causas,
1525 3850 1643 3908 qum
1683 3853 1712 3891 a

125 3933 430 3999 Quibusdam
458 3932 773 3991 mortifera:
812 3931 1178 3987 excusationis
1200 3930 1371 4000 gratia
1400 3930 1601 4000 opponi
1627 3938 1716 3984 so-

126 4020 237 4090 leat,
269 4028 573 4099 quippiam
597 4025 794 4082 dicere.
832 4024 1083 4095 Loquens
1111 4022 1363 4078 Salvator
1388 4023 1443 4077 in
1468 4022 1715 4089 Evange-

126 4114 202 4179 lia,
229 4127 537 4190 propterea
561 4116 899 4173 commodari
930 4115 1240 4171 hominibus
1267 4124 1400 4184 opes
1427 4128 1457 4166 a
1489 4110 1715 4167 Domino

126 4217 177 4259 κ
193 4210 487 4278 psaltriam
519 4207 684 4272 dicit,
705 4214 766 4261 ut
797 4219 921 4261 cum
954 4205 1129 4260 usuris
1158 4203 1540 4273 multiplicibus
1563 4217 1716 4256 com-

123 4300 318 4357 modata
346 4301 690 4365 reddantur,
713 4298 898 4354 dicens
925 4298 1239 4352 avarissimo
1266 4295 1499 4351 debitori
1524 4312 1535 4347 :
1562 4292 1719 4349 Serve

124 4390 320 4448 ualeas
345 4395 531 4466 piger,
558 4389 769 4446 sciebas
798 4388 935 4461 quod
962 4404 1056 4460 ego
1085 4396 1221 4441 meto
1247 4385 1334 4440 ubi
1362 4401 1470 4439 non
1500 4386 1718 4449 senum,

122 4492 160 4532 et
178 4500 435 4557 congrege
460 4485 563 4539 ubi
592 4499 698 4536 non
735 4481 905 4551 sparsi
928 4495 945 4533 :
968 4479 1192 4550 oportuit
1220 4492 1340 4548 ergo
1377 4485 1423 4530 te
1450 4475 1720 4546 pecuniam

122 4587 266 4629 nteant
301 4578 439 4631 dare
490 4574 890 4638 nummulariis,
932 4580 980 4625 et
1018 4588 1112 4642 ego
1149 4570 1354 4624 ueniens
1401 4585 1512 4623 cum
1552 4567 1720 4621 usuris

117 4672 409 4738 recepissem
442 4668 602 4741 quod
626 4682 794 4721 meum
822 4673 917 4718 est.
948 4664 1134 4717 Tollite
1165 4664 1339 4733 itaque
1366 4660 1430 4713 ab
1463 4678 1522 4714 eo
1551 4660 1719 4713 talen-

119 4763 226 4821 tm,
255 4769 306 4813 et
336 4762 472 4814 date
502 4760 559 4813 ei
596 4759 684 4830 qui
716 4757 868 4810 habet
900 4755 1071 4809 decem
1111 4754 1304 4808 talenta
1341 4749 1554 4824 (Matth.
1590 4767 1714 4817 xxv,

1815 3574 2250 3632 unumquemque
2268 3563 2544 3619 hominum
2566 3571 2660 3620 aut
2676 3579 2773 3620 sua
2787 3563 3169 3635 justiﬁcatione
3187 3571 3398 3625 salvan-

1814 3652 1941 3706 dum
1970 3661 2057 3707 aut
2087 3669 2184 3709 sua
2214 3654 2497 3724 iniquitate
2521 3653 2813 3726 periturum
2843 3652 3056 3729 (Ezech.
3083 3675 3229 3728 xvru,
3247 3658 3353 3733 20)
3379 3680 3393 3714 :

1816 3759 1879 3799 ac
1899 3759 1995 3814 per
2018 3744 2122 3801 hoc
2150 3745 2415 3815 quaslibet
2429 3746 2640 3803 divitias
2658 3747 2823 3803 homo
2850 3740 2972 3805 ﬁliis
2991 3751 3102 3807 suis
3120 3763 3394 3821 congerat,

1817 3848 2155 3905 nequaquam
2184 3837 2288 3893 hoc
2315 3838 2366 3893 ei
2402 3832 2640 3909 proderit
2680 3839 2737 3893 in
2758 3838 2965 3909 judicio
2999 3842 3143 3912 quod
3180 3843 3399 3901 divitem

1817 3927 2033 3995 reliquit
2055 3928 2341 3983 hmredem.
2365 3928 2471 3984 Sed
2498 3938 2637 3998 esto,
2666 3929 2867 4000 ignosci
2898 3930 3207 4004 parentibus
3232 3938 3402 4007 possit

1816 4019 1860 4073 si
1884 4033 1949 4073 ex
1969 4025 2122 4089 parte
2143 4019 2320 4090 aliqua
2348 4021 2716 4078 htereditarias
2730 4023 3010 4083 facultates
3032 4022 3152 4083 ﬁliis
3168 4026 3400 4084 derelin-

1816 4111 2065 4180 quant,si
2094 4117 2275 4165 tamen
2307 4109 2534 4181 idipsum
2562 4113 2738 4178 bonis,
2756 4116 2802 4170 si
2823 4122 3002 4171 tamen
3030 4120 3247 4173 sanctis.
3274 4118 3401 4173 Esto

1818 4217 2053 4271 quoque,
2084 4203 2289 4271 ignosci
2317 4194 2486 4272 possit
2513 4204 2555 4259 si
2584 4205 2746 4259 etiam
2775 4207 2930 4262 malis
2961 4209 3215 4277 quiddam
3243 4217 3403 4279 atque

1820 4293 2045 4348 vitiosis.
2075 4292 2288 4349 Habere
2316 4295 2548 4365 aliquam
2578 4299 2937 4355 excusationis
2966 4302 3197 4370 speciem
3217 4301 3403 4357 viden-

1821 4391 1910 4438 tur
1928 4384 2168 4440 dicentes
2201 4403 2213 4438 :
2238 4383 2417 4440 Pietas
2434 4386 2578 4450 vicit,
2596 4387 2680 4443 vis
2707 4390 2979 4459 sanguinis
3006 4391 3281 4462 compulit,
3306 4408 3404 4447 na-

1820 4482 1941 4529 tura
1970 4476 2083 4545 ipsa
2112 4478 2266 4545 quasi
2314 4478 2518 4533 amoris
2549 4493 2711 4534 manu
2750 4479 2805 4534 in
2854 4480 2943 4550 jus
2995 4495 3149 4537 suum
3199 4483 3402 4538 traxit:

1821 4564 2075 4621 Scivimus
2098 4567 2226 4636 quid
2248 4566 2454 4637 iustitia
2490 4568 2587 4624 Dei
2615 4577 2894 4640 posceret,
2925 4572 3053 4642 quid
3089 4587 3244 4628 sacra
3268 4575 3409 4628 veri-

1822 4664 1907 4712 tas
1934 4657 2266 4728 postularet;
2298 4658 2393 4714 sed
2419 4661 2646 4727 subacti,
2676 4660 2923 4728 fatemur,
2954 4676 3139 4717 sumus
3170 4663 3299 4732 jugo
3328 4665 3409 4718 in-

1824 4758 2058 4806 carnatus
2100 4751 2542 4819 necessitudinis,
2574 4758 2630 4807 et
2656 4751 2900 4807 dedimus
2945 4754 3184 4823 captivas
3219 4750 3411 4810 manus

114 4845 186 4913 26,
213 4850 329 4921 27).
364 4854 454 4908 Ac
486 4828 668 4923 paulo
710 4859 833 4919 post
864 4866 876 4900 :
910 4846 979 4900 Et
1019 4862 1237 4911 servum,
1271 4844 1462 4913 inquit,
1504 4859 1721 4914 nequam
1748 4828 1802 4888 ι)
1826 4843 2051 4898 vinculis
2078 4843 2358 4899 charitatis
2388 4862 2401 4896 :
2429 4844 2594 4898 cessit
2620 4843 2863 4912 sanguini
2903 4842 3052 4906 ﬁdes,
3083 4853 3139 4900 et
3166 4846 3411 4902 vicerunt

116 4944 339 5011 Froﬁeite
368 4948 431 4998 in
460 4940 718 4998 tenebras
747 4941 1026 4995 exteriores
1058 4954 1074 4991 :
1106 4937 1177 4990 ibi
1205 4938 1305 4991 erit
1344 4937 1491 5003 ﬂetus
1519 4945 1569 4989 et
1598 4936 1721 4989 stri-

114 5028 196 5082 dor
220 5036 491 5088 dentium.
530 5029 700 5097 Quod
726 5037 906 5084 tamen
935 5026 1037 5081 etsi
1068 5027 1231 5081 etiam
1262 5025 1329 5080 ad
1357 5024 1500 5081 aliud
1532 5024 1722 5080 referri

112 5128 301 5192 pateat,
329 5133 535 5180 tamen
573 5123 708 5178 loco
727 5134 942 5191 quoque
970 5130 1027 5177 et
1048 5132 1223 5176 causae
1242 5118 1366 5173 huic
1390 5108 1502 5172 non
1524 5116 1722 5172 insalu—

108 5212 263 5273 δήιοι
299 5225 647 5289 ωαριδιιιτ.
688 5214 825 5270 Cum
862 5215 1005 5269 enim
1046 5209 1389 5268 nummularii
1429 5207 1733 5264 Salvatoris

106 5315 365 5375 pauperes
408 5315 473 5361 et
515 5304 689 5373 egeni
728 5311 875 5359 recte
914 5301 1296 5369 intelligantur,
1336 5298 1461 5367 quia
1499 5297 1723 5367 pecunia

104 5408 214 5463 tmte
239 5398 456 5453 talibus
487 5395 852 5464 dispensatur
892 5398 1143 5460 augetur;
1174 5404 1297 5444 eum
1325 5387 1502 5443 usuris
1525 5387 1726 5455 absque

104 5484 254 5541 dubio
282 5490 459 5560 251
499 5486 635 5539 Deo
665 5482 905 5539 redditur
936 5480 1194 5552 quidquid
1222 5478 1502 5548 egentibus
1538 5490 1728 5546 eroga-

104 5582 199 5631 tur.
232 5576 400 5635 [inde
432 5584 499 5632 et
532 5572 677 5629 alibi
710 5573 949 5644 apertius
976 5573 1091 5641 ipse
1123 5569 1382 5626 Dominus
1407 5568 1727 5623 distribuere

105 5666 284 5726 divites
304 5685 459 5741 opes
479 5664 691 5723 mundi
711 5674 766 5721 et
785 5664 963 5720 facere
986 5663 1087 5718 sibi
1118 5662 1363 5719 sacculos
1382 5660 1474 5730 qui
1498 5675 1604 5714 non
1631 5674 1723 5714 ve-

104 5762 369 5820 lenscant
388 5761 579 5833 jubet
613 5753 762 5827 (Luc.
795 5772 885 5825 xu,
917 5754 1028 5827 '53).
1061 5750 1169 5809 Sed
1194 5761 1250 5809 et
1278 5752 1332 5808 in
1353 5766 1480 5808 vase
1507 5750 1729 5806 electio-

1828 4932 2169 4989 devotionem
2190 4933 2463 5003 religionis
2480 4932 2601 5003 jura
2625 4934 2861 5002 pietatis.
2890 4932 3051 5008 252
3068 4935 3183 4992 Diei
3211 4937 3411 5007 aliquid

1828 5032 2026 5095 potest,
2060 5027 2271 5082 tametsi
2299 5026 2583 5082 salubriter
2597 5025 2700 5082 diei
2730 5042 2838 5082 non
2863 5036 3043 5098 potest
3068 5036 3197 5085 :‘est
3222 5030 3411 5085 umbra

1829 5114 2277 5171 excusatiunculxe
2303 5129 2412 5171 non
2440 5128 2723 5181 excusans,
2762 5116 2895 5171 dans
2922 5132 3018 5172 reo
3037 5117 3412 5188 deprecatiun-

1830 5206 1964 5278 cuiae
1990 5206 2245 5276 speciem,
2287 5220 2396 5261 non
2444 5212 2627 5261 reatus
2663 5207 3025 5262 securitatem.
3062 5207 3413 5278 Nequaquam

1831 5275 1973 5352 (inim
1996 5275 2049 5351 id
2075 5297 2168 5351 ulli
2188 5295 2426 5367 spondeo
2447 5296 2592 5366 quod
2612 5297 3076 5371 possiteujuslibet
3101 5275 3182 5353 rei
3200 5275 3415 5352 ﬁrmum

1829 5386 2030 5442 habere
2044 5385 2357 5453 subsidium,
2372 5387 2417 5441 si
2436 5386 2640 5457 aliquid
2655 5386 2772 5456 plus
2781 5387 3038 5442 amaverit
3050 5401 3208 5456 quam
3221 5387 3409 5451 Deum,

1830 5476 2121 5532 secundum
2173 5475 2300 5531 illud
2327 5476 2470 5546 quod
2498 5477 2756 5547 scriptum
2801 5485 2903 5540 est,
2946 5479 2999 5532 in
3030 5478 3134 5533 hoc
3178 5476 3413 5533 futurum

1830 5582 1951 5623 esse
1973 5566 2229 5636 judicium
2258 5566 2402 5637 quod
2428 5568 2639 5623 venerit
2668 5568 2761 5621 lux
2790 5566 2843 5622 in
2871 5567 3014 5622 hunc
3039 5566 3293 5622 mundum
3318 5605 3335 5632 ,
3361 5575 3415 5622 et

1830 5659 2119 5714 dilexerint
2130 5658 2376 5714 homines
2386 5660 2552 5728 magis
2566 5658 2817 5716 tenebras
2831 5673 2988 5727 quam
3002 5658 3176 5714 lucem
3192 5655 3409 5731 (Joann.

1834 5767 1909 5815 tu,
1935 5749 2059 5823 l9).
2109 5748 2318 5807 Nemini
2345 5750 2487 5807 enim
2514 5748 2732 5825 dubium
2760 5757 2842 5804 est
2883 5756 3053 5807 totum
3081 5749 3134 5805 id
3165 5752 3415 5829 tenebras
