3866 6178
540 284 658 348 ἂσῗ

1509 294 1566 350 S.
1610 291 1924 349 SALVIANI
1967 291 2429 350 MASSILIENSIS
2468 293 2895 353 PRESBYTERI

2516 172 2605 191 *Α

3654 306 3731 368 268

557 405 795 460 futurum
820 403 1025 459 homini
1053 401 1310 475 quidquid
1339 401 1532 458 divinae
1569 402 1867 473 praetulerit
1888 402 2155 458 cliaritati.
2186 408 2234 466 Α
2264 410 2359 458 aut
2385 403 2503 460 sine
2532 400 2638 459 ﬁne
2666 412 3015 461 tormentum.
3045 404 3111 458 Et
3140 413 3193 461 tu
3220 407 3285 463 de
3310 408 3631 481 locupletandis
3647 420 3730 485 qui-

538 490 680 553 ‘llcec
707 509 836 565 ergo
866 496 935 549 ita
966 502 1112 550 sunt.
1143 493 1250 549 Sed
1276 502 1414 559 esto,
1438 493 1647 571 utdixi,
1675 492 1937 562 indulgeri
1968 508 2155 563 paren-

552 588 693 642 tibus
720 585 891 660 possit
919 593 1126 641 natura:
1174 584 1521 640 insalubriter
1567 583 1985 653 indulgentibus.
2015 581 2155 649 Quid

547 677 693 748 quod
722 686 749 716 ι
779 678 1024 734 nonnulli
1046 676 1184 734 filios
1208 692 1319 733 non
1350 677 1629 743 habentes,
1653 692 1684 731 a
1713 684 1961 747 respectu
1989 691 2049 731 se
2073 687 2154 730 ta-

546 785 672 826 men
703 769 893 828 salutis
918 784 1029 825 sua:
1049 777 1104 824 et
1131 767 1370 824 remedio
1384 777 1739 839 peccatorum
1758 768 1974 838 penitus
1999 782 2155 823 aver-

545 870 687 930 tunt,
731 877 797 919 ac
822 863 949 919 licet
973 862 1180 918 semine
1220 862 1494 931 sanguinis
1523 863 1603 917 sui
1627 869 1865 928 caream,
1905 870 2152 932 quaerunt

545 964 729 1009 tamen
757 968 1109 1023 quoscunque
1136 952 1274 1008 alios
1299 954 1495 1022 quibus
1527 952 1881 1008 substantiam
1920 953 2150 1023 propria:

542 1047 822 1119 facultatis,
841 1048 1124 1113 addicant,
1157 1046 1211 1102 id
1239 1057 1350 1113 est,
1381 1047 1578 1117 quibus
1610 1047 1899 1102 umbratile
1927 1046 2147 1116 aliquod

539 1139 959 1210 propinquitatis
988 1153 1187 1194 nomen
1215 1138 1529 1204 inscribant,
1562 1152 1701 1208 quos
1732 1137 1833 1193 sibi
1862 1137 2016 1207 quasi
2048 1136 2145 1191 ad—

543 1231 756 1301 optivos
782 1231 1086 1301 imaginarii
1114 1238 1367 1301 parentes
1392 1227 1531 1285 filios
1553 1229 1771 1295 faciant,
1803 1237 1859 1285 et
1885 1229 1938 1283 in
1967 1231 2143 1284 locum

537 1336 726 1377 eorum
771 1335 891 1391 qua:
930 1337 1042 1376 non
1087 1329 1214 1376 sunt
1256 1320 1541 1391 pignorum
1589 1318 1812 1391 perfidia
1850 1328 2145 1388 generante

534 1410 860 1466 succedant?
880 1425 944 1466 ac
970 1410 1050 1467 sic
1064 1410 1353 1466 miserrimi
1373 1410 1573 1480 quique
1596 1418 1651 1465 et
1681 1410 2002 1481 impiissimi,
2019 1425 2141 1465 cum

533 1500 764 1556 vinculis
793 1500 1027 1557 filiorum
1055 1516 1166 1557 non
1194 1503 1665 1571 constringuntur,
1698 1501 1798 1573 ipsi
1830 1510 2009 1557 tamen
2039 1501 2142 1557 sibi

540 1593 754 1651 vincula
791 1600 1004 1665 parant
1047 1594 1244 1666 quibus
1286 1593 1522 1651 infelicia
1572 1594 1873 1650 animarum
1920 1609 2138 1650 suarum

529 1684 672 1741 colla
700 1685 1105 1754 constringant;
1145 1700 1268 1740 cum
1309 1685 1390 1741 vis
1417 1685 1840 1741 domesticorum
1868 1684 2137 1740 discrimi-

2258 496 2572 566 buseunque
2600 498 2902 553 hatredibus
2928 500 3034 554 tuis
3060 500 3276 569 cogitas,
3306 501 3368 557 de
3393 504 3557 572 opibus
3575 516 3735 575 agnato-

2257 603 2376 643 rum
2406 596 2622 643 tuorum
2665 596 3128 659 cognatorumque
3154 592 3397 661 suspiras,
3423 607 3557 662 quem
3578 597 3735 666 potissi-

2257 693 2404 732 mruu
2423 678 2676 734 ditiorem
2706 680 3032 750 patrimonio
3056 691 3160 737 tuo
3186 681 3360 747 facias,
3384 684 3461 737 cui
3477 684 3736 754 supellectﬂis

2255 769 2419 824 variat
2458 780 2777 825 ornamenta
2806 771 3157 837 transcribas,
3177 771 3332 841 cujus
3357 773 3605 842 apothecas
3618 776 3735 845 copiis

2257 860 2361 916 tuis
2391 861 2620 931 repleas,
2644 860 2731 915 cui
2772 862 2935 933 254
2961 861 3218 932 majorem
3258 878 3510 919 servorum
3531 880 3737 920 numerum

2251 952 2629 1022 derelinquas!
2681 952 3049 1011 Infelicissime
3106 957 3367 1019 omnium,
3420 957 3593 1024 cogitas
3627 973 3737 1026 quam

2249 1042 2389 1099 bene
2418 1044 2509 1098 alii
2529 1054 2654 1115 post
2678 1052 2737 1100 te
2767 1045 2965 1113 vivant,
2998 1061 3107 1102 non
3141 1048 3339 1115 cogitas
3363 1060 3507 1115 quam
3533 1048 3643 1102 male
3663 1049 3741 1118 ipse

2250 1135 2527 1191 moriaris!
2560 1136 2657 1191 Dic
2683 1136 2835 1203 mihi,
2866 1152 3070 1208 quaiso,
3099 1153 3135 1193 o
3172 1138 3349 1201 miser,
3370 1153 3404 1193 ο
3430 1136 3635 1201 infidelis,
3657 1152 3740 1191 cum

2248 1226 2431 1282 multis
2450 1226 2835 1297 patrimonium
2864 1236 3017 1282 tuum
3048 1228 3271 1293 dividas,
3298 1243 3411 1283 cmn
3437 1228 3604 1283 multos
3620 1226 3741 1281 facul-

2249 1306 2448 1374 tatibus
2475 1318 2582 1374 tuis
2630 1317 2789 1384 dites,
2822 1318 3063 1389 nunquid
3108 1318 3177 1374 de
3204 1318 3317 1375 solo
3363 1327 3412 1373 te
3436 1333 3490 1372 es
3528 1326 3616 1371 tam
3646 1316 3742 1370 male

2246 1411 2474 1468 meritus
2499 1419 2560 1465 ut
2590 1410 2682 1466 tibi
2713 1425 2815 1466 nec
2854 1411 2995 1466 inter
3022 1419 3307 1466 extraneos
3330 1412 3490 1465 locum
3519 1407 3651 1464 facias
3665 1407 3741 1460 lia:-

2243 1501 2425 1558 redis?
2456 1501 2596 1558 Ecce
2625 1509 2905 1573 exspectat
2932 1512 2985 1558 te
3007 1501 3120 1572 jam
3148 1515 3477 1571 egressurum
3501 1499 3559 1554 de
3581 1498 3665 1552 vita
3678 1498 3744 1551 ista

2243 1588 2481 1649 officium
2512 1592 2795 1648 tribunalis
2841 1593 3002 1658 sacri,
3035 1602 3351 1664 exspectant
3396 1599 3599 1647 tortores
3622 1587 3746 1657 angeli

2241 1698 2299 1744 et
2337 1689 2723 1745 immortalium
2755 1697 3149 1745 tormentorum
3179 1686 3437 1747 terribiles
3470 1682 3680 1746 ministri;
3707 1691 3749 1735 et

529 1791 659 1830 num
680 1775 826 1831 nulla
853 1776 943 1842 sit,
966 1775 1096 1831 foris
1117 1774 1402 1831 discrimen
1432 1785 1742 1843 arcessunt;
1774 1784 1830 1832 et
1852 1775 1975 1831 licet
2000 1789 2129 1832 cau-
2161 1780 2208 1842 B
2237 1787 2293 1834 tu
2323 1778 2528 1837 futuras
2568 1787 2693 1850 post
2721 1788 2773 1833 te
2821 1778 3091 1833 lueredum
3143 1776 3481 1833 mundialium
3518 1772 3749 1842 voluptates

529 1881 603 1924 ate
627 1865 806 1922 desint
818 1865 1201 1936 periculorum,
1224 1874 1387 1921 ruunt
1406 1873 1591 1922 tamen
1605 1866 1757 1938 quasi
1778 1866 1832 1921 in
1854 1866 2132 1921 interitum

528 1960 926 2016 voluntarium:
951 1974 1183 2028 quorum
1205 1973 1419 2014 errores
1435 1958 1785 2023 infelicissimi
1807 1972 1916 2028 quo
1937 1958 2132 2014 all‘ectu

527 2052 696 2108 animi
738 2050 1039 2122 accipiendi
1084 2050 1192 2105 sint
1219 2049 1249 2090 ι»
1280 2065 1345 2106 ac
1389 2049 1615 2117 ferendi,
1647 2064 1817 2121 prope
1869 2049 2131 2104 incertum

524 2143 669 2216 apud
687 2142 959 2213 quosdam
988 2140 1159 2199 videri
1180 2150 1363 2212 potest
1389 2142 1728 2199 irascendum
1758 2157 1828 2197 ne
1851 2141 1915 2196 iis
1941 2155 2009 2195 an
2032 2141 2132 2196 do-

527 2235 745 2293 lendum
774 2235 865 2291 sit.
896 2228 1067 2291 Error
1095 2230 1240 2291 enim
1279 2235 1471 2291 dolore
1508 2234 1703 2304 dignus
1740 2241 1852 2300 est,
1884 2232 2134 2304 impietas

524 2326 919 2383 exsecratione.
953 2325 1035 2381 Ad
1061 2324 1246 2382 fletum
1270 2327 1534 2382 trahimur
1562 2326 1896 2392 infelicitate,
1930 2326 1997 2381 ad
2028 2326 2133 2387 ira-

523 2417 1124 2474 cundiaminﬁdelitate.
1143 2416 1202 2473 In
1226 2433 1332 2472 una
1361 2433 1421 2473 re
1449 2428 1533 2473 est
1560 2418 1704 2487 quod
1723 2433 1823 2490 pro
1853 2417 2129 2473 hominum

512 2505 832 2578 insipientia
880 2506 1178 2577 lugeamus,
1236 2501 1292 2560 in
1333 2507 1439 2562 alia
1469 2506 1615 2578 quod
1660 2523 1758 2577 pro
1800 2507 1896 2562 Dei
1946 2521 2131 2563 amore

523 2618 855 2668 moveamur,
901 2602 1061 2674 253
1103 2601 1272 2656 ullum
1313 2600 1533 2656 omnino
1577 2600 1856 2655 hominum
1901 2600 2130 2656 inveniri

523 2704 617 2752 aut
645 2710 764 2752 esse
782 2710 953 2765 posse
989 2693 1082 2763 qui
1121 2693 1349 2748 decurso
1378 2692 1606 2749 infelicis
1634 2693 1757 2749 vitae
1788 2693 1940 2749 istius
1978 2692 2129 2748 brevi

526 2786 726 2858 spatio,
755 2787 807 2840 in
830 2786 947 2855 ipsa
977 2785 1323 2840 extremitate
1344 2784 1461 2855 jam
1491 2784 1751 2855 pendens,
1786 2786 1956 2840 iturus
1984 2784 2128 2840 illico

521 2877 590 2933 ad
613 2875 847 2931 tribunal
876 2874 1316 2947 Dei,,quidquam
1346 2875 1491 2930 aliud
1513 2876 1715 2943 cogitet
1742 2872 1939 2945 praeter"
1967 2875 2126 2930 finem

520 2982 697 3033 suum,
715 2965 1009 3038 quidquam
1031 2964 1176 3020 aliud
1203 2973 1400 3037 printer
1412 2966 1619 3020 exitum
1639 2981 1813 3031 suum,
1835 2965 2125 3037 quidquam

519 3058 663 3115 aliud
683 3067 880 3130 prmtcr
907 3058 1203 3130 periculum
1233 3073 1423 3125 suum;
1447 3066 1504 3114 et
1525 3057 1771 3128 neglecta
1797 3073 1895 3129 spe
1923 3073 2018 3114 sua
2038 3065 2124 3112 at-

2237 1871 2418 1926 animo
2444 1870 2677 1936 volutas,
2704 1877 2763 1924 tu
2801 1868 3022 1925 delicias
3050 1868 3283 1924 aliorum
3310 1876 3481 1923 mente
3500 1870 3743 1937 pertractas,

2235 1977 2401 2033 quam
2429 1962 2569 2017 bene
2593 1961 2801 2017 scilicet
2829 1970 2952 2032 post
3002 1969 3053 2016 te
3080 1960 3255 2037 haeres
3287 1970 3405 2016 tuus
3431 1958 3492 2014 de
3518 1967 3597 2011 tuo
3633 1969 3747 2025 pran-

2235 2050 2361 2106 deat
2379 2083 2393 2110 υ
2410 2050 2608 2120 quibus
2636 2050 2807 2121 copiis
2826 2058 3070 2105 ventrem
3094 2050 3333 2120 expleat,
3366 2045 3609 2117 quomodo
3634 2056 3749 2109 usque

2234 2140 2303 2197 ad
2329 2155 2586 2198 nauseam
2616 2138 3005 2196 redundantem
3050 2140 3260 2196 viscera
3300 2143 3585 2194 exsaturata
3603 2133 3749 2187 disten-

2234 2233 2346 2289 dat!
2363 2233 2730 2290 Infelicissime
2745 2233 3007 2295 omnium,
3027 2232 3159 2303 quid
3181 2232 3276 2288 tibi
3299 2240 3380 2287 est
3399 2244 3513 2285 cuni
3528 2225 3601 2281 bis
3613 2221 3753 2283 neniis,

2234 2324 2362 2393 quid
2392 2324 2487 2380 tibi
2509 2339 2630 2378 cum
2658 2323 2741 2379 his
2768 2322 3161 2390 deliramentis,
3187 2322 3317 2394 quid
3345 2336 3465 2378 cum
3483 2315 3672 2374 stultitia
3693 2311 3757 2364 lui-

2227 2414 2317 2485 jus
2363 2414 2584 2480 erroris,
2616 2413 2745 2483 quid
2799 2430 2922 2470 cum
2975 2414 3289 2485 perditione
3343 2412 3491 2468 istius
3534 2400 3760 2463 vanitatis?

2232 2506 2483 2578 Nunquid
2526 2522 2845 2563 succurrere
2884 2507 2988 2564 hoc
3019 2507 3114 2562 tibi
3144 2509 3292 2563 inter
3330 2503 3573 2577 supplicia
3602 2508 3759 2554 suanm

2233 2598 2451 2669 poterit,
2477 2599 2521 2654 si
2552 2598 2597 2653 is
2627 2600 2717 2669 qui
2754 2614 2840 2655 res
2873 2608 2992 2655 tuas
3022 2599 3252 2669 prodige
3278 2595 3536 2659 comedit,
3560 2592 3705 2646 lautus
3724 2594 3764 2640 ct

2232 2704 2461 2760 pransus
2490 2690 2628 2745 bene
2648 2689 2925 2767 cruciarii,
2955 2700 2976 2729 ο
3009 2699 3103 2745 aut
3130 2690 3297 2746 etiam
3321 2698 3380 2743 ut
3409 2682 3614 2752 tibi,qu
3638 2680 3764 2767 devo-

2229 2781 2395 2837 randa
2420 2789 2514 2836 tua
2536 2780 2717 2836 omnia
2742 2766 3027 2846 tradidisti,
3060 2780 3392 2837 rcdundanti
3432 2773 3667 2833 cruditate
3682 2766 3769 2839 plus
3820 2840 3821 2843 η

2226 2882 2465 2946 przcstet,
2498 2873 2542 2928 si
2564 2872 2703 2927 bene
2727 2873 3032 2928 vomuerit?
3820 2878 3821 2883 ‘

2294 2966 2386 3022 Ν.
2424 2965 2531 3022 Sed
2559 2965 2731 3022 dehis
2759 2965 2901 3020 unde
2924 2981 3066 3021 nunc
3096 2964 3400 3036 loquimur,
3426 2961 3469 3018 si
3492 2974 3572 3016 res
3592 2970 3647 3011 ac
3668 2948 3773 3008 ratio

2228 3058 2641 3131 postulaverint,
2662 3058 2827 3114 etiam
2852 3067 2976 3128 post
3000 3057 3115 3113 lure
3143 3057 3331 3127 aliqua
3351 3054 3639 3111 subdemus.
3665 3044 3775 3099 lute-

519 3167 625 3223 que
653 3150 851 3217 anima,
883 3150 969 3206 cui
1013 3149 1269 3220 opitulari
1316 3150 1658 3221 aliquatenus
1683 3150 1771 3205 vel
1820 3151 1874 3206 in
1923 3149 2126 3206 ultimis
2152 3158 2198 3222 ρ
2230 3152 2330 3207 rim
2386 3151 2490 3208 hoc
2543 3149 2851 3221 specialiter
2892 3148 3013 3205 dico
3060 3158 3116 3203 et
3162 3147 3432 3220 peculiari
3466 3136 3778 3200 admonitione

518 3244 629 3300 suis
655 3242 802 3299 omni
822 3241 1020 3308 studio,
1040 3242 1186 3297 omni
1208 3240 1347 3306 nisu,
1367 3240 1515 3296 omni
1532 3255 1592 3296 re
1615 3256 1679 3296 ac
1699 3240 1995 3297 substantia
2022 3255 2117 3296 sua
2217 3258 2562 3310 commoneo,
2608 3259 2674 3298 ne
2705 3242 2869 3297 ullum
2918 3241 3141 3298 omnino
3185 3241 3390 3312 aliquis
3416 3234 3643 3311 quamvis
3680 3229 3779 3284 clla-

517 3336 732 3400 debeat,
757 3334 863 3390 hoc
890 3334 1066 3389 solum
1090 3333 1311 3403 cogitet,
1345 3333 1449 3389 hoc
1472 3333 1647 3389 solum
1676 3333 1856 3390 animo
1877 3350 1975 3392 suo
2003 3334 2120 3391 vol-

438 3478 441 3481 .
516 3437 624 3493 vat,
643 3442 803 3496 quam
825 3426 970 3481 laute
993 3425 1164 3481 haeres
1191 3440 1319 3480 suus
1356 3442 1443 3481 res
1470 3440 1595 3482 suas
1618 3426 1898 3483 comedat!

582 3519 670 3574 Ill.
715 3519 1011 3574 Miserrime
1060 3519 1321 3583 omnium,
1353 3518 1482 3588 quid
1530 3519 1794 3575 sollicitus
1842 3535 1928 3582 es,
1987 3518 2115 3590 quid

515 3618 730 3678 aestuas,
760 3609 888 3682 quid
908 3618 1187 3666 auctorem
1214 3624 1395 3664 rerum
1426 3609 1784 3678 periturarum
1816 3609 1931 3679 ipse
1958 3617 2011 3664 te
2038 3611 2118 3664 fa-

514 3703 628 3758 eis?
658 3701 738 3755 An
770 3702 928 3757 times
956 3700 1096 3757 forte
1137 3716 1206 3756 ne
1243 3700 1421 3757 desint
1455 3701 1566 3772 qui,
1601 3710 1653 3756 te
1695 3710 1928 3769 mortuo,
1970 3701 2116 3771 quod

515 3792 869 3862 dereliqueris
891 3791 1120 3847 vorent?
1144 3790 1283 3847 Nolo
1303 3798 1530 3859 metuas,
1564 3792 1691 3847 nolo
1718 3792 1973 3848 verearis.
2004 3790 2116 3846 Uti-

515 3900 639 3941 nam
665 3895 771 3939 tam
795 3882 947 3939 facile
969 3891 1027 3938 tu
1046 3884 1227 3939 salvus
1248 3898 1396 3939 esses
1418 3899 1582 3955 quam
1607 3892 1697 3939 tua
1720 3884 1899 3939 omnia
1921 3883 2114 3954 deper-

514 3976 697 4035 ibunt!
734 3975 779 4031 0
812 3974 1129 4043 infidelitas,
1166 3991 1199 4031 ο
1233 3976 1591 4046 perversitas!
1626 3974 1801 4030 Etiam
1838 3976 1999 4045 vulgo
2032 3975 2115 4030 (li-

511 4078 659 4127 ctum
684 4077 787 4137 est,
811 4084 1001 4126 omnes
1024 4069 1123 4125 sibi
1146 4069 1338 4125 melius
1358 4069 1497 4125 velle
1518 4082 1679 4141 quam
1708 4068 1885 4124 alteri.
1902 4068 2111 4123 Novum

513 4161 619 4218 hoc
638 4162 865 4218 monstri
890 4176 1059 4231 genus
1085 4170 1186 4227 est,
1211 4161 1434 4217 cuilibet
1460 4175 1786 4230 quemquam
1815 4160 1952 4214 velle
1980 4174 2111 4215 con-

513 4253 713 4320 sulere,
760 4261 967 4307 tantum
1006 4268 1076 4309 ne
1103 4253 1223 4309 sibi.
1259 4250 1401 4308 Ecce
1436 4252 1610 4307 iturus
1637 4267 1715 4316 es,
1750 4250 2111 4306 iufelicissime

512 4345 772 4412 omnium,
796 4334 873 4398 ad
895 4359 1121 4400 examen
1150 4359 1383 4408 sacrum,
1416 4344 1481 4398 ad
1511 4342 1850 4398 tremendum
1874 4342 2003 4398 illud
2028 4343 2109 4397 in-

461 4482 469 4491 .
510 4437 958 4506 tolerandumque
974 4436 1258 4505 judicium,
1293 4436 1384 4491 ubi
1414 4436 1776 4506 peregrinanti
1804 4436 1996 4491 anima:
2024 4444 2107 4490 at-

508 4544 614 4601 que
636 4530 809 4584 anxirc
838 4528 1043 4584 nullum
1082 4534 1265 4600 potest
1295 4529 1517 4583 omnino
1553 4542 1670 4584 esse
1710 4529 1964 4585 solatium
2000 4529 2105 4584 nisi
2131 4541 2185 4602 ι)

509 4621 625 4675 sola
667 4619 1041 4677 tantummodo
1069 4621 1213 4677 bona
1243 4620 1604 4687 conscientia,
1631 4621 1733 4675 nisi
1761 4614 1875 4676 sola
1896 4628 2103 4676 tantum

510 4710 768 4768 innocens
814 4715 922 4768 vita
969 4723 1081 4783 aut,
1122 4712 1267 4784 quod
1298 4713 1601 4783 proximum
1636 4720 1723 4768 est
1759 4713 1916 4769 bona:
1956 4712 2099 4779 vitae,

511 4803 905 4872 misericordia;
948 4807 1036 4862 ubi
1076 4822 1172 4863 reo
1199 4806 1402 4863 homini
1435 4806 1637 4861 nullum
1672 4816 1754 4860 est
1776 4806 2104 4875 adjutorium

511 4892 614 4947 nisi
652 4894 768 4948 sola
815 4909 966 4951 mens
1012 4898 1190 4966 larga,
1230 4898 1334 4953 nisi
1378 4897 1689 4968 paenitentia
1736 4884 2007 4953 fructuosa
2049 4906 2105 4953 ct

508 4984 869 5056 eleemosyme
907 4988 1140 5057 copiosm
1176 4990 1329 5059 quasi
1356 5006 1548 5046 manus
1585 4990 1794 5055 valida),
1828 4990 1918 5045 ubi
1945 4990 2101 5046 deni-

508 5090 615 5145 que
657 5092 755 5146 pro
784 5076 1096 5134 diversitate
1124 5081 1442 5137 meritorum
1484 5091 1576 5135 aut
1603 5097 1870 5137 summum
1900 5082 2101 5138 bonum

510 5167 750 5227 invenies
770 5175 863 5221 aut
878 5183 1145 5225 summum
1159 5171 1380 5237 malum,
1396 5182 1490 5228 aut
1505 5172 1805 5232 immortale
1826 5172 2108 5276 pnemiun:

2218 3339 2487 3395 rissimum
2535 3337 2726 3406 pignus
2756 3335 2948 3390 animm
2976 3349 3086 3390 sua:
3133 3333 3417 3405 praeferat.
3464 3329 3635 3398 Neque
3666 3320 3781 3378 enim

2222 3431 2465 3501 iniquum
2486 3439 2569 3486 est
2598 3437 2657 3483 ut
2676 3427 2901 3499 quilibet
2924 3426 3371 3484 Christianorum
3399 3425 3557 3482 etiam
3577 3413 3780 3489 legitimis

2220 3521 2522 3578 limredibus
2540 3520 2603 3575 .in
2631 3519 2831 3575 srmtln
2852 3518 3029 3574 minus
3055 3514 3085 3556 ἀ
3114 3527 3413 3589 congerat,
3443 3508 3706 3570 dummodo
3725 3502 3782 3559 si-

2218 3592 2385 3667 bimet
2418 3612 2468 3665 in
2500 3611 2805 3665 aeternitate
2831 3617 3111 3679 succurrat
3152 3609 3352 3666 multis
3380 3606 3577 3669 modis;
3603 3600 3711 3673 quia
3743 3604 3784 3650 οι

2218 3703 2428 3760 facilius
2448 3711 2530 3759 est
2559 3703 2644 3760 hic
2664 3701 2854 3758 deesse
2886 3701 3006 3758 liliis
3025 3700 3313 3772 quippiam
3344 3714 3508 3772 quam
3522 3689 3785 3769 parentibus

2217 3792 2269 3846 in
2302 3793 2500 3857 futuro,
2542 3801 2599 3848 et
2647 3791 2817 3847 multo
2863 3791 3033 3847 levior
3086 3808 3340 3862 praesens
3391 3789 3618 3847 tenuitas
3658 3794 3786 3853 quam

2215 3893 2415 3940 aeterna
2440 3891 2758 3954 paupertas;
2792 3883 3027 3939 maxime
3065 3882 3196 3954 quia
3249 3899 3379 3940 cuin
3424 3881 3532 3937 illic
3563 3892 3659 3933 non
3683 3885 3786 3943 pau-

2216 3985 2397 4047 pertas
2429 3984 2658 4040 tantum,
2688 3974 2782 4030 sed
2812 3974 2979 4029 etiam
3006 3989 3154 4030 mors
3196 3991 3267 4031 ac
3312 3990 3479 4047 poma
3520 3972 3785 4029 timeantur,

2216 4068 2374 4140 255
2403 4067 2610 4124 facilius
2644 4077 2728 4122 est
2751 4068 2949 4136 utique
2986 4067 3072 4123 hic
3112 4067 3644 4125 heredibus-deesse
3661 4055 3788 4129 quid-

2216 4169 2339 4223 dam
2368 4167 2437 4223 de
2463 4166 2786 4238 patrimonio
2816 4180 2976 4235 quam
3008 4166 3116 4222 illic
3141 4168 3518 4225 testatoribus
3536 4166 3600 4221 de
3618 4161 3787 4218 salute:

2214 4270 2373 4339 idque
2399 4277 2453 4324 et
2483 4267 2581 4339 ipsi
2610 4267 2805 4337 quibus
2826 4267 3108 4322 lia'reditas
3126 4266 3557 4339 derelinquitur,
3588 4263 3630 4320 si
3656 4255 3789 4316 modo

2211 4368 2427 4440 pietatis
2447 4366 2647 4439 aliquid
2669 4367 2723 4422 in
2750 4381 2809 4423 se
2829 4366 3062 4430 habent,
3087 4381 3203 4437 spei
3222 4366 3417 4423 ialiter
3437 4366 3576 4422 velle
3600 4361 3795 4418 debeam

2211 4486 2281 4528 ne
2310 4470 2385 4525 illi
2410 4478 2631 4542 pereant
2652 4468 2742 4538 qui
2776 4468 3099 4538 relinquunt.
3125 4469 3289 4535 Quod
3323 4469 3521 4540 utique
3548 4467 3594 4523 si
3616 4459 3795 4520 nolunt.

2210 4570 2380 4628 multo
2422 4570 2597 4625 minus
2635 4568 2780 4639 digni
2811 4578 2936 4624 sunt
2973 4568 3170 4638 quibus
3203 4568 3425 4640 aliquid
3468 4568 3799 4635 relinquatur;

2211 4672 2335 4742 quia
2366 4686 2472 4725 non
2512 4668 2708 4739 injuste
2748 4678 2977 4724 testator
3004 4668 3220 4739 sapiens
3253 4686 3373 4728 non
3404 4654 3805 4738 relinquitun

2210 4773 2383 4827 haeres
2422 4770 2617 4841 impius
2659 4786 2765 4826 non
2793 4780 3048 4825 meretur.
3096 4769 3292 4840 Itaque
3338 4774 3615 4846 optimum
3654 4773 3728 4821 est
3759 4769 3808 4813 ut

2210 4871 2579 4941 unusquisque
2620 4870 2720 4926 sibi
2766 4870 3032 4937 consulat,
3057 4878 3111 4925 et
3157 4870 3366 4927 anima:
3420 4889 3489 4930 ac
3516 4866 3675 4928 saluti
3715 4874 3811 4919 sine

2207 4971 2389 5028 omnia
2432 4971 2788 5040 derelinquat.
2839 4969 2959 5026 Sitit
2985 4970 3229 5039 quamvis
3258 4964 3556 5027 interdum
3605 4982 3707 5023 non
3734 4960 3811 5014 lilii

2209 5078 2433 5136 tantum,
2464 5070 2656 5138 quibus
2681 5068 2894 5124 videtur
2939 5069 3258 5125 naturaliter
3308 5070 3447 5140 plus
3490 5067 3698 5130 deberi,
3734 5058 3816 5118 sed

2206 5174 2369 5229 etiam
2415 5181 2440 5211 ε
2471 5173 2695 5242 pignora
2723 5171 2828 5228 alia
2852 5171 2972 5243 ejus
2998 5171 3083 5227 vel
3114 5172 3293 5226 meriti
3341 5175 3437 5229 vel
3477 5164 3816 5229 conditionis,

1705 5324 2040 5381 STEPHANI
2082 5324 2353 5381 BALUle
2391 5323 2621 5379 NOTAE.

581 5470 608 5531 9
647 5458 782 5531 Vide
809 5473 989 5531 supra,
1020 5474 1142 5530 pag.
1174 5459 1300 5515 202.

583 5529 611 5569 ιι
649 5530 853 5588 Desunt
874 5529 997 5586 'ista
1025 5529 1111 5586 in
1148 5530 1453 5587 recentiore
1512 5532 1702 5587 codice
1751 5532 1899 5601 regio
1948 5539 2005 5585 et
2044 5530 2098 5585 in

510 5601 846 5658 Colbcrtino.

585 5685 606 5711 ε
648 5670 704 5724 la
729 5682 959 5742 utroque
980 5671 1168 5727 codice
1198 5669 1568 5742 regio_de_sunt
1596 5684 1660 5742 ea
1703 5685 1823 5738 qnze
1862 5684 2098 5742 sequun-

514 5749 602 5799 tur
629 5756 796 5813 usque
833 5740 902 5797 ad
943 5756 1106 5800 voces
1144 5743 1292 5810 illas,
1344 5740 1452 5797 Sed
1498 5741 1561 5797 de
1600 5740 1700 5808 his,
1743 5749 1848 5797 etc.
1893 5740 2095 5796 Desunt

2208 5459 2373 5515 etiam
2405 5459 2458 5513 in
2478 5457 2810 5516 Colbert'mo.

2276 5527 2303 5566 ἀ
2343 5530 2518 5604 Antea
2545 5531 2824 5598 legebatur
2848 5535 3103 5604 consulat,
3138 5540 3196 5587 ut
3234 5532 3289 5583 in
3337 5535 3609 5604 antiquis
3638 5533 3822 5604 editio-

2204 5600 2380 5658 nibus.
2407 5600 2714 5655 Consensns
2750 5610 2993 5656 veterum
3034 5602 3297 5658 libroruin
3341 5600 3548 5661 effecit
3578 5615 3644 5660 ut
3675 5603 3822 5660 aliam

2203 5669 2491 5751 lectipnem
2530 5670 2921 5751 praeferremus.

2275 5750 2298 5778 ο
2332 5737 2471 5811 [ιι-ευ
2499 5737 2784 5811 pignorum
2812 5741 3078 5799 vocabulo
3119 5742 3206 5798 alii
3237 5741 3660 5816 intelliguntur
3698 5756 3822 5817 pm-
