3936 6176
1486 219 1671 242 οηοκν

164 359 261 416 209

1256 344 1613 404 ADVERSUS
1653 344 2035 401 AVAPJTIAM
2075 345 2200 401 LIB.
2242 345 2328 401 Πῐ.

3334 340 3446 399 ειισ

164 478 218 525 ut
244 467 322 523 eis
344 464 413 521 ad
445 461 847 534 impertiendum
874 459 1126 530 quiddam
1149 476 1211 516 ac
1232 457 1561 529 largiendum
1585 455 1740 525 justi-
1768 458 1818 519 Α
1845 472 1939 511 eos
1967 458 2080 513 hzec
2111 471 2199 512 res
2224 453 2921 527 mendicitate-oppressura
2946 455 3015 511 sit
3042 455 3186 526 quod
3209 470 3240 511 a
3260 462 3435 514 terre-

164 562 233 616 tia
257 558 374 629 ipsa
397 573 463 612 ac
485 556 576 610 Dei
598 555 772 610 cultus
796 552 1186 624 patrocinetur,
1219 558 1273 605 et
1301 549 1494 620 quibus
1519 562 1627 601 non
1657 560 1745 601 so-

165 649 266 703 lum
294 646 386 716 pie
416 642 607 713 aliquid
626 642 979 711 relinquatur,
1001 639 1095 694 sed
1116 639 1276 693 etiam
1308 637 1610 705 inreligiose
1641 651 1746 690 non

167 738 513 808 relinquatur.
546 733 762 789 Scilicet
788 734 833 788 si
862 741 956 787 aut
997 740 1247 802 parentes
1295 731 1402 785 sint
1428 727 1744 793 calamitosi,

171 842 250 886 aut
272 828 516 898 germani
546 827 749 891 ﬁdeles,
776 833 868 879 aut
888 832 1087 879 sancta:
1108 823 1379 892 conjuges,
1405 829 1513 888 aut,
1543 829 1602 876 ut
1631 821 1749 875 lon-

174 923 278 993 gius
303 920 539 990 denique
563 934 756 973 munus
784 917 1000 986 pietatis
1020 915 1325 979 extendam,
1347 916 1391 969 si
1412 921 1503 968 aut
1532 913 1750 983 propin-

170 1016 248 1089 qui
270 1014 483 1085 inopes,
516 1021 611 1068 aut
642 1011 829 1067 afﬁnes
856 1011 1155 1081 egestuosi,
1196 1017 1287 1063 aut
1311 1007 1541 1077 denique
1571 1004 1750 1073 cujus-

169 1105 285 1162 libet
311 1103 723 1161 necessitudinis
754 1101 1074 1169 indigentes,
1111 1100 1195 1154 vel
1225 1105 1391 1164 certe,
1416 1096 1559 1181 quod
1590 1109 1750 1164 super

170 1198 337 1253 omnia
385 1203 488 1262 est,
523 1195 636 1251 Deo
677 1194 866 1250 dediti.
897 1193 1012 1249 Hoc
1055 1193 1198 1247 enim
1227 1199 1307 1246 est
1333 1191 1658 1261 praecipuum
1688 1203 1751 1241 ac

169 1284 595 1356 supereminens,
626 1283 672 1337 si
716 1282 769 1337 id
797 1283 965 1352 ipsum
990 1280 1135 1350 quod
1180 1280 1286 1348 agit
1316 1278 1507 1349 aliquis
1535 1276 1752 1347 pictatis

170 1370 358 1437 ofﬁcio,
383 1372 664 1439 religionis
690 1369 851 1426 faciat
878 1369 1089 1425 aﬁ‘ectu.
1122 1369 1317 1423 Beatus
1339 1368 1479 1423 enim
1499 1367 1587 1421 ille
1615 1376 1638 1403 ι
1660 1369 1751 1435 qui

171 1475 285 1520 suos
307 1463 454 1533 ipsos
481 1462 649 1516 divini
679 1462 878 1516 amoris
919 1460 1109 1531 spiritu
1138 1468 1309 1525 amat,
1341 1457 1491 1526 cujus
1520 1458 1752 1513 charitas

170 1553 357 1609 Christi
399 1554 579 1608 cultus
606 1560 708 1616 est,
732 1552 824 1621 qui
854 1552 908 1606 in
935 1559 1140 1604 natura:
1168 1549 1380 1604 vinculo
1410 1549 1578 1603 Deum
1607 1549 1754 1617 cogi-

168 1653 237 1699 tat
265 1653 583 1698 naturarum
611 1651 835 1713 patrem,
869 1651 921 1697 et
942 1641 1142 1697 amoris
1168 1655 1389 1695 munera
1411 1640 1463 1694 in
1491 1637 1752 1695 sacriﬁcia

166 1745 500 1803 convertens,
525 1742 735 1790 tantum
753 1735 856 1791 sibi
884 1733 1203 1789 immortalis
1234 1733 1363 1787 lucri
1390 1739 1445 1787 et
1470 1732 1750 1803 beatorum

1851 546 1932 601 nis
1979 545 2320 602 facultatibus
2356 545 2671 602 abdicantur
2706 547 2900 603 ccelnm
2942 562 3037 617 spe
3075 546 3430 617 possidentes.

1848 639 1956 693 cito
2002 639 2163 692 etiam
2192 653 2251 692 re
2270 642 2630 708 possessuros,
2679 646 2899 707 regente
2923 639 3043 693 illos
3089 637 3201 693 Deo
3247 652 3344 692 suo
3376 651 3439 693 ac

1847 738 2185 799 protegente,
2215 730 2307 798 qui
2352 743 2446 784 eos
2475 744 2596 783 cum
2649 729 2935 784 immortali
2975 744 3070 797 spe
3111 736 3437 783 aeternorum

1850 821 2012 876 etiam
2035 822 2350 877 sufficientia
2369 822 2740 891 temporalium
2762 829 3101 875 muneratur:
3118 820 3212 875 sed
3233 829 3432 885 tamen,

1850 920 2105 981 quantum
2136 912 2201 967 ad
2219 914 2659 968 inhumanitatem
2682 919 2963 983 parentum
2986 911 3235 982 pertinet,
3254 920 3434 980 egent,

1850 1020 1879 1058 a
1905 1004 2098 1075 quibus
2125 1004 2201 1059 sic
2240 1005 2416 1059 relicti
2458 1012 2584 1058 sunt
2612 1012 2671 1058 ut
2719 1011 2959 1072 egerent.
2990 1000 3151 1057 Certe
3196 1002 3359 1057 etiam
3388 1003 3435 1057 si

1850 1098 1941 1165 qui
1969 1112 2075 1151 non
2104 1096 2316 1166 penitus
2358 1096 2520 1152 domo
2567 1096 2940 1159 eliminantur,
2992 1103 3048 1149 et
3096 1094 3289 1163 quibus
3328 1110 3435 1149 non

1852 1189 2071 1243 omnino
2121 1189 2424 1244 extorribus
2462 1189 2616 1259 quasi
2650 1203 2789 1257 aqua
2828 1196 2883 1243 et
2931 1187 3037 1255 igni
3078 1187 3432 1252 interdicitur,

1855 1285 1878 1314 ⁸
1901 1292 2020 1332 cum
2039 1286 2130 1330 aut
2150 1284 2336 1333 tenues
2360 1285 2451 1331 aut
2465 1284 2611 1332 certe
2632 1274 3007 1331 usufruetuarii
3029 1276 3433 1344 relinquuntur;

1854 1375 2030 1421 tamen
2045 1375 2195 1423 tanto
2216 1368 2497 1423 inferiores
2519 1366 2769 1422 fratribus
2791 1366 3181 1435 relinquuntur,
3204 1365 3433 1420 utetiam

1852 1460 1896 1513 si
1927 1467 2242 1528 paupertate
2265 1475 2369 1512 non
2401 1466 2609 1527 egeant,
2640 1459 3040 1528 comparatione
3069 1465 3247 1511 tamen
3277 1471 3434 1525 egere

1852 1551 2152 1605 videantur.
2182 1551 2365 1606 Dicitis
2398 1551 2572 1616 :Quid
2619 1565 2754 1620 opus
2804 1557 2887 1604 est
2926 1548 3188 1616 religiosis
3227 1564 3431 1617 :rqnam

1853 1643 2098 1711 accipere
2145 1657 2264 1696 cum
2304 1641 2554 1696 fratribus
2592 1642 2899 1712 patrimonii
2938 1640 3280 1711 portionem?
3322 1639 3431 1694 Re-

1852 1732 2091 1803 spondeo
2117 1752 2127 1786 :
2155 1731 2223 1788 Ut
2249 1732 2521 1802 religionis
2544 1731 2831 1799 fungantur
2856 1729 3050 1795 ofﬁcio,
3073 1738 3132 1784 ut
3155 1730 3431 1799 religioso-

166 1827 434 1909 fru'ctuum
464 1799 639 1898 parat,
668 1835 728 1882 ut
746 1826 870 1881 dum
899 1826 952 1881 id
980 1825 1123 1895 quod
1145 1825 1454 1895 pignoribus
1477 1825 1588 1880 suis
1614 1799 1759 1894 prce:
1781 1825 1826 1886 Β
1855 1799 1974 1878 rum
2001 1825 2162 1880 rebus
2191 1799 2378 1892 religio
2408 1823 2625 1888 ditetur,
2653 1831 2712 1877 ut
2759 1822 2990 1886 donent,
3021 1827 3082 1876 ut
3121 1820 3430 1889 largiantur,

165 1928 302 1976 stans
325 1919 563 1975 Domino
585 1935 683 1974 suo
712 1918 936 1984 fenerat,
967 1918 1072 1973 hoc
1100 1918 1216 1989 ipso
1236 1917 1382 1989 quod
1409 1918 1520 1972 suis
1547 1917 1743 1973 libera-

166 2010 357 2065 litatem
410 2011 604 2066 tribuit
649 2010 1047 2081 temporariam,
1099 2010 1201 2065 sibi
1247 2010 1548 2065 mercedem
1572 2009 1748 2079 pariat

167 2102 558 2172 sempiternam.
582 2100 650 2155 At
668 2117 798 2156 vero
820 2100 1346 2157 nunc‘diversissime
1364 2111 1419 2156 et
1439 2102 1745 2171 impiissime

171 2194 308 2248 nullis
336 2194 566 2249 omnino
596 2208 626 2247 a
674 2193 786 2248 suis
809 2194 985 2247 minus
1021 2193 1343 2261 relinquitur
1368 2208 1526 2263 quam
1552 2193 1745 2261 quibus

170 2283 226 2339 ob
250 2284 341 2339 Dei
362 2285 730 2339 reverentiam
759 2284 879 2354 plus
897 2284 1144 2349 debetur,
1169 2283 1344 2339 nullos
1371 2284 1543 2353 pietas
1570 2283 1745 2337 minus

168 2375 369 2443 reSpicit
431 2390 593 2445 quam
648 2390 786 2445 quos
830 2375 1098 2445 praecipue
1144 2374 1333 2442 religio
1379 2374 1739 2429 commendat.

167 2465 311 2535 256
339 2466 590 2535 Denique
626 2467 672 2521 si
717 2467 809 2535 qui
839 2481 868 2520 a
916 2466 1227 2537 parentibus
1262 2460 1291 2504 δ
1318 2464 1408 2520 ﬁlii
1451 2465 1749 2533 oﬂ‘eruntur

165 2555 283 2621 Deo,
309 2568 331 2595 ε
357 2558 616 2611 omnibus
637 2557 758 2613 filiis
787 2566 1180 2629 postponuntur
1204 2558 1397 2625 oblati;
1431 2559 1630 2627 indigni
1653 2559 1742 2628 ju-

162 2645 396 2702 dicantur
421 2648 753 2715 haereditate,
777 2650 902 2718 quia
924 2649 1070 2718 digni
1095 2648 1290 2704 fuerint
1310 2650 1743 2718 consecratione;

163 2754 218 2794 ac
240 2754 336 2809 per
363 2740 479 2795 hoc
507 2756 613 2795 una
646 2750 854 2796 tantum
872 2759 932 2797 re
952 2742 1264 2812 parentibus
1284 2742 1416 2797 viles
1448 2744 1596 2808 tiunt,
1619 2744 1744 2813 quia

162 2830 420 2899 eruperint
467 2829 578 2885 Deo
616 2845 736 2887 esse
760 2832 1001 2901 pretiosi.
1053 2830 1129 2903 Ex
1159 2845 1269 2900 quo
1315 2832 1539 2901 intelligi
1566 2841 1747 2903 potest

66 2971 73 2976 .
162 2919 294 2987 quod
312 2919 503 2974 nullus
525 2935 660 2989 pene
689 2921 829 2991 apud
849 2922 1097 2977 homines
1115 2922 1273 2976 vilior
1290 2930 1373 2977 est
1399 2937 1559 2992 quam
1581 2922 1742 2989 Deus;

162 3009 299 3078 cujus
318 3009 516 3079 utique
542 3008 599 3063 ﬁt
619 2996 985 3081 despectione,
1008 3020 1068 3066 ut
1087 3026 1182 3068 eos
1209 3014 1476 3084 praecipue
1495 3020 1745 3083 parentes

165 3099 286 3157 ﬁlios
310 3110 579 3173 spernant
596 3103 689 3172 qui
716 3103 784 3157 ad
812 3103 977 3158 Deum
1001 3119 1169 3172 caepe:
1185 3104 1261 3158 iit
1284 3105 1566 3174 pertinere.

1854 1924 1911 1971 ut
1932 1917 2032 1971 illis
2043 1916 2361 1972 habentibus
2380 1916 2556 1970 cuncti
2580 1914 2811 1970 habeant
2827 1929 2931 1971 non
2946 1913 3228 1979 habentes;
3247 1912 3429 1978 immo,

1846 2010 1891 2064 si
1921 2016 2067 2062 tanta
2094 2023 2279 2061 eorum
2334 2005 2462 2061 ﬁdes
2492 2014 2654 2075 atque
2675 2004 2935 2076 perfectio
2970 2012 3028 2059 ut
3062 2003 3298 2059 habeant
3325 2003 3429 2057 cito

1847 2114 1953 2154 non
1983 2098 2233 2163 habituri,
2262 2098 2471 2152 beatius
2500 2097 2682 2166 utique
2712 2102 2991 2164 postquam
3015 2093 3299 2148 habuerint
3322 2106 3429 2146 non

1846 2188 2125 2242 habentes.
2156 2186 2264 2242 Cur
2287 2187 2383 2253 eis,
2412 2196 2613 2255 qumso,
2637 2185 2796 2255 257
2824 2199 2857 2238 ο
2887 2182 3307 2236 inhumanissimi
3337 2196 3428 2251 pa.

1846 2288 2046 2345 rentes,
2071 2277 2444 2334 necessitatem
2476 2276 2856 2345 indignissima:
2898 2274 3228 2344 paupertatis
3258 2274 3427 2343 impo~

1848 2371 2004 2426 nitis?
2027 2369 2324 2425 Permittite
2338 2369 2441 2425 hoc
2462 2367 2704 2437 religioni
2721 2367 2836 2437 ipsi,
2854 2365 2937 2421 cui
2960 2363 3096 2419 ﬁlios
3118 2362 3425 2418 tradidistis:

1846 2463 2045 2518 rectius
2078 2460 2097 2499 τ
2120 2476 2382 2532 pauperes
2410 2476 2440 2514 a
2486 2476 2544 2515 se
2594 2445 2745 2513 fiunt.
2769 2458 2825 2512 Si
2876 2465 3082 2511 tantum
3110 2471 3204 2511 eos
3244 2456 3424 2525 inopes

1846 2571 1964 2611 esse
2009 2556 2231 2626 cUpitis,
2257 2553 2535 2610 concedite
2580 2553 2630 2607 id
2663 2554 2896 2622 ipsorum
2927 2549 3216 2603 devotioni.
3248 2546 3423 2603 Liceat

1846 2651 1945 2716 eis,
1973 2664 2296 2720 qumsumus,
2337 2654 2396 2702 ut
2434 2647 2599 2702 velint
2625 2654 2889 2716 pauperes
2919 2643 3031 2698 ﬁeri
3067 2662 3077 2697 :
3119 2643 3317 2712 eligere
3346 2643 3423 2696 in-

1846 2742 2024 2811 opiam
2043 2740 2256 2805 debent,
2280 2756 2385 2794 non
2409 2740 2690 2794 sustinere.
2717 2736 3015 2800 Postremo,
3039 2736 3246 2791 etiamsi
3267 2735 3423 2790 susti-

1847 2840 2028 2899 neant,
2060 2824 2485 2887 devctione’eam
2519 2831 2768 2894 tolerent,
2800 2844 2907 2882 non
2950 2826 3293 2882 damnatione
3330 2841 3421 2897 pa-

1846 2924 2065 2979 tiantur.
2093 2923 2201 2977 Cur
2228 2938 2321 2978 eos
2342 2922 2487 2977 velut
2523 2935 2553 2975 a
2594 2928 2780 2975 natura
2824 2920 3090 2991 expellitis
3136 2928 3189 2975 et
3216 2920 3365 2992 quasi
3395 2935 3422 2975 a

1841 3016 1961 3085 jure
2000 3014 2272 3083 sanguinis
2318 3012 2610 3068 abdicatis?
2636 3011 2704 3065 Et
2751 3022 2850 3081 ego
2881 3024 2998 3067 esse
3042 3027 3136 3065 eos
3164 3025 3422 3081 pauperes

1847 3108 2001 3173 volo;
2024 3106 2119 3161 sed
2150 3112 2203 3159 ut
2232 3105 2425 3161 habeat
2452 3110 2631 3160 tamen
2661 3104 2938 3174 prtemium
2960 3117 3116 3158 suum
3148 3102 3261 3172 ipsa
3289 3109 3421 3172 pau-

221 3193 281 3248 γ.
312 3195 430 3251 Sed
457 3196 769 3267 prmelaram
789 3195 1042 3250 videlicet
1069 3197 1160 3265 qui
1200 3196 1311 3250 haec
1341 3196 1542 3251 faciunt
1578 3197 1744 3251 ratio-
1768 3187 1811 3247 C
1845 3209 2046 3271 pertas,
2072 3214 2135 3254 ac
2157 3198 2409 3269 praeclara
2457 3197 2822 3251 demutatione
2868 3195 3066 3263 eligant
3092 3194 3326 3263 inopiam
3354 3207 3419 3247 ex

167 3301 270 3340 nem
296 3286 520 3342 consilii
549 3286 633 3340 sui
660 3286 890 3341 reddunt
916 3285 1155 3341 dicentes
1188 3304 1199 3339 :
1230 3285 1366 3353 Quid
1411 3303 1547 3357 opus
1571 3296 1655 3342 est
1681 3297 1741 3343 ut

166 3375 186 3413 ἀ
210 3377 324 3432 ﬁliis
348 3378 467 3445 jam
498 3377 763 3445 religiosis
788 3392 941 3447 mqua
988 3377 1312 3431 haereditatis
1346 3379 1524 3447 portio
1571 3379 1736 3433 relin-

168 3471 374 3538 quatur?
396 3470 541 3525 Nihil
571 3484 699 3538 ergo
719 3469 932 3537 justius,
958 3470 1085 3523 nihil
1103 3469 1504 3539 dignius,quam
1535 3478 1593 3524 ut
1613 3472 1736 3540 quia

164 3566 431 3630 ceperunt
452 3559 691 3629 religiosi
718 3574 855 3626 esse,
874 3559 1204 3615 mendicant:
1234 3577 1337 3616 non
1362 3560 1577 3631 quidem
1591 3562 1737 3633 quod

1846 3292 2022 3362 copia,
2067 3298 2125 3345 ut
2150 3305 2218 3345 ex
2245 3290 2436 3359 inopia:
2465 3288 2729 3342 electione
2757 3286 2966 3356 copiam
3002 3292 3420 3354 consequantur.

1845 3381 2160 3450 Quanquam
2189 3378 2315 3448 quid
2343 3392 2441 3445 ego
2470 3394 2567 3433 vos
2602 3393 2700 3446 per
2733 3377 2903 3445 ipsum
2937 3375 3283 3431 sanctissimae
3328 3389 3417 3427 ra-

1847 3472 2005 3527 tionis
2034 3469 2268 3526 ofﬁcium
2303 3469 2515 3523 trahere
2552 3468 2615 3521 ad
2650 3468 3033 3522 humanitatem
3058 3467 3418 3536 pietatemque

1844 3562 2130 3629 contendo,
2155 3576 2275 3617 cum
2303 3559 2607 3616 ill-maxime
2634 3559 2876 3625 obsistat,
2904 3569 2960 3614 et
2986 3559 3098 3614 haec
3118 3573 3205 3612 res
3225 3571 3416 3627 parens

1309 3719 1638 3776 STEPHANI
1678 3721 1945 3777 BALUle
1983 3718 2221 3777 ΝΟΈΑΞ..

165 3836 235 3904 ter
258 3834 478 3890 liberos.
519 3832 674 3901 Quod
705 3840 920 3889 constat
946 3833 1109 3888 etiam
1139 3848 1204 3886 ex
1235 3833 1426 3903 pagina
1459 3835 1724 3904 sequenti,

166 3902 241 3986 ubi
258 3904 323 3986 .in
343 3906 637 3983 pignorum
665 3916 889 3986 numero
897 3911 1186 3986 ponuntur
1210 3902 1479 3973 parentes,
1513 3902 1724 3970 fratres,

168 3982 770 4123 ωῗῗοξιῗῖέθρῖἕςιέιῗὲδὲι·
782 3980 1304 4112 ξὲῗεψὲἒὲηύδωω
1332 4048 1415 4096 est
1449 4056 1518 4097 ex
1543 4044 1730 4100 codice

165 4124 423 4251 reﬁloiiide
449 4196 612 4251 supra
641 4181 694 4235 in
723 4182 865 4236 notis
891 4180 957 4251 ad
977 4181 1223 4251 paginam
1247 4179 1372 4234 251.

228 4261 254 4322 εγ
286 4248 721 4322 Hieronfmusin
754 4248 1065 4322 epistola'ad
1088 4249 1477 4322 Demetriadem
1515 4248 1581 4322 de
1621 4251 1728 4305 vir-

165 4318 377 4384 ginitate
430 4317 693 4375 servanda
741 4317 899 4385 {Qui
937 4322 1281 4391 religiosiores
1329 4317 1725 4391 sibividentur,

165 4402 303 4461 porro
331 4398 539 4461 sumptu
556 4430 570 4451 ,
597 4399 648 4443 et
674 4392 759 4461 qui
802 4394 890 4445 vix
922 4391 994 4443 ad
1020 4389 1265 4444 dlimenla
1292 4389 1551 4461 sufficiat,
1574 4392 1731 4461 virgi-

165 4407 303 4456 parro
331 4407 570 4460 sumptu,
597 4407 648 4443 ei
674 4407 759 4461 qui
802 4408 890 4445 ma:
922 4407 992 4443 aa
1020 4407 1265 4444 alimenta
1292 4407 1540 4459 sumetur,
1574 4407 1651 4444 vir
1686 4409 1727 4443 l-

163 4455 295 4541 itibus
320 4460 477 4541 dato,
492 4476 924 4541 omnemncensnm
940 4462 994 4514 in
1023 4469 1235 4541 utroque
1253 4407 1727 4541 sexulswculariﬁus

165 4524 318 4600 liberis
341 4529 655 4600 largiuntur.
677 4527 827 4593 Quod
846 4543 1008 4597 nuper
1028 4531 1083 4584 in
1103 4524 1200 4583 huc
1219 4526 1342 4583 urbe
1362 4528 1500 4582 dives
1518 4529 1729 4600 quidam

165 4547 318 4583 oneris
341 4547 655 4649 largiuntur.
677 4547 825 4593 uuoa
846 4547 1008 4597 nuper
1028 4547 1083 4584 in
1103 4547 1200 4583 uac
1219 4547 1342 4583 uroe
1362 4547 1500 4582 utres
1518 4547 1727 4600 quiaam

165 4594 273 4674 fecit
306 4608 594 4674 pres__yter,
632 4609 688 4651 ut
729 4600 861 4674 duas
904 4600 1044 4670 ﬁlias
1086 4601 1144 4674 in
1178 4600 1439 4668 proposito
1461 4600 1727 4674 _virgiAn_ali

1835 3834 2114 3888 voluntate
2156 3847 2420 3902 pauperes
2469 3831 2661 3895 fuisse,
2714 3832 2849 3887 alios
2907 3832 3204 3902 nativitate.
3262 3832 3414 3900 Quod

1835 3905 1999 3959 etiam
2022 3901 2291 3968 colligitur
2341 3917 2413 3956 ex
2441 3916 2573 3973 cap.
2597 3902 2679 3973 32,
2708 3901 3056 3973 Collectionis
3101 3901 3364 3973 Africana:
3396 3921 3410 3957 :

1838 3973 1972 4027 Item
1990 3974 2182 4044 placuit
2202 3972 2523 4044 utrepiscopi,
2544 3972 2844 4044 presbyteri,
2863 3972 3088 4038 diaconi,
3104 3972 3191 4027 rei.
3206 3974 3414 4044 quicum

1839 4059 1936 4113 que
1964 4041 2157 4104 clerici,
2190 4043 2274 4113 qui
2306 4041 2438 4096 nihil
2449 4041 2709 4097 habentes
2746 4041 3072 4113 ordinantur,
3114 4052 3163 4095 et
3190 4041 3413 4113 tempore

1841 4111 2164 4183 episcopatus
2204 4111 2293 4164 ’vel
2342 4113 2612 4166 clericatus
2675 4112 2755 4166 sui
2793 4127 2946 4182 agros
2990 4111 3066 4165 rel
3103 4111 3409 4183 quaecunque

1834 4180 2032 4252 praelia
2059 4183 2266 4235 nomine
2289 4196 2382 4252 suo
2409 4188 2728 4252 comparant,
2754 4180 3002 4252 tanquam
3020 4180 3199 4252 rerum
3215 4180 3407 4252 ﬁdenti-

1831 4249 2066 4305 nicarum
2109 4250 2394 4319 inuasionis
2431 4251 2651 4319 crimine
2684 4249 2972 4303 teneantur.
3019 4249 3183 4305 Vetus
3226 4251 3406 4319 itaque

1832 4319 2070 4390 Ecclesia
2103 4319 2177 4390 in_
2202 4318 2402 4390 clerum
2440 4317 2748 4390 coeptabat
2774 4333 2870 4373 eos
2897 4319 2990 4390 qui
3038 4319 3299 4390 omnibus
3319 4317 3408 4374 Ta-

1830 4389 2120 4443 cultatibus
2148 4387 2391 4443 destituti
2419 4387 2590 4443 erant.
2613 4387 2873 4442 Nimirum
2894 4387 3046 4457 juxta
3070 4389 3240 4457 legem
3261 4388 3407 4444 Con-

1829 4459 2458 4541 stantini‘imperatoris,_
2484 4459 2579 4541 qui
2622 4466 2968 4541 eosntantum
2997 4460 3048 4541 in
3087 4459 3403 4514 clericorum

1830 4528 1951 4583 loca
1989 4527 2542 4600 subrogariusancivit
2585 4529 2678 4599 qui
2724 4527 2937 4600 fortuna
2994 4538 3199 4600 tenues.
3227 4545 3405 4600 neque

1829 4598 2138 4668 muneribus
2163 4598 2407 4654 civilibus
2436 4598 2682 4653 tenentur
2703 4599 2965 4664 obstricti,
2982 4599 3049 4666 id
3078 4598 3401 4668 est,quifius

162 4656 323 4740 ἔπορεᾷ
365 4656 691 4740 relinqueret,
713 4679 764 4740 et
789 4656 1014 4740 oliorum
1031 4656 1326 4740 animi.
1358 4656 1727 4738 copiasn'ﬁlio-
1756 4656 1806 4717 D
1827 4682 1936 4740 non
1963 4666 2035 4721 sit
2077 4681 2139 4740 ea
2164 4668 2441 4740 opulentia
2488 4668 2797 4740 facultatum
2832 4656 3243 4740 ψῃωῷυῂιίοέιέ
3278 4668 3399 4723 fun-

163 4748 262 4809 ωτι
287 4738 517 4809 luxuria:
536 4748 688 4809 atque
712 4737 908 4793 deliciis
928 4738 1235 4809 provideret.

224 4803 250 4841 ά
286 4805 343 4861 ιιι
373 4815 477 4872 est,
509 4803 882 4877 qui'stcculum
927 4803 1294 4877 reliquerunt,
1338 4808 1452 4862 sive
1478 4806 1726 4863 monachi

163 4869 271 4946 facti
295 4878 424 4939 sint,
454 4869 569 4931 siv'e
597 4878 649 4931 in
679 4878 824 4933 clero
852 4869 1147 4933 constituti.
1174 4869 1306 4930 Nam
1334 4885 1590 4946 utrosque
1612 4884 1725 4931 tum

163 4944 522 5013 religiosorum
544 4948 807 5003 vocabulo
847 4946 1246 5015 intelligebant,
1278 4947 1353 5000 uti
1383 4944 1724 5015 observatum

165 5022 239 5066 est
258 5016 322 5069 ad
352 5017 547 5087 librum
592 5018 823 5087 primum
865 5016 933 5072 de
969 5016 1368 5087 Gubernatione
1408 5016 1521 5070 Dei.
1555 5014 1724 5087 Porro

165 5086 397 5151 sequenti
424 5082 806 5143 etiam'smculo
826 5087 1105 5155 religiosos
1131 5086 1184 5140 in
1212 5082 1382 5140 Gallia
1420 5094 1601 5140 nostra
1638 5085 1722 5139 di-

163 5158 269 5207 ctos
296 5154 457 5227 fuisse
488 5157 607 5227 illos
634 5158 723 5227 qui
757 5158 811 5227 in
844 5157 1007 5227 clero,
1026 5164 1181 5210 erant
1214 5164 1367 5227 patet
1398 5170 1465 5210 ex
1510 5170 1719 5211 canone

166 5225 389 5293 secundo
413 5226 626 5281 concilii
653 5225 1041 5293 Lugdunensis
1066 5225 1288 5281 secundi
1314 5234 1371 5281 et
1415 5240 1484 5281 ex
1511 5240 1720 5281 canone

166 5289 363 5364 decimo
392 5295 606 5349 concilii
631 5289 801 5364 quinti
829 5294 1160 5351 Parisiensis.

233 5370 256 5397 ⁸
292 5362 431 5436 limo,
461 5361 723 5436 usquead
754 5372 897 5418 tanto
918 5366 1210 5436 inferiores,
1231 5365 1426 5421 desunt
1446 5365 1499 5419 in
1526 5361 1719 5419 codici.

168 5426 257 5500 bus
282 5426 435 5500 regiis
455 5443 510 5489 et
538 5426 589 5489 in
610 5433 939 5490 Colbertino.

237 5498 254 5537 ί
282 5498 517 5559 Julianus
545 5503 820 5559 Pomerius
846 5505 937 5560 lib.
972 5504 1207 5560 secundo
1233 5505 1300 5559 de
1328 5503 1447 5559 Vita
1475 5512 1717 5558 contem-

170 5566 351 5645 plativa
377 5589 496 5643 cap.
524 5573 584 5626 Η
623 5593 635 5625 ;
666 5573 848 5628 Clerici
867 5592 1080 5645 quoque,
1103 5592 1228 5645 quos
1248 5590 1496 5645 pauperes
1509 5581 1596 5645 aut
1625 5588 1709 5645 ro—

171 5638 330 5694 luntas
356 5638 866 5767 mit'nalivitasjecit,
881 5638 1011 5698 cum
1039 5638 1361 5716 perfectione
1376 5644 1573 5698 virtutis
1596 5643 1710 5695 vita:

171 5715 459 5767 necessaria.
489 5715 593 5767 sive
618 5716 672 5767 in
736 5712 931 5767 omibus
955 5716 1077 5767 suis.
1110 5717 1211 5767 sive
1237 5716 1289 5767 in
1319 5713 1710 5767 conureautione

169 5715 459 5787 necessaria.
489 5715 593 5787 sive
618 5716 672 5767 in
700 5712 1077 5787 domibus-suis,
1110 5712 1211 5768 sive
1237 5716 1289 5787 in
1319 5713 1712 5787 congregatione

169 5782 386 5852 virentes,
410 5786 682 5856 accipiunt.
710 5783 788 5839 Ex
808 5785 911 5839 hoc
940 5784 1057 5839 loco
1079 5793 1223 5855 patet
1243 5782 1556 5839 clericorum
1578 5782 1711 5836 alios

1829 4737 2037 4809 otiosos
2074 4736 2325 4809 facillime
2360 4746 2522 4807 queat
2565 4737 2798 4809 tolerare
2840 4736 3007 4809 (Legi
3042 4739 3077 4792 5
3113 4749 3163 4803 et
3209 4739 3242 4792 6
3280 4741 3396 4794 cod.

1831 4805 2085 4890 luendas.
2116 4805 2478 4890 deﬂpiscopis
2515 4817 2585 4890 et;
2599 4805 3191 4890 Clericis):..l.{ationem
3220 4819 3399 4890 autem

1830 4875 1984 4950 istius
2030 4875 2518 4950 constitutionisin
2556 4877 2659 4932 ﬁne
2687 4875 2860 4950 aperit
2885 4879 2968 4935 his
2994 4879 3171 4934 verbis
3205 4896 3218 4932 :
3252 4878 3397 4950 Opu-

1827 4947 1992 5020 lgntos
2013 4947 2148 5020 enim
2168 4945 2345 5020 seaculi
2356 4946 2541 5020 subire
2559 4945 3124 5020 necessitatesoportet,
3148 4945 3396 5020 pauperes

1827 5014 2177 5088 Ecclesiarum
2205 5016 2399 5088 divitiis
2423 5018 2727 5088 sustentari.
2763 5014 3063 5088 Disciplina:
3098 5014 3396 5074 istius'me-

1826 5086 2000 5159 moria
2022 5094 2201 5159 exstat
2223 5086 2386 5159 etiam
2432 5088 2486 5141 in
2513 5087 2763 5159 capitulis
2786 5086 2938 5144 Iesse
2979 5089 3218 5159 episcopi
3259 5088 3391 5143 Am-

1824 5154 1993 5229 bian.,
2023 5170 2141 5225 cap.
2165 5153 2243 5229 6‘:
2276 5154 2457 5229 Sesto,
2489 5165 2543 5210 ut
2570 5153 2838 5229 diligenter
2858 5153 3091 5213 rescia'tis
3110 5153 3225 5229 post
3249 5161 3391 5213 ordi-

1822 5226 2095 5312 nationem
2122 5226 2525 5312 uniuscujusque
2559 5225 2849 5311 presbyteri
2886 5225 3141 5311 quantum
3180 5231 3396 5312 gulisque

1821 5295 2096 5364 profecerit
2116 5296 2172 5347 in
2198 5310 2302 5370 suo.
2318 5295 2603 5351 ministerio
2626 5313 2642 5348 :
2664 5295 2784 5370 quin
2811 5295 2918 5370 qui
2936 5311 3058 5354 ante
3094 5295 3391 5353 ordinatio-

1823 5379 1938 5435 nem
1977 5379 2223 5435 pauperes
2262 5366 2486 5435 fuerunt,
2510 5375 2626 5435 post
2652 5366 3032 5424 ordinationem
3058 5386 3172 5423 vero
3211 5370 3275 5421 de
3312 5385 3394 5421 rc-

1822 5431 1931 5503 bus,
1960 5449 2089 5485 eum
2109 5431 2660 5503 debuerant'lfcclesiis
2693 5441 2898 5503 servire,
2930 5447 3101 5495 enutrit
3145 5436 3243 5492 sibi
3281 5440 3391 5492 ιιιοο

1820 5502 1982 5566 dium,
1997 5509 2112 5577 _etc.
2144 5501 2314 5577 Hodie
2349 5520 2411 5559 ea
2451 5505 2730 5577 disciplina
2753 5501 3027 5564 immutata
3056 5515 3157 5569 est,
3205 5522 3392 5560 nemo-

1820 5586 1924 5639 que
1948 5570 2016 5625 ad
2044 5574 2402 5648 sacerdotium
2424 5570 2778 5648 promovetur
2805 5579 2934 5648 quin
2969 5579 3116 5648 prius
3135 5577 3389 5647 episcOpo

1819 5649 2034 5696 constet
2060 5657 2183 5713 eum
2213 5659 2319 5699 non
2347 5645 2586 5713 indigere
2612 5649 2775 5702 rebus
2818 5645 2885 5702 ad
2913 5645 3077 5702 vitam
3105 5645 3390 5703 commode

1818 5712 2212 5791 transigendam
2236 5712 2573 5791 necessariis,
2606 5726 2661 5773 et
2687 5732 2948 5790 pauperes
2967 5719 3125 5787 vulgo
3153 5733 3261 5774 non
3291 5718 3389 5775 sd-

1816 5783 2097 5839 mittuntur
2124 5783 2174 5838 in
2203 5784 2366 5841 clero.
