3936 6176
527 302 620 358 2H

1462 301 1518 357 S.
1561 301 1877 359 SALVIAA’I
1918 300 2385 359 MASSIIJENSIS
2422 304 2850 363 PRESBYTER!

3693 313 3790 368 2i!

521 427 605 481 tes
628 417 823 488 impios
852 415 1010 470 faciat
1036 431 1154 486 qua:
1201 416 1227 444 ⁸
1254 414 1426 483 magis
1470 415 1590 484 pios
1635 413 1813 473 facere
1848 414 2104 473 deberet?
2135 417 2179 477 Α
2208 416 2334 485 quia
2365 419 2465 474 etsi
2497 434 2625 477 usus
2655 418 2864 474 videtur
2887 418 3086 490 aliquid
3111 420 3333 487 habere,
3361 424 3684 480 conscientia
3707 437 3785 482 ta-

521 507 657 567 l‘lam
685 521 807 569 cum
827 522 923 561 vos
944 504 1066 560 ideo
1095 505 1213 577 plus
1236 504 1540 576 relinquere
1569 519 1638 559 ex
1667 506 1993 577 patrimonio
2024 519 2116 562 ve-

520 606 636 653 stro
660 596 925 665 religiosis
954 593 1075 655 ﬁliis
1100 596 1388 662 deberetis,
1433 604 1493 653 ut
1515 596 1716 667 aliquid
1754 598 1820 654 ad
1851 598 2018 652 Deum
2046 613 2115 653 ex

520 689 863 745 facultatibus
916 689 1110 744 vestris
1163 690 1356 746 saltem
1421 705 1521 760 per
1576 690 1715 745 ﬁlios
1767 690 2111 761 perveniret;

521 780 643 837 ideo
689 781 810 836 ﬁliis
837 796 944 837 non
971 781 1290 851 relinquitis,
1320 798 1389 837 ne
1437 781 1513 836 illi
1566 782 1799 838 habeant
1834 781 1977 852 quod
2002 782 2115 838 Deo

519 875 849 945 relinquant.
904 873 1174 931 Praeclara
1216 875 1470 930 videlicet
1519 875 1729 930 ratione
1774 883 1935 944 atque
1987 890 2116 931 cau-

521 966 629 1027 tela
658 966 898 1027 contenti
925 965 1055 1025 estis
1079 982 1178 1025 vos
1224 964 1365 1022 ﬁlios
1408 982 1517 1025 non
1565 980 1876 1035 agnoscere,
1926 980 1995 1021 ne
2040 965 2116 1020 illi

521 1072 583 1114 se
605 1055 743 1119 ﬁlios
764 1057 859 1112 Dei
881 1072 1000 1113 esse
1020 1064 1377 1127 cognoscant;
1404 1054 1743 1127 magniﬁcam
1765 1062 2117 1127 repensantes

521 1147 800 1205 beneﬁciis
826 1150 997 1205 sacris
1023 1149 1466 1216 vicissitudinem,
1495 1149 1622 1205 dum
1648 1149 1700 1204 id
1728 1149 2116 1205 studiosissime

520 1240 843 1309 procuratis,
867 1256 936 1297 ne
962 1240 1050 1295 vel
1088 1256 1186 1316 per
1212 1249 1421 1305 vestros
1457 1240 1658 1313 aliquid
1687 1241 1861 1297 honor
1895 1240 1992 1295 Dei
2016 1241 2116 1298 ha-

524 1331 653 1386 bere
673 1331 864 1397 possit,
896 1346 1017 1387 eum
1047 1331 1225 1386 omnia
1256 1346 1355 1387 vos
1383 1346 1481 1401 per
1512 1330 1610 1387 Dei
1636 1346 1830 1387 munus
1850 1330 2112 1386 habeatis.

523 1422 633 1477 Cur
675 1436 806 1490 rogo
835 1432 948 1476 tam
991 1420 1301 1489 inﬁdeliter,
1329 1439 1427 1479 cur
1455 1430 1566 1478 tam
1587 1424 1751 1493 impie
1790 1424 1979 1492 agitis?
1998 1423 2115 1478 Non

526 1513 791 1582 exigimus
820 1521 880 1567 ut
904 1520 1085 1568 vestra
1114 1514 1343 1570 Domino
1384 1514 1685 1583 largiamini
1721 1532 1735 1567 :
1766 1514 1967 1584 aliquid
2006 1514 2116 1572 Deo

523 1603 590 1658 de
615 1619 714 1659 suo
743 1602 970 1660 reddite.
1000 1603 1110 1659 Cur
1130 1613 1238 1659 tam
1259 1620 1442 1670 avare,
1466 1621 1563 1662 cur
1592 1614 1702 1660 tam
1734 1606 1897 1676 impie
1922 1606 2117 1675 agitis?

523 1692 641 1748 Non
671 1702 755 1749 est
779 1702 1017 1750 vestrum
1042 1693 1187 1763 quod
1219 1693 1517 1765 denegatis.
1551 1695 1796 1764 Iniquum
1824 1695 1987 1764 igitur
2026 1710 2111 1755 ar-

2223 524 2348 567 inen
2376 525 2485 569 non
2513 511 2692 566 habet.
2724 510 2895 577 Nemo
2922 510 3063 569 enim
3087 521 3268 583 potest
3294 528 3352 568 se
3380 516 3465 570 vel
3489 515 3638 573 brevi
3664 519 3788 576 divi-

2219 608 2327 655 tem
2351 598 2590 668 credere,
2617 602 2710 670 qui
2738 602 2840 658 scit
2866 617 2926 657 se
2950 603 3225 674 proprium
3249 603 3320 658 nil
3346 605 3562 661 habere.

2289 691 2401 749 VII.
2433 692 2573 760 Quid
2623 693 2758 761 agis,
2800 693 3100 750 miserrima
3127 691 3414 750 inﬁdelitas
3432 704 3488 750 et
3506 698 3788 767 paganicae,

2219 792 2278 839 ut
2323 784 2399 841 ita
2438 784 2684 850 dixerim,
2717 784 3139 854 inreligiositatis
3183 787 3374 842 error?
3398 785 3547 843 Itane
3599 797 3793 844 tantum

2218 874 2378 931 odisti
2404 874 2593 940 Deum,
2626 883 2688 929 ut
2725 874 2900 944 possis
2927 874 3093 929 etiam
3122 874 3260 930 ﬁlios
3287 883 3406 930 tuos
3434 876 3504 931 ob
3540 876 3645 932 hoc
3684 888 3797 933 tan~

2219 975 2333 1023 tum
2376 966 2505 1035 quia
2543 965 2611 1020 ad
2641 965 2809 1023 Deum
2854 966 3126 1037 pertinent
3172 983 3282 1022 non
3320 969 3541 1023 amare?
3585 966 3795 1025 Meliore

2219 1057 2364 1113 enim
2409 1057 2719 1114 conditione
2752 1057 2971 1128 quidam
3016 1059 3327 1129 relinquunt
3374 1059 3597 1116 libertos
3646 1076 3791 1126 suos,

2219 1164 2381 1223 quam
2410 1156 2470 1204 tu
2502 1150 2759 1219 relinquis
2789 1150 2927 1206 ﬁlios
2956 1160 3100 1206 tuos.
3131 1150 3189 1205 In
3220 1169 3318 1206 usu
3341 1152 3603 1221 siquidem
3631 1154 3795 1224 quoti-

2218 1240 2380 1299 diano
2410 1248 2492 1297 est
2510 1250 2567 1296 ut
2583 1242 2743 1307 servi,
2776 1243 2875 1299 etsi
2902 1258 3010 1299 non
3035 1244 3271 1314 optima},
3293 1252 3441 1299 certe
3469 1260 3577 1299 non
3608 1244 3794 1316 impro-

2219 1333 2301 1389 ba:
2326 1332 2618 1399 servitutis,
2647 1332 2890 1390 Romana
2916 1349 2948 1389 a
2977 1334 3207 1391 dominis
3235 1334 3481 1391 libertate
3509 1334 3789 1402 donentur;

2221 1428 2274 1481 in
2303 1442 2410 1499 qua
2438 1427 2646 1483 scilicet
2671 1436 2725 1482 et
2751 1429 3138 1498 proprietatem
3166 1427 3362 1498 peculii
3389 1428 3627 1498 capiunt,
3650 1437 3702 1483 et
3716 1429 3793 1499 jus

2221 1520 2680 1574 testamentarium
2707 1528 3146 1590 consequuntur:
3175 1519 3249 1574 ita
3279 1527 3339 1574 ut
3372 1528 3430 1575 et
3461 1520 3701 1575 viventes
3717 1522 3795 1575 cui

2221 1610 2411 1665 volunt
2455 1625 2543 1664 res
2590 1626 2716 1666 suas
2765 1609 3009 1677 tradant,
3061 1618 3116 1664 et
3168 1611 3462 1666 morientes
3516 1611 3798 1668 donatione

2220 1703 2599 1758 transcribant.
2629 1702 2738 1758 Nec
2775 1704 2950 1758 solum
2986 1703 3123 1767 hoc,
3155 1702 3249 1758 sed
3277 1711 3331 1758 et
3352 1703 3441 1757 illa
3465 1718 3586 1773 qua:
3614 1704 3665 1759 in
3690 1719 3798 1760 ser-

523 1787 816 1853 bitramini,
849 1796 911 1844 ut
934 1788 1280 1847 steeularibus
1326 1786 1447 1844 ﬁliis
1493 1788 1774 1857 religiosos
1820 1788 2117 1843 substantia
2153 1779 2193 1834 Β
2223 1796 2394 1851 mute
2448 1797 2613 1866 positi
2658 1797 3089 1867 conquisicram,
3139 1810 3207 1851 ex
3258 1794 3604 1851 dominorum
3647 1795 3796 1851 domo

524 1892 685 1946 pares
709 1892 831 1933 esse
867 1875 1114 1934 faciatis?
1160 1876 1220 1932 Id
1260 1891 1390 1947 ergo
1430 1877 1587 1947 agitis
1615 1887 1675 1933 ut
1719 1878 1979 1948 poeniteat
2024 1893 2119 1934 eos

528 1977 720 2041 coeptae
740 1970 1037 2042 religionis,
1061 1985 1200 2041 quos
1227 1971 1415 2040 religio
1444 1971 1588 2041 apud
1617 1986 1713 2027 vos
1739 1972 1927 2026 fecerit
1953 1972 2121 2028 viles?

527 2061 656 2121 Pius
674 2063 858 2131 itaque
880 2076 947 2117 ac
962 2062 1138 2119 bonus
1159 2062 1435 2130 Dominus,
1461 2064 1624 2137 258
1642 2065 1734 2134 qui
1756 2072 1936 2120 servet
1960 2065 2013 2119 in
2042 2065 2121 2123 eis

524 2154 859 2224 propositum
897 2168 963 2209 ac
1006 2152 1394 2223 professionem
1433 2169 1607 2209 suam.
1641 2153 1926 2222 Cteterum,
1948 2170 2121 2225 quau-

525 2255 640 2301 tum
675 2244 731 2300 in
757 2244 910 2302 vobis
930 2253 1029 2312 est,
1054 2244 1108 2299 id
1136 2244 1293 2314 agitis
1312 2254 1373 2300 ut
1414 2245 1593 2300 smculi
1620 2260 1716 2301 eos
1742 2246 1977 2303 cultores
2002 2261 2120 2303 esse

525 2336 758 2404 faciatis,
784 2336 982 2405 quibus
1018 2336 1305 2392 saaculares
1359 2334 1501 2392 ﬁlios
1546 2337 1849 2394 antelertis.
1872 2336 2013 2404 Quid
2039 2347 2122 2393 est

522 2428 668 2484 enim
701 2426 847 2483 aliud
870 2442 1031 2498 quam
1055 2426 1372 2497 religionem
1415 2428 1761 2495 interdicere,
1791 2429 1861 2485 ob
1899 2429 2117 2499 religio-

523 2536 648 2579 nem
675 2520 951 2591 despectui
971 2520 1209 2576 habere?

598 2613 687 2668 Ἦ.
723 2611 832 2669 Sed
879 2611 1064 2682 iniusti
1103 2610 1339 2667 fortasse
1372 2611 1652 2668 videamur
1673 2621 1897 2669 cunctos
1925 2627 2120 2684 paren-

526 2715 611 2765 tes
629 2705 686 2761 in
708 2705 815 2761 hoc
835 2704 1053 2774 negotio
1076 2703 1357 2774 aequaliter
1384 2703 1685 2759 accusando
1702 2745 1719 2771 ,
1751 2719 1872 2760 cum
1913 2705 2120 2761 scilicet

527 2810 640 2853 non
683 2810 877 2851 omnes
936 2794 1055 2867 pari
1109 2801 1273 2866 agant
1321 2793 1603 2863 iniquitate
1641 2809 1764 2849 cum
1812 2794 1952 2850 ﬁliis.
1982 2793 2119 2850 Sunt

526 2886 694 2952 enim,
742 2884 915 2954 inquit
960 2884 1175 2955 aliquis,
1207 2891 1333 2939 sunt
1369 2899 1441 2939 ex
1482 2884 1793 2955 parentibus
1828 2884 1985 2941 multi
2025 2885 2118 2954 qui

526 2978 761 3050 inqualitas
807 2976 932 3035 ﬁliis
984 2977 1097 3033 suis
1141 2975 1342 3032 faciant
1378 2977 1690 3049 portiones;
1713 2977 1817 3032 nisi
1838 2976 1983 3046 quod
2011 2992 2118 3032 una

524 3079 733 3129 tantum
762 3085 858 3127 eos
884 3069 1197 3126 conditione
1220 3069 1551 3131 discernunt,
1583 3067 1734 3139 quod
1754 3068 1812 3125 in
1838 3068 1923 3124 his
1945 3069 2117 3139 parti-

2222 1890 2415 1947 tollere
2460 1906 2568 1946 non
2622 1900 2889 1945 vetantur.
2939 1886 3171 1945 Tantum
3211 1889 3291 1944 eis
3337 1888 3606 1943 interdum
3641 1889 3797 1957 gratia

2220 1983 2252 2022 1)
2273 1992 2514 2054 patrona:
2542 1984 2878 2051 liberalitatis
2906 1985 3164 2058 impertit,
3192 1992 3252 2039 ut
3277 1984 3440 2038 etiam
3459 1982 3573 2053 iuri
3600 1998 3697 2038 suo
3714 1982 3797 2037 de-

2224 2076 2403 2130 trahat
2424 2075 2569 2146 qnod
2595 2076 2912 2131 libertorum
2937 2076 3181 2132 dominio
3208 2075 3483 2145 largiatur.
3510 2073 3755 2141 Quanto,
3771 2090 3798 2129 ο

2222 2168 2464 2238 quisquis
2481 2167 2570 2223 ille
2591 2183 2650 2223 es
2671 2166 3033 2224 inﬁdelissime
3059 2179 3214 2241 pater
3230 2209 3244 2232 ,
3269 2176 3473 2239 quanto
3503 2166 3707 2223 domini
3734 2168 3798 2223 illi

2220 2262 2412 2323 melius
2440 2276 2562 2317 cum
2584 2260 2791 2317 libertis
2821 2269 2989 2333 agunt
3015 2277 3176 2332 quam
3225 2270 3284 2316 tu
3323 2277 3448 2317 cum
3487 2261 3696 2317 liberis!
3727 2254 3798 2316 Illi

2221 2369 2343 2425 (ιιιω
2384 2354 2603 2421 donant,
2637 2363 2901 2425 perpetuo
2940 2358 3062 2424 iure
3099 2354 3319 2419 donant,
3354 2361 3413 2409 tu
3451 2355 3799 2426 temporario;

2222 2446 2300 2503 illi
2331 2446 2641 2503 testamenti
2668 2444 2901 2501 faciendi
2927 2445 3207 2501 arbitrium
3229 2443 3358 2499 dant
3379 2446 3607 2510 libertis,
3634 2454 3688 2500 tu
3711 2445 3803 2500 tol«

2222 2537 2287 2593 lis
2315 2538 2530 2602 liberis;
2562 2536 2641 2593 illi
2674 2543 2949 2606 postremo
2977 2552 3163 2592 servos
3190 2552 3317 2594 suos
3359 2537 3491 2592 dant
3545 2537 3799 2600 libertati,

2185 2652 2195 2669 ο
2223 2638 2280 2684 ιιι
2307 2629 2462 2699 quasi
2491 2628 2695 2685 addicis
2724 2630 2865 2685 ﬁlios
2892 2629 3155 2684 servituti.
3189 2628 3323 2684 Nam
3368 2629 3495 2698 quid
3543 2642 3629 2684 est
3671 2628 3802 2683 aliud

2221 2734 2382 2789 quam
2420 2720 2667 2775 servituti
2696 2719 2979 2786 addicere,
3017 2734 3155 2790 quos
3181 2735 3289 2775 non
3316 2720 3398 2774 vis
3425 2718 3629 2789 aliquit]
3664 2719 3802 2788 quasi

2220 2811 2482 2879 ingenuos
2534 2810 2861 2881 possidere?
2905 2810 3057 2867 More
3098 2825 3231 2882 ergo
3277 2811 3491 2867 illorum
3522 2812 3691 2868 uteris
3721 2812 3804 2881 qui

2219 2919 2408 2961 servos
2447 2919 2574 2961 suos
2623 2920 2733 2960 non
2761 2904 2902 2960 bene
2948 2905 3016 2959 de
3067 2919 3127 2960 se
3154 2906 3411 2970 meritos,
3438 2905 3569 2976 quia
3597 2904 3808 2961 civitate

2220 2996 2464 3055 Romana
2492 2998 2738 3067 indignos
2760 2998 3024 3069 iudicant,
3049 2998 3182 3068 iugo
3203 2999 3405 3057 Latina:
3431 2999 3695 3055 libertatis
3719 2998 3806 3052 ad-

2219 3087 2405 3145 dieunt
2437 3107 2451 3142 :
2482 3103 2621 3159 quos
2657 3090 2861 3146 scilicet
2902 3089 3093 3160 iubent
3117 3090 3333 3161 quidem
3372 3090 3479 3146 sub
3502 3091 3805 3147 libertorum

525 3162 627 3221 hos
653 3176 776 3234 qum
814 3161 1082 3230 religiosis
1121 3161 1374 3217 videntur
1410 3160 1623 3225 ascribi,
1657 3175 1812 3216 usum
1835 3158 2025 3229 iubent
2050 3159 2119 3217 ad

2226 3142 2399 3241 una
2429 3142 2615 3253 ³εέὶέ
2636 3142 3273 3249 εἶιξεῌιέε,’ξέ‹ι“ιιέξιᾷᾷί
3282 3142 3807 3254 quindenis...

525 3268 642 3318 eos,
665 3252 1054 3324 proprietatem
1100 3252 1170 3307 ad
1207 3252 1343 3308 alios
1397 3252 1689 3323 pertinere.
1739 3249 1811 3306 At
1848 3266 1981 3307 vero
2014 3250 2123 3307 hoc

527 3345 701 3401 multo
750 3352 837 3400 est
879 3342 1034 3415 pejus
1069 3352 1126 3400 et
1167 3342 1455 3400 inﬁdelius.
1479 3342 1883 3399 Tolerabilioris
1918 3343 2121 3417 quippe

528 3438 824 3509 impietatis
868 3452 989 3493 esse
1029 3436 1241 3493 videtur
1286 3451 1411 3492 cum
1435 3435 1771 3507 preprietate
1795 3436 2029 3504 aliquem
2058 3432 2092 3487 ﬁ

530 3527 617 3584 liis
667 3528 783 3585 suis
824 3528 1007 3587 minus
1048 3527 1390 3597 relinquere,
1422 3542 1583 3596 quam
1624 3527 2013 3596 proprietatem
2054 3525 2122 3581 iis

528 3635 710 3677 rerum
740 3621 955 3692 penitus
982 3619 1215 3676 auferre.
1247 3619 1434 3675 Potest
1453 3620 1596 3675 enim
1628 3619 1969 3688 aliquatenus
1991 3618 2120 3673 ferri

530 3712 633 3767 ista
659 3710 919 3776 conditio,
942 3711 987 3765 si
1016 3719 1109 3765 aut
1132 3710 1338 3774 amicis,
1372 3718 1466 3763 aut
1485 3708 1754 3774 afﬁnibus,
1782 3717 1878 3764 aut
1900 3710 2121 3780 propin-

531 3802 652 3873 quis
672 3801 779 3857 hae
794 3801 913 3869 lege
939 3801 1140 3872 aliquid
1160 3801 1514 3871 relinquatur.
1541 3799 1689 3854 Filiis
1708 3815 1838 3857 vero
1870 3801 1965 3870 qui
1991 3817 2120 3872 pro-

529 3891 819 3963 prietatem
848 3905 1027 3946 rerum
1052 3906 1159 3946 non
1187 3890 1403 3956 tribuit,
1436 3891 1515 3945 nil
1537 3890 1810 3961 relinquit.
1841 3890 1950 3946 Sed
1973 3892 2121 3948 inve-

531 3984 617 4039 nit
666 3983 1001 4055 iniquissima
1064 3982 1355 4039 inﬁdelitas
1417 3992 1702 4054 parentum
1761 3983 2034 4056 quomodo
2090 4002 2122 4039 a

532 4076 861 4148 patrimonio
880 4092 987 4133 suo.
1002 4076 1172 4132 Deum
1191 4076 1414 4148 penitus
1444 4076 1784 4143 excluderet,
1816 4077 2123 4149 proprieta-

533 4180 643 4227 tem
670 4184 852 4226 rerum
878 4168 1147 4239 religiosis
1168 4169 1292 4224 ﬁliis
1315 4167 1630 4224 auferendo.
1663 4167 1828 4223 Usum
1852 4169 1999 4224 enim
2039 4168 2123 4223 his

529 4262 694 4326 dedit,
725 4270 786 4317 ut
831 4270 976 4318 esset
1011 4277 1120 4334 quo
1171 4261 1273 4333 ipsi
1304 4263 1579 4329 viverent;
1626 4261 2013 4335 proprietatem
2043 4262 2126 4317 his

531 4353 674 4419 tulit,
705 4360 767 4409 ut
789 4352 936 4423 quod
962 4353 1075 4409 Deo
1111 4353 1483 4425 relinquerent
1508 4369 1617 4407 non
1644 4353 1922 4409 haberent.
1954 4351 2005 4408 0·
2027 4369 2127 4409 ιιο-

531 4460 659 4501 vum
686 4444 1011 4514 inreligiosa:
1029 4444 1227 4499 mentis
1251 4444 1555 4513 ingenium!
1588 4444 1793 4500 invenit
1830 4460 1938 4514 quo
1978 4443 2121 4500 vide-

2221 3277 2534 3335 morientes.
2549 3276 2752 3346 Negato
2773 3276 2917 3333 enim
2935 3276 3019 3333 his
3029 3276 3227 3332 ultimae
3242 3276 3538 3333 voluntatis
3571 3277 3805 3340 arbitrio,

2223 3368 2387 3424 etiam
2414 3382 2535 3438 qua:
2563 3367 2886 3439 supersftites
2914 3368 3133 3434 habent,
3161 3368 3459 3424 morientes
3475 3368 3681 3424 donare
3709 3383 3806 3421 non

2222 3470 2467 3532 possunt.
2486 3463 2649 3533 360
2661 3461 2739 3518 ita
2754 3475 2883 3530 ergo
2904 3468 2961 3517 et
2982 3470 3041 3517 tu
3052 3461 3333 3531 religiosos
3349 3461 3485 3517 (illius
3504 3470 3630 3519 tuos
3653 3460 3797 3530 quasi

2225 3551 2448 3609 Latinos
2466 3550 2626 3621 iubes
2650 3566 2771 3607 esse
2798 3552 3049 3620 libertos;
3083 3559 3142 3607 ut
3185 3552 3369 3608 vivant
3410 3552 3621 3609 scilicet
3665 3552 3806 3622 quasi

2224 3645 2460 3712 ingenui,
2484 3653 2540 3700 et
2557 3644 2857 3700 moriantur
2884 3653 2943 3700 ut
2963 3646 3123 3711 servi,
3148 3644 3324 3714 etiuri
3344 3644 3568 3699 fratrum
3597 3659 3807 3700 suorum

2224 3735 2377 3805 quasi
2403 3750 2503 3806 per
2520 3736 2791 3791 vinculum
2821 3735 3025 3791 Latina:
3044 3736 3309 3791 libertatis
3337 3736 3564 3802 astricti,
3589 3737 3747 3792 etiam
3768 3735 3807 3789 si

2226 3826 2476 3882 videntur
2502 3826 2711 3883 arbitrii
2757 3825 2841 3882 sui
2880 3840 3000 3883 esse
3036 3828 3162 3880 dum
3211 3826 3414 3889 vivunt,
3445 3827 3600 3894 quasi
3628 3826 3726 3883 sub
3753 3824 3811 3877 il-

2226 3917 2404 3972 iorum
2452 3924 2630 3971 tamen
2680 3915 2839 3987 positi
2885 3922 3153 3985 potestate
3181 3915 3496 3970 moriantur.
3531 3914 3669 3982 Quid
3698 3924 3808 3967 tan-

2226 4018 2361 4075 tum,
2412 4024 2619 4081 qumso,
2666 4010 2888 4065 sceleris
2915 4009 2968 4067 in
3012 4008 3167 4065 titulo
3190 4023 3310 4064 esse
3336 4007 3611 4078 religionis
3642 4017 3805 4077 putas.

2228 4109 2288 4155 ut
2316 4100 2437 4156 ideo
2466 4115 2561 4156 eos
2587 4101 2679 4169 qui
2708 4084 2946 4169 religiosi
2967 4088 3094 4156 Sunt
3114 4099 3252 4155 lilios
3276 4107 3398 4155 tuos
3424 4115 3545 4155 esse
3567 4115 3674 4156 non
3696 4113 3808 4154 cre-

2228 4192 2344 4256 das,
2369 4191 2496 4262 quia
2525 4190 2619 4246 ﬁlii
2644 4191 2737 4247 Dei
2756 4205 2876 4247 esse
2894 4190 3209 4261 eruperunt?
3232 4189 3290 4244 lu
3305 4205 3414 4260 quo
3430 4190 3525 4244 tibi
3555 4190 3708 4245 bona:
3724 4204 3809 4241 vo-

2229 4283 2451 4340 luntatis
2471 4285 2621 4356 quasi
2644 4284 2856 4356 piaculo
2876 4283 2957 4339 rei
2980 4283 3106 4339 facti
3124 4292 3268 4347 sunt,
3293 4291 3354 4339 ut
3382 4282 3583 4338 idcirco
3604 4297 3697 4337 eos
3717 4296 3811 4351 pu-

2232 4385 2312 4431 tes
2340 4375 2618 4432 habendos
2641 4391 2763 4433 esse
2787 4375 3001 4446 peiores
3019 4376 3145 4444 quia
3175 4383 3365 4446 optant
3390 4389 3511 4430 esse
3537 4371 3813 4429 meliores?

2302 4467 2435 4522 Vill.
2461 4467 2570 4525 Sed
2597 4468 2793 4532 dicitis,
2823 4481 2934 4522 non
2981 4482 3048 4522 eo
3077 4481 3107 4520 a
3161 4466 3318 4522 vobis
3338 4466 3518 4520 animo
3552 4464 3657 4519 hoc
3686 4463 3765 4531 agi
3796 4478 3810 4513 :

531 4544 684 4633 rei“
710 4533 833 4633 aliis
854 4536 967 4633 δῖξίδ
987 4537 1195 4633 "la-Om
1223 4550 1351 4609 "33
1372 4536 1540 4590 Deum
1564 4552 1670 4633 5}”,
1690 4539 1969 4608 ίωΡίθίδιθ
1988 4555 2121 4593 con’
2155 4521 2213 4580 υ
2229 4562 2378 4633 quod
2408 4578 2571 4617 unum
2612 4569 2694 4616 est
2731 4576 2795 4616 ac
2831 4561 2879 4617 si
2905 4561 3170 4632 quispiam
3193 4559 3338 4616 dicat
3364 4560 3533 4614 malas
3562 4574 3649 4614 res
3678 4557 3813 4611 bono

534 4629 735 4689 solete.
787 4628 938 4686 Fecit
989 4631 1136 4685 enim
1182 4638 1253 4689 ut
1287 4638 1475 4685 sancta
1521 4631 1737 4688 soboles
1766 4649 1918 4688 usum
1946 4649 2126 4689 rerum

532 4719 763 4787 habens,
798 4720 889 4790 ius
931 4737 1112 4783 rerum
1139 4738 1250 4776 non
1288 4722 1511 4788 habens,
1543 4724 1697 4793 quasi
1734 4724 1983 4794 locuples.
2003 4726 2127 4796 qui-

534 4812 656 4867 dem
693 4812 927 4879 viveret,
982 4814 1077 4871 sed
1115 4816 1271 4885 quasi
1317 4815 1563 4873 mendica
1605 4827 1933 4884 moreretur;
1965 4832 2029 4874 ac
2051 4818 2130 4873 sic

536 4912 764 4961 testator
792 4904 1193 4962 inﬁdelissimus
1220 4906 1381 4976 plena
1399 4906 1468 4963 de
1494 4907 1598 4963 hoc
1624 4907 1824 4964 mundo
1846 4908 2016 4978 possit
2043 4925 2129 4965 se-

534 4996 766 5053 curitate
788 4994 1088 5063 discedere,
1118 5012 1240 5055 eum
1268 4998 1432 5055 sciret
1450 4997 1521 5053 de
1544 5014 1644 5054 suo
1672 4998 1743 5055 ad
1762 5000 1930 5055 Deum
1968 5001 2123 5070 peni-

537 5096 625 5141 tus
650 5088 937 5157 pervenire
965 5088 1039 5142 nil
1067 5104 1246 5159 posse.
1279 5089 1536 5157 Quamvis
1582 5089 1637 5145 in
1676 5090 1782 5145 hoc
1828 5090 1946 5160 ipso
1984 5091 2127 5161 quod

534 5194 701 5250 supra
723 5178 868 5247 dixi,
898 5196 998 5252 per
1024 5196 1178 5243 usum
1204 5196 1391 5242 rerum
1416 5180 1651 5252 aliquam
1682 5180 1820 5236 ﬁlios
1848 5183 2129 5251 religiosos

537 5288 702 5343 opum
722 5276 889 5346 259
912 5274 1197 5346 imaginem
1226 5273 1527 5347 possidere,
1556 5290 1629 5327 ne
1653 5274 1761 5331 hoc
1781 5275 1851 5330 sit
1869 5276 2085 5345 quidem
2112 5296 2125 5330 :

2230 4654 2413 4711 animo
2441 4669 2472 4708 a
2498 4670 2557 4711 se
2586 4652 2701 4708 ﬁeri
2720 4660 2778 4707 et
2805 4652 3098 4722 impietatis
3124 4652 3339 4706 facinus
3353 4652 3441 4722 pia
3465 4658 3649 4707 mente
3674 4662 3815 4704 com-

2231 4747 2390 4802 mitti.
2425 4744 2562 4812 Quid
2598 4744 2838 4816 prodest,
2863 4759 2901 4799 o
2919 4742 3351 4801 inhumanissimi
3378 4752 3651 4812 parentes,
3674 4737 3815 4809 quod

2233 4842 2373 4897 ﬁlios
2400 4841 2681 4909 religiosos
2709 4840 2857 4896 bono
2882 4854 2915 4893 a
2952 4839 3104 4893 vobis
3128 4835 3453 4892 debonorari
3484 4836 3664 4891 animo
3685 4847 3819 4887 asse-

2233 4934 2467 4991 veratis?
2494 4932 2603 4989 Res
2621 4933 2735 5002 ipsa
2766 4933 2871 4986 hoc
2891 4931 3116 5001 respuit,
3146 4944 3234 4987 res
3253 4928 3467 4984 refellit.
3512 4925 3709 4981 Parum
3744 4934 3818 4979 est

2235 5026 2379 5096 quod
2405 5025 2563 5081 nudis
2586 5023 2972 5079 assertionibus
2999 5020 3176 5077 dicitis
3200 5038 3212 5072 :
3241 5020 3340 5090 ipsi
3384 5019 3594 5073 actibus
3629 5014 3821 5070 vestris

2233 5128 2421 5176 contra
2446 5136 2544 5174 vos
2573 5126 2739 5174 testes
2768 5115 2916 5171 estis.
2948 5114 3227 5182 indignqu
3257 5126 3388 5182 ergo
3410 5107 3744 5166 arbitramini
3769 5115 3821 5161 ut

2232 5220 2420 5277 sancta
2448 5226 2512 5267 ac
2534 5209 2731 5280 placita
2754 5207 2866 5263 Deo
2894 5205 3121 5276 pignora
3162 5202 3283 5258 ﬁliis
3311 5202 3512 5258 mundo
3544 5198 3821 5255 servienti-

2233 5305 2333 5360 bus
2357 5299 2776 5374 comparentur?
2821 5297 3019 5353 Ver-um
3051 5303 3152 5362 est,
3192 5301 3248 5350 et
3276 5294 3414 5349 bene
3440 5292 3775 5349 arbitramini
3806 5306 3819 5341 :

1725 5410 2063 5471 STEPHANI
2100 5415 2374 5473 BALUZlI
2410 5415 2617 5472 NOTAE
2629 5456 2641 5469 .

613 5515 653 5579 ᾗ
677 5505 797 5562 Vox
825 5508 999 5579 magis
1015 5506 1170 5561 deest
1196 5505 1250 5559 in
1273 5503 1561 5558 recentiori
1588 5504 1772 5560 codice
1797 5505 1947 5573 regio
1980 5515 2036 5562 et
2072 5509 2128 5564 in

543 5576 871 5633 Colbertiuo.
914 5576 928 5579 ⁷
1570 5625 1580 5634 ,

611 5647 638 5684 b
672 5648 840 5718 Antea
871 5648 1145 5713 legebatur
1188 5664 1200 5697 :
1251 5647 1477 5718 Tantum
1525 5647 1601 5698 eis
1632 5646 1893 5718 interdum
1942 5650 2127 5718 gratia'

546 5720 749 5787 patroni
776 5717 1060 5771 liberalitas
1102 5719 1347 5785 impertit.
1392 5717 1497 5772 Sed
1530 5717 1666 5771 hanc
1709 5717 1994 5793 lectionem
2036 5736 2122 5774 re-

784 5938 823 5963 Χ

2236 5510 2534 5581 spuendam
2582 5525 2727 5565 nunc
2755 5521 2875 5563 esse
2911 5507 3240 5569 censuimus,
3269 5502 3399 5572 quia
3438 5501 3653 5558 codices
3691 5499 3823 5623 regii

2237 5591 2287 5623 ιιι
2318 5581 2665 5623 nnlhartinnc
2708 5592 2918 5623 summa
2940 5591 3209 5623 consensu
3241 5574 3444 5623 habent
3472 5583 3717 5623 namus
3804 5598 3820 5607 -

2237 5574 2292 5637 et
2318 5581 2665 5637 Colbertinus
2708 5592 2918 5634 summo
2940 5591 3210 5633 consensu
3241 5574 3444 5631 habent
3470 5583 3717 5644 patrona
3752 5574 3820 5623 li-

2237 5651 2538 5707 bcralitrztis.
