3936 6176
200 302 290 358 213

1311 294 1671 351 ADVERSUS
1713 293 2087 348 AVARITIAM
2128 293 2252 348 LIB.
2293 291 2378 348 Ill.

3347 292 3445 349 ΞΝ

196 417 234 473 si
264 423 436 468 tamen
465 409 685 464 arbitrio
709 409 811 464 isto
832 405 975 476 juste
1003 414 1056 461 et
1080 407 1131 460 in
1153 407 1420 461 diversum
1441 407 1754 472 uteremini;
1786 408 1832 468 Α
1863 405 2014 460 vobis
2040 405 2236 461 debere
2261 420 2380 460 esse
2409 402 2538 460 dicit
2564 405 2656 473 qui
2684 403 2817 460 viles
2856 403 3033 460 facere
3073 405 3338 460 conatur?
3367 403 3444 462 Ac

197 506 241 560 id
268 513 362 567 est,
393 510 452 556 ut
475 498 860 569 comparandos
883 497 1038 552 bonis
1069 497 1188 550 ﬁliis
1213 499 1404 560 malos,
1434 505 1489 552 et
1509 506 1758 566 peccato-

197 612 272 651 res
294 592 486 649 sanctis
513 607 618 646 non
651 590 930 659 putaretis,
963 598 1018 643 et
1046 589 1137 658 qui
1179 588 1318 657 apud
1356 588 1524 642 Deum
1554 589 1664 642 vita
1694 604 1758 643 ac

197 687 390 740 meritis
429 683 832 743 antecellerent,
892 680 1051 734 iidem
1104 680 1244 750 apud
1274 695 1367 734 vos
1396 680 1565 747 gratia
1594 688 1756 748 atque

198 777 384 832 honore
427 780 761 842 superarent.
816 770 954 836 Quid
1003 771 1145 824 enim
1184 772 1401 836 rectius,
1431 771 1556 838 quid
1585 770 1755 837 magis

198 867 372 934 iustum
397 878 560 932 quam
587 871 647 916 ut
669 863 761 930 qui
785 862 1036 916 meliores
1063 869 1204 925 sunt,
1225 861 1384 915 iidem
1405 861 1565 915 etiam
1591 861 1756 915 hono-

199 956 405 1010 ratiores
431 961 640 1019 essent;
671 953 760 1024 qui
787 953 1007 1007 vincunt
1029 951 1259 1020 judicio,
1292 951 1451 1005 iidem
1480 952 1755 1006 vincerent

196 1047 426 1117 praemio;
457 1054 513 1100 et
538 1045 628 1115 qui
678 1044 938 1097 antistant
968 1044 1020 1096 in
1052 1041 1344 1110 Evangelio
1387 1054 1561 1105 sacro,
1595 1041 1754 1095 iidem

195 1152 386 1206 quoque
421 1137 477 1190 in
523 1142 846 1190 testamento
885 1134 1122 1188 humano
1171 1134 1518 1197 antistarent,
1561 1141 1614 1188 et
1653 1134 1754 1189 hac

193 1230 362 1284 saltem
399 1241 458 1282 re
498 1226 852 1282 concordaret
887 1241 1007 1281 cum
1040 1226 1312 1280 voluntate
1331 1224 1528 1279 Christi
1557 1241 1752 1294 paren-

193 1326 288 1375 tum
331 1319 503 1388 pietas
545 1332 609 1372 ac
662 1317 942 1381 voluntas,
973 1325 1033 1370 ut
1053 1331 1189 1385 quos
1217 1317 1357 1371 Deus
1377 1317 1756 1385 praeposuisset

192 1409 455 1472 electione,
477 1408 699 1464 eosdem
721 1409 883 1462 etiam
899 1413 1150 1477 parentes
1177 1413 1566 1478 anteponerent
1590 1408 1756 1476 digni-

193 1501 316 1553 tate?
334 1499 435 1554 Sed
465 1516 577 1554 non
609 1500 780 1554 solum
810 1500 916 1554 hoc
943 1516 1051 1554 non
1075 1500 1267 1569 agitur,
1297 1501 1453 1570 261
1475 1499 1568 1555 sed
1593 1501 1646 1554 in
1667 1501 1750 1556 di-

191 1605 378 1645 versum
442 1591 629 1644 omnia
697 1598 942 1658 aguntur.
993 1588 1146 1645 Puris
1191 1591 1333 1644 enim
1378 1591 1754 1646 commaculati

188 1687 571 1749 put-ponuntur,
605 1679 846 1734 ﬁdelibus
867 1679 1035 1750 impii,
1065 1689 1448 1750 prmponuntur
1471 1681 1658 1735 lumini
1681 1689 1755 1736 te-

1861 511 1960 565 per
1985 497 2090 552 hoc
2113 497 2415 564 quicunque
2443 497 2649 554 animas
2673 511 2797 550 suas
2825 495 3104 564 negligant
3125 534 3140 559 ,
3171 495 3334 550 etiam
3362 494 3444 548 in-

1857 588 1936 643 fra
1972 589 2232 658 judicium
2275 588 2476 643 diaboli
2529 603 2588 642 se
2642 595 2844 642 amant.
2871 589 3030 658 262
3058 585 3188 654 Quae
3217 601 3339 643 cum
3367 587 3460 643 ita'

1859 683 1986 746 sint,
2015 682 2194 736 videte
2225 697 2339 746 vos,
2371 682 2464 748 qui
2491 681 2694 750 putatis
2730 680 3010 748 religiosos
3063 680 3306 736 homines
3334 696 3442 737 non

1858 773 2056 826 habere
2102 772 2294 841 quibus
2339 772 2648 840 relinquant
2672 771 3026 826 substantiam
3059 785 3230 836 suam,
3261 771 3442 826 videte

1854 860 1940 914 vel
1967 860 2117 928 juxta
2148 860 2348 914 diaboli
2395 861 2725 930 Opinionem,
2755 860 2936 914 videte
2962 859 3008 912 si
3054 875 3163 915 non
3217 860 3439 928 habent,

1854 952 1946 1022 qui
1974 952 2182 1020 seipsos
2209 953 2427 1006 habent.

1908 1041 1992 1115 ¹Χ.
2028 1041 2286 1097 Sufﬁcere
2306 1042 2523 1112 quidem
2551 1043 2617 1096 ad
2651 1043 2791 1097 hanc
2818 1043 3019 1112 negotii
3046 1041 3349 1111 portionem
3374 1041 3442 1097 de

1855 1147 1961 1202 qua
1990 1149 2132 1187 nunc
2158 1133 2352 1200 agitur,
2393 1132 2508 1187 haec
2543 1147 2662 1200 quae
2711 1133 2825 1201 jam
2866 1133 3099 1187 diximus
3125 1133 3256 1187 satis
3294 1131 3437 1188 arbi-

1856 1232 2001 1290 tror;
2025 1221 2051 1260 d
2085 1224 2135 1277 id
2164 1231 2264 1289 est,
2296 1223 2441 1291 quod
2469 1237 2781 1292 praeponere
2804 1223 3171 1292 vitam,spem,
3189 1221 3438 1276 salutem-

1855 1330 1960 1385 que
1986 1323 2221 1368 vestram
2251 1315 2456 1370 cunctis
2501 1315 2722 1370 omnino
2773 1315 2934 1369 rebus
2972 1323 3132 1384 atque
3162 1312 3438 1368 all‘ectibus

1854 1406 2112 1460 debeatis.
2146 1404 2253 1459 Sed
2281 1405 2490 1460 ostendi
2515 1405 2570 1460 id
2595 1405 2748 1460 vobis
2776 1405 2997 1460 forsitan
3035 1421 3142 1460 non
3171 1405 3299 1460 solis
3326 1405 3436 1458 vir-

1856 1496 2057 1550 tutibus
2080 1511 2280 1560 rerum,
2312 1496 2404 1550 sed
2428 1495 2590 1550 etiam
2625 1496 3031 1550 auctoritatibus
3070 1495 3435 1565 exemplorum

1854 1587 2189 1643 desideratis.
2224 1588 2433 1644 Possim
2472 1588 2688 1657 quidem
2722 1588 2902 1642 dicere
2946 1588 3150 1657 majora
3179 1587 3435 1656 exemplis

1856 1677 2104 1734 omnibus
2142 1679 2238 1733 Dei
2283 1689 2304 1716 ο
2337 1695 2456 1734 esse
2497 1679 2771 1741 mandata,
2799 1679 3086 1733 clamantia
3114 1679 3353 1747 quotidie
3383 1679 3435 1732 in

186 1771 361 1834 tnebrae,
411 1771 746 1841 praeponitur
794 1782 937 1825 terra
984 1771 1142 1836 caelo,
1173 1772 1503 1840 praeponitur
1522 1773 1751 1826 mundus
1783 1783 1830 1841 Β
1855 1768 2001 1823 omni
2030 1770 2230 1823 mundo
2264 1787 2276 1822 :
2305 1767 2482 1822 Nolite
2503 1770 2852 1822 thesaurizare
2884 1767 3021 1822 vobis
3064 1769 3326 1824 thesauros
3381 1770 3434 1822 in

185 1859 280 1915 Deo
310 1880 322 1913 :
354 1869 407 1914 et
448 1877 712 1916 evasuros
749 1877 807 1916 se
848 1861 1152 1930 huiusmodi
1181 1871 1434 1931 parentes
1453 1864 1537 1917 vel
1568 1864 1618 1916 in
1649 1864 1753 1918 hoc

186 1953 287 2007 solo
309 1952 570 2021 judicium
602 1953 696 2008 Dei
722 1952 1007 2018 aestimant,
1039 1955 1130 2024 qui
1154 1951 1355 2008 cultum
1381 1953 1474 2008 Dei
1496 1962 1552 2008 ct
1578 1954 1751 2023 digni-

186 2048 329 2097 tatem
355 2042 552 2111 judicii
580 2045 661 2097 sui
685 2043 999 2112 indignitate
1027 2045 1382 2100 conculcant?

241 2132 323 2189 IX.
341 2135 446 2191 Sed
468 2135 721 2191 videlicet
745 2152 852 2190 non
871 2143 1182 2207 contemptu
1193 2137 1285 2191 Dei
1306 2138 1490 2192 dicunt
1505 2151 1754 2207 parentes

186 2227 282 2282 hate
305 2242 333 2280 a
361 2242 420 2282 se
452 2227 594 2292 ﬁeri,
628 2228 722 2282 sed
744 2243 907 2282 causa
932 2237 1093 2298 atque
1112 2229 1342 2283 ratione.
1361 2229 1566 2295 Quibus
1587 2231 1748 2296 enim,

187 2317 423 2386 inquiunt,
437 2318 687 2373 relictam
701 2318 1050 2373 substantiam
1064 2319 1300 2374 relicturi
1316 2328 1438 2374 sunt
1456 2329 1478 2354 ⁸
1495 2318 1631 2375 ﬁlios
1645 2337 1752 2376 non

187 2407 420 2465 habentes
430 2410 456 2463 ἲ
470 2409 659 2465 Dicam
671 2411 864 2479 quibus
881 2428 892 2463 :
922 2425 1021 2465 nec
1029 2411 1322 2467 nominabo
1338 2427 1432 2467 eos
1445 2427 1580 2481 quos
1591 2429 1752 2485 supra

183 2500 294 2567 dixi,
313 2515 587 2572 pauperes
614 2501 730 2566 Dei,
757 2516 860 2556 non
890 2502 1112 2567 alienos,
1131 2511 1225 2558 aut
1252 2503 1410 2572 longe
1430 2505 1653 2574 positos,
1683 2521 1754 2561 ne

184 2591 349 2647 durum
361 2593 824 2647 autinhumanum
845 2593 984 2648 forte
994 2593 1258 2650 videatur.
1273 2595 1398 2650 illos
1411 2596 1532 2650 dico
1560 2597 1752 2652 charos

182 2691 228 2738 et
248 2683 568 2749 individuus,
601 2691 657 2738 et
675 2698 812 2752 quos
838 2693 984 2739 recte
1009 2685 1171 2739 etiam
1193 2701 1290 2740 vos
1318 2687 1413 2754 qui
1438 2687 1636 2742 multas
1663 2702 1752 2742 so-

183 2776 316 2831 boles
341 2775 580 2842 habetis,
614 2774 736 2829 ﬁliis
759 2775 1053 2829 antefertis.
1078 2775 1225 2844 ipsos
1252 2791 1329 2841 se,
1363 2777 1610 2845 inquam,
1648 2779 1750 2833 ho-

182 2865 350 2932 mines,
399 2883 434 2923 o
495 2867 855 2922 inﬁdelissimi
901 2875 1170 2937 parentes,
1218 2867 1364 2937 ipsos
1400 2883 1478 2934 se,
1509 2868 1747 2938 inquam,

183 2954 400 3014 dicimus.
416 2958 676 3029 Nunquid
697 2966 876 3028 potest
891 2957 1110 3012 cuilibet
1129 2958 1418 3028 quidquam
1434 2959 1613 3029 seipse
1633 2975 1754 3030 pro-

184 3047 305 3118 pius,
325 3050 573 3119 nunquid
593 3050 809 3105 charius
837 3049 1102 3104 inveniri?
1129 3048 1292 3104 Suam
1330 3050 1618 3121 unicuique
1657 3065 1750 3107 ve-

1856 1864 1992 1910 terra
2048 1873 2066 1909 :
2117 1858 2460 1912 thesaurizate
2506 1867 2674 1911 autem
2721 1857 2858 1912 vobis
2909 1858 3172 1912 thesauros
3218 1861 3271 1912 in
3313 1860 3435 1913 calo

1855 1947 2068 2020 (Matth.
2095 1966 2163 2016 v1,
2184 1947 2268 2015 l9,
2290 1949 2400 2020 20).
2416 1948 2484 2002 Et
2509 1949 2634 2003 alibi
2662 1968 2674 2001 :
2701 1947 3026 2022 Quazcunque
3046 1950 3195 2004 homo
3217 1951 3435 2004 semina-

1852 2047 1995 2110 verit,
2030 2044 2140 2099 haec
2183 2053 2231 2097 et
2268 2053 2422 2098 metet
2461 2041 2611 2114 (Gal.
2638 2060 2706 2107 vi,
2734 2044 2817 2113 8).
2853 2043 2982 2109 Qua:
3013 2044 3196 2113 utique
3226 2051 3335 2098 tam
3370 2043 3435 2098 ad

1853 2136 2038 2190 mundi
2085 2137 2332 2190 homines
2383 2150 2542 2204 quam
2569 2135 2634 2188 ad
2683 2135 2796 2200 Dei,
2830 2145 2938 2190 tam
2965 2136 3031 2191 ad
3058 2151 3154 2190 eos
3180 2135 3272 2204 qui
3302 2134 3436 2190 ﬁlios

1851 2229 2051 2284 habent
2089 2243 2251 2299 quam
2297 2227 2365 2281 ad
2402 2243 2496 2283 eos
2530 2227 2640 2296 qui-
2669 2242 2776 2281 non
2814 2227 3032 2292 habent,
3062 2242 3216 2295 .eque
3267 2227 3436 2297 perti-

1854 2328 2013 2387 nent;
2037 2322 2160 2390 quia
2178 2335 2298 2376 cum
2323 2320 2485 2374 vitam
2515 2328 2768 2375 aeternam
2787 2321 2966 2376 cuncti
2991 2319 3295 2375 desiderent
3314 2335 3437 2390 pos-

1852 2412 2065 2476 sidere,
2136 2427 2243 2466 non
2305 2421 2388 2467 est
2455 2409 2720 2475 dubium,
2770 2411 2862 2466 ubi
2911 2426 3010 2482 par
3063 2411 3436 2466 universorum

1852 2512 2039 2559 votum
2061 2511 2142 2558 est
2163 2502 2230 2557 ad
2257 2503 2591 2568 habendum,
2620 2516 2806 2572 parem
2834 2515 2953 2556 esse
2979 2516 3163 2556 curam
3189 2500 3436 2556 omnibus

1853 2595 1920 2650 ad
1948 2595 2365 2666 promerendum
2389 2611 2404 2660 ;
2445 2609 2548 2650 nec
2587 2593 2847 2649 interesse
2873 2593 2940 2648 ad
2968 2593 3265 2662 augendam
3298 2592 3437 2648 divi-

1853 2701 2046 2740 norum
2073 2687 2361 2741 verborum
2386 2686 2784 2750 auctoritatem,
2810 2683 3066 2755 impleant
3086 2699 3148 2740 ea
3170 2685 3436 2748 homines,

1854 2792 1922 2830 an
1944 2792 2050 2831 non
2088 2775 2376 2846 impleant;
2417 2776 2544 2845 quia
2582 2775 2835 2830 virtutem
2876 2789 3067 2830 eorum
3112 2791 3180 2829 ex
3227 2775 3437 2830 Domini

1853 2878 2062 2924 certum
2091 2876 2175 2925 θεῖ
2200 2878 2453 2926 constare
2474 2883 2705 2939 persona
2729 2910 2744 2934 ,
2773 2884 2880 2924 non
2909 2884 2976 2924 ex
3003 2883 3282 2924 servorum
3311 2870 3438 2926 obe-

1853 2959 2055 3014 dientia
2089 2978 2103 3014 :
2134 2975 2236 3016 nec
2287 2959 2410 3015 addi
2457 2961 2535 3015 eis
2565 2975 2666 3018 nec
2704 2959 2964 3016 decedere
2989 2961 3190 3032 aliquid
3221 2976 3315 3034 per
3343 2978 3439 3018 nos

1851 3058 2052 3120 potest,
2085 3065 2312 3120 quorum
2352 3051 2528 3106 honor
2569 3066 2668 3121 per
2715 3057 2990 3106 auctorem
3029 3052 3197 3105 Deum
3228 3067 3437 3123 semper

181 3145 327 3194 stram
354 3141 616 3205 animam,
647 3155 800 3195 suam
839 3141 1088 3206 salutem,
1117 3155 1267 3195 suam
1295 3155 1447 3210 spem
1473 3157 1750 3196 commen-
1777 3159 1824 3222 α
1853 3143 2076 3212 aequalis
2099 3152 2200 3198 est.
2232 3142 2337 3198 Sed
2369 3150 2546 3198 tamen
2571 3143 2616 3197 si
2636 3142 2874 3212 adjuvari
2900 3157 2960 3197 se
2987 3143 3151 3196 etiam
3179 3143 3438 3213 exemplis

181 3229 362 3286 damus.
387 3230 455 3285 Et
480 3232 611 3301 pios
640 3247 736 3286 vos
755 3246 874 3286 esse
897 3231 1095 3297 dicitis,
1126 3230 1153 3270 ιι
1173 3233 1298 3300 quia
1329 3228 1467 3287 ﬁlios
1493 3231 1750 3300 diligitis?

183 3319 298 3377 Nihil
325 3323 482 3394 plane
520 3322 704 3378 durius
731 3322 904 3387 vobis,
926 3323 1061 3376 nihil
1088 3322 1446 3389 inhumanius,
1477 3323 1609 3378 nihil
1640 3333 1748 3378 tam

183 3411 348 3479 ferum,
379 3415 523 3470 nihil
548 3424 656 3470 tam
685 3417 908 3485 impium
932 3416 1037 3470 dici
1064 3422 1274 3486 potest,
1299 3431 1329 3469 a
1358 3416 1550 3484 quibus
1576 3417 1748 3485 impe-

185 3506 290 3558 trari
316 3507 547 3561 omnino
572 3522 682 3561 non
709 3514 888 3576 potest
908 3514 968 3561 ut
995 3519 1092 3562 vos
1117 3507 1264 3577 ipsos
1288 3508 1496 3562 ametis.
1529 3506 1744 3574 Pellem,

183 3589 329 3662 inquit
353 3596 608 3652 diabolus
635 3597 690 3650 in
719 3595 1010 3666 Scripturis
1035 3597 1204 3653 sacris
1226 3636 1242 3663 ,
1273 3597 1457 3668 pellem
1483 3613 1578 3667 pro
1615 3598 1764 3667 pelle,

182 3692 219 3736 tt
241 3696 407 3742 cuncta
435 3704 561 3760 qua:
588 3686 738 3741 habet
758 3689 910 3743 homo
937 3687 1079 3744 dabit
1097 3706 1192 3758 pro
1233 3690 1409 3742 anima
1436 3706 1532 3744 sua
1583 3688 1740 3761 (Job.

181 3788 225 3836 ιι,
251 3773 318 3848 4).
349 3777 768 3835 Dilectissimam
797 3794 916 3834 esse
935 3780 1167 3833 animam
1185 3795 1336 3835 suam
1356 3780 1559 3835 homini
1581 3781 1743 3836 etiam

181 3863 396 3922 diabolus
422 3885 541 3923 non
571 3871 811 3938 negavit;
843 3879 896 3924 ct
931 3870 1024 3938 qui
1064 3878 1310 3926 avertere
1339 3873 1558 3926 omnino
1607 3889 1742 3926 cun-

181 3963 278 4011 ctos
304 3959 366 4012 ab
387 3959 589 4014 aﬂectu
611 3961 909 4015 animarum
931 3977 1148 4016 suarum
1174 3964 1380 4028 nititur,
1398 3964 1540 4018 idem
1564 3972 1741 4020 tamen

180 4045 493 4105 charissimas
527 4067 646 4108 esse
673 4053 870 4108 debere
899 4064 921 4092 ο
951 4054 1158 4109 cunctis
1187 4057 1392 4110 animas
1433 4057 1738 4112 confitetur.

181 4135 291 4201 Quis
315 4155 438 4209 ergo
469 4143 626 4198 furor
655 4151 755 4208 est,
788 4144 921 4199 viles
940 4159 970 4198 a
995 4145 1151 4200 vobis
1178 4147 1384 4201 animas
1417 4156 1621 4202 vestras
1640 4149 1740 4202 ha-

181 4227 276 4295 beri
295 4273 309 4298 ,
331 4249 462 4302 quas
505 4236 670 4288 etiam
699 4235 945 4291 diabolus
972 4245 1126 4306 putat
1144 4252 1262 4293 esse
1283 4239 1586 4308 pretiosas?
1613 4239 1742 4306 Quis
1769 4288 1772 4290 γ

183 4316 310 4375 furor
343 4333 440 4391 est,
471 4325 614 4380 viles
641 4341 672 4379 a
695 4327 844 4381 vobis
873 4327 1058 4382 haberi
1085 4342 1221 4397 quas
1243 4329 1404 4383 etiam
1434 4330 1523 4385 ille
1550 4332 1742 4386 charas

1854 3233 2134 3290 hominum
2159 3234 2396 3290 humana
2421 3243 2577 3305 Optat
2606 3233 2910 3300 inﬁrmitas,
2941 3235 3147 3290 scilicet
3174 3249 3283 3304 quo
3305 3234 3438 3290 faci-

1853 3327 1956 3383 lius
2002 3329 2167 3382 etiam
2209 3327 2325 3398 ipsa
2374 3344 2516 3384 nunc
2561 3327 2722 3383 faciat
2749 3343 2869 3398 quae
2919 3329 3056 3383 alios
3095 3327 3286 3384 fecisse
3312 3338 3437 3384 ante

1849 3429 2157 3491 cognoscat,
2190 3421 2523 3477 ostendimus
2549 3423 2725 3492 primo
2753 3423 2890 3477 libro
2931 3421 2948 3460 τ
2978 3422 3094 3477 haec
3121 3436 3240 3490 qum
3269 3421 3432 3476 etiam

1853 3528 1998 3568 nunc
2041 3513 2110 3568 ab
2149 3513 2438 3582 aliquantis
2468 3511 2667 3568 Christi
2716 3513 3074 3568 imitatoribus
3113 3511 3274 3578 ﬁunt,
3325 3529 3432 3566 non

1850 3603 2214 3670 mediocriter,
2237 3603 2332 3659 sed
2361 3603 2728 3669 abundanter;
2761 3617 2861 3658 nec
2887 3618 2916 3656 a
2948 3601 3307 3672 paucissimis,
3339 3601 3434 3656 sed

1847 3709 1880 3749 a
1903 3693 2148 3765 populis;
2179 3707 2280 3750 nec
2298 3694 2365 3748 ab
2386 3693 2791 3762 antiquissimis,
2815 3693 2910 3748 sed
2939 3709 3075 3763 pene
3104 3709 3135 3748 a
3167 3693 3433 3748 recentis-

1847 3789 2004 3844 simis
2025 3801 2200 3858 nuper
2222 3802 2343 3843 esse
2369 3787 2657 3858 completa.
2687 3787 2848 3858 263
2879 3785 3014 3852 Quid
3054 3787 3197 3841 enim
3227 3786 3352 3842 novi
3379 3793 3434 3840 et

1847 3880 2022 3934 adhuc
2058 3893 2228 3949 prope
2255 3879 2310 3932 in
2339 3878 2510 3934 oculis
2547 3879 2826 3932 constituti
2867 3878 3234 3947 apostolorum
3269 3879 3433 3932 Actus

1846 3969 2169 4039 loquuntur?
2200 3964 2410 4030 Omnes,
2443 3970 2689 4038 inquam,
2731 3971 2816 4040 qui
2845 3969 3146 4033 credebant,
3180 3967 3435 4022 habebant
3463 4001 3474 4010 ι

1847 4064 1902 4115 in
1931 4078 2088 4115 unum
2130 4063 2307 4115 omnia
2349 4063 2639 4116 communia
2670 4061 2819 4131 (Act.
2847 4078 2902 4125 ιι,
2935 4061 3058 4130 44).
3095 4061 3161 4114 Ει
3187 4062 3380 4115 iterum
3413 4079 3426 4111 :

1850 4151 2034 4206 Gratia
2071 4169 2269 4224 quoque
2304 4167 2496 4220 magna
2533 4155 2722 4206 eratin
2748 4153 2854 4206 illis
2879 4153 3150 4208 omnibus:
3182 4170 3272 4208 nec
3291 4155 3432 4207 enim

1847 4243 2114 4314 quisquam
2143 4259 2295 4313 egens
2325 4253 2436 4296 erat
2462 4244 2597 4296 inter
2627 4243 2763 4297 illos.
2812 4241 3110 4314 Quicunque
3147 4245 3283 4296 enim
3312 4261 3432 4313 pos-

1847 4351 2070 4390 sessores
2096 4335 2407 4404 prwdiorum
2436 4352 2496 4388 ac
2518 4335 2782 4389 domorum
2803 4343 2968 4401 erant,
3000 4334 3274 4390 uendentes
3302 4335 3433 4404 affe-

1323 4438 1654 4495 STEPHANI
1692 4439 1962 4497 BALUZII
2001 4443 2228 4498 NOTJE.

243 4526 431 4606 {Hinc
455 4545 594 4606 ergo
616 4536 763 4606 patet
806 4531 971 4606 fuisse
1021 4541 1132 4586 tum
1179 4547 1350 4601 genus
1380 4535 1660 4591 hominum
1687 4537 1738 4588 in
1769 4537 1819 4597 D
1846 4537 2051 4592 dicibns
2075 4540 2234 4606 regiis
2263 4543 2316 4593 et
2338 4542 2388 4594 in
2419 4539 2751 4598 Colbertino.

182 4591 394 4676 Ecclesia
421 4591 726 4676 quiviilicris
755 4618 859 4656 non
890 4603 1090 4676 dabant
1113 4591 1356 4676 OpEram,
1377 4613 1432 4658 et
1459 4618 1596 4673 quos
1617 4622 1742 4676 pro-

183 4664 267 4719 lem
294 4684 394 4722 non
437 4664 716 4725 habituros
744 4673 1026 4726 constabat
1065 4664 1245 4727 staiim
1275 4664 1353 4729 ac'
1379 4664 1584 4729 cerium
1618 4664 1742 4730 vita:

181 4747 325 4799 genus
353 4740 745 4808 proﬁtebantur
791 4744 932 4810 quod
987 4753 1096 4796 tum
1146 4745 1197 4797 in
1228 4759 1326 4797 usu
1370 4752 1504 4799 erat.
1539 4744 1597 4799 ln
1639 4747 1741 4801 hoc

183 4819 384 4875 numero
430 4820 588 4864 erant
627 4812 829 4875 clerici,
888 4813 1136 4866 monachi
1187 4823 1241 4867 et
1279 4816 1737 4870 sanctimoniales’.

185 4869 314 4955 Unde
340 4895 553 4955 rursum
582 4869 852 4955 colligitur
872 4884 1224 4955 vehementer
1253 4899 1435 4939 errare
1475 4869 1734 4955 Baleumi,

183 4950 257 5010 qui
307 4950 476 5002 caelibi
506 4952 631 5005 vitae
680 4952 943 5006 intonavit
992 4954 1317 5010 auctoritate
1371 4971 1440 5010 ex
1485 4954 1740 5010 Salviano

182 5026 388 5094 fgmpta,
429 5020 510 5073 uti
549 5021 753 5094 dictum
784 5030 1054 5094 estsupra
1085 5025 1138 5078 in
1168 5024 1310 5079 notis
1351 5025 1418 5078 ad
1446 5039 1569 5094 pag.
1614 5025 1732 5094 109.

185 5079 518 5162 [lieronvmus
566 5091 782 5162 inlibro
829 5079 1086 5148 adversus
1133 5079 1479 5162 Vigilantium
1518 5079 1548 5146 ’ἶ
1602 5093 1739 5158 Quid

181 5151 605 5236 facient'Orientis
628 5159 891 5236 Ecclesiae,
925 5164 1048 5236 quid
1069 5151 1306 5235 Egyvpti,
1349 5176 1399 5218 et
1437 5164 1572 5218 sedis
1597 5151 1739 5236 Ᾰρο-

180 5224 372 5291 slolictz,
406 5245 528 5304 qua;
551 5239 638 5282 aut
660 5224 886 5304 virgines
915 5224 1131 5288 clericos
1148 5224 1424 5304 "accipiunt
1463 5245 1552 5287 aut
1575 5224 1744 5290 conti-

180 5304 338 5364 neates
373 5309 462 5350 aut
484 5301 529 5352 si
557 5300 751 5354 uxores
770 5300 1056 5364 habuerint,
1093 5300 1282 5358 mariti
1309 5322 1420 5360 esse
1442 5304 1697 5359 desistunt
1722 5310 1746 5360 2’

238 5359 418 5443 b__lia:c
443 5377 534 5443 est
556 5369 716 5443 lectio
737 5371 934 5443 codicis
959 5359 1272 5428 Colbertini.
1297 5359 1352 5428 ln
1380 5376 1542 5443 regiis
1564 5359 1742 5430 autem

181 5426 356 5519 legitur
385 5455 398 5488 :
434 5436 569 5519 Quia
591 5441 751 5519 .ﬁlios
782 5426 1048 5519 diligatis.
1066 5426 1175 5498 Nisi

180 5509 372 5581 centior
381 5510 571 5581 regius
591 5509 752 5564 habet
777 5509 894 5581 qui:
1218 5509 1238 5516 ’
1339 5517 1342 5520 ’

243 5582 262 5609 τ
303 5573 588 5640 Editiones,
622 5573 817 5636 cunctis
839 5599 961 5636 suas
982 5584 1208 5638 animus.
1243 5584 1442 5641 Verum
1471 5603 1575 5641 vox
1613 5605 1735 5642 suas

180 5637 393 5724 deestjn
434 5637 680 5724 omnibus
706 5653 937 5720 antiquis
965 5637 1376 5724 exemplaribus:

242 5712 265 5746 ά
302 5713 422 5770 Hmc
458 5719 616 5774 verba
648 5712 912 5790 usquead
943 5724 1048 5778 Sed
1090 5712 1294 5780 oitendi
1320 5727 1509 5781 desunt
1539 5729 1592 5782 in
1641 5744 1732 5782 co—

1919 4617 1943 4644 °
1982 4608 2111 4682 Quae
2129 4611 2243 4682 hoc
2283 4611 2405 4666 loco
2448 4612 2790 4682 interjacent,
2830 4628 2894 4668 ea
2924 4614 2977 4667 in
3009 4615 3154 4668 nullo
3185 4622 3430 4670 veterum

1844 4680 2232 4747 exemplarium
2265 4690 2479 4736 exstant
2505 4680 2700 4750 quibus
2722 4699 2822 4738 nos
2843 4684 3059 4738 utimur.
3090 4683 3208 4749 Quo
3231 4685 3431 4740 factum

1843 4756 1926 4800 est
1953 4757 2010 4801 ut
2039 4765 2100 4803 ea
2132 4751 2507 4807 sustulerimus
2532 4754 2582 4806 in
2604 4754 2834 4808 secunda
2859 4753 3113 4808 editione.
3139 4754 3289 4810 Nunc
3306 4772 3437 4808 vero

1843 4832 2059 4891 cumpca
2087 4823 2417 4891 reperiamus
2467 4823 2519 4876 in
2568 4837 2630 4876 ea
2661 4838 2820 4891 quam
2859 4819 3097 4879 Joannes
3142 4825 3437 4882 Sichardus

1841 4889 2172 4962 publicavit,
2192 4906 2312 4960 quae
2343 4902 2425 4946 est
2454 4889 2694 4946 omnium
2728 4893 2920 4962 prima,
2955 4902 3012 4948 et
3052 4910 3161 4949 non
3202 4898 3310 4951 sint
3353 4897 3432 4950 in-

1842 4958 2002 5031 digna
2033 4958 2306 5026 Salviano,
2338 4963 2540 5031 placuit
2567 4963 2653 5016 illa
2687 4958 2948 5020 revocare
2979 4965 3031 5020 in
3064 4974 3287 5021 textum.
3324 4967 3432 5020 Du-

1842 5028 1967 5150 Elex
1989 5030 2132 5084 haud
2157 5031 2316 5087 dubie
2339 5028 2446 5087 fuit
2466 5032 2632 5087 editio
2651 5034 2841 5088 horum
2859 5035 3116 5090 librorum
3136 5039 3296 5091 etiam
3318 5053 3435 5090 sevo

1845 5131 1858 5149 ι
1887 5098 2102 5150 alviani.
2137 5103 2285 5150 Drior
2308 5103 2358 5150 in
2391 5119 2495 5150 rma
2536 5111 2874 5150 seamentnm
2925 5106 3052 5150 illud
3084 5114 3138 5150 et
3167 5108 3268 5150 alia
3303 5124 3435 5150 nnn-

1845 5098 2102 5183 Salviapi,
2137 5103 2285 5183 prior
2307 5103 2359 5183 in
2391 5119 2496 5183 qua
2536 5111 2874 5183 segmentum
2925 5106 3052 5160 illud
3084 5114 3138 5160 et
3167 5108 3269 5183 alia
3291 5124 3436 5183 non-

1842 5169 1987 5221 nulla
2013 5171 2081 5223 de
2109 5172 2302 5245 quibus
2331 5169 2467 5226 inl'ra
2484 5169 2925 5239 non'exstabant,
2959 5192 3028 5230 ex
3057 5192 3163 5245 qua
3191 5178 3434 5232 derivata

1845 5242 2326 5315 sunt_e_xemplaria
2358 5253 2562 5311 nostra,
2595 5245 2698 5298 alia
2723 5246 2774 5299 in
2805 5247 2999 5315 quibus
3019 5242 3321 5302 exstabant.
3351 5247 3435 5302 Sic

1847 5309 1988 5387 apud
2019 5307 2644 5387 Lactantiu_m,pexempli
2674 5307 2854 5378 causa,
2890 5318 3145 5371 nonnulla
3170 5319 3362 5371 desunt
3387 5320 3439 5370 in

1847 5379 2166 5444 quibusdam
2215 5383 2486 5456 codicibus
2525 5379 2972 5456 qumpropterea
3019 5387 3260 5442 nonnulli
3309 5401 3438 5440 cen-

1847 5457 2071 5524 suerunt
2105 5467 2213 5505 non
2261 5469 2381 5509 esse
2421 5454 2709 5520 Lactantii,
2755 5454 2999 5524 quamvis
3046 5458 3190 5511 illius
3229 5471 3346 5510 esse
3385 5463 3437 5510 et

1844 5520 2016 5639 Ξιδνιυῗ
2077 5529 2131 5575 ct
2177 5523 2265 5577 alii
2321 5525 2538 5582 codices
2589 5520 2877 5582 ostendere
2921 5529 3052 5581 satis
3109 5526 3321 5582 abunde
3364 5525 3438 5580 vi-

1881 5606 1979 5639 (ξηιι
2011 5608 2092 5639 nr-

1881 5600 2092 5646 cantur.

1922 5662 1936 5697 ί
1971 5662 2100 5714 Vide
2125 5680 2280 5734 snpra
2314 5680 2435 5735 pag.
2459 5666 2582 5719 950.
