3866 6178
555 285 661 342 915

1503 282 1560 339 S.
1603 278 1915 338 SALV'IANI
1954 278 2410 338 MASSILIENSIS
2447 278 2868 338 PRESBYTER]
3630 294 3708 351 216

553 401 737 455 rebant
755 400 920 471 pretia
947 399 1280 463 venditorum,
1311 405 1362 454 et
1388 398 1646 469 ponebant
1666 406 1788 452 ante
1814 396 1967 468 pedes
2004 413 2131 465 apo—
2157 395 2210 455 Α
2237 395 2373 450 terni
2412 397 2582 465 gratia
2631 398 3031 454 communicare
3079 413 3195 455 cum
3240 408 3385 470 patre
3414 413 3574 474 postea
3602 410 3707 468 bona

551 490 800 545 stolarum
831 490 964 562 (Act.
996 506 1068 556 1v,
1093 488 1307 561 55-55).
1339 487 1476 543 Alibi
1504 503 1720 557 quoque
1753 486 1862 541 :Et
1887 502 2037 543 nemo
2062 502 2126 540 ea:

548 597 610 635 eo
630 583 767 653 quod
782 578 1090 652 passidebat,
1119 597 1268 635 suum
1292 582 1557 652 proprium
1577 596 1689 634 esse
1712 578 1916 634 dicebat
1937 578 2124 651 (Ibid.,

548 670 657 745 52).
683 671 856 743 Atque
885 672 990 728 hoc
1018 687 1125 728 non
1149 687 1348 743 parvus
1383 670 1717 727 credentium
1744 685 2029 734 numerus;
2056 685 2126 724 ne

544 777 706 832 quem
729 761 955 818 forsitan
983 763 1161 818 minus
1185 763 1511 833 scriptorum
1559 762 1852 817 auctoritas
1878 768 2124 823 moveat,

542 849 672 906 dum
717 860 913 922 putant
958 853 1208 923 exempla
1254 867 1376 908 esse
1422 866 1736 921 paucorum.
1794 850 1924 918 Qum
1966 849 2126 904 fuerit

541 943 742 1013 quippe
763 951 891 999 tunc
912 944 1198 998 multitudo
1212 942 1468 999 Ecclesia:
1486 942 1819 1012 principalis,
1834 941 1919 996 vel
1940 956 2006 995 ex
2020 941 2124 998 hoc

539 1034 661 1090 solo
702 1036 921 1104 agnosci
966 1036 1343 1107 potest,.quod
1386 1036 1439 1089 in
1474 1035 1751 1104 principiis
1785 1034 1967 1088 statim
1993 1034 2123 1102 ipsis

539 1134 667 1182 octo
686 1127 963 1185 hominum
990 1127 1155 1183 millia
1174 1129 1339 1184 biduo
1375 1127 1627 1183 Ecclesiae
1664 1127 1953 1182 accessisse
1979 1125 2120 1182 refe-

539 1225 734 1272 runtur
760 1217 783 1290 (
804 1219 919 1272 Act.
943 1235 999 1285 u,
1023 1217 1111 1284 Η,
1136 1228 1187 1273 et
1221 1235 1293 1283 η’,
1336 1218 1370 1271 4
1390 1217 1439 1290 );
1471 1225 1759 1289 patentque
1777 1218 2121 1273 mstimationi

537 1320 659 1376 quae
685 1308 892 1363 caeteris
923 1308 1113 1363 diebus
1154 1308 1388 1363 universi
1416 1307 1628 1377 generis
1663 1307 1949 1362 multitudo
1989 1322 2121 1363 con-

536 1398 787 1462 creverit,
819 1399 910 1454 ubi
938 1399 1045 1455 duo
1066 1399 1439 1454 tantummodo
1465 1399 1597 1463 dies,
1632 1408 1827 1469 prteter
1848 1398 2116 1469 disparem

534 1494 748 1543 aetatem
778 1489 983 1558 pariter
1020 1504 1084 1545 ac
1115 1505 1331 1556 sexum,
1373 1495 1579 1544 tantam
1619 1490 1859 1544 virorum
1906 1491 2113 1560 copiam

2230 488 2415 543 relicta
2457 491 2654 560 cupiat,
2686 506 2793 545 non
2822 491 3036 546 valebit.
3066 490 3094 529 δ
3124 491 3354 549 Reddere
3377 496 3599 567 siquidem
3620 515 3708 571 post

2227 588 2456 637 mortem
2483 583 2622 651 patri
2650 582 2823 651 pietas
2850 582 2943 636 lilii
2971 598 3076 639 non
3101 585 3309 653 poterit,
3338 588 3471 656 quod
3487 590 3710 661 unicuique

2227 672 2500 727 indevotio
2527 687 2623 727 sua
2650 680 2706 726 et
2735 670 3019 728 inﬁdelitas
3041 673 3324 741 denegarit.
3352 673 3570 747 Ideoque,
3597 678 3710 749 juxta

2226 762 2571 839 Apostolum,
2602 762 2964 831 unusquisque
2991 764 3224 818 sarcinas
3249 778 3366 819 suas
3390 766 3584 833 cogitet,
3619 772 3709 838 quia

2225 854 2588 924 unusquisque
2629 853 2907 907 hominum
2945 868 3041 908 sua
3067 868 3226 909 onera
3255 855 3488 923 portabit.
3516 855 3712 913 Flammae

2223 946 2513 1001 infelicium
2542 953 2877 1000 mortuorum
2905 945 3103 1000 divitiis
3130 961 3234 1001 non
3275 945 3613 1017 refrigerantur
3634 952 3706 1006 bte-

2223 1036 2429 1090 redum.
2468 1036 2627 1091 Dives
2654 1036 2744 1090 ille
2772 1036 2824 1089 in
2851 1034 3139 1104 Evangelio
3159 1037 3247 1106 qui
3272 1054 3489 1109 purpura
3514 1041 3711 1097 indueba-

2221 1133 2312 1179 tur
2337 1134 2392 1179 ct
2430 1125 2590 1197 bysso
2621 1123 2768 1196 (Luc.
2804 1141 2890 1179 im
2915 1167 2928 1190 ,
2964 1124 3031 1178 l9
3057 1125 3240 1198 seqq.),
3281 1128 3469 1197 absque
3492 1129 3625 1184 dubio
3644 1136 3709 1200 qui

2222 1218 2461 1287 locuples
2486 1217 2539 1271 in
2568 1218 2674 1272 hoc
2702 1218 2895 1272 saeculo
2925 1219 3085 1290 265
3116 1219 3227 1288 ipse
3255 1217 3443 1287 fuerat,
3472 1221 3608 1275 etiam
3629 1223 3707 1276 bre-

2219 1310 2375 1366 redes
2394 1326 2521 1366 suos
2541 1318 2715 1365 morte
2738 1310 2952 1364 ditarat.
2985 1310 3090 1366 Sed
3117 1326 3437 1381 nequaquam
3455 1313 3549 1369 hoc
3565 1316 3606 1369 ei
3625 1330 3710 1384 pro-

2219 1400 2410 1467 derat,
2438 1402 2582 1471 quod
2622 1402 2814 1471 opibus
2852 1417 2916 1457 ac
2940 1402 3156 1457 talentis
3181 1403 3295 1471 ejus
3319 1406 3535 1472 germani
3568 1406 3708 1461 divites

2219 1493 2576 1557 incubabant;
2619 1501 2675 1549 et
2702 1493 2792 1548 ille
2833 1500 3040 1560 guttam
3068 1492 3325 1561 refrigerii
3351 1494 3605 1563 impetrare
3633 1510 3712 1549 non

531 1589 904 1651 procrearnnt.
956 1580 1112 1637 Unde
1157 1596 1280 1638 cum
1327 1589 1382 1636 et
1421 1588 1529 1636 tam
1570 1580 1972 1636 innumerabilis
2002 1580 2115 1650 jam
2216 1592 2445 1655 poterat.
2471 1584 2551 1638 llli
2580 1584 2805 1638 erantin
2834 1584 3175 1647 abundantia,
3202 1583 3293 1638 sed
3321 1583 3404 1638 ille
3429 1584 3478 1637 in
3503 1591 3709 1652 egestate;

386 1670 387 1677 “
480 1672 483 1675 “
533 1680 660 1727 tunc
686 1679 741 1726 et
761 1680 870 1726 tam
898 1672 1135 1743 perfecta
1165 1675 1316 1743 plebs
1342 1673 1521 1741 fuerit,
1553 1688 1733 1745 qutero
1753 1689 1785 1729 a
1812 1674 1965 1729 vobis
1990 1689 2112 1729 cum
2215 1676 2290 1730 illi
2318 1676 2372 1729 in
2399 1675 2775 1744 gratulatione,
2807 1675 2900 1729 sed
2934 1674 3022 1728 ille
3050 1676 3104 1729 in
3126 1674 3347 1741 dolore;
3376 1675 3448 1728 illi
3474 1675 3522 1729 in
3541 1674 3710 1737 divitiis,

532 1763 728 1831 quibus
751 1763 962 1835 loquor,
995 1766 1173 1820 cuncti
1201 1774 1474 1835 parentes,
1506 1766 1560 1819 in
1604 1765 1708 1821 illis
1739 1772 1823 1820 tot
1858 1780 1923 1821 ac
1954 1766 2114 1821 tantis
2141 1766 2189 1825 B
2215 1765 2310 1821 sed
2348 1765 2437 1819 ille
2464 1766 2517 1819 in
2546 1765 2860 1829 tormentis;
2892 1764 2964 1818 illi
2997 1765 3222 1819 fortasse
3245 1764 3433 1833 iugiter
3456 1765 3505 1819 in
3534 1765 3709 1827 luxuria;

538 1862 665 1909 tunc
694 1856 1027 1911 credentium
1052 1856 1481 1920 millibus,-tanta
1523 1856 1647 1911 fidei
1674 1855 2005 1925 perfectione
2031 1857 2112 1911 vi-

530 1944 797 2009 ventibus,
812 1960 1070 2001 omnesne
1081 1960 1203 2001 cum
1217 1942 1336 1999 filiis
1351 1960 1417 1999 an
1431 1959 1619 2000 omnes
1631 1945 1748 2000 sine
1761 1946 1881 2000 filiis
1891 1943 2111 2000 fuerint?

529 2031 808 2101 Neutrum,
827 2035 1038 2105 opinor.
1062 2034 1215 2090 Nulla
1231 2035 1375 2090 enim
1389 2034 1641 2091 Ecclesia:
1654 2035 1806 2105 plebs
1817 2044 1899 2091 est
1923 2051 2028 2091 non
2043 2036 2111 2092 de

528 2132 760 2194 utroque
779 2127 1063 2196 permixta.
1095 2124 1396 2195 Intelligere
1415 2139 1544 2195 ergo
1564 2134 1789 2196 possunt
1808 2127 2111 2197 quicunque

528 2229 595 2273 ex
622 2215 939 2274 Christianis
954 2218 1091 2274 filios
1111 2233 1219 2273 non
1234 2218 1434 2274 habent
1446 2219 1532 2275 cui
1543 2219 1846 2289 relinquere
1865 2220 2111 2275 substan-

526 2309 632 2366 tias
651 2322 776 2365 suas
800 2309 1051 2378 debeant,
1069 2325 1192 2366 cum
1212 2310 1429 2366 videant
1451 2312 1537 2366 cui
1554 2311 1871 2381 reliquerint
1893 2321 2017 2366 tunc
2034 2311 2110 2365 illi

529 2399 672 2457 filios
708 2416 818 2458 non
861 2402 1142 2459 habentes.
1174 2403 1268 2458 Sin
1297 2412 1476 2458 autem
1500 2405 1719 2471 habent,
1751 2403 1958 2461 discant
1981 2402 2109 2472 quid

527 2493 690 2549 etiam
712 2492 859 2563 ipsos
879 2501 1129 2563 oporteat
1142 2494 1339 2560 facere,
1353 2509 1474 2549 cum
1484 2493 1703 2550 videant
1716 2502 1844 2548 tunc
1854 2502 2109 2563 parentes

526 2558 766 2641 amorem
780 2558 1010 2641 filiorum
1036 2558 1130 2641 Dei
1147 2585 1270 2642 ﬁliis
1290 2558 1609 2657 patulisse.
1634 2585 1809 2641 Habet
1824 2558 2109 2654 igiturom-

527 2675 610 2730 nis
627 2681 777 2742 tetas,
802 2675 963 2732 habet
985 2677 1161 2732 omnis
1175 2677 1414 2733 conditio
1428 2677 1572 2748 quod
1582 2684 1855 2747 sequatur.
1873 2676 2111 2744 Quicum

526 2780 633 2835 que
685 2774 769 2822 est
806 2767 1077 2838 particeps
1130 2766 1253 2823 fidei
1300 2769 1614 2840 participem
1661 2784 1721 2824 se
1758 2769 1899 2823 beati
1947 2768 2109 2825 faciat

527 2861 780 2931 exempli.
805 2860 968 2933 265
993 2860 1051 2917 Si
1080 2861 1157 2916 illi
1186 2870 1313 2917 tunc
1350 2863 1422 2918 ob
1448 2862 1614 2917 Deum
1642 2861 1907 2917 donantes
1927 2862 2107 2917 omnia

494 2974 507 2991 κ
526 2968 647 3020 sua,
683 2952 847 3007 etiam
879 2954 1087 3025 seipsos
1115 2955 1573 3010 exhtcreditavere
1604 2956 1878 3020 viventes,
1918 2954 2107 3011 discite

526 3057 646 3111 vos,
694 3057 1019 3115 qumsnmus,
1046 3045 1191 3101 bona
1235 3051 1413 3101 vestra
1454 3046 1539 3101 vel
1588 3046 1689 3116 ipsi
1741 3054 1768 3083 ει
1790 3045 2106 3102 haereditare

2213 1856 2308 1911 sed
2337 1856 2426 1910 ille
2452 1870 2667 1925 semper
2712 1855 2764 1908 in
2794 1853 3024 1908 flamma.
3073 1853 3118 1907 Ο
3164 1852 3344 1908 infelix
3380 1868 3441 1909 ac
3470 1852 3711 1908 miseranda

2212 1946 2485 2002 conditio!
2530 1945 2693 2000 Bonis
2719 1946 2828 1999 suis
2876 1944 2995 1999 aliis
3018 1944 3336 2014 praeparavit
3376 1941 3711 2004 beatitudinem,

2211 2037 2313 2093 sibi
2357 2036 2736 2100 aﬂlictionem;
2786 2035 2904 2089 aliis
2931 2034 3144 2103 gaudia,
3176 2033 3275 2089 sibi
3323 2033 3591 2105 lacrymas;
3629 2031 3716 2085 aliis

2209 2127 2542 2196 voluptatem
2570 2126 2806 2191 brevem,
2838 2125 2940 2179 sibi
2969 2125 3146 2192 ignem
3166 2139 3464 2194 perennem.
3494 2121 3581 2177 Ubi
3600 2129 3717 2175 erant

2212 2228 2340 2275 tunc
2370 2218 2578 2281 aﬂines,
2610 2217 2701 2273 ubi
2729 2216 3035 2287 propinqui,
3069 2216 3159 2271 ubi
3187 2215 3271 2270 vel
3297 2214 3403 2278 filii,
3446 2214 3485 2269 si
3511 2228 3625 2282 quos
3644 2211 3716 2265 ha-

2209 2314 2421 2377 buerat,
2471 2310 2558 2366 vel
2603 2310 2845 2379 germani
2889 2322 3119 2378 quorum
3168 2307 3491 2371 meminerat,
3534 2312 3581 2359 et
3615 2315 3716 2371 quos

2208 2412 2357 2461 certe
2383 2409 2536 2458 tanto
2565 2416 2749 2457 amore
2773 2399 3036 2455 dilexerat
3057 2406 3118 2454 ut
3136 2413 3319 2454 eorum
3345 2413 3410 2453 ne
3436 2398 3485 2451 in
3509 2391 3717 2464 supplicio

2207 2495 2424 2567 quidem
2451 2494 2659 2566 positus
2709 2491 3157 2547 oblivisceretur?
3199 2488 3335 2557 Quid
3369 2488 3417 2543 ei
3460 2484 3715 2557 proderant.

2207 2588 2336 2659 quid
2374 2585 2843 2655 suilragabantur?
2885 2584 3261 2654 Torquebatur
3306 2580 3509 2643 infelix;
3551 2584 3597 2632 et
3619 2588 3719 2645 opes

2206 2694 2332 2735 suas
2359 2677 2478 2733 aliis
2504 2676 2900 2740 devorantibus,
2926 2675 3017 2730 ille
3045 2673 3308 2742 refrigerii
3350 2680 3535 2740 guttam
3569 2666 3720 2721 ardens

2205 2770 2444 2843 petebat,
2475 2776 2531 2825 et
2567 2768 2857 2838 impetrare
2896 2780 3005 2821 non
3032 2772 3267 2835 poterat.
3308 2762 3372 2817 Et
3401 2762 3512 2824 hoc,
3552 2758 3592 2813 si
3622 2753 3723 2824 quid

2207 2863 2329 2919 addi
2358 2863 2425 2917 ad
2450 2868 2667 2932 poenam
2694 2867 2894 2931 potest,
2923 2873 3019 2928 per
3046 2858 3200 2911 illum
3229 2855 3328 2911 sibi
3348 2852 3508 2909 .tribui
3533 2847 3724 2921 postula-
3796 2848 3819 2932 λ

2206 2955 2299 3010 hat
2325 2930 2485 3024 quem
2530 2930 2816 3021 aliquando
2842 2954 3263 3017 contempserat,
3299 2961 3393 3014 per
3419 2943 3553 2998 illum
3586 2935 3723 3008 quiin
3794 2930 3801 2941 ’

2204 3059 2339 3116 pure
2367 3058 2430 3099 ac
2457 3042 2606 3097 sanie
2633 3044 3184 3109 computruerat,‘per
3213 3036 3358 3091 illum
3382 3032 3521 3101 cujus
3546 3029 3723 3083 fetorem

525 3135 839 3192 morientes.
890 3134 1019 3203 Qua:
1063 3136 1280 3207 quidem
1301 3179 1317 3203 ,
1345 3144 1405 3192 ut
1439 3137 1567 3203 dixi,
1597 3137 1762 3192 etiam
1782 3153 1895 3205 vos,
1925 3154 1960 3193 ο
1988 3136 2108 3192 inii—
2134 3125 2180 3190 C
2210 3152 2274 3191 ac
2299 3134 2604 3204 squalorem
2631 3131 2789 3200 longe
2818 3129 3107 3197 refugerat,
3141 3128 3235 3198 qui
3263 3124 3599 3181 membrorum
3623 3132 3723 3173 suo-

520 3224 783 3289 ‘delissimi
831 3234 1104 3297 parentes,
1150 3226 1417 3282 curiosius
1452 3227 1816 3297 attentiusque
1833 3244 1933 3299 pro
1955 3229 2107 3284 vobis

528 3318 784 3374 convenit
807 3319 1063 3388 cogitare.
1094 3319 1320 3390 Oportet
1343 3320 1545 3391 quippe
1564 3335 1681 3387 vos,
1722 3321 1852 3375 mihi
1882 3320 2103 3386 credite,

527 3409 691 3464 etiam
740 3408 881 3465 inter
917 3407 1055 3464 filios
1101 3416 1311 3465 vestros
1338 3410 1526 3466 salutis
1566 3411 1970 3483 animarumque
2012 3427 2108 3467 ve-

523 3506 759 3554 strarum
782 3516 890 3555 non
911 3499 1174 3556 oblivisci.
1190 3498 1495 3571 Propinqua
1510 3502 1653 3556 enim
1681 3509 1859 3556 vestra
1880 3503 2103 3571 pignora

527 3606 652 3647 esse
677 3592 832 3647 vobis
859 3596 917 3647 et
943 3591 1386 3661 coniunctissima
1414 3592 1547 3647 satis
1580 3599 1786 3646 certum
1826 3598 1927 3647 est.
1961 3591 2068 3647 Sed
2085 3632 2101 3658 ,

525 3681 660 3736 mihi
685 3681 908 3749 credite,
939 3696 1099 3737 nemo
1124 3682 1280 3736 vobis
1298 3681 1669 3751 propinquior,
1700 3696 1859 3737 nemo
1883 3680 2106 3749 conjun-

525 3773 666 3827 ctior
693 3787 854 3842 quam
880 3787 980 3827 vos
1006 3770 1125 3842 ipsi.
1168 3770 1361 3826 Amate
1406 3771 1606 3840 itaque,
1636 3786 1746 3826 non
1774 3770 2101 3837 obsistimus,

527 3869 708 3916 amate
764 3861 904 3918 ﬁlios
947 3871 1188 3927 vestros,
1233 3862 1329 3918 sed
1375 3870 1557 3917 tamen
1599 3861 1835 3918 secundo
1872 3878 1903 3915 a
1950 3864 2104 3918 vobis

524 3953 693 4025 gradu
726 3972 740 4008 :
767 3955 839 4010 ita
868 3954 990 4011 illos
1022 3953 1244 4024 diligite,
1276 3968 1345 4010 ne
1371 3968 1469 4010 vos
1497 3953 1676 4010 odisse
1701 3953 2007 4009 videamini.
2027 3954 2106 4010 ln-

524 4045 802 4102 consultus
822 4060 1052 4115 namque
1070 4052 1127 4101 et
1152 4045 1347 4100 stultus
1361 4059 1515 4099 amor
1531 4051 1632 4111 est,
1659 4045 1879 4101 alterius
1898 4060 2106 4101 memor

527 4141 583 4188 et
624 4133 710 4188 sui
750 4132 1058 4188 immemor.
1103 4130 1229 4188 Non
1268 4133 1490 4203 accipiet
1526 4142 1705 4203 pater,
1736 4130 1915 4201 inquit
1954 4127 2106 4183 Scri-

525 4234 689 4295 ptura
723 4240 910 4291 sacra,
940 4224 1272 4295 iniquitatem
1298 4226 1402 4293 ﬁlii
1442 4226 1528 4280 sui
1558 4222 1775 4293 (Ezech.
1807 4236 1960 4287 xvm,
1989 4218 2105 4288 20).

527 4316 595 4371 Et
625 4317 945 4388 Apostolus,
995 4316 1394 4389 Unusquisque,
1428 4318 1633 4388 inquit,
1664 4316 1935 4387 proprium
1974 4329 2106 4368 onus

522 4427 678 4464 suum
705 4410 962 4481 portabit.

2205 3244 2323 3283 rum
2371 3225 2640 3282 ulceribus
2679 3237 2840 3279 canes
2877 3227 3117 3292 paverat,
3170 3234 3327 3289 quem
3372 3221 3613 3272 scatentes
3633 3223 3726 3263 ver-

2206 3319 2369 3372 mium
2398 3315 2541 3384 globi
2569 3315 2730 3370 ctiam
2754 3314 2893 3367 intra
2915 3326 3160 3366 recessus
3187 3309 3364 3380 peresi
3388 3303 3608 3375 corporis
3627 3312 3726 3355 exa-

2208 3415 2409 3462 rarant.
2436 3402 2480 3459 Ο
2508 3403 2684 3473 gravis
2722 3401 2943 3455 nimium
2985 3406 3039 3453 et
3068 3398 3301 3467 lugenda
3328 3392 3579 3452 conditio!
3615 3387 3724 3441 Pau-

2207 3512 2305 3567 per
2331 3494 2715 3552 beatitudinem
2740 3490 2872 3546 emit
2896 3488 3264 3554 mendicitate,
3294 3487 3437 3541 dives
3463 3478 3727 3552 supplicium

2206 3566 2478 3643 facultate.
2532 3584 2760 3655 Pauper,
2806 3597 2929 3637 cum
2973 3581 3189 3651 penitus
3236 3580 3311 3634 nil
3353 3578 3586 3639 haberet,
3628 3566 3731 3624 emit

2205 3690 2432 3737 aeternas
2470 3678 2683 3735 divitias
2715 3681 2973 3743 egestate.
3008 3671 3053 3726 Ο
3084 3682 3289 3741 quanto
3315 3671 3411 3726 bas
3438 3665 3622 3721 facilius
3645 3668 3728 3713 tam

2206 3770 2368 3826 multa
2399 3782 2574 3823 rerum
2604 3765 2943 3836 possessione
2981 3762 3130 3817 dives
3158 3767 3407 3831 potuerat
3435 3761 3727 3836 comparare.

2203 3860 2297 3929 qui
2327 3859 2466 3912 inter
2492 3830 2757 3911 tormenta
2803 3859 3054 3913 mstuans,
3100 3830 3326 3903 etinter
3370 3830 3606 3915 supplicia
3630 3849 3730 3929 pro-

2206 3928 2444 4006 clamans
2473 3964 2485 3999 :
2517 3945 2699 4010 Pater,
2728 3942 2918 4011 inquit,
2967 3938 3248 4004 Abraham,
3293 3939 3523 3991 miserere
3554 3928 3655 3988 mei.
3690 3930 3729 3975 εί

2206 4041 2348 4094 mitte
2389 4038 2667 4099 Lazarum,
2712 4041 2770 4087 ut
2811 4032 3040 4102 intingat
3108 4038 3395 4102 extremum
3432 4021 3568 4094 digiti
3598 4016 3664 4071 sui
3689 4012 3728 4064 in

2206 4146 2362 4202 aqua,
2389 4138 2447 4182 ut
2473 4127 2739 4199 refrigeret
2759 4123 2987 4193 linguam
3020 4136 3208 4185 meam,
3232 4100 3567 4190 quia’crucior
3589 4104 3730 4202 inultm:

2207 4200 2417 4292 ﬂamma
2446 4217 2633 4290 (Ibid.,
2661 4215 2775 4286 24).
2809 4215 2925 4269 Non
2970 4213 3228 4267 horrebat
3252 4219 3381 4266 tunc
3406 4200 3732 4292 scilicet‘divcs

2206 4289 2296 4367 ille
2322 4289 2509 4365 Lazari
2535 4304 2804 4377 quondam
2830 4300 3085 4371 pauperis
3122 4315 3362 4363 manum,
3404 4310 3502 4352 nec
3525 4289 3733 4355 dedigna-

2204 4404 2361 4459 batur
2389 4399 2661 4455 auxilium.
2694 4393 2855 4465 266
2881 4390 3045 4446 lnseri
3092 4390 3208 4459 ejus
3249 4388 3442 4458 digitos
3470 4383 3544 4439 ori
3586 4392 3669 4433 suo
3691 4381 3733 4427 ct

591 4466 956 4554 Xl..Relictae
1011 4498 1196 4566 itaque
1252 4496 1374 4552 filiis
1427 4496 1625 4552 divitiae
1678 4507 1931 4568 parentes
1991 4515 2099 4554 non
2132 4490 2180 4549 D
2205 4492 2438 4559 mitigari
2478 4483 2841 4543 intolerandas
2870 4481 3100 4537 faucium
3140 4478 3383 4537 flammas
3410 4476 3550 4568 illius
3566 4466 3732 4568 pridCT

519 4550 1267 4645 .manimenaiae
1297 4550 2098 4645 rima.“*tei:.1;"i;.;;ma;
2204 4550 2382 4639 τειίιιῖε
2429 4596 2492 4634 ac
2539 4573 2834 4646 squalentis
2878 4586 3070 4627 manus
3113 4583 3341 4625 munere
3386 4550 3735 4646 postulabat-9

518 4687 637 4734 rate
664 4678 786 4751 filiis
814 4678 1072 4746 facultas,
1104 4686 1389 4749 parentum
1410 4690 1494 4734 est
1538 4680 1864 4751 sempiterna
1893 4680 2098 4735 mendi-
2201 4679 2398 4743 quanta
2425 4682 2604 4723 rerum
2631 4663 2858 4719 mutatio
2904 4661 3043 4751 facta
3090 4659 3302 4751 fuerat!
3355 4654 3515 4751 Tangi
3551 4640 3735 4751 tunc

519 4769 653 4824 citas
685 4787 700 4823 :
730 4748 794 4825 ac
820 4785 919 4844 per
944 4770 1051 4826 hoc
1075 4770 1209 4826 nulli
1235 4769 1550 4840 parentibus
1576 4741 1747 4837 magis
1768 4770 1916 4833 noxii
1934 4785 2094 4840 quam
2201 4780 2267 4819 eo
2295 4758 2650 4820 desiderabat,
2694 4768 2852 4824 quem
2882 4748 3044 4844 θιίέιηξ
3071 4750 3256 4805 Videre
3285 4757 3417 4844 ἔτιιῆ
3428 4741 3755 4844 ’ἀθερεξθτξξη

519 4859 610 4916 mn
645 4824 1044 4916 armis}.an
1088 4824 1413 4918 omnia.
1458 4824 1543 4916 in:
1582 4824 1771 4931 patriis
1807 4824 2096 4916 tanta;
2269 4851 2384 4908 XII.
2416 4850 2543 4906 Haec
2568 4861 2695 4916 ergo
2716 4845 2909 4900 divites
2927 4842 3182 4911 cogitent.
3206 4840 3302 4911 qui
3330 4838 3579 4931 "adimet?
3601 4824 3737 4931 ξὲεξξξῖ

517 4951 709 5016 ﬂuunt,
740 4936 996 5021 parentes
1014 4951 1070 5005 in
1095 4952 1527 5022 sempiternitate
1546 4914 1871 5007 cruciantur.
1895 4950 2097 5005 Etiam-
2199 4948 2399 5002 tatibus
2426 4943 2537 4998 suis
2580 4939 2771 4995 nolunt
2795 4951 2864 4991 ne
2905 4936 3008 4990 ista
3054 4933 3345 5025 patiantur.
3379 4930 3531 5025 Dives
3667 4914 3737 5025 illi

517 5044 562 5100 si
617 4999 883 5110 tamrpius
922 5018 1000 5096 sit
1051 5039 1191 5098 ﬁlius
1214 4999 1294 5099 rut
1340 5042 1689 5113 refrigerandi
1721 5041 1968 5112 supplicii
1994 5056 2091 5112 pa-
2195 5040 2263 5094 de
2321 5051 2430 5107 quo
2492 5046 2633 5087 nunc
2676 5027 2948 5098 ιοςυίιηιιτ
3002 5043 3013 5077 ³
3061 5024 3252 5078 (“mes
3301 5026 3427 5076 5"”
3459 5024 3512 5069 εί
3562 5009 3641 5067 is“
3683 4999 3737 5059 ad

1704 5154 2036 5211 STEPHANI
2075 5147 2346 5213 BALUZII
2383 5144 2612 5203 ΝΟΤᾹΞ.

2200 5277 2364 5334 opera
2384 5257 2644 5342 prodesse
2671 5254 2735 5308 ad
2764 5250 3102 5342 resarcien'da
3134 5250 3221 5330 illa
3246 5248 3299 5342 iq
3328 5239 3636 5342 quiliushipcszit

2201 5314 2486 5387 dafuerint.
2534 5325 2704 5392 Quam
2747 5320 3156 5396 autemufalsps
3182 5318 3233 5396 i_n
3279 5314 3384 5396 hoc
3422 5315 3538 5396 loco
3578 5314 3741 5396 53'2"

2201 5374 3301 5469 astutiae?astantibussane“
3333 5374 3740 5469 νετδὶδιτμ-ῗέῗῖῗῖ

2201 5452 2629 5542 ἧιέῖιίειὶε-ὶιιηι
2669 5452 2989 5542 mortuorum
3010 5460 3225 5542 .ditzitiis.
3255 5473 3369 5537 non.

2204 5526 2481 5597 lueredu'm.
2516 5536 2774 5605 Loquitur
2800 5533 2941 5606 enim
2970 5530 3057 5586 hic
3083 5528 3149 5584 de
3175 5528 3256 5582 bis
3281 5526 3741 5606 qui‘mternissup-

2202 5595 2378 5683 pliciis
2411 5595 2774 5683 addicti'sunt,
2826 5600 3020 5683 quibus
3065 5595 3642 5683 preces‘oratipnesque
3666 5595 3740 5634 sn-

2130 5685 2141 5700 '
2202 5666 2488 5753 perstitum
2511 5675 2725 5735 inutiles
2752 5666 2870 5730 esse
2898 5666 3183 5727 etiam’nos
3208 5666 3454 5720 fatemur.

593 5283 617 5333 εξ
655 5270 713 5327 lu
749 5271 1023 5328 codicibus
1048 5272 1208 5339 regiis
1236 5280 1291 5325 et
1328 5273 1379 5325 in
1426 5270 1738 5326 Colhertino
1766 5270 1844 5323 sic
1872 5267 2093 5323 omnino

514 5342 787 5418 habethic
804 5343 955 5398 locus
969 5359 986 5395 :
1056 5342 1324 5418 tereditarc
1337 5343 1625 5396 morientes.
1654 5340 1868 5418 portet
1887 5339 2090 5418 quippe,

515 5423 621 5496 etc.
658 5413 881 5496 Reliqua
912 5415 1032 5483 qua:
1060 5411 1400 5496 interiacent,
1431 5426 1537 5465 non
1569 5416 1785 5465 exstant
1813 5409 1866 5462 in
1897 5409 2095 5489 codici-

511 5486 616 5557 bus
642 5481 1041 5557 ιξςςίἰέιηθίιιιθ
1068 5481 1487 5557 inﬁolbertino.
1624 5549 1641 5557 _
1836 5548 1867 5557 __
1964 5481 1968 5489 '
2010 5554 2016 5557 Δ
2058 5546 2069 5557 ε

586 5554 616 5594 ιι
657 5548 1011 5610 Ηῖιηδὶοοιιήτ
1054 5552 1229 5614 avide,
1273 5556 1333 5604 ut
1358 5550 1536 5605 solent
1577 5548 1871 5603 adversarii
1901 5548 2093 5609 nostri,

518 5624 745 5694 arripuit
773 5625 1161 5681 Rittershnsius
1191 5630 1250 5677 ut
1271 5620 1582 5694 ostenderet
1624 5618 2093 5694 Salvianumsen—

514 5687 650 5750 sissé
678 5694 821 5764 quod
853 5696 1116 5752 defunctis
1154 5709 1255 5749 non
1305 5690 1512 5763 possint
1553 5689 1900 5760 superstitum
1950 5687 2090 5742 bona
