3866 6178
139 295 222 350 ιιι
1205 293 1561 352 ADVERSUS
1600 294 1978 351 AVARITIAM
2019 294 2142 351 LIB.
2187 293 2271 350 lll.
3279 290 3382 346 233
3460 348 3467 353 ,

139 425 252 480 quos
302 421 443 464 nunc
496 409 783 481 loquimur.
837 419 861 448 λ
899 410 1068 468 Unius
1116 425 1243 468 sunt
1292 413 1543 468 nominis.
1587 411 1695 467 Ca-
1725 420 1772 476 Α
1802 413 2061 469 lethifene
2086 412 2372 468 oblivionis
2394 411 2856 467 animadversione
2878 408 3200 476 damnetur;
3232 418 3292 464 ut
3329 409 3380 464 ei

140 511 275 558 veant
313 516 379 556 ne
419 502 528 557 sint
554 503 717 556 etiam
764 503 1086 559 conditionis
1129 505 1306 559 unius.
1336 503 1453 560 Non
1492 504 1690 558 libera-
1796 521 1896 561 nec
1929 506 2187 561 memoria
2217 504 2429 574 quidem
2455 502 2572 568 Dei,
2597 518 2626 557 a
2648 518 2757 573 quo
2785 517 3006 573 sperare
3027 501 3248 566 debeat,
3291 516 3381 556 re-

138 596 248 649 bunt
286 593 427 648 enim
482 592 575 648 ﬁlii
629 594 824 650 divites
870 603 1121 666 parentes
1170 611 1310 659 reos,
1358 611 1457 651 nec
1493 594 1689 649 restiu-
1794 596 2084 664 linquatur.
2119 594 2242 649 llam
2272 608 2401 662 ergo
2433 594 2672 661 cogitent
2706 594 2798 662 qui
2834 592 2962 647 dum
3004 590 3142 646 ﬁlios
3182 590 3382 646 habere

139 693 242 755 guet
274 681 514 740 flammas
560 686 741 740 miseri
784 686 1058 741 testatoris
1094 686 1303 741 deliciis
1351 684 1690 740 afﬂuentibus
1792 696 1915 758 post
1939 695 2166 742 mortem
2194 686 2386 740 divites
2406 686 2645 754 cupiunt,
2677 684 2974 738 futurorum
2997 682 3381 752 suppliciorum

140 776 394 850 opulentus
422 777 614 832 hreres.
664 777 864 832 Durum
896 788 978 833 est
1004 779 1072 833 ab
1100 779 1280 847 aliquo
1312 777 1433 832 filiis
1469 792 1532 832 ac
1567 792 1694 846 pro-
1794 795 1895 834 nec
1922 780 1975 833 in
2005 786 2179 831 morte
2202 777 2579 830 meminerunt.
2605 774 2731 829 liceo
2756 776 2995 843 cogitent
3017 775 3108 844 qui
3130 782 3188 829 ut
3207 762 3265 828 in
3284 773 3380 828 hac

140 870 321 940 pinquis
345 884 538 938 parum
585 869 833 939 relinqui.
875 870 1040 924 Multo
1083 880 1165 925 est
1212 870 1396 926 durius
1444 871 1496 923 in
1535 880 1693 924 mtcr-
1792 872 1992 926 caduca
2022 877 2077 924 et
2104 868 2254 922 brevi
2276 868 2382 922 vita
2409 866 2651 921 lueredes
2678 866 2868 920 divites
2896 866 3151 929 habeant,
3180 872 3380 919 teterna

140 961 279 1014 nitate
320 959 583 1027 torqueri.
635 958 839 1030 Opinor
882 961 1023 1015 enim
1072 961 1292 1015 divitem
1346 960 1515 1025 illum,
1570 973 1691 1014 cum
1792 961 2000 1029 seipsos
2024 967 2196 1013 morte
2226 958 2606 1020 condemnant,
2632 957 2684 1010 in
2714 972 2822 1025 quo
2844 954 3104 1024 quidem“
3132 972 3238 1009 non
3270 964 3378 1010 tam

140 1056 466 1120 torqueretur,
519 1066 627 1104 non
659 1059 866 1105 tantum
911 1051 1251 1106 delectabant
1288 1066 1420 1120 opes
1467 1049 1693 1104 hteredis
1793 1051 2092 1105 hmredibus
2148 1049 2436 1105 consulunt
2489 1062 2650 1116 quam
2692 1047 2794 1101 sibi
2840 1046 3060 1112 obsunt,
3085 1062 3193 1101 non
3222 1049 3382 1118 268
3412 1074 3427 1087 σ

140 1139 205 1193 sui
225 1181 239 1204 ,
287 1148 546 1207 quantum
600 1140 869 1210 angebant
935 1150 1201 1195 tormenta
1258 1142 1503 1210 corporis
1556 1140 1638 1194 sui
1674 1155 1688 1205 ;
1792 1152 1901 1197 tam
1932 1142 2051 1196 illos
2073 1151 2256 1196 amant
2284 1156 2442 1210 quam
2473 1155 2532 1194 se
2558 1140 2789 1195 oderunt
2821 1156 2835 1188 :
2869 1139 2993 1208 quia
3024 1153 3131 1193 non
3154 1146 3262 1192 tam
3291 1154 3382 1192 sa-

142 1246 226 1286 non
263 1237 460 1285 tantum
500 1229 807 1287 delectabat
834 1231 976 1301 quod
1007 1232 1179 1287 hmres
1220 1247 1351 1286 suus
1390 1230 1528 1285 bene
1556 1245 1690 1299 epu-
1794 1234 1958 1289 lubris
1981 1248 2132 1288 amor
2155 1240 2236 1286 est
2258 1231 2349 1299 qui
2378 1230 2525 1285 brevi
2553 1229 2805 1294 consulit,
2831 1244 2991 1298 quam
3019 1242 3182 1296 grave
3202 1226 3381 1282 odium

141 1321 335 1388 labatur.
365 1336 530 1392 quam
564 1324 795 1392 angebat
823 1323 964 1394 quod
995 1325 1109 1394 ipse
1145 1324 1283 1378 male
1311 1325 1689 1389 cruciabatur;
1792 1327 1935 1398 quod
1966 1328 2017 1381 in
2045 1326 2345 1381 aeternitate
2366 1325 2643 1380 cruciabit.
2677 1324 2744 1377 Et
2773 1324 2894 1378 ideo
2932 1323 3071 1377 Deus
3099 1328 3302 1385 noster,
3325 1327 3381 1375 ut

142 1429 225 1467 non
254 1420 449 1467 tantum
493 1413 797 1470 delectabat
824 1414 967 1486 quod
996 1415 1169 1469 haeres
1206 1431 1333 1471 suus
1361 1416 1415 1469 in
1458 1415 1694 1485 csquisi—
1791 1418 1966 1490 primo
2018 1416 2216 1471 dudum
2258 1416 2440 1471 libello
2471 1416 2701 1470 diximus
2723 1456 2737 1480 ,
2768 1413 3104 1482 disciplinam
3126 1419 3379 1481 parentes

140 1503 193 1557 tis
214 1502 408 1558 deliciis
436 1502 709 1569 allluebat,
739 1514 999 1575 quantum
1040 1507 1271 1575 augebat
1297 1506 1440 1574 quod
1468 1506 1581 1575 ipse
1612 1506 1694 1558 in—
1793 1509 2158 1563 thesaurizare
2208 1507 2361 1577 jubet
2414 1504 2553 1572 ﬁliis,
2606 1522 2712 1560 non
2753 1504 3067 1575 pecuniam;
3120 1503 3377 1573 perennia

139 1592 399 1648 tolerandis
425 1593 641 1662 ignibus
668 1593 976 1661 dillluebat;
1007 1612 1115 1649 non
1145 1604 1349 1650 tantum
1390 1595 1694 1650 delectabat
1792 1601 2051 1672 prmcipit,
2102 1600 2207 1655 non
2254 1599 2511 1669 peritura,
2572 1596 2817 1655 conferre
2851 1615 2862 1649 :
2896 1597 3102 1650 scilicet
3140 1595 3267 1663 quia
3293 1607 3383 1648 res

80 1682 87 1689 ’
138 1684 255 1755 quod
280 1686 451 1741 haeres
479 1703 611 1745 suus
639 1689 894 1758 pascebat
922 1690 1187 1759 parasitos
1215 1698 1269 1744 et
1298 1689 1575 1744 helluones
1596 1705 1691 1743 co-
1796 1691 2096 1747 istiusmodi
2123 1699 2282 1759 atque
2313 1705 2449 1759 Opus
2470 1696 2712 1744 sanctum
2739 1695 2795 1742 et
2834 1688 2952 1741 filiis
2980 1686 3182 1756 pariter
3201 1695 3257 1739 et
3284 1699 3379 1754 pa-

137 1776 217 1845 Ρῦε
239 1778 367 1841 δαῖε,
404 1786 665 1845 quantum
687 1778 918 1847 angebat
945 1779 1087 1847 quod
1120 1780 1234 1849 ipse
1255 1780 1507 1848 pascebat
1536 1776 1689 1831 “am-
1725 1781 1765 1839 Β
1795 1784 2037 1839 rentibus
2058 1790 2284 1852 prosunt
2317 1799 2328 1833 :
2359 1780 2481 1835 ﬁliis
2510 1780 2692 1849 utique
2719 1794 2818 1848 per
2838 1777 3134 1847 disciplinae
3164 1776 3380 1830 institu-

137 1884 229 1923 mas
263 1867 510 1924 medullis
538 1870 664 1925 suis.
698 1868 765 1923 Et
802 1879 934 1940 puto
980 1871 1024 1924 si
1064 1871 1184 1939 quis
1216 1871 1265 1924 ei
1301 1878 1426 1924 tunc
1460 1868 1693 1939 optionis
1797 1877 2019 1939 tionem,
2060 1873 2373 1944 parentibus
2408 1887 2508 1941 per
2554 1869 2935 1925 munificentiae
2966 1867 3288 1935 largitatem.
3318 1863 3381 1921 Et

135 1961 314 2032 copiam
342 1962 710 2031 praestitisset,
734 1971 983 2017 utrumne
1028 1963 1209 2017 mallet
1245 1962 1435 2017 divites
1455 1961 1695 2017 hceredes
1796 1965 1918 2021 ﬁliis
1960 1966 2104 2019 enim
2137 1966 2241 2019 hoc
2264 1964 2546 2032 disciplina
2586 1968 2805 2032 prtestat
2827 1967 2885 2013 ut
2912 1958 3140 2013 salutem
3169 1956 3382 2026 capiant

137 2067 235 2106 suos
260 2067 400 2117 esse,
427 2068 495 2106 an
527 2068 585 2108 se
624 2053 678 2107 iu
709 2054 939 2109 miseriis
982 2055 1368 2123 tormentisque
1396 2070 1504 2109 non
1534 2069 1690 2119 esse;
1797 2068 2131 2129 perpetuam,
2179 2065 2234 2111 et
2271 2056 2584 2126 parentibus
2610 2054 2830 2121 largitas
2867 2060 2927 2105 ut
2972 2057 3203 2104 mortem
3251 2045 3382 2102 ellu-

137 2140 347 2195 voluerat
369 2141 616 2212 profecto
655 2143 776 2198 illos
811 2144 1058 2199 omnibus
1087 2144 1241 2198 bonis
1263 2145 1505 2210 alienari,
1538 2144 1692 2198 dum-
1795 2152 1942 2220 giant
1970 2150 2371 2218 sempiternam.

138 2232 267 2286 modo
316 2233 404 2288 ille
458 2243 643 2304 posset
696 2235 851 2290 malis
898 2236 1146 2292 omnibus
1176 2236 1422 2301 liberari;
1452 2236 1696 2290 voluerat
1866 2239 2002 2294 Xlll.
2043 2239 2149 2294 Sed
2178 2239 2263 2294 cui
2301 2239 2417 2293 luce
2444 2237 2685 2300 dicimus,
2729 2242 2821 2289 aut
2849 2249 2945 2288 cur
2983 2232 3249 2287 dicimus?
3281 2230 3381 2285 Ubi

138 2321 298 2379 οσειτθ
346 2324 530 2379 omnia
558 2341 678 2395 qua:
725 2326 1059 2396 possederat.
1103 2325 1396 2381 dumm0d0
1439 2325 1695 2381 evaderet
1796 2341 2009 2403 apertas
2037 2346 2195 2385 aures
2240 2337 2331 2384 aut
2358 2329 2601 2384 videntes
2647 2327 2832 2382 oculos
2878 2325 3122 2379 invenire
3176 2323 3382 2393 poteri-

136 2429 227 2484 φη
250 2414 588 2485 perferebat:
620 2416 864 2471 voluerat
892 2426 1137 2472 cunctam
1169 2417 1314 2471 illam
1342 2418 1692 2472 substantiam
1796 2423 1952 2476 mus?
1984 2418 2174 2475 Omnes
2202 2420 2364 2483 enim,
2395 2427 2455 2473 ut
2478 2418 2545 2473 de
2567 2416 2744 2487 impiis
2782 2416 3025 2483 legimus,
3056 2430 3186 2484 pene
3207 2429 3384 2468 omnes

135 2519 264 2573 quam
304 2506 571 2561 habuerat
598 2515 652 2561 et
674 2509 995 2578 temporales
1016 2508 1222 2577 argenti
1251 2516 1306 2563 et
1334 2510 1448 2563 auri
1482 2509 1694 2565 tbesau-
1798 2514 2199 2576 declinaverunt,
2241 2512 2392 2565 simul
2436 2510 2647 2564 inutiles
2685 2509 2812 2579 facti
2859 2516 3015 2561 sunt:
3047 2523 3151 2561 non
3180 2515 3255 2560 est
3296 2507 3383 2577 qui

135 2612 319 2667 rospro
347 2613 405 2653 se
434 2598 567 2653 dare
590 2638 605 2660 ,
643 2607 702 2653 ut
725 2588 880 2669 iuges
908 2601 1290 2670 suppliciorum
1315 2601 1693 2656 immortalium
1797 2607 1957 2677 faciat
1988 2604 2192 2668 bonum,
2225 2620 2325 2657 non
2353 2610 2430 2656 est
2476 2617 2604 2672 pene
2637 2616 2795 2671 usque
2841 2599 2911 2653 ad
2956 2614 3113 2652 unum
3155 2596 3382 2668 (Psalm.

132 2702 290 2743 cruces
324 2696 375 2742 et
403 2704 644 2758 perenne
670 2689 799 2744 illud
828 2690 1130 2746 incendium
1169 2691 1490 2761 superjacta,
1523 2693 1565 2747 si
1587 2710 1694 2763 quo
1798 2714 1909 2761 xm,
1940 2696 2015 2766 ὃ).
2046 2694 2193 2749 Nova
2234 2694 2433 2763 quippe
2480 2693 2715 2746 amentia
2762 2699 2870 2745 tam
2910 2691 3193 2744 saaeulares
3225 2704 3384 2757 quam

134 2779 267 2834 modo
307 2790 517 2851 posset,
564 2781 870 2836 divitiarum
909 2798 1124 2836 suarum
1151 2784 1291 2838 mole
1318 2784 1691 2853 restinguerer,
1796 2788 1957 2842 etiam
1973 2784 2234 2855 quosdam
2257 2783 2571 2851 religionem
2586 2781 2859 2852 professos
2880 2780 3096 2835 incessit
3115 2780 3383 2835 homines.

134 2871 341 2942 257a
359 2871 698 2927 exundantes
723 2872 921 2942 ignium
938 2873 1692 2943 globosoppositaingentium
1798 2877 2093 2947 Siquidem,
2142 2884 2202 2929 ut
2229 2874 2429 2929 dudum
2483 2873 2662 2929 dicere
2712 2886 3068 2941 cmperamus,
3112 2869 3224 2938 jam
3279 2884 3386 2923 non

132 2960 423 3017 facultatum
468 2965 831 3019 immensitate
864 2965 1193 3035 prohiberet.
1235 2963 1301 3018 Et
1352 2964 1479 3033 quid
1520 2964 1695 3020 dicam
1796 2976 2006 3023 tantum
2026 2965 2148 3021 ﬁliis
2172 2973 2263 3019 aut
2292 2966 2596 3035 nepotibus,
2636 2963 2778 3033 quod
2805 2963 2874 3017 ob
2901 2970 3111 3033 natura;-
3151 2960 3386 3015 necessi-

136 3053 338 3111 voluisse
359 3071 508 3119 eum,
527 3064 588 3110 ut
609 3056 1002 3111 interminabile
1036 3055 1161 3110 illud
1191 3057 1386 3110 malum
1407 3056 1696 3111 redimeret
1800 3057 2039 3112 tudinem
2067 3055 2193 3111 ferri
2215 3061 2412 3126 potest,
2445 3053 2540 3110 sed
2570 3054 2732 3108 etiam
2762 3052 2969 3121 agnatis
3006 3059 3169 3120 atque
3189 3063 3386 3118 cogna-

135 3141 448 3201 hadtatibus
476 3147 627 3201 suis?
654 3145 778 3200 Plus
798 3147 919 3202 dico
949 3146 1168 3215 aliquid.
1199 3147 1455 3202 Voluer‘at
1482 3162 1696 3202 omnem
1723 3152 1767 3213 ε
1804 3148 1902 3211 tis;
1926 3160 2101 3217 neque
2137 3146 2331 3209 solum,
2360 3152 2420 3201 ut
2450 3145 2620 3207 aiunt,
2652 3158 2721 3197 ex
2760 3143 2989 3206 directo,
3019 3140 3110 3195 sed
3134 3140 3296 3194 etiam
3323 3154 3387 3193 ex

135 3238 465 3294 substantiam
516 3224 668 3294 suam
715 3239 947 3304 tradere,
994 3248 1053 3294 ut
1098 3248 1282 3311 posset
1308 3239 1428 3304 sibi,
1462 3240 1513 3293 in
1545 3228 1697 3293 ﬁam-
1800 3238 2020 3309 obliquo
2059 3245 2114 3292 et
2142 3252 2210 3291 ex
2238 3245 2568 3302 transverso,
2619 3236 2781 3290 immo
2826 3233 3003 3303 potius
3048 3247 3115 3285 ex
3164 3230 3391 3284 adverso

135 3330 214 3383 mis
237 3331 401 3397 situs,
453 3331 610 3385 unius
663 3332 850 3385 saltem
888 3331 1032 3385 bone
1077 3332 1317 3399 requiem
1359 3345 1693 3401 comparare.
1797 3343 2165 3401 perversaque
2210 3329 2568 3393 venientibus,
2619 3342 2706 3385 res
2753 3326 2982 3397 propria:
3024 3323 3311 3384 facultatis,
3336 3324 3389 3377 id

137 3423 431 3481 Desiderans
462 3426 610 3480 enim
639 3425 707 3479 ad
744 3423 1063 3493 mitigandas
1084 3424 1315 3478 faucium
1344 3422 1583 3477 ﬂammas
1613 3424 1697 3477 vel
1799 3429 1900 3485 est,
1930 3420 2161 3489 pretium
2188 3434 2298 3473 sua:
2321 3418 2706 3487 redemptionis
2731 3415 3004 3477 addicunt,
3038 3425 3061 3453 ο
3090 3414 3229 3468 sicut
3252 3414 3357 3467 seri
3375 3444 3387 3454 -

138 3515 327 3571 tinctum
345 3532 489 3586 aqua
506 3516 758 3586 pauperis
779 3515 1030 3584 digitum;
1055 3515 1324 3584 quomodo
1337 3529 1443 3569 non
1465 3521 1697 3582 quanto-
1799 3521 1951 3581 ptum
1975 3519 2058 3565 est
2084 3529 2096 3563 :
2130 3508 2253 3564 Non
2277 3509 2417 3564 dedit
2440 3508 2551 3563 Deo
2574 3509 2992 3579 propitiationem
3016 3521 3182 3570 suam,
3206 3512 3256 3558 et
3275 3521 3389 3574 pre-

139 3603 425 3677 libetpretio
439 3607 672 3661 mercari
690 3607 928 3676 requiem
943 3614 1351 3677 prmoptaverat,
1366 3607 1457 3675 qui
1479 3621 1697 3676 parvam
1734 3634 1747 3657 χ
1801 3604 1928 3656 tium
1974 3601 2341 3671 redemptionis
2369 3601 2559 3653 anima:
2596 3613 2705 3652 sua:
2734 3596 2960 3666 (Psalm.
2995 3610 3182 3658 ιιγιιι,
3215 3592 3268 3655 8,
3312 3591 3389 3662 9).

138 3695 366 3766 refrigerii
398 3706 609 3766 guttam
635 3706 742 3751 tam
771 3712 964 3765 magno
994 3698 1194 3751 ambitu
1224 3697 1567 3767 postulabat?
1593 3695 1699 3751 Sed
1802 3694 1870 3749 Et
1899 3695 2058 3765 paulo
2087 3701 2210 3763 post
2235 3712 2248 3746 :
2276 3692 2464 3758 Simul,
2489 3692 2679 3760 inquit,
2710 3689 2960 3760 insipiens
2985 3696 3036 3741 et
3063 3686 3252 3741 stultus
3276 3703 3391 3755 per-

138 3784 322 3851 iamista
342 3788 473 3858 quid
487 3787 1256 3858 proderantautquidjuvabat
1273 3786 1701 3854 miserum,quod
1801 3786 1945 3840 ibunt
1971 3803 1988 3839 :
2019 3795 2068 3838 et
2098 3786 2383 3854 relinquent
2411 3784 2595 3837 alienis
2635 3782 2840 3835 divitias
2869 3794 2992 3832 suas
3023 3795 3041 3831 :
3078 3785 3129 3831 et
3158 3776 3392 3847 sepulcra

136 3884 239 3931 tunc
264 3894 359 3947 pro
396 3894 460 3934 se
491 3877 689 3933 offerre
727 3878 905 3931 omnia
936 3878 1154 3931 volebat
1178 3877 1269 3945 qui
1291 3877 1430 3931 male
1451 3884 1576 3931 ante
1599 3892 1699 3930 no-
1802 3893 1973 3930 eorum
2007 3876 2394 3951 domus-eorum
2418 3875 2471 3926 in
2504 3883 2752 3927 wtermrm
2781 3868 2968 3951 (Ibid.,
3002 3867 3086 3933 il,
3114 3866 3224 3937 l2).
3256 3865 3393 3933 Quid

136 3964 312 4021 luerat?
340 3968 439 4023 γει
470 3968 602 4038 quid
630 3976 757 4022 tunc
783 3966 1041 4037 proderat
1059 3966 1203 4035 quod
1232 3965 1360 4020 dare
1389 3974 1579 4020 cuncta
1608 3981 1702 4019 cu-
1803 3967 1946 4020 inter
1968 3964 2188 4019 stultum
2203 3949 2285 4017 lsit
2330 3970 2385 4017 et
2414 3962 2775 4031 insipientem,
2819 3949 2927 4014 nun
2956 3967 3039 4013 est
3065 3973 3207 4012 nunc
3227 3957 3394 4011 disse-

136 4058 292 4125 piebat
315 4074 437 4128 qua:
462 4059 580 4128 jam
611 4059 866 4113 amiserat
896 4100 911 4123 ,
943 4058 1035 4126 qui
1065 4056 1194 4111 nihil
1224 4065 1351 4110 tunc
1379 4072 1477 4125 pro
1507 4071 1565 4110 se
1607 4055 1701 4109 dcc
1803 4058 1959 4114 rendi
2005 4058 2189 4121 locus;
2223 4070 2321 4109 nec
2372 4069 2504 4109 sane
2533 4054 2759 4107 interest
2788 4066 2909 4121 quae
2938 4052 3076 4105 inter
3112 4064 3208 4104 eos
3234 4047 3393 4102 tueri-

137 4147 265 4203 derat
290 4151 510 4220 quando
532 4150 715 4205 omnia
745 4148 1095 4220 possidebat?
1123 4146 1255 4202 Sera
1285 4148 1483 4217 quippe
1501 4187 1514 4211 ,
1541 4153 1601 4200 ut
1628 4146 1705 4199 ait
1805 4157 1980 4204 torum
2008 4147 2079 4201 sit
2116 4144 2436 4209 differentia,
2468 4157 2698 4214 quorum
2724 4150 2809 4196 est
2826 4155 2930 4195 una
2959 4139 3208 4210 perditio.
3240 4136 3393 4202 Quod

136 4238 181 4293 in
206 4239 497 4312 Scripturis
526 4242 759 4315 Spiritus
799 4250 1017 4295 sanctus
1039 4282 1053 4306 ,
1101 4255 1219 4295 sera
1260 4249 1343 4293 est
1388 4240 1701 4309 pmnitentia
1804 4255 1980 4295 causa:
2009 4240 2189 4308 itaque
2215 4235 2431 4298 sufﬁcit,
2463 4249 2584 4289 cum
2624 4234 2847 4287 dixisset
2874 4231 3029 4285 simul
3056 4228 3392 4298 insipientem

138 4342 469 4388 mortuorum.
524 4332 840 4400 Quomodo?
897 4330 1021 4386 Non
1077 4340 1152 4385 est
1196 4331 1372 4393 enim,
1428 4330 1599 4398 inquit
1637 4330 1704 4385 ad
1807 4332 1967 4401 269
1995 4334 2051 4383 et
2070 4326 2292 4384 stultum
2334 4340 2454 4380 esse
2500 4323 2802 4394 perituros;
2848 4320 3126 4374 videamus
3154 4317 3282 4387 quid
3310 4319 3396 4372 vel

139 4420 280 4477 Deum
308 4424 527 4481 Patrem
549 4440 730 4480 sermo
757 4424 987 4487 divinus,
1012 4440 1113 4477 non
1135 4426 1282 4476 estin
1306 4429 1468 4475 morte
1487 4423 1573 4492 qui
1597 4438 1704 4475 me—
1806 4422 1872 4475 ad
1893 4433 2108 4475 causam
2134 4417 2220 4472 vel
2248 4416 2316 4471 ad
2344 4415 2616 4471 cumulum
2645 4412 2959 4484 perditionis
2986 4409 3259 4479 adjecerit.
3294 4407 3397 4462 Re-

146 4528 240 4565 mor
284 4520 352 4571 sit
409 4519 516 4582 tui;
565 4519 621 4571 in
665 4518 869 4588 inferno
909 4526 1079 4569 autem
1112 4517 1225 4587 quis
1263 4514 1585 4583 conﬁtebitur
1613 4512 1705 4567 tibi
1734 4522 1782 4581 ι)
1808 4511 2058 4581 linquent,
2084 4507 2275 4576 inquit,
2307 4507 2491 4560 alienis
2520 4505 2726 4559 divitias
2751 4519 2893 4558 suas.
2915 4500 3113 4556 Verum
3134 4507 3233 4554 est.
3259 4497 3397 4566 Quid

142 4606 340 4673 (Psalm.
365 4626 438 4673 γι,
470 4609 567 4677 6)?
596 4606 816 4663 Exeludi
843 4607 1055 4680 penitus
1084 4621 1114 4660 a
1140 4604 1475 4661 confessione
1497 4604 1705 4674 peccati
1807 4604 1949 4657 enim
1977 4602 2091 4657 sive
2117 4609 2226 4655 tam
2254 4600 2477 4655 stultum
2528 4598 2642 4653 sive
2671 4606 2780 4651 tam
2821 4594 3111 4665 perditum,
3148 4606 3309 4661 quam
3339 4600 3399 4646 ot
3466 4611 3476 4633 ι

143 4710 457 4764 peccatorem
500 4708 772 4754 mortuum
824 4706 1176 4768 protestatur,
1229 4712 1329 4752 nec
1378 4711 1534 4766 posse
1588 4710 1706 4750 esse
1808 4695 1998 4765 aliquis
2018 4695 2085 4749 de
2113 4709 2212 4748 suo
2239 4708 2348 4747 non
2368 4692 2468 4747 sibi
2489 4690 2754 4756 consulat,
2785 4685 3079 4758 praesertim
3106 4700 3228 4739 cum
3251 4684 3399 4740 Deus

142 4804 440 4861 Quemquam
470 4799 662 4862 postea
690 4791 788 4846 Dei
824 4806 1138 4855 memorem,
1170 4790 1262 4859 qui
1292 4790 1344 4843 in
1373 4790 1472 4844 hac
1495 4789 1602 4843 vita
1623 4788 1705 4843 sui
1808 4789 1951 4844 dicat
1976 4789 2109 4844 nihil
2132 4788 2389 4858 prodesse
2418 4787 2622 4843 homini
2650 4786 2695 4840 si
2740 4792 2913 4840 totum
2952 4781 3210 4837 mundum
3240 4781 3401 4835 lucri-

142 4876 276 4934 fuerit
300 4883 524 4937 oblitus.
551 4882 698 4937 Adeo
721 4883 895 4937 omnis
922 4882 972 4937 ei
1000 4897 1124 4952 spes
1138 4881 1352 4955 penitus
1379 4881 1708 4936 abscinditur
1810 4880 1990 4943 faciat,
2018 4880 2210 4933 anima:
2238 4887 2415 4933 autem
2445 4891 2555 4932 suae
2583 4876 2964 4932 detrimentum
2990 4873 3265 4944 patiatur?
3300 4872 3401 4926 Aut

143 4976 189 5020 et
203 4973 370 5026 omnis
396 4973 524 5027 vita:
552 4971 728 5026 aditus
753 4971 1071 5037 obseratur;
1101 4979 1159 5026 ut
1186 4987 1310 5026 cum
1355 4987 1460 5026 una
1501 4971 1573 5026 sit
1610 4988 1706 5027 reo
1811 4988 1963 5037 quam
2002 4968 2161 5036 dabit,
2195 4969 2383 5039 inquit,
2426 4968 2577 5023 homo
2604 4967 3052 5022 commutationem
3092 4982 3185 5036 pro
3225 4965 3402 5018 animo

144 5057 308 5113 salutis
336 5062 420 5115 via
454 5076 649 5131 preces
677 5061 743 5115 ad
788 5062 957 5116 Deum
983 5060 1206 5116 fundere
1231 5069 1288 5116 et
1305 5063 1579 5118 cmlestem
1602 5063 1705 5116 mi-
1811 5079 1907 5115 sua
1931 5060 2143 5133 (Matth.
2167 5078 2275 5121 xvi,
2299 5059 2389 5131 26)
2407 5062 2430 5113 ?
2450 5059 2506 5115 Si
2527 5074 2655 5128 ergo
2678 5060 2921 5115 homines
2944 5066 3115 5113 totum
3140 5056 3399 5112 mundum

147 5150 471 5207 sericordiam
502 5152 888 5208 incessabiliter
914 5168 1103 5217 orare,
1134 5154 1297 5211 etiam
1322 5155 1423 5210 hac
1455 5163 1709 5224 peccator
1814 5170 2069 5225 spernere
2098 5162 2311 5223 oportet
2338 5169 2406 5209 ne
2451 5154 2749 5208 animarum
2778 5152 2971 5208 damna
3000 5151 3292 5222 patiantur,
3342 5157 3399 5205 et

1302 5263 1635 5320 STEPHANI
1673 5264 1944 5321 BALUle
1984 5263 2208 5319 ΝΟΤᾹΣ.

209 5362 232 5390 ³
264 5354 321 5407 ln
364 5352 659 5425 recentiori
701 5352 887 5425 codice
934 5357 1083 5423 regio
1111 5356 1367 5425 scripturn
1391 5365 1473 5410 est
1501 5373 1512 5408 :
1544 5355 1710 5410 Unius
1812 5356 2076 5424 sequenti,
2108 5355 2300 5409 desunt
2320 5355 2372 5409 in
2402 5355 2677 5411 codicibus
2715 5356 2874 5423 regiis
2903 5365 2957 5410 et
2986 5356 3037 5409 in
3066 5353 3398 5417 Colbertino,

148 5433 250 5497 sunt
271 5441 448 5497 omnes
474 5424 763 5497 [amftatis.
796 5423 1038 5497 Caveant,
1071 5435 1173 5497 etc.
1220 5423 1231 5425 ”
1815 5423 1915 5480 nec
1960 5426 2134 5497 minus
2164 5435 2342 5497 tamen
2373 5426 2573 5497 absque
2600 5427 2664 5482 iis
2688 5435 2934 5482 constare
2972 5425 3253 5497 lectionem
3283 5439 3397 5497 mo-

211 5491 235 5531 δ
271 5493 441 5549 Verba
474 5491 624 5553 'htnc,
676 5509 779 5546 non
828 5503 932 5548 tam
957 5494 1239 5549 Iueredibus
1268 5499 1538 5549 cumulant
1559 5513 1711 5562 quam
1815 5497 1934 5551 nuit
1973 5496 2231 5551 Pithmus.
2282 5495 2415 5562 Quia
2445 5491 2623 5553 tamen
2666 5498 2780 5552 hzec
2807 5510 3020 5551 sensum
3052 5495 3251 5548 bonum
3274 5492 3403 5562 red-

256 5565 456 5629 obsnnt,
485 5563 682 5618 desunt
705 5564 757 5617 in
786 5565 1057 5621 codicibus
1085 5566 1244 5633 regiis
1288 5574 1344 5620 et
1389 5566 1442 5619 in
1488 5561 1710 5621 Colber-
1817 5567 1969 5640 dunt,
1999 5565 2267 5640 noluimus
2293 5561 2619 5640 expungere.
2647 5567 2781 5640 lllud
2810 5563 3150 5640 admonuisse
3175 5561 3406 5640 sufficiat

154 5634 317 5709 lino."
737 5703 748 5709 _
1045 5706 1058 5709 _
1093 5704 1135 5709 __
1221 5707 1228 5709 _
1449 5706 1458 5709 Α
1630 5708 1636 5709 γ
1816 5638 1894 5691 sic
1914 5636 2198 5709 utrobique
2226 5634 2498 5707 scriptum—
2513 5654 2633 5693 esse
2661 5656 2674 5690 :
2708 5636 2939 5709 Pretium
2968 5650 3073 5709 sui:
3095 5634 3403 5709 redemptio-

217 5716 238 5743 ο
272 5704 394 5761 Haec
419 5712 475 5759 et
505 5703 783 5772 sequentia
808 5721 974 5775 usque
996 5706 1061 5761 ad
1084 5704 1193 5761 Nec
1215 5707 1426 5762 interest
1447 5706 1499 5762 in
1514 5708 1713 5779 pagina
1818 5708 1901 5762 nis
1919 5703 2197 5773 addit-unt;
2226 5724 2317 5761 nec
2336 5703 2555 5763 interest
2574 5724 2703 5779 pene
2715 5707 2829 5777 jam
2852 5705 2991 5778 apud
3016 5703 3275 5773 homines,
3298 5716 3400 5761 etc.
