3866 6178
499 227 603 281 219

1456 224 1512 279 S.
1555 223 1868 279 SALVIANI
1906 222 2367 280 MASSILIENSIS
2404 222 2835 283 PRESBYTER!

3598 228 3675 285 920

497 348 724 413 propter
744 354 896 397 suam
916 340 1144 397 salutem
1173 339 1333 395 debet
1357 340 1621 408 quispiam
1641 339 1803 393 etiam
1828 354 1924 393 sua
1945 339 2091 393 lucra
2122 345 2170 402 Α
2196 340 2353 395 vidua
2393 340 2478 395 vel
2506 340 2682 410 puella
2716 358 2728 393 :
2759 339 2911 393 Illum
2940 339 3200 394 haeredem
3243 341 3404 396 scribo
3439 343 3677 411 proximum

498 446 883 501 contemnere;
921 451 1083 505 quam
1135 433 1360 488 inﬁdelis
1388 442 1491 498 est,
1516 448 1678 502 quam
1707 433 1964 503 insipiens
2004 441 2086 488 est

497 528 612 597 qui,
638 535 698 581 ut
725 527 887 580 alium
916 525 1135 579 divitem
1164 524 1343 590 faciat,
1376 524 1608 577 animam
1636 537 1789 577 suam
1815 523 1928 592 ipse
1958 538 2087 578 con-

498 618 764 673 demnat?
792 617 1024 671 maxime
1053 632 1175 671 eum
1205 626 1260 671 et
1289 617 1378 670 ille
1418 632 1528 671 non
1571 612 1813 669 multum"
1825 615 2087 684 adipisca-

501 722 586 764 tur
612 709 705 779 qui
734 721 890 763 usum
916 708 1298 778 temporalium
1322 723 1505 763 rerum
1547 707 1761 777 accipit,
1794 714 1849 761 et
1887 707 1975 761 ille
2004 707 2087 760 in-

497 800 832 856 :estimabilla
861 800 1057 854 damna
1084 798 1317 869 perferat
1345 798 1436 867 qui
1460 797 1689 853 fructum
1729 797 1901 852 beata:
1926 804 2085 851 mter-

499 892 685 946 nitatis
713 891 930 944 amittit.
960 889 1093 944 Nam
1123 900 1179 944 et
1207 889 1327 945 ideo
1356 889 1599 957 sequitur
1626 888 1681 942 in
1706 888 1911 957 psalmo
1945 905 1957 940 :
1991 886 2087 942 Se-

497 985 677 1054 pulcra
705 998 900 1045 eorum,
924 980 1106 1035 domus
1133 995 1309 1035 eorum
1328 981 1384 1033 in
1404 987 1673 1034 wtemum.
1698 976 1866 1044 Quam
1891 977 2087 1032 misera

496 1088 627 1142 ergo
648 1074 749 1128 erit
778 1074 984 1144 perdita
1028 1088 1146 1127 sors
1175 1087 1363 1127 eorum
1402 1071 1493 1139 qui
1522 1071 1674 1139 quasi
1703 1069 1963 1139 sepulcris
1990 1085 2086 1138 pe-

498 1164 753 1220 rennibus
780 1164 1043 1233 deputati,
1091 1178 1253 1233 quam
1298 1161 1662 1218 conditionem
1710 1170 1832 1237 post
1859 1168 2086 1215 mortem

497 1253 788 1323 prmferunt
833 1268 1143 1322 corporum,
1174 1252 1416 1307 eamdem
1446 1250 1844 1320 quodammodo
1877 1251 2086 1320 patian-

498 1354 584 1399 tur
611 1344 940 1398 animarum!
967 1351 1023 1398 et
1041 1342 1260 1412 quidem
1282 1342 1457 1395 minus
1477 1341 1728 1395 miseram
1750 1341 1797 1395 si
1820 1340 2081 1406 eamdem,

497 1442 590 1489 aut
627 1434 674 1489 si
711 1434 779 1489 ad
800 1449 896 1489 eos
923 1433 992 1488 ad
1020 1443 1045 1470 ι
1068 1433 1311 1502 jumenta
1358 1431 1662 1502 insipientia
1694 1446 1793 1486 nec
1819 1431 2084 1486 bonorum

496 1541 684 1581 sensus
730 1541 832 1581 nec
876 1525 1138 1579 malorum
1166 1523 1195 1563 ι»
1227 1524 1406 1594 passio
1434 1525 1748 1593 pertineret.
1803 1522 1909 1578 Sed
1957 1523 2085 1578 illud

496 1615 749 1671 acerbum
803 1622 965 1683 atque
994 1614 1331 1669 intolerabile
1379 1613 1521 1682 quod
1562 1614 1808 1668 similiter
1834 1623 2080 1685 pereunt,

2187 447 2385 486 meum.
2417 432 2496 486 Ac
2524 433 2602 487 sic
2626 430 2844 501 quidam
2860 446 2996 501 quos
3024 432 3076 486 in
3100 433 3237 488 omni
3266 434 3367 488 vita
3391 435 3522 503 quasi
3544 444 3682 491 extra-

2187 536 2318 576 neos
2347 522 2657 591 alienosque
2704 522 3023 589 habuerant,
3055 524 3224 578 subito
3250 525 3301 578 in
3328 526 3553 580 extremis
3589 540 3686 596 pro-

2184 613 2415 682 pinquos
2439 614 2639 667 habent
2663 631 2678 679 ;
2700 622 2754 668 et
2781 614 2871 682 qui
2901 614 3140 668 extranei
3168 630 3368 683 semper
3392 608 3521 669 fuere
3544 616 3688 671 viven-

2186 705 2338 768 tium,
2371 710 2622 772 parentes
2650 718 2768 758 esse
2817 704 3079 772 incipiunt
3122 711 3451 758 mortuorum.
3490 702 3690 758 lntrodu-

2185 801 2314 846 cunt
2340 792 2484 846 enim
2531 800 2756 862 repente
2805 793 2857 846 in
2890 800 3261 847 testamentum
3307 807 3432 861 quos
3472 807 3691 860 nunquam

2187 884 2533 938 introduxere
2580 885 2635 937 in
2681 882 2961 950 allectum;
3006 891 3060 938 et
3101 883 3203 939 hoc
3245 884 3476 949 maxime,
3520 891 3571 937 ut
3592 882 3692 948 dixi,

2186 985 2278 1030 aut
2298 976 2612 1047 locupletes,
2642 984 2735 1030 aut
2763 975 2988 1041 nobiles,
3014 983 3107 1029 aut
3132 975 3429 1038 honoratos,
3451 982 3498 1028 et
3519 974 3596 1042 qui
3620 974 3694 1030 nisi

2186 1074 2435 1137 potentes
2463 1074 2662 1132 essent,
2694 1075 2943 1137 parentes
2970 1066 3189 1121 forsitan
3218 1079 3319 1119 non
3340 1063 3692 1120 fuissent.

2186 1160 2305 1215 cula
2332 1159 2512 1213 miseri
2559 1159 2833 1213 testatoris
2862 1157 3100 1223 ambitio,
3133 1155 3264 1212 dans
3286 1170 3488 1210 censum
3515 1156 3696 1225 propria

2185 1249 2450 1304 facultatis
2480 1248 2545 1302 ad
2574 1248 2994 1318 comparandum
3033 1247 3361 1302 mendacium
3384 1245 3698 1316 propinquita-

2186 1340 2272 1405 tis,
2308 1356 2491 1395 emens
2519 1340 2694 1410 pretio
2739 1338 3069 1394 bmreditatis
3100 1353 3290 1393 nomen
3317 1335 3541 1399 hmredis,
3568 1343 3614 1390 et
3632 1344 3699 1391 to-

2187 1432 2253 1487 tis
2282 1430 2590 1501 patrimonii
2612 1431 2694 1485 sui
2721 1431 2925 1486 viribus
2946 1431 3051 1486 hoc
3079 1430 3354 1485 elaborans
3374 1445 3436 1484 ne
3462 1443 3515 1483 se
3536 1428 3610 1481 ille
3631 1428 3700 1496 qui

2185 1524 2358 1578 haeres
2385 1523 2636 1577 scribitur
2662 1532 2939 1593 parentem
2969 1524 3127 1596 271
3158 1531 3331 1591 neget,
3362 1529 3413 1577 et
3445 1530 3499 1576 ut
3524 1527 3701 1576 testator

2185 1615 2577 1670 infelicissimus
2603 1614 2914 1669 stultissima
2934 1630 2997 1670 ac
3026 1615 3317 1671 miserrima
3337 1614 3569 1678 vanitate,
3593 1611 3701 1666 facto

496 1705 590 1761 sed
616 1721 722 1760 non
747 1706 992 1761 similiter
1011 1706 1305 1776 puniuntur
1336 1724 1349 1757 :
1374 1705 1583 1759 illorum
1611 1705 1754 1760 enim
1779 1722 1926 1761 mors
1948 1721 2082 1760 sem-
2110 1703 2156 1761 Β
2186 1706 2396 1762 hmrede
2424 1707 2610 1773 nobili,
2640 1708 2764 1777 quia
2812 1706 2865 1761 in
2896 1707 3003 1761 vita
3051 1722 3148 1762 sua
3188 1705 3431 1761 humilior
3467 1719 3571 1759 esse
3593 1703 3703 1756 visus

499 1797 709 1866 piterna
739 1798 854 1852 sine
873 1810 1033 1852 sensu
1063 1804 1160 1862 est,
1192 1796 1419 1850 istorum
1446 1796 1686 1850 omnium
1706 1812 1828 1851 cum
1853 1795 2041 1851 dolore
2068 1814 2080 1849 :

497 1906 563 1945 ac
602 1890 681 1945 sic
731 1889 1095 1945 conditionem
1142 1889 1416 1943 hominum
1464 1896 1808 1958 peccatorum
1855 1888 2084 1959 perditio

492 1981 711 2052 quidem
735 1981 863 2037 facit
889 1980 1184 2052 pecudibus
1210 1995 1332 2035 esse
1358 1980 1607 2045 similem,
1637 1980 1731 2035 sed
1762 1987 1941 2035 tamen
1970 1996 2085 2050 pm-

495 2087 619 2127 nam
657 2072 978 2141 graviorem.
1012 2070 1259 2138 Cogitent
1300 2071 1462 2139 igitur
1489 2079 1683 2125 cuncta
1726 2071 1825 2125 ista
1853 2087 1971 2141 qum
1999 2071 2083 2126 di-

492 2164 685 2227 cimus,
713 2162 877 2217 immo
906 2162 1145 2229 cogitent
1172 2171 1364 2217 cuncta
1393 2162 1484 2217 illa
1505 2177 1625 2231 qua:
1654 2162 1795 2218 Deus
1814 2162 1963 2229 dicit,
1991 2167 2083 2234 qui

493 2256 593 2312 sibi
616 2272 715 2311 nec
737 2262 863 2310 ante
883 2262 1113 2309 mortem
1141 2254 1360 2310 omnino
1381 2254 1688 2319 consulunt,
1713 2270 1813 2311 nec
1832 2256 1887 2309 in
1908 2264 2084 2312 morte

494 2354 834 2411 succurrunt,
884 2345 1026 2415 apud
1053 2360 1191 2414 quos
1233 2346 1434 2401 oblivio
1485 2355 1567 2401 est
1604 2347 1817 2417 penitus
1864 2363 2083 2403 suarum

494 2438 812 2493 animarum.
835 2435 1186 2492 Necinterest
1203 2452 1343 2506 pene
1357 2436 1467 2505 jam
1490 2437 1634 2507 apud
1653 2437 1900 2493 homines
1920 2441 2084 2510 270

492 2529 686 2601 quibus
713 2529 1014 2595 consulant,
1046 2527 1336 2584 dummodo
1364 2529 1465 2584 sibi
1494 2530 1713 2584 omnino
1749 2545 1857 2584 non
1886 2546 2083 2586 consu-

492 2623 624 2675 lant.
657 2621 713 2677 Si
740 2622 834 2691 qui
863 2621 1009 2676 enim
1036 2636 1105 2675 ex
1131 2621 1247 2675 istis
1274 2620 1341 2676 de
1363 2622 1557 2691 quibus
1586 2622 1873 2690 loquimur,
1905 2632 2082 2680 morte

490 2713 957 2783 appropinquante
984 2711 1121 2768 filios
1147 2727 1256 2767 non
1285 2713 1503 2780 habent,
1541 2723 1787 2785 quaerunt
1811 2715 2073 2772 infidelis-

489 2803 626 2857 sime
654 2817 792 2872 quos
833 2812 929 2857 aut
954 2803 1287 2872 propinquos
1335 2810 1427 2858 aut
1480 2801 1670 2860 affines
1698 2820 1825 2861 suos
1865 2806 2077 2874 dicant;

488 2898 583 2944 aut
603 2891 648 2944 si
670 2890 722 2946 id
745 2888 883 2946 forte
909 2890 1079 2965 deest,
1112 2900 1356 2961 quairunt
1395 2892 1584 2948 saltem
1612 2894 1789 2963 aliqua
1819 2911 2081 2951 novarum

490 2982 946 3038 necessitudinum
976 2981 1099 3038 fleta
1142 2983 1378 3037 nomina.
1412 2983 1522 3040 Nec
1550 2985 1808 3052 interest,
1860 2994 1918 3041 ut
1945 2986 2077 3053 dixi,

484 3072 631 3143 apud
660 3087 755 3128 eos
799 3088 1030 3141 quorum
1058 3073 1420 3139 meminerint,
1452 3073 1743 3129 dummodo
1773 3076 1854 3130 sui
1883 3076 2078 3131 oblivi-

480 3169 738 3227 scantur;
768 3179 878 3218 non
928 3162 1152 3218 interest
1195 3178 1333 3232 quos
1380 3179 1563 3220 amare
1608 3181 1667 3221 se
1694 3165 1892 3233 dicant,
1924 3168 2076 3222 dum-

481 3253 647 3309 modo
676 3240 881 3308 aniinas
900 3268 1025 3309 suas
1053 3253 1294 3322 oderint;
1328 3273 1435 3311 non
1459 3257 1679 3313 interest
1718 3273 1856 3328 quos
1883 3258 2076 3316 divites

474 3343 702 3408 .faciant,
734 3344 1028 3399 dummodo
1056 3360 1117 3400 se
1143 3353 1343 3401 aeterna
1365 3347 1711 3403 mendicitate
1731 3361 2070 3407 consumant.

555 3432 693 3489 XIV.
714 3432 760 3488 Ο
790 3433 1092 3502 infelicitas,
1115 3451 1149 3491 o
1178 3437 1413 3493 insania!
1448 3438 1589 3505 Quid
1616 3446 1844 3507 tantum,
1868 3458 2071 3513 qumso,

485 3526 552 3582 de
579 3542 638 3582 se
667 3527 956 3582 miserrimi
984 3529 1226 3584 omnium
1241 3528 1384 3584 male
1403 3540 1837 3599 promeruerunt,
1862 3542 1920 3586 ut
1946 3533 2074 3588 dum

482 3618 710 3671 aliorum
767 3618 1130 3688 voluptatibus
1180 3619 1439 3684 serviunt,
1488 3635 1547 3674 se
1600 3630 1861 3690 perpetuo
1889 3638 2074 3692 perse-

482 3710 742 3778 quantur!
774 3710 969 3764 Videas
997 3712 1140 3765 enim
1168 3725 1198 3765 a
1228 3711 1548 3779 quibusdam
1587 3712 1950 3770 infelicissima
1978 3733 2073 3770 va-

483 3799 649 3853 nitate
678 3799 985 3866 investigari
1015 3800 1276 3870 quosdam
1306 3816 1477 3856 novos
1505 3817 1569 3857 ac
1599 3803 1807 3858 nobiles
1854 3806 2073 3876 propin-

481 3904 638 3956 quos,
669 3890 850 3944 videas
880 3891 1272 3958 incognitarum
1318 3892 1663 3958 agnationum
1694 3894 1939 3963 pudenda
1968 3913 2070 3951 no-

480 3981 623 4034 mina
652 3990 707 4035 et
734 3984 1030 4036 recentium
1060 3997 1126 4038 ac
1152 3985 1564 4053 praapotentium
1599 3985 1920 4041 affinitatum
1950 3989 2073 4044 ridi-

480 4070 603 4125 cula
646 4080 973 4137 commenta,
1005 4089 1126 4127 cum
1156 4073 1299 4128 dicat
1324 4074 1446 4143 quis
1486 4075 1554 4131 de
1581 4076 1761 4145 aliquo
1814 4078 2068 4151 adoptivo

478 4177 542 4217 ac
571 4161 850 4219 subitaneo
878 4166 1181 4235 propinquo
1220 4184 1233 4218 :
1264 4165 1415 4221 Illum
1444 4169 1713 4225 haeredem
1741 4171 1880 4228 facio
1914 4186 1935 4212 ο
1967 4191 2066 4245 pa-

476 4263 689 4311 rentem
728 4271 924 4313 meum.
958 4258 1065 4313 Aut
1101 4274 1434 4330 quaecunque
1471 4270 1673 4319 sanctae
1718 4266 2068 4336 professionis

2106 3084 2152 3139 C

2187 1810 2289 1865 est,
2314 1798 2341 1836 ἀ
2383 1801 2698 1855 honoratior
2726 1800 2779 1854 in
2809 1809 2984 1854 morte
3012 1814 3132 1854 esse
3169 1798 3422 1853 videatur.
3452 1795 3493 1850 Ο
3517 1795 3702 1859 crecitas,

2187 1906 2220 1945 o
2252 1889 2486 1944 insania!
2512 1897 2714 1961 quanto
2738 1890 2936 1946 studio.
2961 1887 3304 1944 infelicissimi
3332 1884 3632 1950 homines,id
3648 1880 3704 1937 ef-

2187 1981 2343 2038 ficitis
2383 1992 2444 2035 ut
2469 1982 2651 2036 miseri
2681 1982 2733 2036 in
2780 1981 3080 2035 aeternitate
3128 1981 3277 2036 sitis?
3304 1978 3502 2046 Quanto
3543 1975 3706 2029 minore

2185 2091 2332 2140 cura,
2362 2074 2569 2128 minore
2598 2073 2800 2128 ambitu
2829 2072 2879 2126 id
2905 2072 3057 2127 vobis
3102 2078 3358 2143 prmstare
3405 2064 3626 2140 potuistis
3667 2070 3709 2120 ut

2185 2179 2398 2234 semper
2424 2165 2568 2219 beati
2597 2179 2715 2220 esse
2741 2163 2996 2234 possitis?
3022 2161 3189 2233 Cujus
3216 2160 3423 2231 quidem
3449 2160 3521 2213 rei
3537 2167 3709 2212 causam

2187 2253 2343 2312 aliam
2374 2257 2593 2312 omnino
2620 2254 2859 2310 invenire
2906 2271 3013 2309 non
3060 2269 3301 2325 possum,
3332 2252 3429 2307 nisi
3455 2249 3603 2305 solam
3624 2252 3711 2300 tan-

2184 2345 2462 2401 tummodo
2509 2334 2935 2400 incredulitatem
2984 2351 3148 2414 atque
3194 2341 3494 2415 perﬁdiam,
3538 2338 3582 2393 id
3617 2344 3710 2398 est.

2184 2439 2330 2509 quod
2356 2445 2449 2493 aut
2465 2436 2780 2507 judicandos
2805 2451 2865 2492 se
2904 2451 2934 2490 a
2962 2431 3075 2491 Deo
3104 2434 3351 2491 homines
3388 2447 3502 2489 esse
3524 2445 3616 2485 non
3639 2442 3712 2497 pu-

2183 2539 2320 2595 tant,
2352 2538 2443 2584 aut
2487 2537 2882 2584 resurrecturus
2928 2526 3150 2583 omnino
3198 2543 3317 2582 esse
3367 2541 3470 2580 non
3514 2519 3712 2577 credunt.

2183 2619 2352 2674 Nemo
2382 2626 2463 2674 est
2491 2619 2634 2673 enim
2663 2618 2753 2688 qui
2781 2622 3209 2672 resurrecturum
3264 2630 3322 2672 se
3349 2624 3403 2670 et
3424 2607 3715 2683 judicandum

2184 2724 2215 2763 a
2243 2710 2356 2765 Deo
2384 2709 2451 2764 de
2480 2709 2732 2779 operibus
2767 2707 2922 2763 bonis
2952 2722 3014 2762 ac
3034 2709 3193 2762 malis
3221 2716 3399 2762 certus
3424 2705 3507 2769 sit,
3535 2701 3611 2772 qui
3634 2710 3714 2752 non

2182 2799 2270 2854 vel
2298 2800 2412 2870 spei
2432 2814 2495 2853 ac
2521 2797 2834 2853 beatitudini
2862 2812 2973 2852 sua:
2994 2803 3219 2867 pnestet
3245 2804 3306 2851 ut
3330 2810 3427 2867 pro
3451 2792 3592 2849 bonis
3614 2801 3720 2859 ope«

2180 2892 2329 2946 ribus
2356 2891 2613 2961 perennia
2640 2890 2783 2946 bona
2808 2890 3006 2960 capiat,
3039 2890 3123 2945 vel
3176 2890 3355 2945 timori
3400 2895 3550 2956 atQue
3571 2879 3721 2939 discri-

2180 2985 2312 3041 mini
2341 3001 2408 3041 ne
2438 3001 2537 3056 pro
2568 2984 2720 3039 malis
2748 2984 2888 3038 mala
2931 2992 3133 3039 mterna
3167 2983 3421 3055 patiatur.

2253 3074 2366 3130 XV.
2399 3076 2505 3131 Sed
2534 3077 2825 3131 abhorrere
2853 3076 2957 3131 hoc
3002 3075 3259 3132 videlicet
3284 3090 3314 3130 a
3343 3072 3623 3129 Christiano
3645 3066 3722 3120 ho-

2180 3168 2325 3222 mine
2352 3166 2580 3233 videtur,
2614 3175 2673 3221 ut
2703 3174 2728 3205 ε
2756 3167 2966 3223 dicatur
3004 3165 3186 3222 futura
3216 3183 3325 3223 non
3365 3164 3590 3221 credere.
3616 3155 3725 3226 Quid

2178 3276 2306 3330 ergo
2333 3277 2508 3316 causa;
2536 3268 2636 3327 est,
2669 3269 2727 3316 ut
2751 3259 2798 3315 si
2826 3258 2996 3316 credit
3022 3275 3144 3329 quae
3187 3259 3326 3317 dixit
3370 3259 3523 3320 Deus,
3553 3267 3647 3309 non
3670 3249 3723 3303 ti-

2156 3360 2324 3427 _meat
2349 3368 2469 3422 quae
2505 3352 2739 3407 minatur
2767 3350 2946 3407 Deus?
2987 3347 3044 3407 Si
3072 3368 3185 3407 non
3217 3351 3392 3409 credit
3434 3347 3596 3404 verbis
3633 3354 3728 3412 qua

2173 3444 2309 3499 dixit
2337 3444 2497 3509 Deus,
2530 3459 2638 3499 non
2667 3443 2853 3499 credat
2882 3444 3116 3514 praemiis
3146 3460 3269 3515 qum
3296 3441 3553 3531 promittit
3578 3432 3725 3531 Deus!

2175 3535 2361 3605 Neque
2388 3536 2530 3591 enim
2559 3550 2619 3590 se
2654 3534 2850 3605 probat
2890 3534 3343 3604 promissionibus
3376 3525 3486 3587 ‘Dei
3523 3525 3727 3586 credere,

2176 3628 2268 3699 qui
2295 3643 2403 3682 non
2431 3627 2509 3682 sic
2534 3628 2643 3696 agit
2669 3634 2728 3681 ut
2755 3626 2925 3698 possit
2954 3625 3019 3680 ad
3047 3627 3321 3696 promissa
3352 3642 3383 3679 a
3412 3624 3519 3678 Deo
3544 3613 3729 3691 prtemia

2174 3719 2474 3789 pervenire.
2508 3718 2566 3771 lu
2612 3718 2727 3787 ipsa
2771 3717 2969 3786 quippe
2998 3716 3101 3772 hac
3130 3718 3245 3772 vita
3274 3714 3567 3776 hominum,
3602 3708 3643 3763 si
3662 3704 3730 3774 ju-

2172 3808 2457 3864 dicandum
2485 3824 2545 3864 se
2570 3807 2763 3877 aliquis
2791 3808 2859 3863 ab
2888 3808 3121 3862 humana
3151 3809 3259 3863 hac
3282 3813 3548 3879 potestate
3586 3810 3636 3857 et
3657 3812 3729 3852 ra-

2172 3899 2429 3971 piendum
2478 3915 2537 3954 se
2566 3898 2633 3952 ad
2665 3898 2891 3953 tribunal
2950 3906 3231 3953 terrenum
3281 3913 3402 3953 esse
3431 3888 3729 3963 cognoverit,

2172 3993 2463 4047 advocatos
2511 3990 2756 4060 requirit,
2808 3997 3070 4060 patronos
3098 3990 3344 4069 adhibet,
3396 3989 3414 4026 ι
3459 3982 3729 4041 ofﬁcialium

2170 4085 2398 4156 gratiam
2437 4083 2782 4154 favoremque
2825 4090 3125 4149 mercatur;
3159 4091 3216 4138 et
3246 4083 3365 4139 hare
3403 4079 3577 4136 omnia
3608 4080 3731 4130 metu

2162 4176 2349 4246 judicii
2380 4175 2541 4230 futuri
2576 4174 2706 4243 agit,
2739 4189 2859 4229 cum
2890 4181 3071 4229 tamen
3115 4184 3377 4230 eventum
3401 4170 3580 4241 judicii
3605 4178 3730 4222 com-

2167 4281 2359 4335 parare
2385 4280 2492 4319 non
2521 4265 2691 4335 possit
2724 4282 2737 4318 :
2771 4263 2904 4319 adeo
2932 4265 3035 4319 etsi
3062 4264 3353 4320 victoriam
3382 4272 3559 4319 emere
3586 4258 3730 4327 ipsam

1668 4375 1999 4432 STEPHANI
2040 4377 2311 4433 BALUZII
2350 4376 2579 4432 NOTAE.

546 4470 573 4498 ιι
612 4459 778 4543 flecte
798 4459 1005 4513 monuit
1027 4458 1267 4543 Pithteus
1290 4462 1518 4543 fortasse
1538 4466 1737 4521 rectius
1760 4467 1829 4543 ita
1870 4470 2054 4543 legen-
2087 4479 2134 4537 ι)
2160 4487 2357 4525 versum
2383 4487 2494 4525 esse
2506 4471 2696 4540 jactat,
2720 4470 2868 4525 homo
2891 4474 2977 4543 qui
2998 4488 3090 4543 nec
3115 4483 3323 4542 patrem
3354 4471 3507 4525 habet
3531 4484 3616 4522 nec
3640 4478 3734 4543 inq-

472 4531 730 4612 dm'uhoc
758 4529 880 4610 loco
908 4545 1027 4586 esse
1054 4532 1100 4585 si
1127 4531 1197 4584 ad
1222 4549 1310 4587 eo:
1333 4545 1388 4586 ut
1409 4536 1665 4605 jumenta,
1697 4538 1782 4592 vel
1817 4549 1871 4592 ut
1899 4529 2054 4612 adju-

473 4610 670 4656 menta.

545 4671 571 4743 ιζ
612 4671 708 4725 llic
748 4670 1097 4727 describenda
1124 4680 1252 4727 sunt
1278 4688 1339 4728 ea
1373 4689 1493 4743 quae
1523 4676 1603 4730 vir
1627 4676 1832 4733 clariss.
1866 4677 2056 4736 Petrus

472 4738 711 4815 Eitlimus
739 4744 1013 4815 annotavit
1058 4743 1125 4798 ad
1154 4743 1296 4798 hunc
1325 4738 1527 4811 locum;
1558 4760 1678 4815 quae
1710 4749 1788 4803 sic
1816 4750 2015 4804 habent
2040 4770 2053 4804 :

471 4808 750 4885 Corruptus
766 4821 846 4885 est
874 4813 955 4867 hic
983 4818 1126 4868 locus
1146 4815 1199 4867 in
1220 4816 1417 4869 caeteris
1446 4808 1563 4869 aliis
1576 4808 1915 4885 'editionibus,
1945 4820 2053 4875 Ba—

472 4880 668 4955 siliensi
696 4883 863 4950 prima
884 4895 1109 4955 excepta,
1140 4902 1205 4939 ex
1233 4902 1333 4955 qua
1354 4887 1427 4940 ita
1453 4888 1797 4944 restituendus
1825 4880 1921 4954 est,
1956 4909 2054 4947 nec

472 4951 949 5029 malorumpassio
969 4951 1291 5029 perveniret.
1318 4954 1387 5009 At
1422 4956 1552 5029 illud
1598 4960 1850 5013 acerbum
1893 4951 2055 5029 atque

471 5019 827 5093 intolerabile,
855 5019 1030 5093 eodem
1054 5025 1209 5093 plane
1244 5042 1419 5080 sensu.
1464 5025 1579 5083 Nos
1608 5044 1725 5083 vero
1754 5046 1869 5083 cum
1898 5019 2055 5085 deiti-

470 5090 852 5164 tueremur/toc
896 5092 1012 5164 loco,
1036 5090 1218 5149 ueteris
1259 5097 1449 5151 codicis
1496 5100 1724 5164 auxilio,
1772 5118 1866 5154 nec
1912 5103 2053 5157 illius

468 5162 650 5244 prima:
693 5161 933 5215 editionis
982 5163 1471 5244 Basiliensis_co;;ia
1499 5161 1800 5244 suppeteret,
1832 5173 1905 5225 ita
1931 5189 2054 5244 snp-

467 5232 836 5306 plendutgnon
857 5234 1063 5306 omnino
1086 5232 1492 5306 Aprosdionysos
1514 5232 1913 5305 conjecerainus.
1939 5232 2055 5300 Huc

466 5300 925 5378 usquel’itbmus.
978 5302 1035 5357 ln
1064 5300 1337 5360 codicibus
1363 5300 1522 5374 regiis
1570 5300 1764 5378 legitur
1806 5319 1867 5366 ut
1890 5314 1943 5366 in
1967 5312 2052 5368 Pi-

468 5374 683 5429 thoeana
713 5372 969 5427 editione.

540 5456 561 5482 ε
586 5444 643 5521 ω
664 5452 772 5521 est,
790 5444 1149 5521 propinquum
1172 5462 1272 5499 non
1298 5456 1496 5515 parent.
1522 5445 1746 5518 Proprie
1768 5462 2049 5521 parentum

465 5515 742 5594 vocabulo
759 5516 1104 5594 intelligimus
1131 5524 1340 5594 patrem
1365 5532 1448 5594 ag
1481 5515 1729 5594 tuatrem.
1746 5515 2047 5594 _'Hierony-

468 5597 581 5638 mus
610 5586 661 5638 in
691 5586 828 5641 libro
858 5588 1095 5642 secundo
1117 5586 1370 5642 adversus
1411 5585 1659 5642 Ruﬁnum
1689 5609 1700 5643 :
1736 5591 1877 5646 Illud
1930 5585 2045 5648 vero

492 5655 730 5709 umidum
762 5657 896 5726 quod
922 5666 1035 5726 post
1086 5659 1297 5729 triginta
1329 5672 1491 5711 annos
1518 5658 1585 5710 ad
1610 5672 1847 5729 parentes
1876 5681 1931 5718 ae
1959 5682 2042 5719 rc-

2163 4550 2318 4613 trem;
2340 4534 2533 4613 etquo}:
2556 4534 2776 4594 viventes
2797 4534 3001 4611 juvém’s
3024 4534 3319 4613 dereliquit,
3365 4550 3590 4597 mortuos
3617 4534 3734 4588 desis

2164 4611 2327 4664 derat.
2363 4610 2484 4670 Nisi
2514 4613 2647 4684 forte
2674 4610 2911 4680 parentes
2941 4611 3157 4684 militari
3196 4610 3503 4684 uulgariam:
3530 4616 3737 4663 senato"!

2161 4691 2406 4752 cognatos
2446 4692 2494 4734 et
2515 4680 2697 4752 afﬁnes
2728 4684 2978 4735 nominat.
3026 4680 3210 4737 rE'tate
3256 4680 3504 4737 Salviani
3556 4684 3737 4752 certum

2160 4746 2242 4824 est
2270 4746 2855 4824 parentinntyocabulo
2911 4754 3341 4822 comprehensos
3390 4752 3553 4808 fuisse
3596 4746 3737 4802 etiam

2160 4815 2418 4929 cognatos
2445 4816 2725 4902 et'aflines.

2301 4891 2551 4929 Frocrnnc
2596 4908 2646 4929 In
2665 4894 2725 4929 F1

2298 4891 2553 4945 Erasmus
2596 4894 2646 4946 in
2663 4892 2939 4961 Exsequiis
2986 4890 3303 4963 Seraphieis
3332 4913 3347 4948 :
3382 4892 3509 4948 Non
3538 4887 3742 4963 sentiunt

2158 4964 2441 5035 exanimes.
2494 4962 2601 5017 Sed
2648 4958 2833 5035 tamcn'
2868 4964 3083 5035 viventes
3125 4958 3515 5035 imaginatione
3540 4958 3740 5032 quatiat”

2158 5034 2348 5113 futura?
2375 5046 2579 5104 pompa:
2618 5033 2926 5104 voluptatem
2958 5034 3187 5105 aliquam
3216 5033 3284 5088 ac
3315 5038 3545 5106 fructum
3572 5039 3739 5101 price:—

2156 5113 2322 5173 pmnt.
2622 5172 2625 5173 ν
3504 5146 3509 5151 ,

2232 5184 2255 5210 ο
2295 5173 2353 5227 In
2400 5174 2518 5229 aliis
2546 5172 2873 5228 editionibus
2919 5174 3133 5241 legitur,
3161 5173 3378 5229 dicatur
3404 5174 3540 5229 bona
3568 5178 3742 5225 ωιειτω

2156 5245 2349 5312 futura.
2377 5243 2482 5299 Sed
2507 5244 2639 5298 bona
2661 5254 2856 5298 wterna
2878 5260 2984 5300 non
3010 5254 3226 5299 exstant
3250 5246 3307 5298 in
3331 5243 3571 5313 antiquis
3590 5249 3746 5313 exem-

2156 5307 2394 5382 plaribus
2447 5315 2656 5370 calamo
2698 5314 2953 5379 exaratis,
2985 5324 3041 5371 et
3069 5307 3488 5385 supervacanea
3517 5325 3635 5368 esse
3658 5307 3745 5362 d0-

2156 5392 2279 5438 cent
2300 5385 2597 5452 sequentia.

2231 5453 2250 5492 ί
2293 5453 2572 5528 Editiones
2617 5455 2827 5528 habent
2864 5456 3161 5528 o/ﬁcialium
3195 5466 3359 5527 atque
3383 5454 3745 5528 apparitorum-

2154 5524 2350 5578 Verum
2381 5526 2595 5580 codices
2626 5526 2832 5594 antiqui
2859 5524 2968 5581 non
2990 5526 3193 5598 habent
3216 5524 3392 5584 voces
3416 5524 3573 5598 atque
3599 5534 3748 5591 appar

2152 5598 2384 5661 iitorum,
2417 5612 2537 5669 quae
2565 5602 2710 5650 certe
2740 5605 2863 5651 sunt
2898 5594 3200 5667 superfluae.
