3936 6176
248 216 341 273 ﬁt

1348 221 1701 279 ADVERSUS
1738 224 2112 279 AVARITIAM
2155 225 2277 280 LIB.
2322 229 2407 283 III.

3378 236 3487 294 2‘2‘2

246 345 351 384 non
378 327 531 395 valet,
577 343 727 398 spem
774 334 952 384 tamen
999 329 1237 385 victoriae
1278 346 1472 400 magno
1509 334 1657 387 emit.
1708 334 1804 389 Dic
1832 340 1878 398 Α
1908 335 2259 390 substantiam
2298 346 2443 392 tuam
2469 339 2623 394 alteri
2648 340 2890 410 deputas,
2940 343 3064 412 quia
3092 358 3284 415 capere
3311 363 3377 403 ex
3416 366 3479 404 ea

245 420 369 473 mihi
395 419 631 488 quisquis
666 418 755 473 ille
783 433 843 473 es
869 419 959 487 qui
990 419 1209 476 credere
1237 428 1291 475 te
1312 419 1569 489 judicium
1597 422 1690 477 Dei
1720 423 1803 477 (li-

244 512 334 573 eis,
367 519 424 562 tu
451 508 492 563 si
519 508 606 562 vel
645 508 1067 577 supradictorum
1096 512 1342 581 exemplo
1366 513 1641 568 hominum
1663 514 1806 583 judi—

244 598 463 652 candum
492 607 545 652 te
582 612 702 654 esse
728 614 756 651 a
789 598 897 653 Deo
938 600 1201 665 crederes,
1235 603 1394 672 272
1433 618 1617 658 nonne
1653 619 1805 673 spem

244 702 301 741 ac
327 687 548 741 salutem
591 695 733 741 tuam
774 688 1015 756 quolibet
1058 691 1234 759 pretio
1274 696 1651 762 comparares?
1697 693 1803 749 Sed

241 794 341 833 non
367 778 542 833 credis
568 779 776 848 utique,
817 796 925 835 non
967 782 1170 846 credis;
1201 790 1255 836 et
1282 783 1408 839 licet
1434 784 1804 839 credulitatem

242 879 379 924 tuam
405 870 583 925 verbis
609 871 713 924 tuis
736 870 867 925 velis
896 885 1223 937 asseverare,
1254 888 1362 927 non
1398 873 1591 929 credis.
1616 873 1805 931 Verbis

240 960 394 1024 enim,
422 968 483 1013 ut
523 960 600 1013 ait
625 959 933 1028 Apostolus,
983 959 1270 1028 conﬁteris,
1321 963 1415 1017 sed
1442 962 1597 1018 factis
1639 978 1804 1032 negas

239 1050 357 1121 (Tit.
392 1067 440 1116 ι,
473 1048 584 1120 16).
616 1049 872 1119 Denique,
905 1059 962 1105 ut
987 1050 1352 1106 infidelitatem
1401 1060 1545 1106 tuam
1594 1054 1804 1108 tibimet

236 1158 297 1198 ex
332 1142 506 1212 teipso
552 1143 798 1212 probem,
828 1143 915 1199 dic
953 1143 1105 1210 mihi,
1153 1145 1395 1210 obsecro,
1445 1146 1685 1214 quisquis
1712 1147 1802 1201 ille

236 1249 289 1288 es
312 1235 401 1303 qui
428 1234 782 1288 substantiam
814 1244 957 1288 tuam
999 1234 1085 1289 vel
1130 1236 1430 1305 propinquo
1459 1237 1689 1307 cuipiam
1721 1239 1801 1292 di-

236 1325 339 1388 viti,
364 1324 451 1378 vel
470 1321 641 1388 amni,
666 1323 751 1378 vel
780 1324 825 1378 si
854 1325 908 1377 hi
933 1322 1074 1378 forte
1098 1324 1308 1388 desunt,
1340 1325 1502 1379 etiam
1540 1335 1799 1382 extraneo

233 1414 573 1484 derelinquis;
599 1429 697 1468 cur
720 1429 839 1469 eam
871 1430 976 1469 non
1005 1430 1166 1469 sanus
1193 1430 1224 1469 a
1250 1424 1304 1470 te
1329 1425 1489 1485 atque
1516 1418 1799 1473 incolumis

234 1502 523 1560 abdicasti?
552 1518 651 1558 cur
677 1519 784 1557 non
810 1519 996 1573 sospes
1021 1520 1086 1559 ac
1113 1515 1331 1572 vegetus
1358 1506 1656 1561 haeredibus
1687 1515 1798 1561 tra-

230 1593 430 1649 didisti?
458 1592 556 1648 sed
576 1594 632 1648 in
659 1603 979 1649 testamento
1008 1595 1124 1664 ipso
1154 1595 1615 1666 providentissime
1641 1612 1798 1652 caves

1907 424 2108 480 fructus
2136 436 2257 496 post
2285 438 2512 483 mortem
2542 430 2654 498 ipse
2683 446 2790 483 non
2828 433 3019 501 possis.
3040 434 3155 488 Sed
3183 436 3310 504 quid
3339 438 3481 505 quod

1906 515 2284 572 electissimum
2312 533 2403 572 vas
2436 519 2523 572 Dei
2554 520 2827 589 apostolus
2855 520 3052 579 Paulus
3082 524 3391 581 testificatur
3428 537 3486 584 et

1905 604 2100 657 clamat
2128 606 2271 675 quod
2303 605 2626 680 Quwcunque
2663 610 2812 664 ltomo
2850 611 2901 664 in
2931 612 3040 666 vita
3082 614 3180 669 hac
3204 618 3487 672 seminave—

1904 693 1991 757 rit,
2022 693 2132 747 lucc
2157 704 2278 763 post
2298 706 2526 750 mortem
2556 707 2709 751 metet
2735 698 2873 768 (Gal.
2908 717 2979 765 vt,
3010 700 3094 769 8);
3127 712 3181 757 et
3212 701 3308 767 Qui
3329 723 3485 775 parce

1902 783 2141 847 seminat,
2165 800 2319 853 parce
2345 794 2395 837 et
2414 793 2597 850 metet;
2620 796 2668 840 et
2695 790 2780 857 qui
2802 791 3017 843 seminat
3037 792 3090 844 in
3112 791 3481 860 benedictione,

1901 887 1965 925 ea:
1990 870 2338 928 benedictione
2365 885 2412 929 et
2436 884 2585 930 metet
2611 876 2675 947 (Il
2705 877 2821 930 Cor.
2853 895 2925 944 ix,
2958 879 3050 948 6)?
3072 880 3149 935 Ex
3169 897 3275 950 quo
3296 895 3483 953 aperte

1904 961 2129 1030 intelligi
2182 965 2352 1017 voluit
2390 979 2485 1019 eos
2512 967 2606 1033 qui
2633 966 2899 1020 seminant
2926 968 2978 1020 in
3007 971 3287 1038 parcitate,
3316 972 3477 1026 bene-

1901 1050 2191 1107 dictionem
2223 1061 2425 1108 metere
2468 1070 2572 1108 non
2603 1069 2780 1123 posse.
2814 1054 2948 1109 Dum
2975 1057 3118 1110 enim
3143 1058 3341 1122 dicens,
3378 1058 3477 1123 Qui

1900 1158 2055 1211 parce
2075 1144 2313 1206 seminat,
2340 1159 2495 1213 parce
2521 1153 2571 1197 et
2597 1153 2780 1209 metet;
2802 1154 2852 1197 et
2877 1146 2962 1216 qui
2988 1147 3209 1199 seminat
3240 1150 3294 1201 in
3323 1149 3477 1202 bene-

1902 1234 2142 1299 dictione,
2174 1252 2240 1289 επ
2286 1234 2636 1291 benedictione
2680 1247 2730 1290 et
2763 1248 2931 1303 metet,
2977 1240 3251 1294 evidenter
3292 1241 3477 1310 utique

1899 1326 2331 1382 benedictionem
2385 1329 2440 1382 in
2495 1328 2608 1382 sola
2650 1329 2892 1397 posuerit
2939 1330 3201 1399 largitate,
3243 1333 3477 1388 ostendit

1899 1430 2091 1485 parcos
2118 1416 2469 1470 seminatores
2496 1417 2913 1486 mendicitatem,
2946 1418 3123 1488 largos
3150 1419 3476 1476 benedictio-

1899 1517 2020 1557 nem
2044 1519 2162 1559 esse
2195 1520 2483 1559 messuros.

1968 1592 2104 1647 XVI.
2136 1592 2240 1648 Sed
2271 1593 2495 1649 fortasse
2521 1595 2634 1649 haec
2661 1595 2777 1659 tibi,
2803 1596 3104 1665 quicunque
3130 1613 3207 1664 es,
3240 1615 3271 1653 ο
3296 1599 3473 1655 infide

233 1693 281 1738 et
304 1683 535 1739 sollicite
560 1699 627 1739 ac
651 1684 932 1753 diligenter
959 1685 1203 1739 inscribis
1236 1703 1248 1737 :
1283 1683 1503 1749 Quando
1523 1703 1614 1757 ego
1628 1703 1691 1739 ea:
1722 1703 1797 1739 re-
1830 1702 1871 1763 Β
1898 1685 1979 1750 lis,
2022 1693 2116 1739 aut
2154 1701 2340 1755 parum
2368 1686 2539 1740 valida
2579 1695 2669 1739 aut
2689 1702 2876 1755 parum
2898 1696 3083 1756 aperta
3102 1704 3220 1744 esse
3251 1690 3471 1744 videan-

230 1772 313 1827 bus
355 1774 601 1828 humanis
624 1789 911 1841 excessero,
936 1784 1053 1829 tunc
1092 1776 1217 1829 mihi
1262 1785 1316 1829 tu
1364 1776 1452 1829 ille
1494 1776 1794 1831 cltarissime

230 1864 381 1917 haeres
398 1873 532 1918 esto.
564 1864 659 1919 Dic
683 1865 833 1929 mihi,
855 1880 1057 1934 quaeso,
1082 1882 1178 1920 cur
1201 1866 1325 1920 huic
1352 1866 1682 1932 charissimo,
1734 1874 1821 1937 ut\

230 1953 333 2021 ipse
376 1954 481 2020 ais,
521 1954 1015 2010 aedevinctissimo
1052 1964 1146 2010 tuo
1189 1956 1375 2011 tandiu
1412 1958 1543 2011 nihil
1584 1958 1653 2012 de
1698 1965 1792 2014 tuo

229 2044 420 2111 tribuis,
449 2045 639 2100 tandiu
665 2047 794 2100 nihil
823 2046 888 2101 de
917 2055 1009 2100 tuo
1050 2048 1231 2111 tradis,
1257 2048 1492 2116 quandiu
1541 2057 1591 2103 te
1637 2058 1792 2119 putas

230 2150 333 2190 esse
357 2137 654 2202 victurum,
681 2138 775 2191 sed
823 2145 934 2191 tum
962 2154 1083 2192 cum
1132 2147 1184 2193 te
1225 2139 1373 2193 vides
1421 2156 1538 2195 esse
1570 2141 1794 2195 moritu-

229 2228 369 2280 rum?
416 2226 487 2281 Et
533 2227 661 2296 quid
686 2228 808 2282 dico
848 2244 968 2282 cum
1003 2243 1120 2283 esse
1166 2237 1222 2283 te
1257 2231 1575 2284 moriturum
1602 2230 1793 2286 vides?

229 2315 381 2371 Immo
410 2316 464 2371 id
494 2331 655 2371 caves
673 2318 1140 2388 providentissime
1178 2336 1245 2375 ne
1274 2321 1357 2374 vel
1402 2322 1658 2390 spirante,
1704 2324 1792 2378 vel

230 2408 480 2463 moriente
526 2416 580 2463 te
617 2408 905 2478 quidquam
944 2410 1011 2465 de
1041 2420 1133 2465 tuo
1159 2410 1374 2477 habeat,
1406 2411 1500 2476 sed
1545 2411 1658 2480 jam
1693 2412 1790 2467 de-

230 2496 395 2553 functo
421 2499 670 2562 omnino,
696 2500 808 2567 jam
835 2508 1067 2554 mortuo.
1093 2499 1160 2554 Et
1188 2501 1382 2555 mirum
1410 2510 1491 2556 est
1517 2501 1660 2570 quod
1687 2502 1791 2557 hoc

228 2588 386 2657 ipsum
435 2589 575 2644 sinis
603 2597 665 2653 ut
692 2600 716 2625 ⁸
745 2588 1013 2644 funestato
1042 2598 1094 2645 te
1136 2602 1221 2645 tua
1250 2593 1466 2656 habeat,
1497 2592 1597 2646 nisi
1627 2591 1793 2645 etiam

226 2674 321 2745 iam
339 2684 631 2748 exportato
650 2685 812 2746 atque
841 2679 1119 2733 tumulato.
1148 2679 1400 2744 Quamvis
1423 2680 1586 2735 etiam
1612 2680 1665 2734 in
1685 2680 1791 2735 hoc

226 2766 352 2834 quod
378 2769 481 2831 ais,
516 2765 734 2830 Quando
763 2785 856 2839 ego
882 2785 946 2823 ea:
974 2768 1121 2823 rebus
1156 2770 1391 2823 humanis
1424 2787 1706 2836 atressero,
1736 2771 1791 2825 id

227 2855 382 2924 ipsum
405 2858 619 2913 cavisse
638 2858 888 2914 videaris.
915 2859 1030 2915 Hoc
1052 2869 1133 2915 est
1160 2861 1301 2915 enim
1322 2876 1388 2916 ex
1413 2860 1574 2917 rebus
1600 2861 1791 2916 huma-

227 2950 299 3002 nis
318 2950 534 3017 penitus
562 2949 842 3015 excedere,
862 2958 1030 3006 totum
1058 2952 1276 3007 omnino
1300 2968 1420 3007 cum
1442 2966 1540 3008 suo
1561 2968 1790 3022 corpore

1896 1784 2001 1831 tur.
2019 1776 2155 1842 Quid
2176 1776 2317 1846 quod
2340 1775 2596 1831 Dominus
2618 1778 2729 1846 ipse
2752 1778 2803 1831 in
2826 1776 3115 1848 Evangelio
3138 1782 3265 1835 nihil
3286 1796 3474 1850 quem-

1894 1882 2056 1937 quam
2084 1868 2151 1922 de
2194 1868 2445 1938 operibus
2471 1868 2625 1923 bonis
2647 1868 2873 1938 perdere
2905 1867 3263 1925 Christianum
3301 1872 3472 1926 mani-

1892 1956 2178 2013 festissime
2224 1958 2382 2013 docet
2436 1958 2619 2013 dicens
2660 1976 2673 2011 :
2720 1956 3017 2032 Quicunque
3061 1970 3235 2031 potum
3276 1962 3471 2016 dederit

1891 2050 1982 2102 uni
2010 2066 2076 2102 ea:
2116 2049 2343 2101 minimis
2370 2048 2485 2101 istis
2522 2048 2731 2100 calicem
2758 2064 2904 2118 aqua:
2933 2049 3154 2121 frigidm,
3189 2056 3388 2102 tantum
3414 2052 3470 2102 in

1891 2138 2098 2191 nomine
2124 2136 2382 2205 discipuli,
2412 2151 2560 2189 amen
2603 2136 2715 2188 dico
2757 2136 2914 2203 vobis,
2948 2153 3050 2190 non
3079 2139 3252 2207 perdet
3279 2154 3494 2190 merce-.

1893 2227 2005 2281 dem
2033 2243 2182 2279 suam
2224 2223 2435 2296 (Matth.
2470 2241 2522 2289 χ,
2553 2222 2682 2294 49.)?
2718 2224 2855 2290 Quid
2884 2225 2987 2279 dici
3033 2226 3328 2282 evidentius
3366 2241 3469 2296 po-

1893 2316 2030 2369 tuit?
2056 2314 2232 2368 Etiam
2257 2328 2378 2368 eam
2415 2330 2529 2368 rem
2557 2314 2611 2368 in
2649 2313 2826 2369 futuro
2857 2315 3156 2369 habituram
3191 2317 3466 2385 praemium

1890 2423 2010 2462 esse
2029 2407 2181 2469 dixit,
2204 2421 2322 2475 quas
2351 2406 2402 2460 in
2433 2406 2679 2489 pimsenti
2709 2406 2936 2475 pretium
2965 2422 3070 2462 non
3092 2406 3334 2472 haberet,
3357 2414 3467 2461 tan—

1890 2505 2109 2567 tumque
2134 2498 2353 2552 honoris
2379 2497 2544 2552 cultui
2574 2512 2671 2551 suo
2700 2498 2884 2551 tribuit
2911 2504 2969 2551 ut
2997 2497 3194 2566 aliquid
3232 2508 3373 2553 esset
3398 2498 3465 2552 il-

1889 2588 1959 2641 lic
1984 2602 2084 2659 per
2116 2587 2273 2641 ﬁdem
2312 2586 2456 2655 quod
2492 2586 2579 2642 hic
2606 2586 2773 2658 274
2797 2587 3015 2641 omnino
3040 2578 3171 2640 nihil
3200 2596 3342 2641 esset
3371 2602 3468 2656 per

1890 2677 2168 2731 vilitatem.
2212 2676 2317 2730 Sed
2362 2685 2542 2731 tamen
2589 2692 2658 2731 ne
2698 2678 2802 2732 hoc
2843 2677 2944 2732 sibi
2976 2676 3192 2746 quidam
3241 2676 3464 2732 forsitan

1889 2766 2273 2831 blandirentur,
2304 2767 2350 2822 si
2387 2766 2552 2821 multa
2580 2767 2839 2821 habentes
2866 2767 3073 2834 exiguis
3100 2774 3320 2836 possent
3347 2781 3463 2821 ma-

1862 2847 1992 2923 gna
2020 2856 2575 2937 mercaripsubtiliter
2603 2856 2785 2926 posuit
2811 2856 2971 2910 etiam
3000 2870 3098 2925 pro
3125 2855 3293 2910 calice
3317 2870 3467 2924 aqua:

1887 2945 2093 3014 frigidae
2130 2961 2236 3001 non
2266 2946 2558 3016 perituram
2596 2961 2713 3000 esse
2758 2946 3055 3001 mercedem
3101 2964 3115 2999 :
3155 2946 3258 3001 hoc
3284 2947 3468 3017 utique

227 3038 487 3096 hominem
520 3041 574 3095 in
616 3042 895 3112 praesentia
922 3042 1277 3117 humanarum
1325 3058 1504 3097 rerum
1546 3058 1664 3099 esse
1689 3043 1788 3099 de-
1815 3061 1861 3125 ρ
1892 3037 2167 3093 evidenter
2206 3037 2491 3092 ostendens
2518 3052 2626 3091 non
2655 3052 2754 3107 pro
2790 3051 2958 3107 parvo
2987 3037 3185 3108 aliquid
3212 3051 3464 3107 magnum

227 3130 359 3186 tisse.
390 3132 492 3188 Dic
523 3133 655 3187 mihi
683 3133 862 3202 itaque
888 3149 986 3188 cur
1011 3133 1124 3187 haec
1163 3142 1270 3187 tam
1300 3134 1522 3204 provide
1543 3135 1595 3187 in
1626 3142 1792 3188 testa-

227 3230 391 3278 mento
417 3238 609 3286 caves,
639 3238 735 3277 cur
762 3231 871 3276 tam
898 3222 1124 3278 sollicite
1158 3238 1218 3278 ac
1244 3223 1534 3292 prudenter
1559 3224 1789 3278 interse-

226 3315 321 3368 ris?
344 3314 566 3385 Absque
594 3314 757 3369 dubio
798 3314 922 3382 quia
951 3314 1308 3369 necessariam
1337 3313 1451 3378 tibi,
1480 3313 1606 3367 dum
1630 3313 1784 3380 vivis,

226 3416 327 3459 rem
350 3413 505 3458 tuam
526 3403 753 3473 iudicas,
793 3403 918 3472 quia
957 3403 1190 3459 alienare
1238 3411 1292 3458 te
1319 3402 1658 3459 facultatibus
1685 3404 1791 3458 tuis

228 3510 321 3549 non
346 3497 456 3561 vis;
510 3504 564 3549 et
593 3495 976 3564 iniquissimum
1023 3502 1177 3563 putas
1204 3495 1328 3549 vivo
1372 3501 1427 3547 te
1455 3502 1510 3547 et
1537 3493 1789 3548 incolumi

228 3587 372 3641 alium
400 3597 499 3643 tuo
530 3588 748 3642 divitem
777 3586 909 3653 fieri,
943 3596 995 3641 te
1022 3594 1199 3641 autem
1228 3586 1569 3642 mendicitate
1601 3602 1792 3642 consu-

228 3677 307 3730 mi.
333 3675 539 3732 Verum
582 3686 666 3732 est
686 3676 736 3746 ιν,
785 3694 884 3733 nec
929 3677 1355 3732 inrationabilem
1401 3694 1581 3733 curam
1630 3680 1788 3750 273

229 3764 406 3831 abnuo,
437 3774 505 3821 et
529 3766 784 3836 quidquid
811 3782 841 3821 a
868 3774 918 3822 te
938 3766 992 3821 in
1030 3767 1173 3821 hunc
1199 3767 1415 3821 modum
1446 3767 1640 3821 dicitur
1663 3774 1791 3838 pro-

230 3854 306 3909 bo.
333 3855 434 3911 Sed
462 3858 526 3911 in
572 3874 680 3912 uno
712 3866 886 3912 tamen
933 3857 1060 3910 mihi
1103 3857 1233 3912 satis
1272 3873 1304 3911 a
1340 3865 1393 3913 te
1445 3856 1559 3912 fieri
1606 3859 1785 3927 cupio.

230 3944 351 4010 Quid
375 3956 452 4001 est
482 3948 628 4014 quod
659 3955 732 4014 tu,
762 3958 785 3985 ε
813 3949 902 4016 qui
926 3947 1018 4001 tibi
1042 3963 1193 4001 usum
1222 3963 1398 4002 rerum
1428 3956 1639 4003 tuarum
1666 3956 1787 4003 tan-

234 4043 399 4104 topere
425 4038 792 4092 necessarium
815 4045 989 4108 putas,
1014 4037 1213 4092 fructus
1242 4054 1306 4093 ac
1336 4039 1539 4093 reditus
1565 4038 1790 4094 faculta-

230 4127 289 4180 tis
315 4137 411 4183 ιιιίξε
439 4138 569 4200 post
592 4137 821 4186 mortem
848 4130 1179 4186 necessarios
1205 4144 1323 4184 esse
1352 4145 1458 4184 non
1483 4129 1671 4198 putas?
1701 4129 1790 4184 Di-

231 4220 297 4273 cis
324 4220 525 4291 absque
567 4222 747 4286 dubio,
785 4223 909 4291 quia
972 4231 1186 4276 mortuo
1238 4222 1369 4275 nihil
1397 4237 1531 4291 opus
1558 4229 1661 4288 est,
1688 4236 1790 4276 nec

234 4313 599 4369 reservandum
647 4312 777 4390 mihi
830 4313 1121 4382 quidquam
1170 4313 1220 4367 in
1255 4319 1464 4382 tempus
1497 4312 1625 4367 illud
1676 4319 1785 4378 est;

233 4405 342 4474 quia
376 4406 660 4462 defunctus
699 4420 762 4460 ac
806 4404 934 4459 nihil
962 4405 1218 4471 sentiens,
1250 4420 1351 4459 nec
1377 4404 1630 4459 delectari
1658 4418 1864 4492 ρος-Β

234 4510 338 4551 sum
376 4497 717 4567 possessione
763 4512 941 4551 rerum
982 4512 1241 4563 mearum,
1299 4512 1471 4565 neque
1501 4496 1788 4550 amissione

236 4588 465 4644 cruciari;
519 4588 748 4645 Evidens
793 4604 950 4644 causa
978 4598 1080 4644 est.
1131 4588 1271 4658 Ergo
1310 4588 1509 4645 idcirco
1554 4590 1791 4644 moriens

1891 3144 2011 3184 esse
2040 3128 2387 3195 reddendum,
2414 3128 2508 3184 sed
2549 3136 2726 3182 tamen
2753 3128 3122 3198 qualecunque
3171 3128 3290 3183 fidei
3330 3144 3467 3198 opus

1890 3238 2000 3277 non
2019 3236 2137 3277 esse
2156 3222 2472 3293 periturum.
2498 3220 2674 3276 Habes
2696 3223 2875 3292 itaque
2896 3221 3297 3277 indubitabilem
3324 3220 3466 3276 futu-

1890 3330 1964 3368 rae
2004 3314 2368 3369 retributionis
2405 3313 2779 3379 securitatem,
2831 3314 2997 3371 habes
3037 3314 3465 3384 recipiendorum

1889 3405 2155 3459 bonorum
2183 3419 2404 3474 operum
2433 3404 2563 3458 satis
2587 3403 2839 3458 idoneum
2877 3404 3066 3458 vadem
3093 3422 3105 3457 :
3136 3405 3227 3474 qui
3251 3404 3465 3473 quidem

1891 3504 2053 3551 tanta:
2079 3511 2188 3550 non
2215 3496 2389 3551 solum
2418 3494 2557 3559 fidei,
2587 3495 2678 3550 sed
2709 3496 2867 3549 etiam
2902 3495 3278 3550 misericordiae
3306 3502 3467 3562 atque

1890 3587 2105 3657 pietatis
2143 3593 2244 3653 est,
2276 3593 2335 3640 ut
2381 3598 2489 3640 non
2524 3586 2696 3641 solvat
2733 3594 2938 3638 tantum
2977 3584 3121 3653 quod
3158 3583 3467 3652 promiserit

1889 3678 2042 3746 quasi
2070 3675 2326 3741 debitum,
2356 3675 2451 3730 sed
2480 3676 2641 3729 etiam
2680 3673 2927 3729 ostendat
2947 3672 3146 3742 aliquid
3172 3688 3279 3741 quo
3305 3687 3364 3727 se
3389 3671 3467 3726 fa-

1889 3769 1996 3824 ciat
2022 3767 2339 3821 debitorem.
2368 3764 2503 3821 Nam
2524 3766 2614 3834 qui
2634 3780 2733 3834 pro
2754 3764 2919 3820 calice
2946 3779 3095 3833 aqua:
3123 3763 3324 3832 frigidae
3346 3763 3469 3818 red-

1889 3860 2123 3914 diturum
2153 3875 2211 3915 se
2243 3860 2378 3913 dixit
2403 3875 2519 3914 esse
2540 3858 2862 3923 mercedem,
2887 3873 2991 3912 non
3020 3858 3192 3911 solum
3219 3857 3333 3911 vult
3359 3856 3468 3911 sol-

1888 3965 2017 4005 vere
2063 3964 2181 4018 quae
2221 3951 2517 4019 acceperit,
2567 3950 2663 4004 sed
2703 3950 2865 4004 etiam
2912 3948 3245 4003 demonstrat
3289 3949 3467 4017 aliqua

1889 4057 2008 4110 quae
2034 4042 2224 4096 solvat.
2266 4040 2391 4095 Pius
2418 4041 2623 4095 scilicet
2666 4055 2731 4094 ac
2765 4039 3133 4093 misericordia
3175 4037 3383 4107 plenus,
3413 4044 3471 4092 et

1890 4134 2171 4189 consulere
2193 4132 2377 4209 volens
2403 4149 2508 4187 non
2538 4132 2707 4187 solum
2739 4130 2887 4185 diviti
2909 4130 3158 4197 largitati,
3183 4129 3276 4183 sed
3303 4129 3469 4182 etiam

1891 4224 2227 4297 pauperculae
2254 4221 2596 4287 ofﬁciositati,
2626 4223 2858 4277 ostendit
2878 4221 3024 4290 quod
3053 4219 3342 4274 obnoxium
3364 4219 3467 4273 sibi

1893 4316 1945 4370 in
1975 4316 2154 4389 aliquo
2184 4314 2350 4368 Deum
2380 4314 2596 4380 faceret,
2623 4313 2782 4367 etiam
2803 4312 2894 4381 qui
2918 4310 3062 4381 quod
3089 4310 3354 4365 feneraret
3371 4320 3468 4380 pe‘

1892 4403 2034 4459 nitus
2062 4420 2170 4458 non
2201 4403 2443 4457 haberet.

1963 4494 2124 4549 XVII.
2156 4493 2262 4548 Sed
2299 4493 2517 4546 forsitan
2548 4491 2661 4555 tibi,
2699 4492 3005 4560 quicunque
3031 4489 3179 4544 dives
3221 4502 3298 4553 es,
3326 4486 3470 4542 indi-

1895 4602 2056 4656 gnum
2085 4588 2189 4643 hoc
2217 4583 2555 4641 facultatibus
2585 4581 2689 4637 tuis
2716 4596 2850 4652 opus
2877 4577 3323 4651 pauperculorum
3350 4591 3472 4633 esse

1402 4740 1739 4798 STEPHANI
1775 4740 2050 4797 BALUZII
2086 4740 2314 4796 NOTAE.

300 4901 329 4929 ι
359 4893 669 4951 [seditione
695 4895 886 4952 Pithtei
907 4898 985 4953 sic
1005 4899 1165 4954 habet
1186 4899 1275 4955 hic
1302 4900 1448 4955 locus
1472 4919 1485 4955 :
1508 4900 1578 4953 Et
1607 4902 1791 4954 mirum

239 4966 456 5086 “quod
484 4965 579 5019 hoc
606 4967 772 5035 ipsum
797 4969 1001 5020 sinisut
1032 4979 1078 5023 te
1105 4986 1209 5023 non
1228 4970 1341 5040 jam
1390 4973 1644 5041 funestata
1690 4972 1789 5023 ali-

240 5046 311 5086 aut
366 5034 427 5086 de
452 5042 538 5086 tuo
564 5034 748 5086 habeat
774 5052 791 5086 :
826 5038 930 5086 iam
954 5048 1225 5086 exnortam
1256 5049 1406 5086 nimie
1435 5041 1702 5086 tumulum-
1739 5041 1789 5086 In

240 5034 347 5098 quid
366 5034 427 5086 de
452 5042 538 5088 tuo
564 5034 791 5110 habeat;
814 5038 930 5106 jam
954 5034 1406 5110 exportato'atqué
1435 5041 1702 5093 tumulata.
1735 5041 1791 5094 in

241 5109 434 5182 vetusto
455 5114 630 5182 autem
661 5106 842 5182 codice
866 5106 1025 5175 regio
1042 5109 1118 5162 sic
1142 5126 1154 5160 :
1185 5109 1258 5182 Et
1278 5106 1467 5182 mirum
1491 5119 1566 5164 est
1585 5129 1634 5182 q.
1666 5112 1717 5163 Ii.
1750 5113 1787 5164 i.

243 5172 373 5250 sinis,
401 5184 449 5226 et
468 5175 581 5245 jam
601 5191 703 5250 non
728 5172 981 5250 funestata
1012 5188 1058 5231 te
1087 5188 1171 5232 tua
1200 5179 1384 5250 habeat
1405 5197 1422 5232 :
1446 5182 1559 5250 jam
1596 5172 1784 5249 expor-

242 5248 336 5320 tuto
363 5254 508 5315 atque
534 5246 799 5320 tumulata.
818 5247 1044 5320 Rectius
1065 5264 1192 5317 ergo
1238 5246 1479 5304 fortassis
1507 5246 1675 5305 codex
1705 5265 1790 5304 re-

242 5317 344 5391 gius
368 5317 646 5382 recentior,
676 5317 765 5385 qui
786 5318 1083 5391 sichabet:
1120 5320 1185 5391 Et
1214 5321 1397 5373 mirum
1429 5337 1473 5373 c.
1507 5338 1555 5391 q.
1590 5321 1640 5372 Ιι.
1675 5320 1710 5373 i.
1742 5337 1788 5372 ε.

242 5389 289 5460 ut
315 5380 557 5460 funestata
587 5380 638 5440 te
662 5380 751 5460 tua
795 5388 996 5460 habeat,
1028 5390 1129 5441 nisi
1168 5392 1320 5442 etiam
1357 5392 1469 5460 jam
1518 5380 1787 5459 exportata

242 5454 375 5512 atque
402 5456 659 5510 tumulata.
692 5456 1079 5513 Rittershusius
1109 5454 1506 5513 existimaverat
1545 5454 1785 5512 inutilem

244 5514 335 5595 hoc
356 5520 471 5595 loco
498 5539 608 5579 esse
633 5527 945 5595 particulam
976 5530 1291 5595 negativam.

298 5587 412 5663 bin
448 5587 759 5651 edition-ibus
788 5587 1138 5667 sequiturfac
1160 5610 1347 5653 rectum
1375 5609 1542 5671 putus.
1589 5598 1782 5653 Verum

1893 4916 2014 4955 cum
2063 4900 2148 4956 his
2190 4909 2409 4956 careant
2447 4914 2637 4955 omnes
2666 4899 2786 4953 libri
2814 4905 3045 4964 veteres,
3088 4908 3144 4954 et
3171 4900 3469 4955 necessaria

1894 4986 2003 5025 non
2034 4971 2160 5035 sint,
2190 4971 2315 5024 hinc
2342 4969 2668 5024 sustulimus.
2699 4969 2889 5023 Aiebat
2927 4979 3109 5023 autem
3163 4968 3466 5025 Rittershu-

1894 5042 2004 5094 sius
2033 5040 2313 5106 legendum
2344 5046 2529 5108 postea
2559 5052 2695 5101 esse,
2720 5045 2778 5092 ut
2804 5052 2992 5094 sensus
3016 5047 3244 5105 constet,
3270 5056 3357 5092 nec
3388 5056 3472 5091 ra-

1897 5108 2190 5164 tionabilem
2218 5107 2393 5162 curam
2418 5107 2605 5173 abnuo,
2630 5124 2726 5177 pro
2747 5124 2813 5163 eo
2828 5110 2970 5177 quod
2984 5108 3245 5163 editiones
3271 5108 3470 5162 habent

1894 5196 1989 5232 nec
2012 5178 2447 5232 inrationabilem.
2482 5177 2665 5246 Itaque
2706 5178 2876 5231 visum
2924 5186 3007 5233 est
3057 5178 3332 5233 admoneri
3375 5178 3469 5231 de-

1895 5249 2024 5303 bere
2050 5249 2413 5317 conjecturam
2443 5248 2558 5317 ejus
2584 5247 2889 5302 conﬁrmari
2917 5247 3236 5303 auctoritate
3280 5260 3460 5301 recen-

1897 5319 2049 5373 tioris
2076 5319 2277 5373 codicis
2306 5319 2456 5387 regii.

1968 5400 1989 5427 ε
2033 5389 2203 5441 Antea
2230 5388 2640 5460 legebatur,_qui
2662 5387 2750 5441 tibi
2779 5390 2836 5460 in
2857 5389 2963 5442 vita
2978 5388 3081 5460 ista
3100 5402 3249 5460 usum
3275 5399 3468 5437 rerum.

1888 5458 1998 5515 Nos
2050 5460 2221 5513 secuti
2271 5454 2480 5513 veteres
2534 5454 2716 5522 libros,
2775 5459 2829 5512 in
2880 5459 3071 5527 quibus
3101 5454 3470 5511 desiderantur

1892 5545 2049 5588 voces
2074 5531 2126 5582 in
2155 5530 2258 5582 rita
2286 5530 2405 5591 ista,
2442 5528 2561 5583 illas
2588 5528 2901 5581 delevimtts.
