3866 6178
398 267 502 324 223

1358 268 1414 326 S.
1457 266 1771 325 SALVIANI
1809 264 2271 324 MASSILIENSIS
2308 264 2737 324 PRESBYTERI

3562 266 3659 323 εςι

397 384 661 449 videatur,
685 390 740 438 et
762 381 892 438 velis
918 382 1150 452 aliquam
1172 382 1238 438 ad
1270 390 1321 439 te
1347 383 1690 454 peculiariter
1708 382 1983 451 pertinen-
2016 383 2056 439 Α
2089 382 2337 436 omnibus
2367 381 2540 437 modis
2568 382 2651 436 vel
2682 381 2821 435 mala
2853 380 3041 450 fugias,
3061 382 3147 436 vel
3171 382 3309 437 bona
3340 382 3549 452 assequi
3578 398 3666 437 ve-

400 481 513 527 tem
555 472 903 543 sponsionem
932 483 956 508 κ
988 487 1152 528 sacrce
1178 473 1611 543 repromissionis
1640 472 1843 526 audire.
1876 470 1985 523 Ha-

403 564 497 619 bes
517 563 747 633 primum
769 562 899 617 illud
919 562 1060 634 quod
1084 562 1152 617 ad
1174 563 1390 619 divitem
1415 564 1559 619 illum
1582 563 1724 618 Deus
1746 563 1795 616 in
1819 561 1988 615 Evan-

400 653 541 722 gelio
561 651 799 722 loquitur
829 670 842 705 :
883 651 1047 717 Vade,
1079 653 1237 708 vende
1264 656 1439 709 omnia
1466 653 1599 708 bona
1630 664 1736 719 tua,
1758 663 1806 707 et
1835 652 1989 707 habe-

403 741 479 795 bis
511 741 799 795 thesaurum
843 743 898 796 in
940 742 1065 797 creto
1099 741 1311 814 (Matth.
1348 760 1453 810 χιχ,
1485 744 1597 813 21).
1632 743 1831 797 Deinde
1860 744 1988 797 illud

402 832 546 901 quod
594 842 864 903 prtecepto
895 834 1265 891 interdictorio
1293 837 1615 904 generaliter
1642 834 1796 904 jubet
1828 854 1841 888 :
1875 833 1990 889 Νο-

400 922 490 975 lite
518 922 868 977 thesaurizare
896 923 1033 979 vobis
1061 926 1327 980 thesauros
1361 928 1417 979 in
1447 935 1615 991 terra;
1650 926 1992 979 thesaurizate

404 1022 575 1068 autent
603 1012 740 1068 vobis
763 1015 1030 1070 thesauros
1056 1017 1112 1071 in
1139 1018 1265 1072 curto
1293 1016 1506 1089 (Matth.
1531 1033 1605 1082 vr,
1634 1017 1715 1079 19,
1739 1015 1852 1087 30).
1888 1014 1990 1070 Po-

403 1112 605 1160 stremo
629 1106 715 1159 illa
745 1109 938 1174 quibus
970 1125 1157 1164 omnes
1190 1126 1365 1164 rermn
1396 1111 1745 1166 mundialium
1779 1126 1990 1180 passes-

403 1210 555 1249 sores
581 1195 645 1249 ad
674 1212 808 1266 opus
838 1196 863 1233 δ
894 1198 1116 1267 proflua:
1147 1200 1406 1267 largitatis
1432 1216 1527 1271 spe
1566 1201 1785 1263 inﬁnita:
1809 1217 1990 1255 remu-

405 1285 698 1339 nerationis
726 1286 933 1351 invitat,
958 1288 1140 1344 dicens
1166 1290 1308 1358 quod
1332 1293 1504 1345 omnis
1532 1292 1623 1362 qui
1650 1300 1872 1362 propter
1896 1294 1991 1346 ho-

404 1388 593 1430 norem
622 1384 786 1446 atque
823 1392 1065 1434 amorem
1093 1396 1247 1434 suum
1277 1390 1369 1435 aut
1397 1382 1634 1445 domum,
1665 1392 1756 1437 aut
1782 1399 1987 1451 agrum,

402 1472 883 1538 autquamcunque
904 1470 1065 1523 aliam
1083 1471 1239 1542 275
1258 1470 1563 1526 facultatem
1588 1474 1638 1526 in
1670 1489 1797 1527 usus
1828 1476 1990 1529 mise-

402 1557 647 1613 ricordire
685 1562 1016 1630 prorogarit,
1060 1564 1369 1633 centuplum
1415 1565 1643 1635 accipiat
1690 1565 1742 1619 in
1789 1564 1987 1620 futuro.

404 1648 626 1721 Insuper
665 1661 854 1715 autem,
900 1653 1091 1722 inquit,
1130 1663 1180 1707 et
1224 1656 1378 1708 vitam
1420 1665 1667 1710 wternam
1708 1656 1991 1727 possidebit

2090 474 2192 527 lis?
2220 474 2345 545 quid
2376 490 2551 529 causze
2580 485 2663 529 est
2705 475 2849 545 quod
2879 476 2991 530 haec
3019 491 3127 530 non
3157 475 3308 543 agis?
3345 474 3470 545 quid
3497 490 3669 530 causa:

2090 573 2170 617 est
2197 572 2252 617 ut
2272 564 2412 618 bona
2433 575 2629 619 :eterna
2660 580 2766 619 non
2789 565 2970 619 emas?
2998 565 3122 636 quid
3145 580 3320 619 causre
3338 575 3422 620 est
3447 573 3505 618 ut
3533 564 3671 619 mala

2090 663 2287 709 :eterna
2312 656 2670 729 nou‘timeas?
2700 654 2837 722 Quid
2862 656 3045 724 utique
3073 656 3175 709 nisi
3205 656 3333 710 illud
3362 657 3503 725 quod
3533 671 3673 725 prte-

2091 745 2299 799 locutus
2318 759 2456 810 sum,
2486 746 2629 815 quod
2660 754 2753 799 aut
2775 746 3119 814 judicandum
3147 763 3178 800 a
3201 746 3311 800 Deo
3341 757 3393 799 te
3421 762 3541 801 esse
3571 762 3676 801 non

2092 846 2265 908 putas,
2300 846 2393 892 aut
2409 848 2835 893 resurrecturum
2863 840 3085 895 omnino
3107 846 3159 893 te
3180 855 3299 893 esse
3327 856 3432 894 non
3463 839 3681 895 credis?

2092 928 2148 983 Si
2178 929 2320 982 enim
2355 929 2621 994 crederes,
2646 929 2920 998 quomodo
2952 945 3057 983 non
3088 928 3246 983 futuri
3273 929 3454 997 judicii
3478 930 3673 983 inzesti-

2091 1019 2286 1073 mabile
2313 1018 2513 1072 malum
2552 1016 2765 1084 fugeres
2792 1026 2846 1072 et
2882 1018 3262 1073 immortalium
3292 1019 3677 1088 suppliciorum

2091 1117 2358 1164 tormenta
2386 1110 2614 1164 vitares?
2640 1108 2746 1163 Sed
2774 1125 2881 1163 non
2911 1110 3085 1164 credis
3111 1111 3314 1178 utique,
3341 1127 3446 1165 non
3470 1111 3675 1176 credis;

2091 1216 2157 1256 ac
2184 1201 2309 1254 licet
2337 1200 2477 1254 aliud
2504 1209 2558 1255 et
2578 1216 2827 1255 sermone
2857 1217 3083 1263 asseras,
3103 1209 3157 1255 et
3185 1202 3546 1270 professione,
3574 1218 3679 1256 non

2091 1289 2264 1344 credis
2298 1307 2310 1341 :
2342 1305 2519 1344 sermo
2548 1292 2691 1344 enim
2728 1298 2783 1345 et
2810 1291 3071 1359 professio
3101 1299 3189 1344 tua
3215 1290 3464 1358 jactitant
3495 1289 3678 1356 fidem,

2092 1380 2184 1434 sed
2210 1381 2313 1433 vita
2337 1389 2497 1448 atque
2518 1379 2697 1459 obitus
2722 1381 2996 1450 publicant
3016 1379 3403 1434 infidelitatem.
3427 1382 3680 1452 Alioquin

2092 1472 2246 1526 vince
2278 1487 2396 1534 me;
2439 1472 2579 1526 vinci
2610 1472 2751 1526 volo.
2785 1471 2901 1526 Non
2929 1487 3111 1541 qumro
3144 1480 3204 1525 ut
3228 1472 3357 1525 mihi
3384 1471 3679 1526 credulita-

2094 1570 2200 1616 tem
2233 1571 2375 1615 tuam
2406 1562 2697 1631 superioris
2726 1562 2848 1615 vitce
2887 1563 3096 1615 actibus
3130 1562 3356 1630 probes;
3390 1577 3498 1616 uno
3549 1577 3680 1617 oon-

2094 1659 2274 1706 tentus
2319 1667 2436 1705 sum
2479 1652 2787 1706 testimonio
2826 1667 3199 1721 supremorum
3248 1659 3480 1706 tuorum.
3538 1651 3683 1709 Ecce

406 1738 623 1811 (Matth.
656 1757 766 1807 XIX,
807 1742 921 1812 29).
954 1743 1094 1810 Quid
1134 1745 1400 1814 spondere
1441 1746 1612 1814 majus
1650 1746 1991 1801 credentibus
2019 1741 2067 1802 Β
2091 1740 2220 1810 iam.
2253 1757 2379 1797 ecce
2404 1743 2670 1803 morieris,
2694 1757 3006 1811 egressurus
3032 1742 3100 1796 de
3121 1742 3285 1797 domo
3312 1744 3558 1812 corporis
3580 1746 3679 1811 tui.

403 1830 504 1888 sibi
525 1834 718 1904 potuit,
741 1835 833 1903 qui
858 1846 881 1875 ε
905 1836 1110 1904 magnis
1138 1835 1525 1891 feneratoribus
1546 1839 1655 1891 suis
1679 1838 1990 1907 centuplum

403 1940 463 1980 se
487 1924 818 1980 redditurum
848 1941 964 1981 esse
992 1927 1277 1996 promisit?
1311 1927 1418 1983 Nec
1444 1927 1617 1982 solum
1649 1929 1770 1992 hoc,
1801 1926 1893 1982 sed
1917 1929 1990 1981 vi-

404 2024 530 2080 tam,
556 2016 746 2085 inquit,
773 2026 1023 2071 (sternam
1063 2016 1363 2087 possidebit.
1399 2016 1513 2071 Iloc
1552 2018 1719 2071 multo
1748 2018 1868 2087 plus
1907 2026 1991 2071 est

401 2121 563 2178 quam
594 2106 709 2176 ipsa
747 2106 987 2177 centupli
1027 2107 1309 2161 retributio
1353 2125 1365 2159 :
1408 2107 1532 2176 quia
1569 2107 1619 2161 id
1643 2107 1813 2178 ipsum
1846 2106 1990 2177 quod

399 2197 522 2264 quis
560 2197 613 2251 in
661 2196 914 2266 ceutuplo
958 2198 1246 2266 acceperit,
1278 2198 1329 2250 in
1374 2205 1633 2267 perpetuo
1673 2197 1985 2267 possidebit.

400 2288 518 2345 Non
557 2291 661 2345 erit
687 2304 816 2359 ergo
852 2297 981 2345 tunc
1009 2288 1208 2359 fragilis
1237 2297 1292 2345 et
1320 2289 1521 2345 caduca
1569 2289 1856 2358 possessio,
1889 2303 1991 2344 nec

401 2383 455 2437 in
475 2383 875 2437 similitudinem
897 2391 1231 2437 terrenarum
1265 2379 1589 2446 divitiarum,
1622 2381 1824 2434 umbrae
1852 2394 1989 2451 pne-

400 2476 663 2530 tcreuntis
684 2483 775 2530 aut
800 2474 994 2529 somnii
1013 2474 1353 2529 vanescentis
1372 2488 1523 2527 more
1543 2474 1799 2543 peritura.
1824 2471 1988 2539 Quid-

399 2567 527 2633 quid
556 2567 738 2622 datum
768 2583 799 2621 a
830 2566 941 2621 Deo
981 2565 1158 2631 fuerit,
1204 2565 1509 2620 immortale
1546 2566 1649 2619 erit
1686 2585 1699 2618 :
1730 2564 1989 2635 quidquid

401 2667 684 2727 acceptum
724 2657 903 2723 fuerit,
944 2658 1059 2713 sine
1098 2656 1329 2712 termino
1369 2657 1725 2726 permanebit.
1770 2655 1847 2711 Ac
1891 2671 1991 2726 per

401 2750 523 2814 hoc,
555 2757 614 2804 ut
641 2750 769 2817 dixi,
792 2751 910 2820 plus
937 2765 1097 2819 quam
1125 2749 1435 2819 centuplum
1466 2750 1663 2819 accipit
1688 2750 1779 2820 qui
1801 2750 1879 2804 sic
1899 2765 1990 2805 ac-

400 2839 530 2909 cipit
579 2858 592 2893 :
642 2841 768 2909 quia
812 2840 978 2895 vincit
1005 2840 1243 2910 centupli
1270 2840 1523 2910 pretium,
1567 2840 1619 2894 id
1661 2840 1832 2911 ipsum
1869 2856 1988 2896 esse

401 2929 710 2997 centuplum
740 2930 1147 2999 sempiternum.

473 3017 659 3075 XVIII.
685 3017 814 3086 Qua:
843 3036 962 3076 cum
992 3022 1065 3076 ita
1092 3022 1217 3085 sint,
1250 3029 1306 3076 et
1337 3037 1460 3077 cum
1490 3029 1635 3077 tanta
1664 3022 1865 3095 absque
1889 3023 1986 3079 du-

2096 1835 2338 1887 ucsciens
2376 1849 2483 1903 quo
2525 1833 2713 1895 iturus,
2745 1848 2853 1902 quo
2883 1833 3246 1897 abducendus,
3278 1832 3344 1887 ad
3371 1848 3536 1902 quam
3566 1849 3684 1904 pa:-

2095 1925 2235 1978 nalia
2265 1933 2321 1979 et
2348 1940 2509 1996 quam
2540 1934 2676 1979 tetra
2706 1924 3010 1994 rapiendus,
3043 1925 3126 1979 cui
3151 1939 3314 1978 unum
3344 1932 3683 1979 tantummo-

2093 2014 2163 2068 do
2188 2024 2433 2085 superest
2454 2016 2595 2069 inter
2621 2031 2870 2086 suprema
2898 2015 3219 2085 perfugium,
3253 2029 3359 2070 una
3387 2014 3684 2083 effugiendi

2092 2108 2279 2163 :eterni
2322 2107 2457 2175 ignis
2490 2107 2694 2177 spicula
2735 2107 2910 2173 datur,
2944 2117 3003 2160 ut
3032 2123 3129 2176 pro
3160 2116 3211 2161 te
3249 2107 3445 2161 offeras
3482 2108 3683 2162 saltem

2092 2197 2235 2269 quod
2264 2199 2317 2252 in
2346 2198 2644 2253 substantia
2674 2198 2857 2263 habes,
2890 2198 3012 2267 quia
3036 2198 3175 2251 aliud
3199 2198 3342 2266 quod
3372 2199 3547 2268 possis
3569 2198 3686 2253 Deo

2092 2288 2287 2343 offerre
2324 2288 2438 2357 jam
2480 2305 2586 2343 non
2625 2288 2818 2354 habes;
2848 2296 2901 2342 et
2944 2298 2997 2343 tu
3040 2289 3320 2343 immemor
3350 2289 3446 2352 tui,
3477 2290 3686 2345 oblitus

2091 2381 2280 2435 salutis
2306 2388 2427 2446 ture,
2453 2379 2520 2433 de
2540 2380 2812 2448 legatariis
2835 2380 2987 2433 novis
3009 2380 3232 2449 cogitas,
3258 2380 3324 2433 de
3346 2379 3686 2449 locupletan-

2091 2470 2161 2524 do
2190 2471 2401 2525 hzerede
2429 2470 2706 2540 suspiras?
2726 2469 2793 2524 Et
2820 2471 2937 2526 btet:
2965 2469 3183 2535 faciens,
3214 2470 3435 2527 credere
3450 2480 3518 2525 ~te
3536 2471 3687 2539 judi-

2093 2563 2234 2617 cium
2272 2562 2369 2616 Dei
2397 2561 2551 2628 dicis,
2581 2562 2671 2632 qui
2702 2563 2817 2627 tibi,
2848 2578 2968 2617 cum
3012 2562 3331 2632 judicandus
3359 2563 3449 2627 sis,
3483 2562 3571 2617 vel
3600 2563 3687 2617 i2:-

2092 2663 2175 2708 ter
2204 2667 2453 2723 suprema
2487 2667 2590 2707 non
2621 2653 2895 2707 consutis!
2942 2662 2998 2707 et
3037 2653 3259 2708 credere
3297 2661 3351 2707 te
3381 2651 3582 2721 aliquid
3615 2653 3686 2708 de

2090 2745 2263 2798 salute
2288 2745 2478 2798 animze
2522 2752 2624 2799 tua:
2663 2743 2916 2815 loqueris,
2950 2746 3035 2799 cui
3065 2730 3243 2800 nullus
3271 2753 3355 2800 est
3383 2746 3561 2800 anima
3584 2753 3684 2800 tua

2090 2837 2268 2903 vilior,
2312 2834 2455 2906 apud
2498 2852 2658 2908 quem
2705 2852 2874 2907 pmpe
2924 2852 3029 2891 non
3073 2838 3299 2891 interest
3345 2838 3431 2891 cui
3476 2838 3683 2907 prosis,

2090 2926 2380 2982 dummodo
2400 2936 2460 2982 ut
2487 2928 2579 2981 tibi
2606 2927 2832 2983 noceas!
2859 2928 3015 2998 277
3044 2936 3099 2982 et
3126 2926 3345 2982 credere
3368 2936 3419 2981 te
3439 2926 3687 2983 futurum

2086 3019 2320 3088 judieem
2350 3018 2503 3084 dicis,
2527 3018 2667 3089 apud
2689 3033 2849 3087 quem
2877 3018 3052 3073 nullus
3082 3026 3164 3072 est
3202 3018 3380 3073 minor
3402 3026 3565 3089 atque
3584 3017 3689 3074 de-

399 3111 488 3168 bio
517 3121 833 3184 recepturus
868 3115 939 3169 sit
976 3115 1067 3195 qui
1110 3115 1220 3170 Deo
1261 3114 1450 3177 credit,
1494 3115 1767 3184 quomodo
1804 3125 1861 3172 tu
1905 3117 1988 3172 his
2015 3113 2061 3175 C
2093 3109 2332 3179 spectior
2358 3125 2516 3180 quam
2545 3110 2658 3179 ipse
2680 3108 2876 3177 judex!
2910 3107 3043 3162 Nam
3071 3108 3123 3162 in
3147 3115 3357 3163 tantum
3380 3124 3504 3163 eum
3526 3124 3689 3178 sper-

399 3204 561 3260 rebus
580 3218 714 3273 quas
734 3204 847 3259 Deo
871 3205 1104 3271 dederis,
1126 3221 1344 3262 usurum
1376 3215 1427 3261 te
1454 3222 1573 3261 esse
1605 3216 1726 3277 post
1753 3218 1984 3265 mortem

399 3310 507 3350 non
538 3303 712 3366 putas,
745 3310 970 3365 quarum
1012 3298 1106 3352 tibi
1146 3315 1251 3353 non
1284 3315 1437 3353 usum
1481 3301 1851 3357 tantummodo
1880 3302 1987 3358 Do-

397 3386 592 3451 minus,
642 3387 737 3441 sed
783 3396 1127 3456 augmentum
1169 3390 1330 3443 etiam
1371 3397 1426 3445 et
1470 3392 1985 3460 superexcellentem

398 3478 669 3532 cumulum
710 3478 1027 3552 pollicetur?
1074 3480 1180 3535 Aut
1227 3479 1363 3538 forte
1392 3481 1637 3552 accipere
1680 3482 1794 3539 haec
1835 3492 1997 3539 tanta-

398 3584 505 3623 non
550 3568 670 3622 vis?
697 3538 815 3623 Sed
832 3570 935 3626 hoc
968 3572 1108 3627 ratio
1156 3587 1262 3625 non
1303 3573 1506 3641 patitur
1534 3580 1593 3627 ut
1631 3574 1788 3629 nolis.
1815 3574 1983 3630 Nemo

397 3658 540 3712 enim
570 3665 654 3712 est
682 3659 821 3712 inter
859 3660 1105 3714 homines
1131 3661 1223 3730 qui
1253 3676 1373 3714 cum
1412 3661 1602 3716 beatus
1630 3677 1748 3717 esse
1784 3663 1981 3729 valeat,

398 3747 561 3801 miser
594 3761 722 3804 esse
762 3748 941 3812 malit;
975 3765 1135 3804 nemo
1176 3758 1259 3804 est
1296 3750 1388 3818 qui
1427 3765 1550 3804 cum
1588 3751 1789 3807 habere
1816 3755 1986 3823 possit

397 3837 616 3891 delicias
661 3839 855 3891 summi
903 3838 1052 3903 boni,
1095 3839 1206 3909 pati
1253 3840 1383 3894 velit
1424 3841 1745 3911 supplicium
1786 3846 1981 3899 summi

397 3926 525 3980 mali
551 3944 562 3979 :
588 3927 764 3981 nullus
785 3927 1047 3997 profecto,
1072 3928 1280 3991 nullus;
1306 3936 1359 3983 et
1380 3928 1503 3984 ideo
1526 3945 1625 3985 nec
1646 3939 1705 3985 tu
1726 3931 1939 4002 quidem
1968 3952 1980 3987 :

396 4016 501 4072 nisi
528 4015 665 4073 forte
694 4025 1034 4073 monstruosa
1072 4019 1142 4075 sit
1182 4019 1234 4073 in
1274 4029 1326 4074 te
1367 4020 1545 4089 aliqua
1583 4030 1639 4075 et
1673 4022 1985 4093 discrepans

397 4109 466 4166 ab
493 4110 730 4166 humano
756 4126 955 4180 genere
986 4120 1196 4178 natura,
1231 4124 1289 4167 ut
1311 4112 1455 4167 solus
1484 4113 1575 4167 tibi
1605 4114 1818 4183 penitus
1845 4115 1983 4171 bene

397 4215 516 4257 esse
541 4202 699 4269 nolis,
725 4203 872 4259 solus
898 4202 1284 4258 beatitudinem
1314 4202 1500 4272 fugias,
1533 4205 1680 4260 solus
1710 4208 1983 4276 suppliciis

395 4291 698 4348 delecteris.
730 4292 881 4360 Quod
922 4294 968 4351 si
995 4295 1180 4365 utique
1221 4311 1329 4349 non
1359 4307 1459 4360 est,
1490 4296 1616 4365 quid
1646 4311 1775 4365 ergo
1809 4314 1983 4355 causae

393 4392 478 4439 est
516 4391 573 4438 ut
600 4401 709 4439 non
736 4385 821 4439 vel
851 4386 1086 4440 moriens
1111 4393 1166 4441 et
1205 4387 1258 4440 in
1286 4387 1482 4442 ultimis
1511 4387 1662 4452 situs,
1705 4388 1757 4442 id
1790 4390 1980 4446 saltem

2095 3200 2194 3265 nis,
2221 3202 2272 3254 in
2296 3209 2502 3255 tantum
2532 3200 2781 3270 despicis,
2812 3207 2872 3253 ut
2910 3214 3011 3254 nec
3035 3199 3242 3254 tibimet
3272 3199 3372 3269 ipsi
3403 3200 3683 3267 consulas,

2090 3286 2381 3347 dummodo
2411 3290 2527 3359 ejus
2562 3290 2707 3359 jussa
2748 3299 3082 3364 contemnas.
3115 3291 3223 3345 Aut
3259 3288 3445 3345 refelle
3480 3306 3589 3354 me,
3624 3301 3684 3347 et

2089 3385 2367 3450 convincc,
2398 3385 2443 3439 si
2472 3384 2721 3438 mentior.
2755 3381 2965 3437 Clamat
2992 3382 3088 3437 tibi
3118 3398 3242 3439 ecce
3280 3384 3535 3439 morienti
3564 3384 3687 3455 ipse

2088 3476 2183 3547 qui
2214 3483 2264 3529 te
2297 3475 2637 3545 judicaturus
2680 3483 2763 3529 est
2786 3473 2951 3543 judex
2982 3484 3125 3540 tuus,
3149 3489 3219 3529 ne
3247 3474 3414 3529 ullum
3455 3477 3687 3534 omnino

2087 3566 2367 3621 hominum
2405 3566 2458 3620 in
2491 3565 2848 3635 prorogandis
2882 3565 3043 3620 rebus
3084 3581 3147 3621 ac
3184 3566 3531 3622 facultatibus
3573 3570 3688 3625 tuis

2088 3657 2208 3727 plus
2236 3673 2399 3728 quam
2420 3664 2473 3712 te
2493 3673 2658 3721 ames,
2687 3672 2756 3711 ne
2780 3656 2875 3711 ulli
2903 3657 2971 3711 de
2999 3657 3299 3712 substantia
3323 3667 3415 3713 tua
3441 3660 3688 3717 moriens

2088 3749 2257 3817 magis
2276 3764 2435 3819 quam
2460 3750 2554 3803 tibi
2583 3749 2846 3813 consulas,
2872 3749 3078 3804 nullum
3110 3750 3205 3804 tibi
3233 3751 3409 3804 anima
3441 3758 3532 3805 tua
3555 3768 3689 3825 pro-

2087 3838 2445 3910 pinquiorem,
2494 3839 2699 3894 nullum
2738 3838 2947 3909 judices
2992 3841 3316 3895 chariorem.
3366 3839 3506 3905 Quid
3541 3845 3685 3897 enim

2088 3932 2335 4003 proderit,
2367 3931 2539 4001 inquit
2567 3931 2834 3996 Salvator,
2868 3933 3065 3986 homini
3094 3934 3140 3987 si
3180 3932 3404 3988 lucretur
3431 3935 3683 3990 mundum

2089 4034 2270 4092 totum,
2300 4035 2349 4079 et
2387 4025 2748 4080 detrimentum
2791 4028 2952 4099 faciat
2989 4029 3182 4082 anima:
3222 4029 3366 4083 sum?
3401 4039 3491 4083 aut
3527 4048 3682 4103 quam

2088 4115 2232 4171 dabit
2279 4117 2429 4170 homo
2477 4119 2932 4170 commutationem
2972 4134 3065 4187 pro
3108 4119 3286 4173 anima
3328 4137 3422 4173 sua
3463 4121 3682 4190 (Matth.

2086 4227 2196 4277 xw,
2226 4208 2358 4281 26)?
2388 4208 2502 4264 lloc
2531 4216 2614 4264 est
2641 4208 2821 4263 dicere
2855 4226 2867 4260 :
2900 4207 3037 4276 Quid
3077 4210 3196 4274 tibi,
3241 4226 3274 4265 ο
3313 4211 3684 4271 infelicissime

2086 4303 2269 4367 homo,
2299 4302 2541 4371 proderit
2569 4302 2613 4356 si
2643 4316 2859 4356 omnem
2890 4301 3145 4357 mundum
3175 4310 3271 4356 aut
3298 4303 3412 4372 ipse
3452 4303 3679 4370 habeas,

2086 4403 2180 4451 aut
2206 4396 2312 4450 tuis
2356 4394 2617 4465 proximis
2654 4393 2949 4463 relinquas,
2987 4393 3033 4449 si
3065 4394 3255 4449 salutis
3282 4402 3447 4463 atque
3489 4396 3685 4452 anima:

394 4491 657 4547 suprema:
677 4476 965 4531 oblationis
980 4477 1158 4532 oﬂieio
1179 4485 1234 4531 et
1254 4478 1399 4532 omni
1422 4494 1601 4533 rerum
1631 4487 1839 4537 tuarum
1871 4500 1989 4538 am-
2014 4488 2068 4549 Β
2093 4486 2413 4542 detrimenta
2442 4483 2699 4556 patiaris?
2718 4482 2922 4537 Damna
2951 4484 3094 4538 enim
3118 4484 3312 4539 animae
3334 4487 3686 4557 totum‘peni-

397 4562 512 4621 bitu
539 4581 665 4636 agas
690 4573 767 4630 ut,
790 4567 835 4622 si
856 4569 1049 4623 mereri
1075 4584 1104 4622 a
1127 4567 1239 4623 Deo
1264 4576 1439 4639 potes,
1465 4569 1704 4640 locuples
1731 4575 1893 4646 276
1920 4592 1985 4632 ac

397 4657 587 4713 beatus
610 4658 716 4724 sis;
748 4659 830 4714 sin
848 4667 1027 4713 autem
1052 4658 1103 4714 id
1133 4675 1238 4713 non
1255 4667 1429 4730 potes,
1454 4670 1600 4716 certe
1615 4661 1641 4699 ά
1660 4664 1741 4717 vel
1762 4680 1860 4734 pro
1883 4667 1987 4725 hoc

396 4748 656 4802 merearis
677 4757 735 4802 ut
755 4749 919 4804 miser
939 4766 1044 4805 non
1074 4751 1167 4815 sis,
1184 4759 1333 4806 certe
1360 4766 1468 4804 nou
1490 4752 1685 4819 uraris,
1701 4763 1849 4811 certe
1879 4773 1985 4813 non

397 4840 720 4909 torquearis,
744 4850 890 4897 certe
912 4842 1149 4897 tenebris
1168 4843 1525 4899 exterioribus
1540 4859 1649 4899 non
1668 4855 1691 4883 θ
1707 4846 1985 4916 injiciaris,

397 4937 454 4985 et
481 4929 791 4986 ardentibus
814 4932 930 4987 sine
954 4933 1058 4988 tlne
1083 4933 1311 4991 ﬂammis
1338 4951 1447 4991 non
1471 4936 1830 5006 decoquaris?
1859 4942 1988 5009 Qua:

398 5037 524 5077 cum
551 5020 627 5075 ita
654 5021 783 5087 sint,
822 5023 948 5093 quid
975 5039 1125 5093 ergo,
1154 5034 1213 5080 ut
1239 5027 1368 5095 dixi,
1412 5045 1588 5084 causze
1614 5038 1715 5096 est,
1746 5032 1765 5070 ί
1793 5042 1850 5088 ut
1881 5052 1987 5092 non

2094 4586 2180 4633 tus
2221 4590 2403 4631 secum
2455 4574 2735 4639 auferunt;
2776 4588 2877 4630 nec
2911 4574 3204 4645 quidquam
3248 4575 3414 4631 homo
3459 4578 3683 4633 omnino

2092 4668 2291 4724 habere
2330 4666 2531 4736 poterit
2570 4665 2662 4735 qui
2700 4665 2935 4734 seipsum
2960 4665 3156 4720 damno
3185 4667 3377 4721 anima:
3406 4669 3685 4737 pereuntis

2092 4760 2323 4817 amittat.
2367 4757 2467 4810 Aut
2495 4774 2667 4829 quam,
2699 4757 2891 4827 inquit,
2922 4756 3074 4811 homo
3103 4760 3557 4813 commutationem
3589 4759 3684 4813 da-

2094 4853 2166 4907 bit
2192 4868 2285 4923 pro
2314 4851 2491 4904 anima
2517 4851 2647 4903 sua?
2679 4849 2790 4904 Hoc
2820 4858 2904 4904 est
2931 4850 3112 4904 dicere
3146 4868 3158 4903 :
3191 4850 3308 4905 Non
3339 4852 3619 4922 respicias,
3651 4868 3685 4908 ο

2093 4946 2279 5010 homo,
2319 4943 2621 5015 pecuniam,
2672 4958 2780 4996 non
2822 4944 3251 5012 possessionem;
3299 4960 3402 4999 nec
3446 4945 3680 5008 dubites,

2095 5038 2287 5093 saltem
2316 5036 2571 5101 moriens,
2596 5048 2696 5104 pro
2724 5049 2819 5104 spe
2850 5044 2962 5100 tua,
2992 5045 3250 5105 quantum
3274 5045 3448 5108 potes,
3478 5039 3558 5094 rei
3584 5046 3686 5093 tua

1594 5141 1933 5202 STEPHANI
1973 5147 2247 5204 BALUZII
2284 5145 2515 5201 NOTAE.

402 5326 437 5379 ά
474 5262 500 5290 ι
532 5250 615 5334 ⁸1ιξι
641 5250 764 5305 libri
784 5258 1013 5307 veteres.
1037 5250 1095 5305 In
1119 5224 1445 5311 editionibus
1473 5271 1603 5311 vero
1625 5258 1881 5328 scriptum
1906 5272 1989 5318 est

440 5339 692 5378 ommtcre.

548 5341 692 5375 metu.

440 5339 692 5378 ommzcre.

446 5395 500 5477 ,ιι
542 5393 807 5475 {Admonet
834 5390 1071 5448 Pitbteus
1097 5392 1380 5463 legendum
1422 5414 1542 5453 esse
1579 5402 1851 5469 superﬂua:
1880 5404 1988 5457 lar-

406 5474 716 5611 ?uéftgntea
737 5534 1015 5611 legebatur
1035 5536 1218 5611 magis,
1253 5545 1311 5591 ut
1338 5538 1390 5592 in
1415 5539 1578 5594 veteri
1602 5540 1787 5611 codice
1818 5542 1982 5611 regio.

405 5602 513 5678 Sed
558 5605 679 5678 quia
704 5606 755 5678 in
778 5602 998 5674 reliquis
1026 5602 1279 5676 scriptum
1310 5618 1392 5663 est
1416 5611 1637 5678 inriguis,
1663 5619 1712 5663 et
1750 5602 1987 5667 Pithoeus

407 5674 684 5729 admonuit
727 5677 845 5731 istic
890 5678 959 5730 ita
1004 5674 1370 5747 reponendum
1413 5674 1552 5743 esse,
1596 5682 1747 5748 sequi
1786 5683 1987 5750 placuit

2088 5262 2351 5333 judicium
2374 5261 2474 5317 viri
2498 5260 2813 5317 doctissimi.

2164 5332 2189 5370 ἀ
2232 5333 2355 5388 llaec
2388 5333 2582 5388 desunt
2610 5333 2663 5386 iu
2690 5332 2926 5401 antiquis
2943 5333 3239 5390 codicibus.

2169 5413 2192 5442 ο
2234 5404 2458 5459 Veteres
2479 5402 2618 5467 libri,
2650 5405 2892 5457 eneceris.

2068 5483 2075 5495 '
2171 5473 2190 5512 ί
2223 5472 2349 5547 Haec
2370 5474 2551 5547 verba,
2583 5488 2752 5547 usque
2773 5473 2843 5547 ad
2868 5474 2978 5540 illa,
3005 5475 3142 5547 quod
3161 5475 3269 5531 hac
3295 5493 3399 5531 non
3424 5480 3562 5547 agis.
3590 5479 3683 5535 de-

2095 5553 2219 5615 sunt
2247 5546 2299 5598 in
2334 5535 2569 5615 antiquis
2613 5535 2907 5609 codicibus,
2952 5535 3043 5615 qui
3091 5548 3170 5602 sic
3214 5547 3434 5602 omnino
3460 5535 3682 5615 liabent,

2097 5612 2235 5679 Quid
2253 5632 2396 5687 ergo,
2424 5612 2481 5670 ut
2509 5614 2639 5678 dixi,
2664 5631 2834 5670 cauare
2863 5626 2939 5670 est
2971 5612 3110 5689 'an
3138 5617 3247 5671 lure
3287 5635 3392 5673 non
3420 5619 3572 5690 agis?
