3936 6176
258 267 359 325 225

1344 268 1703 329 ADVERSUS
1740 272 2119 330 AVARJTIAM
2158 273 2283 332 LIB.
2328 276 2414 334 111.

3416 286 3521 343 226

252 398 318 438 ac
340 378 592 435 facultatis
614 377 835 436 efferre.
868 378 1271 450 Quidquidlibet
1295 383 1439 437 enim
1474 382 1689 439 dederis
1727 398 1826 454 pro
1855 390 1902 448 Α
1934 393 2020 439 tur
2047 401 2304 443 numerus
2339 388 2796 460 propinquorum!
2831 392 2930 448 nisi
2971 393 3116 463 quod
3145 394 3257 452 scio
3286 411 3349 452 ac
3389 400 3522 455 satis

251 480 326 538 te,
352 470 446 525 vile
487 476 603 537 est;
633 470 893 541 quidquid
935 485 1033 541 pro
1063 480 1118 527 te
1155 471 1437 538 obtuleris,
1483 473 1635 542 parvi
1665 474 1825 545 pretii

253 571 366 619 est:
394 561 513 631 quia
540 563 720 616 anima
744 570 834 617 tua
858 562 912 617 in
941 562 1181 618 omnium
1211 579 1392 619 rerum
1415 564 1822 635 comparatione

250 656 540 730 pretiosior.
572 654 642 710 Et
664 656 788 711 ideo
817 655 949 712 nihil
984 656 1197 712 dubites
1224 671 1323 727 pro
1348 665 1403 711 te
1424 656 1555 712 dare
1586 675 1599 711 :
1625 657 1749 726 quia
1779 658 1825 713 si

251 761 302 807 te
331 748 580 815 amiseris,
613 749 795 804 omnia
823 749 877 803 in
898 757 953 805 te
981 748 1164 820 perdis
1194 766 1209 802 :
1241 749 1284 805 si
1306 757 1489 804 autem
1528 758 1582 805 te
1610 749 1825 805 lucrife-

250 842 400 908 eeris,
427 849 604 897 tecum
632 848 688 896 et
716 841 771 895 in
800 851 854 896 te
883 841 1063 896 omnia
1083 841 1404 912 possidebis.

316 929 448 985 XIX.
478 930 617 986 Cum
663 930 780 987 hcce
827 946 955 1001 ergo
994 932 1091 987 tibi
1128 931 1242 1002 jam
1283 932 1557 999 morienti,
1598 948 1633 989 ο
1660 933 1825 989 homo

244 1023 480 1095 quisquis
508 1037 589 1087 es,
620 1021 885 1078 Dominus
906 1030 1029 1078 tuus
1056 1022 1272 1091 clamet,
1305 1032 1363 1079 tu
1390 1031 1630 1079 mentem
1656 1024 1827 1079 obdu-

248 1132 349 1182 ras,
375 1124 428 1170 tu
456 1130 641 1171 aurem
691 1115 955 1183 obstruis;
999 1124 1055 1172 et
1081 1116 1239 1173 nudis
1279 1117 1620 1173 sermonibus
1665 1115 1824 1172 ﬁdem

246 1224 496 1276 asserens,
530 1208 783 1266 sufﬁcere
810 1210 906 1265 tibi
934 1218 1093 1280 putas
1119 1211 1281 1266 verba
1308 1226 1410 1281 pro
1426 1210 1618 1305 'rebus,
1646 1214 1711 1265 a‘c
1739 1224 1826 1265 sa-

247 1302 310 1355 tis
334 1308 384 1355 te
410 1298 619 1355 firmum
659 1302 823 1373 278
849 1301 1083 1357 aestimas
1109 1298 1445 1357 credulitatis
1472 1301 1672 1357 habere
1698 1300 1825 1357 sub-

245 1392 448 1456 sidium,
476 1392 521 1447 si
542 1391 734 1459 Deum,
757 1407 916 1463 quem
939 1392 1102 1447 rebus
1126 1398 1289 1464 atque
1311 1392 1567 1463 operibus
1594 1392 1699 1446 tuis
1726 1391 1824 1446 de-

246 1484 419 1554 spicis,
437 1484 615 1539 verbis
632 1485 985 1541 mendacibus
1005 1486 1274 1541 honorare
1297 1484 1546 1540 videaris.
1585 1482 1713 1550 Fili,
1741 1485 1822 1539 in-

242 1580 348 1648 quit
368 1575 644 1647 Scriptura
676 1584 883 1643 sancta,
911 1578 957 1632 si
979 1576 1154 1642 habes,
1182 1576 1398 1648 benefac
1421 1584 1603 1642 tecum,
1635 1584 1686 1629 et
1712 1574 1823 1630 Deo

242 1666 395 1724 bonas
426 1669 707 1725 oblationes
721 1670 852 1739 oﬂ'er
881 1668 1067 1740 (Eccli.
1093 1686 1203 1733 xxv,
1235 1667 1345 1739 ll).
1374 1666 1443 1721 Et
1470 1667 1595 1722 alibi
1626 1685 1639 1719 :
1664 1665 1825 1720 Misce

1926 485 2105 534 certus
2124 495 2262 545 sum,
2283 480 2415 535 nihil
2437 482 2657 538 omnino
2680 484 2823 554 apud
2843 484 3011 540 Deum
3033 495 3158 541 vota
3180 487 3366 543 talium
3390 505 3520 559 pra:-

1924 568 2126 624 valere.
2151 568 2283 623 Nam
2312 571 2494 626 mirari
2523 588 2735 643 possem
2763 574 2902 631 forte
2926 576 3069 645 quod
3097 577 3324 643 viveres,
3356 593 3517 648 quem

1925 660 2063 714 mori
2089 668 2198 715 tam
2227 662 2381 717 multi
2421 664 2607 718 velint.
2647 664 2716 720 Et
2741 674 2965 737 propter
2989 669 3106 734 bos,
3148 669 3391 741 quisquis
3426 671 3518 726 ille

1926 765 2004 816 es,
2038 760 2261 822 propter
2300 753 2400 809 hos
2430 755 2566 810 tales
2608 756 2843 811 animam
2884 766 3029 812 tuam
3056 759 3282 826 deseris,
3314 769 3370 816 et
3396 775 3518 818 cre-

1923 841 2053 898 dere
2082 851 2134 898 te
2152 842 2412 913 judicium
2434 845 2529 899 Dei
2554 844 2706 911 dicis,
2731 861 2852 901 cum
2881 847 2950 902 ad
2978 849 3081 903 hoc
3109 850 3224 917 ejus
3243 849 3393 919 jussa
3421 851 3518 908 de-

1923 935 2120 1005 spicias
2144 944 2201 990 ut
2219 936 2598 1005 patrimonium
2627 947 2775 993 tuum
2800 939 2995 994 talibus
3020 940 3393 1009 derelinquas?
3418 942 3516 996 Di-

1923 1027 2129 1096 spersit,
2157 1025 2330 1096 inquit
2366 1027 2631 1097 propheta
2668 1028 2735 1083 de
2767 1043 2834 1083 eo
2872 1030 2963 1099 qui
2998 1029 3167 1085 Deum
3196 1031 3393 1097 credit,
3427 1033 3511 1086 di-

1923 1118 2128 1186 spersit,
2157 1116 2300 1171 dedit
2317 1116 2627 1188 pauperibus
2658 1135 2676 1172 :
2700 1119 2910 1189 justitia
2937 1120 3049 1192 ejus
3082 1132 3255 1175 manet
3276 1123 3330 1175 in
3358 1132 3511 1177 mter-

1925 1222 2048 1260 uum
2078 1205 2248 1277 (Psal.
2291 1224 2397 1271 cxi,
2431 1208 2507 1279 9).
2549 1207 2656 1263 Sed
2696 1217 2752 1265 et
2796 1207 3046 1265 Salvator
3074 1211 3189 1282 ipse
3217 1212 3285 1267 ad
3323 1228 3515 1282 omnes

1924 1298 2118 1355 divites
2162 1319 2174 1353 :
2217 1300 2452 1367 Vendite,
2487 1303 2677 1370 inquit,
2709 1319 2823 1374 qua:
2849 1280 3142 1375 possidetis,
3167 1315 3216 1358 et
3235 1280 3355 1359 date
3380 1306 3516 1359 elec-

1923 1405 2192 1460 mosyuam
2227 1389 2377 1462 (Luc.
2402 1407 2492 1454 xu,
2512 1392 2623 1463 55).
2649 1390 2715 1446 Et
2737 1393 2863 1447 alibi
2889 1411 2901 1445 :
2932 1392 3109 1447 Vende
3129 1410 3245 1466 quae
3265 1393 3438 1461 habes,
3464 1404 3515 1450 et

1925 1477 1993 1532 da
2013 1481 2323 1550 pauperibus
2347 1480 2563 1553 (Matth.
2584 1498 2695 1548 xix,
2712 1481 2827 1555 21).
2859 1482 3110 1553 Nunquid
3136 1485 3284 1549 dicit,
3304 1487 3513 1555 agnatis

1924 1570 2010 1635 da,
2036 1573 2284 1642 nunquid
2320 1573 2601 1630 amnibus?
2642 1575 2760 1631 Non
2788 1577 3001 1646 utique;
3042 1578 3136 1633 sed
3162 1580 3508 1649 pauperibus,

1923 1663 2019 1718 sed
2066 1665 2267 1734 egenis.
2300 1665 2548 1736 Nunquid
2598 1669 2903 1739 prepinquo
2932 1669 3104 1735 diviti,
3149 1673 3386 1740 nunquid
3416 1673 3512 1728 ulli

241 1778 364 1826 rere,
397 1761 597 1830 inquit,
630 1761 822 1815 anima:
852 1768 954 1815 tua:
990 1759 1102 1832 (Id.
1134 1775 1263 1825 xxx,
1305 1757 1421 1829 25).
1474 1767 1498 1795 ι
1527 1757 1663 1813 Vide
1701 1757 1819 1828 pie-
1852 1759 1895 1818 Β
1925 1755 2147 1810 omnino
2173 1756 2376 1811 homini
2406 1761 2760 1828 prrepotenti'!
2795 1760 2913 1816 Non
2945 1762 3159 1831 utique;
3205 1764 3300 1818 sed
3344 1778 3509 1833 cgen-

239 1862 397 1909 tatem
425 1868 547 1923 erga
576 1861 629 1908 te
654 1853 867 1909 Domini
890 1853 1078 1917 nostri,
1102 1852 1224 1909 vide
1243 1866 1405 1921 quam
1426 1851 1731 1907 misericors
1751 1848 1821 1903 sit

237 1943 489 1999 Dominus
517 1944 660 1999 Deus
688 1952 890 2009 noster,
922 1944 1014 2015 qui
1041 1959 1141 1998 nos
1169 1944 1317 2013 ipsos
1345 1958 1444 2013 pro
1477 1941 1633 1997 nobis
1651 1942 1818 1997 mise-

237 2034 517 2091 ricordiam
563 2043 736 2105 rogat.
769 2034 1037 2102 Miserere,
1091 2035 1281 2103 inquit,
1331 2035 1524 2090 anima:
1554 2026 1821 2090 tuaaﬂoc

240 2132 312 2180 est
336 2124 519 2180 dicere
545 2143 559 2178 :
583 2124 840 2181 Miserere
860 2125 1023 2181 etiam
1052 2133 1112 2179 tu
1141 2125 1282 2179 illius
1311 2123 1465 2193 cujus
1488 2123 1638 2179 vides
1660 2123 1821 2178 mise-

239 2216 438 2271 ratione
465 2231 557 2271 mc
596 2215 803 2285 frangi;
828 2216 1085 2272 miserere
1114 2216 1256 2271 illius
1284 2215 1501 2270 tandem
1527 2215 1680 2285 cujus
1718 2216 1819 2269 mi-

239 2321 411 2364 sereor
435 2322 539 2376 ego
577 2322 832 2378 semper;
875 2308 1131 2363 miserere
1159 2315 1217 2363 tu
1244 2296 1437 2363 animm
1465 2307 1655 2362 saltem
1694 2315 1818 2372 tute,

238 2413 350 2454 cum
377 2400 628 2454 misereri
666 2414 757 2454 me
781 2414 972 2455 cernas
999 2399 1207 2454 alienae.
1242 2397 1310 2453 Et
1348 2398 1478 2468 quid
1517 2406 1643 2469 post
1682 2398 1819 2463 haec,

240 2503 270 2544 ο
291 2490 592 2545 miserrime
629 2490 831 2546 homo?
870 2506 992 2546 cum
1022 2490 1164 2545 Deus
1203 2490 1280 2545 sic
1316 2497 1494 2545 tecum
1533 2497 1677 2558 agat,
1711 2505 1819 2544 non

239 2583 554 2652 acquiescis!
576 2592 730 2653 rogat
756 2591 809 2639 te
836 2592 893 2638 ut
924 2583 995 2638 tui
1017 2582 1342 2647 miserearis,
1357 2591 1413 2637 et
1434 2598 1542 2637 non
1567 2582 1671 2636 vis!
1691 2598 1819 2637 cau-

239 2694 341 2735 sam
370 2686 519 2732 tuam
549 2675 694 2747 apud
726 2684 776 2731 te
805 2676 934 2745 agit,
964 2685 1021 2730 et
1043 2674 1071 2713 δ
1102 2689 1133 2729 a
1155 2683 1208 2730 te
1232 2689 1340 2730 non
1370 2674 1700 2729 admittitur!
1726 2674 1818 2730 di-

237 2779 416 2840 gnatur
437 2780 495 2825 te
520 2784 621 2839 pro
646 2778 698 2824 te
723 2775 928 2840 petere,
953 2776 1009 2822 et
1032 2782 1062 2821 a
1086 2775 1140 2822 te
1161 2783 1267 2822 non
1290 2774 1473 2837 potest
1494 2764 1812 2837 impetrare!

239 2863 299 2920 Et
317 2867 612 2936 quomodo,
638 2864 879 2935 quisquis
900 2879 979 2930 es,
1003 2879 1037 2919 ο
1057 2862 1357 2919 miserrime
1377 2862 1560 2928 homo,
1592 2876 1820 2931 quomo-

238 2955 300 3013 do
326 2967 375 3012 te
403 2967 597 3029 postea
626 2956 1019 3028 supplicantem
1051 2954 1140 3009 ille
1168 2953 1221 3007 in
1243 2952 1447 3023 judicio
1486 2967 1587 3007 suo
1616 2950 1817 3017 audiet,

240 3063 347 3104 cum
377 3059 432 3106 tn
464 3051 555 3106 bic
584 3065 707 3105 cum
735 3065 833 3120 pro
869 3057 921 3104 te
953 3054 1235 3116 rogantem
1260 3045 1447 3100 audire
1482 3045 1599 3115 ipse
1623 3044 1816 3100 nolue-

1924 1848 1981 1914 ti,
2008 1849 2102 1904 sed
2132 1849 2299 1919 inopi,
2316 1850 2409 1906 sed
2440 1863 2746 1921 egestuoso.
2769 1863 2793 1890 ο
2811 1853 2878 1909 Et
2905 1863 3069 1910 recte.
3094 1856 3342 1926 Nunquid
3366 1860 3510 1915 enim

1920 1955 2040 1994 eum
2069 1939 2427 2011 locupletibus
2454 1946 2700 2013 cognatis
2724 1946 2828 2000 tuis
2856 1947 3211 2003 substantiam
3236 1958 3380 2004 tuam
3414 1954 3510 2006 de-

1920 2030 2081 2097 deris,
2109 2030 2319 2100 justitia
2348 2040 2438 2088 tua
2471 2047 2654 2089 manet
2675 2036 2729 2089 in
2758 2039 3061 2091 aeternum?
3089 2047 3183 2093 aut
3210 2055 3334 2094 cum
3370 2040 3509 2096 divi-

1922 2121 2023 2177 tias
2046 2137 2235 2177 eorum
2263 2123 2461 2179 divitiis
2488 2126 2594 2180 tuis
2617 2128 2850 2191 auxeris,
2877 2128 3186 2183 thesaurum
3215 2131 3436 2188 habebis
3456 2133 3508 2187 in

1921 2213 2097 2268 caelo?
2127 2212 2237 2278 γω,
2258 2214 2435 2284 inquit
2456 2217 2741 2286 propheta,
2766 2219 2846 2272 his
2873 2221 2961 2290 qui
2989 2219 3167 2273 dicunt
3193 2220 3341 2275 dulce
3360 2239 3511 2277 ama-

1920 2322 2054 2372 rum,
2086 2315 2136 2361 et
2163 2323 2397 2361 amarum
2428 2309 2576 2363 dulce
2610 2309 2746 2377 (Isa.
2777 2327 2830 2375 v,
2869 2310 2982 2379 20).
3027 2310 3202 2366 Etiam
3243 2314 3450 2369 laudari
3479 2331 3509 2371 a

1920 2403 1974 2450 te
2003 2395 2138 2451 tales
2164 2397 2265 2452 hos
2294 2396 2434 2452 Deus
2462 2398 2731 2467 prohibet,
2764 2408 2819 2454 et
2843 2408 2898 2454 tu
2925 2400 3100 2456 ditare
3133 2416 3240 2457 non
3272 2405 3466 2460 metuis
3492 2406 3505 2457 !

1919 2485 2037 2541 dari
2065 2487 2146 2541 his
2175 2487 2547 2557 praedicatoria
2576 2489 2739 2543 verba
2772 2505 2880 2545 non
2912 2491 3044 2557 vult,
3070 2500 3124 2547 et
3150 2499 3207 2547 tu
3235 2493 3398 2548 etiam
3430 2504 3510 2549 ta-

1920 2578 2066 2633 lenta
2107 2580 2347 2649 largiris!
2382 2580 2637 2636 honorari
2667 2582 2833 2636 vitam
2863 2598 3052 2638 eorum
3081 2582 3218 2641 (lctis
3246 2589 3510 2643 sermoni-

1919 2670 2021 2725 bus
2048 2677 2215 2733 vetat,
2260 2678 2317 2725 et
2354 2685 2386 2724 a
2423 2678 2477 2725 te
2520 2671 2757 2726 thesauri
2787 2673 2949 2744 280
2989 2688 3179 2728 eorum
3205 2675 3510 2745 divitiaeque

1919 2763 2259 2817 cumulantur
2281 2763 2294 2814 !

1992 2850 2109 2906 XX.
2151 2851 2259 2908 Sed
2286 2854 2489 2910 vereris
2512 2855 2762 2912 videlicet
2797 2857 2976 2914 vultus
3012 2859 3503 2921 circumsidentium

1921 2945 2343 3015 propinquorum
2362 2987 2377 3013 ,
2405 2955 2459 3002 et
2486 2957 2781 3018 prresentes
2807 2958 2968 3020 atque
2996 2952 3302 3009 obsidentes
3331 2954 3507 3010 lectu-

1922 3037 2029 3093 lum
2059 3046 2209 3093 tuum
2238 3041 2432 3095 metuis
2472 3039 2763 3097 offendere.
2798 3041 2884 3097 Ne
2909 3046 3150 3099 metuet-is
3177 3062 3293 3111 eos,
3337 3046 3510 3116 inquit

241 3141 332 3196 ris?
356 3141 462 3198 Sed
488 3142 741 3196 videlicet
764 3156 926 3197 causa
946 3137 1163 3208 grandis
1185 3144 1287 3203 est,
1312 3152 1417 3207 qua
1441 3136 1611 3193 Deum
1630 3136 1817 3191 audire
1845 3127 1891 3190 C
1923 3129 2180 3185 Dominus
2206 3146 2304 3202 per
2323 3132 2663 3203 prophetam,
2695 3149 2856 3206 neque
2874 3151 3061 3205 paveas
3088 3153 3120 3188 a
3148 3137 3284 3207 facie
3308 3150 3505 3207 eorum,

242 3246 334 3286 non
355 3232 549 3303 possis.
573 3230 937 3285 Circmnstant
963 3229 1108 3285 enim
1140 3236 1191 3283 te
1217 3236 1573 3297 tegrotantem
1601 3227 1814 3296 cognati

240 3331 383 3393 atque
415 3323 599 3394 agnati
627 3322 722 3384 tui,
753 3322 1107 3377 circumstant
1129 3320 1429 3390 locupletes
1454 3318 1815 3374 matresfami-

242 3413 330 3478 lia‘,
357 3414 713 3469 circmnstant
743 3412 950 3468 nobiles
978 3412 1098 3477 viri,
1131 3411 1344 3467 obsidet
1369 3410 1568 3465 lectum
1591 3407 1815 3462 inﬁrmi-

243 3506 349 3561 tatis
392 3516 500 3561 tna:
535 3505 723 3561 sericis
763 3514 925 3574 atque
969 3504 1172 3558 auratis
1218 3502 1455 3557 vestibus
1494 3499 1814 3561 circumfusa

243 3599 604 3654 numerositas.
646 3598 691 3651 0
723 3607 956 3668 quantus
980 3595 1181 3651 fructus
1209 3594 1526 3650 mternitatis
1554 3601 1655 3657 est,
1688 3593 1812 3648 tali-

243 3687 327 3743 bus
355 3689 495 3744 bona
526 3688 743 3759 propria
783 3702 1007 3756 erogare
1037 3686 1323 3740 mendicis!
1354 3685 1522 3754 Digna
1565 3683 1816 3739 videlicet

241 3793 381 3834 causa
400 3791 452 3836 ct
478 3780 615 3835 satis
637 3778 783 3847 justa
804 3787 907 3843 est,
932 3786 989 3832 ut
1012 3786 1067 3831 tu
1089 3776 1282 3830 anima:
1309 3784 1413 3829 tum
1442 3773 1653 3829 auferas
1670 3773 1814 3843 quod

242 3870 407 3938 egenis
434 3871 634 3925 talibus
664 3868 1025 3937 derelinquas.
1069 3864 1176 3922 Sed
1213 3865 1466 3920 nimirum
1504 3864 1812 3920 misericor-

244 3959 318 4014 dia
347 3961 619 4033 frangeris,
647 3970 703 4015 et
731 3959 1140 4015 lamentantium
1166 3958 1587 4029 propinquorum
1611 3956 1814 4026 pietate

242 4052 507 4120 superaris.
547 4050 641 4106 Est
670 4059 819 4106 certa
849 4050 1007 4105 ratio.
1037 4049 1199 4105 Vides
1224 4049 1422 4119 quippe
1469 4048 1813 4117 opulentissi-

244 4142 304 4194 mi
331 4158 388 4198 ac
423 4141 843 4213 splendidissimi
881 4140 1056 4195 cultus
1099 4140 1367 4203 homines,
1403 4149 1425 4178 ο
1458 4139 1555 4192 tibi
1598 4138 1810 4203 anxios,

245 4231 325 4285 tibi
352 4232 555 4299 llcntcs,
586 4233 723 4288 tristi
744 4232 893 4286 vultu
918 4239 971 4286 et
1003 4230 1138 4286 festo
1160 4230 1366 4294 habitu,
1388 4229 1718 4299 compositas
1745 4228 1813 4283 ad

245 4324 640 4378 intestitudincm
686 4322 851 4378 facies
894 4321 986 4376 tibi
1025 4328 1380 4382 ostentantes,
1415 4334 1514 4390 per
1552 4319 1813 4387 imagina-

244 4412 360 4467 riam
379 4414 793 4470 sollicitudincm
815 4428 964 4468 suam
987 4420 1227 4467 ementes
1256 4413 1416 4482 279
1440 4410 1810 4465 haereditatem

1918 3223 2162 3290 quoniam
2190 3224 2369 3279 domus
2394 3230 2710 3297 exasperatis
2737 3235 2814 3281 est
2844 3226 3057 3297 (Ezech.
3082 3245 3139 3294 u,
3170 3227 3247 3299 6).
3280 3229 3349 3284 Εῑ
3387 3231 3509 3287 ideo

1918 3321 1976 3367 tu
2000 3314 2160 3368 etiam
2190 3326 2306 3372 esto
2337 3318 2634 3388 intrepidus
2679 3328 2734 3373 et
2781 3328 3055 3375 constans.
3087 3320 3204 3377 Non
3252 3322 3508 3380 formides

1917 3405 2096 3459 vultus
2143 3421 2362 3471 eorum,
2402 3422 2577 3477 neque
2621 3409 2885 3478 frangaris
2931 3412 3135 3465 ambitu
3164 3428 3373 3468 eorum.
3403 3415 3508 3472 De-

1917 3495 2066 3565 spice
2090 3497 2530 3567 concupiscentes
2558 3499 2926 3555 hzereditatem
2950 3508 3098 3555 tuam
3127 3510 3182 3557 et
3209 3503 3509 3561 dividentes

1912 3585 2024 3656 jam
2052 3586 2193 3642 inter
2218 3603 2278 3643 se
2307 3588 2661 3643 substantiam
2691 3597 2835 3644 tuam
2860 3606 2873 3655 ;
2905 3590 2998 3660 qui
3029 3606 3136 3646 non
3180 3599 3254 3655 te,
3286 3593 3380 3647 sed
3407 3609 3508 3664 pa-

1916 3678 2229 3733 trimonium
2259 3686 2408 3732 tuum
2457 3679 2715 3746 diligunt,
2760 3681 2925 3736 immo
2965 3682 3059 3751 qui
3094 3683 3392 3753 cupiditate
3419 3701 3508 3740 re-

1915 3784 2035 3823 rum
2064 3775 2275 3824 tuarum
2305 3777 2360 3824 te
2387 3778 2752 3825 exsecrantur.
2786 3770 2919 3825 Nam
2948 3771 3075 3826 dum
3105 3778 3195 3828 tua
3220 3774 3508 3845 impatien-

1919 3870 2002 3914 ter
2023 3861 2235 3926 sitiunt,
2269 3868 2322 3915 te
2361 3860 2624 3927 oderunt;
2669 3863 3118 3931 praesentiamque
3161 3873 3313 3919 tuam
3350 3868 3506 3934 quasi

1914 3954 2164 4007 aemulam
2183 3953 2285 4009 sibi
2305 3962 2360 4007 et
2380 3952 2741 4008 adversariam
2758 3953 3079 4023 iudicantes,
3110 3957 3319 4012 obicem
3344 3966 3508 4027 atque

1870 4042 1881 4048 ’
1916 4046 2253 4101 obstaculum
2292 4054 2486 4116 putant
2525 4047 2833 4117 cupiditatis
2869 4065 2979 4104 sutc
3017 4065 3134 4105 esse
3174 4052 3319 4120 quod
3346 4053 3503 4107 vivis.

1916 4134 2140 4207 Despice
2158 4151 2287 4205 ergo
2309 4138 2407 4191 hos
2427 4138 2561 4193 tales
2583 4138 2645 4193 ac’
2669 4139 2819 4192 nihili
2841 4138 3023 4194 facito.
3038 4139 3154 4193 Non
3177 4148 3231 4194 te
3252 4152 3506 4198 moveant

1920 4227 1940 4267 ί
1970 4230 2333 4284 blandimenta
2358 4245 2543 4283 eorum
2574 4245 2816 4285 :venena
2860 4231 2955 4286 tibi
2995 4240 3140 4285 sunt.
3172 4232 3290 4288 Non
3332 4236 3506 4305 respi-

1915 4320 2024 4375 cias
2050 4318 2385 4376 adulatibnes
2434 4334 2620 4374 eorum
2647 4339 2659 4373 :
2685 4320 2845 4388 gladii
2875 4328 3000 4375 sunt
3041 4320 3377 4390 jugulatores
3406 4324 3501 4392 tui,

1916 4418 1970 4465 et
1996 4410 2212 4479 quidem
2241 4410 2428 4466 ferreis
2475 4416 2637 4480 atque
2676 4410 2959 4467 hostilibus
3006 4411 3197 4481 gladiis
3233 4414 3501 4470 tetriores.

247 4509 389 4558 luant.
414 4505 583 4572 Quem
606 4521 712 4559 non
745 4511 961 4559 moveat
991 4510 1139 4557 tanta
1163 4502 1354 4572 pietas,
1378 4517 1539 4571 quem
1562 4518 1668 4555 non
1688 4515 1811 4555 mo-
1838 4506 1891 4567 Ι)
1914 4503 2038 4559 Illos
2067 4504 2209 4558 enim
2235 4503 2483 4559 homines
2528 4503 2706 4558 cuncti
2736 4503 2955 4570 vident;
2986 4503 3121 4558 istos
3150 4503 3347 4558 incauti
3394 4520 3504 4560 non

246 4603 348 4648 vcat
371 4596 487 4651 talis
509 4596 699 4663 dolor;
732 4604 823 4650 aut
851 4593 1140 4664 quomodo,
1173 4608 1293 4649 cum
1316 4593 1431 4648 haec
1452 4593 1576 4647 talia
1602 4593 1802 4657 videas,

246 4699 336 4738 non
361 4686 690 4741 obliviscaris
716 4687 831 4741 tui?
870 4685 1033 4739 Vides
1063 4684 1205 4739 enim
1249 4692 1489 4739 extortas
1519 4684 1802 4755 lacrymas,

244 4773 467 4833 simulata
495 4778 745 4849 suspiria,
780 4776 956 4833 fictam
1004 4777 1355 4842 anxietatem,
1388 4792 1495 4831 non
1527 4784 1804 4847 Optantem

244 4875 293 4918 ut
317 4871 672 4937 convalescas,
702 4869 796 4926 sed
837 4877 1240 4940 exspectantem
1281 4868 1495 4937 quando
1534 4868 1803 4924 moriaris.

246 4955 385 5014 \‘ides
409 4960 610 5017 dctixos
639 4962 691 5015 in
721 4970 791 5027 te,
823 4959 974 5032 quasi
1000 4966 1311 5014 accusantes
1331 4959 1408 5013 tui
1435 4958 1613 5013 obitus
1635 4958 1804 5012 tardi—

247 5056 408 5118 tatem,
431 5055 670 5109 omuium
697 5053 891 5108 vultus.
914 5049 961 5115 Ω
988 5051 1253 5107 infelicem
1277 5058 1329 5105 te
1354 5066 1416 5106 ac
1444 5050 1802 5105 miserrimum

245 5142 376 5210 cujus
401 5160 705 5216 supremum
735 5146 937 5201 exitum
964 5152 1142 5199 tantus
1170 5141 1441 5199 desiderat
1467 5140 1494 5180 ά
1524 5157 1587 5197 ac
1614 5158 1804 5212 preca-

1909 4596 2115 4650 vident.
2149 4594 2247 4661 llli,
2278 4597 2404 4665 quia
2433 4603 2619 4664 aperte
2640 4593 2884 4659 szeviunt,
2912 4594 3211 4660 evitantur;
3243 4594 3352 4659 isti,
3377 4595 3504 4663 quia

1912 4686 2121 4742 occulte
2150 4686 2487 4748 insidiantur,
2522 4684 2808 4739 occidunt:
2839 4691 2896 4738 et
2936 4682 3039 4737 hoc
3086 4682 3502 4752 periculosiores

1912 4787 2037 4833 sunt
2064 4792 2129 4833 ac
2151 4793 2293 4833 novo
2324 4776 2553 4831 nocendi
2579 4789 2777 4844 genere
2799 4774 3030 4844 pejores,
3062 4773 3207 4845 quod
3252 4774 3357 4830 illis
3389 4776 3500 4830 fer-

1912 4871 2019 4928 reis
2046 4871 2237 4939 gladiis
2265 4884 2424 4925 nemo
2469 4876 2550 4923 est
2592 4865 2804 4937 penitus
2829 4866 2921 4935 qui
2969 4882 3027 4921 se
3055 4866 3176 4921 laedi
3203 4867 3354 4933 velit,
3385 4867 3502 4923 istis

1912 4963 2067 5019 multi
2090 4978 2149 5031 se
2177 4962 2337 5017 etiam
2367 4958 2536 5015 occidi
2561 4960 2769 5014 volunt.
2800 4958 2946 5013 Nova
2969 4966 3132 5029 atque
3157 4959 3503 5015 inaestimabi—

1912 5051 1977 5107 lis
2025 5051 2151 5105 mali
2202 5049 2414 5104 lethalis
2463 5048 2751 5103 inlecebra.
2802 5047 2910 5103 Illis
2958 5048 3149 5115 gladiis
3195 5049 3504 5120 quicunque

1912 5144 2229 5215 percutitur,
2261 5149 2316 5197 et
2352 5140 2545 5195 timore
2590 5140 2794 5210 pariter
2834 5147 2890 5195 et
2942 5140 3131 5196 dolere
3183 5148 3499 5213 torquetur;

1408 5251 1742 5308 STEPHANI
1780 5253 2052 5311 BALUle
2092 5251 2321 5307 NOTAE.

309 5354 331 5427 ς
364 5344 481 5427 llaec
497 5349 739 5404 absunta
768 5345 1319 5427 vetustisgcodicibus.
1445 5415 1477 5427 υ
1516 5415 1529 5427 .

306 5411 332 5451 δ
364 5414 425 5489 ξι
452 5419 564 5474 haec
585 5434 801 5489 quoque
821 5420 1019 5473 absunt
1047 5432 1076 5471 a
1109 5416 1334 5489 vetustis
1358 5415 1652 5489 codicibus.

245 5560 266 5601 ε
311 5494 330 5566 ξ
366 5483 755 5607 ἱξυνδιιηιῚιωὸ,
788 5504 896 5545 non
945 5495 1162 5543 exstant
1206 5487 1260 5541 in
1302 5485 1579 5542 codicibus
1606 5503 1801 5543 manu-

268 5566 365 5622 (τη)
392 5573 449 5612 Is.

304 5597 563 5701 δ’νξρἒξιιηῑ
589 5645 804 5701 quoque
832 5629 935 5687 ista
957 5630 1010 5684 in
1041 5628 1247 5701 eisdem
1271 5626 1568 5701 codicibus.

307 5701 327 5729 '
364 5692 427 5755 Et
451 5699 561 5758 haec
579 5692 793 5775 quoq-ue
812 5702 1011 5758 absunt
1036 5701 1104 5760 ab
1132 5699 1339 5759 eisdem
1364 5698 1659 5760 codicibus.

1988 5344 2005 5383 ί
2049 5344 2269 5399 Tacitus
2290 5344 2344 5399 in
2365 5344 2503 5398 libro
2524 5345 2700 5413 primo
2737 5344 3094 5401 Historiarum
3127 5363 3140 5399 :
3192 5343 3497 5414 Blanditiis,

1941 5418 2182 5471 essimum
2211 5416 2317 5469 veri
2338 5414 2555 5484 a/fectus
2585 5431 2851 5470 venenum.
2875 5415 3181 5484 Arnulphus
3211 5415 3499 5484 episcopus

1953 5486 2257 5542 exoviensis
2285 5486 2338 5539 in
2369 5483 2597 5555 epistola
2628 5484 2695 5539 ad
2725 5484 3013 5542 llenricnm
3050 5483 3092 5539 ll
3132 5483 3311 5555 regem
3351 5483 3496 5541 edita

1906 5557 1959 5611 in
1989 5568 2135 5612 temo
2156 5554 2694 5625 secundo’Spicilegii
2720 5555 2994 5611 Dacheria:
3019 5555 3034 5607 i
3061 5569 3181 5624 pag.
3215 5554 3319 5607 497
3345 5573 3355 5607 :
3386 5555 3499 5610 Me-

1905 5629 2038 5681 liora
2068 5637 2187 5681 sunt
2228 5626 2653 5699 querendiligentis
2680 5643 2852 5680 severa
2884 5626 3102 5679 consilia
3148 5642 3298 5696 quam
3327 5626 3495 5699 fallax

1906 5699 2189 5753 assentatio
2218 5696 2552 5753 blandientis.
2680 5706 2683 5707 '
