3866 6178
450 338 548 392 29.7

1390 331 1446 388 s.
1489 332 1797 388 sanum
1839 332 2301 389 mssxueasxs
2340 310 2762 390 pensantem

3576 343 3657 399 23.8

452 454 563 509 i-tis
590 453 895 521 quicunque
925 450 1204 511 occiditur,
1238 448 1553 501 delectatur.
1584 445 1728 513 Fuge
1770 458 1898 512 ergo
1928 446 2030 501 hoc
2058 453 2106 510 Α
2136 449 2284 517 ignes
2312 462 2504 517 cogere
2533 464 2595 503 ac
2624 450 2958 519 prmcipitare
3005 457 3285 505 conantur.
3334 449 3397 505 Et
3439 453 3547 510 ideo
3575 473 3661 512 non

450 545 666 606 malum,
689 542 812 612 fuge
840 541 1227 595 assentationes
1254 538 1565 593 insidiantes
1596 538 1709 598 tibi,
1743 535 1863 605 fuge
1886 546 1911 573 ⁸
1943 537 2032 591 ob-

371 626 383 651 ¹
449 634 695 704 sequelas
722 632 910 687 noxias
940 631 1052 694 tibi,
1081 629 1202 699 fuge
1242 629 1474 684 ambitus
1514 628 1832 697 deceptores
1859 635 1980 682 tuos
2013 645 2026 679 :

448 726 549 781 ista
595 733 719 779 sunt
758 723 934 779 oflicia
972 737 1092 791 qum
1136 730 1187 775 te
1211 720 1486 791 iugulant,
1517 721 1615 775 ista
1662 728 1788 776 sunt
1828 732 1951 789 qua:
1978 720 2035 774 in

447 825 676 871 mortem
706 816 938 869 trahunt.
974 813 1117 882 Fuge
1138 828 1265 881 ergo
1295 813 1483 866 talium
1503 811 1887 889 blandimenta,
1912 811 2031 880 fuge

447 920 636 961 eorum
664 904 1044 961 sedulitatem:
1077 902 1163 959 isti
1202 910 1327 957 sunt
1365 903 1643 957 carnifices
1685 917 1749 955 ac
1799 911 2031 957 tortores

446 998 542 1062 tui,
570 996 660 1064 qui
692 1003 742 1049 te
765 995 816 1048 in
846 995 1097 1065 praesenti
1116 993 1329 1065 quidem
1355 994 1612 1058 ambiunt,
1642 993 1737 1047 sed
1768 994 1820 1047 in
1850 991 2027 1047 futur‘o

446 1093 661 1149 necant,
690 1087 847 1157 281
879 1093 933 1139 et
960 1085 1223 1141 consertis
1249 1083 1645 1152 quodammodo
1685 1084 1929 1137 manibus
1965 1099 2028 1138 ac

446 1175 589 1230 velut
614 1175 893 1245 conjurata
919 1184 1105 1230 mutuo
1126 1175 1355 1230 factione
1379 1175 1433 1229 in
1460 1175 1817 1244 sempiternos
1838 1174 2027 1228 tartari

2136 539 2328 593 timeas
2364 554 2479 604 eos,
2507 554 2615 593 non
2646 554 3007 609 expavescens;
3034 539 3182 607 erige
3226 541 3470 605 annuum
3492 553 3542 599 et
3578 547 3661 600 vim

2136 639 2340 685 sanctae
2387 630 2724 685 auctoritatis
2765 646 2997 686 assume.
3031 629 3087 686 Si
3132 632 3270 685 enim
3319 633 3389 686 illi
3427 641 3665 705 taatOpere

2138 721 2452 775 annituntur
2479 730 2537 775 ut
2564 736 2774 790 pereas,
2806 737 2902 776 cur
2928 736 3035 774 non
3064 720 3268 791 majore
3309 731 3362 777 tu
3390 723 3551 780 animo
3585 742 3664 780 an-

2136 811 2325 866 nitaris
2350 819 2408 865 ut
2436 812 2622 865 vivas?
2646 808 2967 867 Confortare
2989 823 3140 879 ergo,
3162 820 3217 866 et
3243 813 3493 868 constanti
3518 816 3663 872 anima:

2135 900 2231 954 tibi
2270 900 2508 954 consule.
2543 898 2684 954 Satis
2730 899 2958 954 infidelis
2987 916 3050 954 ac
3094 901 3224 954 satis
3259 902 3445 957 stultus
3485 912 3558 958 est
3593 908 3665 973 qui

2133 990 2337 1043 mavult
2364 997 2622 1060 pnestare
2651 990 2770 1045 aliis
2797 998 2856 1044 ut
2899 990 2971 1044 sit
3008 990 3192 1055 miser,
3217 1005 3372 1060 quam
3398 992 3492 1046 sibi
3530 1003 3581 1047 ut
3612 996 3668 1049 sit

2133 1080 2355 1145 beatus;
2385 1089 2440 1135 et
2464 1088 2523 1135 ut
2543 1079 2677 1134 alios
2698 1077 2920 1135 allluere
2944 1078 3101 1135 faciat
3125 1079 3329 1135 deliciis
3353 1084 3667 1153 tentporariis,

2133 1185 2191 1225 se
2220 1171 2379 1225 tradit
2404 1170 2664 1226 urendum
2692 1171 2902 1240 ignibus
2927 1171 3285 1241 sempiternis.

1635 1285 1970 1343 STEPHANI
2008 1282 2279 1338 BALUZII
2318 1280 2545 1336 ΝΟΤΛΕ.

515 1393 539 1420 ⁸
579 1382 813 1438 Verbum
834 1382 903 1438 ab
922 1382 1088 1451 obseq

443 1463 753 1522 usurpatum
801 1462 883 1522 est
936 1450 1151 1516 alicubi,
1190 1461 1246 1507 et
1291 1452 1611 1522 a_lllarccllo
1641 1450 2024 1522 memoriali‘in

441 1518 667 1594 epistola
722 1522 789 1594 ad
842 1520 1624 1594 Severianum_et_1ulianum,
1673 1536 1791 1594 quae
1820 1518 2018 1589 ptuefigi

444 1590 587 1649 solet
635 1593 800 1661 gestis
843 1592 1147 1647 collationis
1191 1590 1626 1658 Carthaginensis
1654 1591 1780 1661 :rAd
1806 1606 2025 1661 omnem

438 1665 622 1734 quippe
648 1660 867 1734 delegati
894 1664 1122 1734 muneris
1138 1662 1478 1734 obsequelam,
1509 1670 1615 1734 etc.
1665 1660 1852 1734 Simile
1893 1660 2017 1734 huic

442 1728 957 1787 vocabulum'exstat
985 1732 1125 1800 apud
1147 1728 1420 1785 Ruricium
1444 1732 1751 1800 episcopum
1774 1728 2021 1800 Lemovi-

436 1817 655 1857 censem
684 1802 743 1871 in
767 1801 993 1871 epistola
1018 1799 1083 1853 l5
1111 1801 1230 1854 libri
1259 1799 1500 1860 secundi,
1525 1802 1614 1855 ubi
1634 1799 1802 1867 vulgo
1824 1799 2023 1871 legitur

435 1881 605 1925 vestra
632 1872 687 1923 in
711 1870 934 1941 Domino
961 1872 1217 1925 custodiat
1238 1871 1531 1941 insequilla,
1585 1884 1706 1941 cum
1739 1870 2019 1941 legendum

434 1941 509 2013 sit
530 1941 810 2013 insequgla.
840 1940 1013 1995 Fuere
1057 1940 1199 2013 enim
1245 1955 1309 1994 ea
1335 1937 1577 2013 tempora
1597 1939 1791 2013 quibus
1819 1937 2022 1992 librarii

434 2008 492 2064 in
522 2025 581 2066 se
628 2008 910 2065 trahebant
955 2011 1330 2065 auctoritatem
1359 2009 1785 2079 orthographire;
1818 2017 1872 2063 et
1899 2023 2023 2062 cum

1093 1381 1271 1436 uendo
1290 1381 1596 1438 deductum.
1622 1381 1767 1451 quod
1782 1397 1813 1435 a
1834 1379 2047 1451 Plauto'

2128 1376 2500 1452 hujuscemodi
2530 1377 2788 1433 vocabula
2835 1378 3176 1452 incidebant:
3207 1394 3269 1434 ea
3291 1380 3542 1452 declinare
3560 1398 3643 1452 pau

2128 1448 2296 1520 lulum
2340 1446 2607 1501 faciebant
2633 1464 2675 1520 ai
2712 1463 2810 1502 sua
2850 1450 3074 1516 origine.
3136 1449 3393 1520 Exemplo
3418 1451 3517 1505 sint
3536 1446 3667 1510 vbces

2126 1517 2331 1589 querela
2360 1525 2415 1571 et
2443 1518 2740 1589 parentela;
2762 1533 2988 1586 quarum
3010 1520 3106 1589 illa,
3123 1520 3175 1574 in
3202 1517 3365 1575 veteri
3390 1522 3670 1579 collectione

2126 1588 2394 1643 eanonum
2413 1595 2468 1641 et
2490 1588 2546 1640 in
2576 1588 2949 1643 vetustissimis
2973 1588 3297 1644 membranis
3317 1591 3503 1646 codicis
3520 1594 3667 1647 Theo-

2126 1657 2336 1712 dosiani
2360 1672 2478 1717 qua:
2499 1666 2711 1712 exstant
2742 1656 2957 1713 Parisiis
2977 1658 3030 1712 in
3060 1660 3380 1714 bibliotheca
3403 1664 3669 1717 monasterii

2125 1726 2313 1801 Sancti
2353 1726 2608 1801 Germani
2634 1727 2701 1801 de
2732 1726 2904 1801 Pratis
2927 1729 3139 1801 scripta
3157 1738 3239 1784 est
3265 1731 3505 1801 quaeriue,
3533 1732 3669 1787 altera

2124 1808 2257 1870 vero
2295 1796 2349 1870 in
2394 1796 2714 1870 libroulegis
2740 1796 2939 1870 Salicae
2960 1796 3048 1870 iit.
3073 1798 3165 1863 65,
3191 1796 3310 1869 cap.
3330 1799 3392 1870 _l,
3415 1802 3669 1870 patentius.

2129 1866 2220 1939 Sic
2248 1867 2410 1939 etiam
2441 1866 2493 1919 in
2524 1865 2821 1923 Monastico
2840 1868 3137 1937 Anglicano
3165 1865 3296 1923 toni.
3328 1865 3512 1939 [,7pag.
3551 1870 3669 1924 Hi:

2128 1936 2459 2009 sub_dom_ino
2498 1952 2560 1989 ac
2588 1946 2841 2009 potestate
2868 1936 3159 2009 parentium
3184 1955 3330 1993 mete.
3372 1936 3501 1995 Sunt
3540 1942 3671 1995 etiam

2131 2006 2299 2060 multa
2322 2006 2427 2059 alia
2454 2006 2720 2077 exempla.

1397 2233 1880 2342 LIBER
1974 2231 2789 2361 QUARTUS.

504 2403 546 2457 l.
585 2401 699 2457 Non
729 2416 818 2457 me
860 2402 1128 2471 prmterit,
1159 2401 1375 2456 domina
1408 2400 1486 2454 mi
1524 2399 1791 2466 Ecclesia,
1833 2399 2013 2455 nutrix

437 2497 604 2550 beata:
630 2494 783 2564 ‘spei,
815 2493 929 2549 haec
956 2507 1077 2562 quae
1122 2493 1315 2548 libellis
1356 2493 1722 2563 superioribus
1760 2493 2009 2556 diximus,

436 2583 705 2639 nonnullis
745 2581 870 2637 filiis
900 2582 1005 2637 tuis
1030 2580 1302 2636 Christum
1345 2596 1536 2651 parum
1578 2582 1881 2636 amantibus
1905 2580 2015 2635 dis—

434 2675 652 2745 plicere.
676 2673 783 2729 Sed
806 2688 908 2729 nos
928 2673 1236 2729 voluntates
1263 2687 1449 2728 eorum
1476 2688 1585 2729 non
1623 2673 1799 2741 magni
1827 2672 2016 2743 pendi-

434 2783 553 2821 mus
584 2785 597 2820 :
628 2766 754 2835 quia
785 2774 810 2803 ι
839 2779 940 2819 nec
966 2765 1160 2818 mirum
1185 2772 1269 2819 est
1306 2772 1365 2819 ut
1392 2764 1471 2819 eis
1508 2764 1783 2833 loquentia
1807 2763 1874 2819 de
1903 2764 2016 2819 Deo

434 2857 598 2912 verba
626 2871 733 2909 non
778 2856 1046 2925 placeant,
1090 2854 1284 2923 quibus
1324 2855 1439 2925 ipse
1478 2853 1705 2908 forsitan
1742 2854 1883 2910 Deus
1911 2869 2016 2908 non

431 2946 637 3018 placet;
679 2962 780 3001 nec
824 2944 1247 3015 exspectandum
1288 2954 1348 2999 ut
1401 2945 1788 3001 insinuatorem
1832 2944 2019 2999 salutis

431 3046 594 3107 atque
648 3028 949 3092 animarum
1002 3051 1309 3092 sermonem
1363 3046 1584 3104 ament,
1646 3038 1737 3106 qui
1789 3037 2016 3093 salutem

430 3131 598 3201 ipsam
633 3138 796 3201 atque
839 3132 1046 3186 animas
1082 3145 1209 3186 suas
1236 3146 1345 3188 non
1372 3138 1574 3187 amant.
1604 3130 1890 3188 Sufﬁciunt
1915 3133 2017 3187 ita-

2121 2395 2445 2452 dicationem
2469 2398 2619 2467 quasi
2641 2399 2911 2455 umbratili
2930 2402 3166 2471 quadam
3193 2406 3486 2474 adjectione
3507 2420 3673 2461 conan«

2120 2495 2227 2554 tur,
2249 2488 2490 2544 dicentes
2511 2499 2736 2545 cunctos
2754 2492 2848 2560 qui
2867 2491 3093 2548 credunt
3122 2494 3483 2563 Deum,sanos
3502 2504 3674 2551 tantum

2118 2590 2283 2651 atque
2309 2582 2605 2637 incolumes
2625 2581 2898 2639 officiosos
2917 2584 3135 2642 Christo
3166 2602 3287 2644 esse
3307 2587 3522 2654 debere];
3543 2594 3673 2643 cete-

2127 2688 2246 2727 rum
2270 2672 2382 2741 jam
2427 2681 2687 2729 exeuntes
2730 2688 2760 2727 a
2786 2675 3002 2741 saeculo,
3034 2678 3275 2733 carnalis
3299 2679 3463 2748 magis
3488 2678 3673 2748 propin-

2120 2763 2341 2833 quitatis
2361 2778 2526 2833 quam
2543 2764 2707 2819 divini
2728 2764 2889 2822 officii
2906 2776 3162 2837 oportere
3189 2770 3506 2825 meminisse.
3533 2764 3670 2835 Quasi

2121 2870 2253 2913 vero
2290 2855 2535 2912 homines
2562 2856 2897 2913 Christianos
2925 2858 3060 2914 alios
3086 2874 3209 2916 esse
3237 2868 3479 2932 oporteat
3503 2859 3673 2914 incolu-

2122 2962 2256 3012 mes,
2280 2947 2417 3003 alios
2437 2948 2505 3003 de
2528 2949 2633 3005 hoc
2656 2949 2852 3006 saeculo
2877 2951 3227 3020 recedentes;
3258 2960 3314 3008 et
3338 2955 3466 3009 alios
3492 2968 3545 3008 se
3566 2967 3673 3007 cun-

2120 3039 2190 3095 cti
2203 3038 2456 3094 exhibere
2464 3036 2680 3095 Christo
2690 3039 2920 3096 debeant
2935 3041 2986 3096 in
3000 3043 3282 3113 sospitate,
3301 3044 3432 3100 alios
3445 3044 3493 3098 in
3508 3051 3671 3105 morte;

2123 3131 2257 3187 alios
2286 3131 2340 3186 in
2362 3131 2639 3202 superiore
2657 3132 2787 3196 vita,
2813 3133 2948 3187 alios
2970 3134 3020 3187 in
3044 3138 3364 3205 posteriore.
3395 3134 3538 3203 Quod
3555 3134 3593 3189 si
3614 3135 3671 3188 ita

427 3239 555 3294 que,
582 3224 720 3280 sicut
748 3224 799 3278 in
828 3223 980 3289 aliis,
1014 3223 1085 3278 ita
1113 3225 1277 3279 etiam
1302 3224 1357 3278 in
1386 3225 1487 3281 hac
1512 3233 1668 3295 parte
1706 3225 1862 3280 nobis
1887 3240 2012 3280 sen-
2037 3223 2080 3284 C
2114 3230 2215 3284 est,
2233 3235 2363 3290 ergo
2378 3222 2606 3277 alterum
2633 3224 2754 3292 quis
2774 3224 3053 3280 habiturus
3075 3235 3158 3283 est
3185 3226 3669 3296 Christumjuvenis,

426 3328 521 3369 sus
549 3320 757 3368 tantum
794 3313 1066 3383 etjudicia
1096 3320 1440 3381 sanctorum;
1476 3315 1670 3383 quibus
1692 3313 1833 3369 idem
1861 3324 2017 3383 reque

426 3404 571 3473 apud
616 3419 716 3460 nos
767 3403 1145 3467 sentientibus,
1176 3405 1311 3460 certi
1338 3404 1583 3475 profecto
1620 3419 1805 3459 sumus
1850 3405 2017 3460 etiam

427 3494 595 3550 Deum
617 3495 791 3565 ipsum
820 3496 1022 3551 sentire
1052 3495 1328 3551 nobiscum
1360 3514 1373 3548 :
1412 3496 1536 3565 quia
1576 3511 1697 3551 cum
1736 3495 1790 3550 in
1818 3496 2017 3552 sanctis

425 3585 535 3640 suis
560 3585 778 3655 spiritus
816 3585 912 3640 Dei
937 3593 1172 3651 maneat,
1201 3586 1405 3654 absque
1432 3586 1594 3641 dubio
1619 3585 1760 3639 Deus
1787 3586 1895 3642 illic
1933 3594 2018 3641 est

426 3675 517 3730 ubi
544 3675 633 3730 illa
658 3691 787 3746 pars
829 3676 989 3730 fuerit
1017 3690 1050 3730 a
1076 3690 1182 3744 qua
1226 3676 1325 3730 Dei
1370 3676 1588 3745 spiritus
1633 3693 1743 3732 non
1788 3675 2010 3731 recedit.

426 3763 721 3822 Pravorum
749 3780 878 3835 ergo
904 3767 1203 3830 hominum,
1253 3766 1305 3821 id
1329 3773 1444 3830 est,
1475 3780 1806 3836 paganorum
1853 3769 2017 3838 232

426 3854 512 3908 vel
538 3854 906 3919 mundialium,
929 3869 1123 3909 sensus
1146 3863 1241 3908 aut
1257 3856 1408 3924 parvi
1429 3855 1726 3910 :estimandi
1748 3864 1890 3921 sunt,
1923 3865 2019 3911 aut.

424 3944 577 4000 nihili
604 3945 826 4000 omnino
850 3943 1095 3999 faciendi.
1120 3943 1256 4009 Quia
1277 3947 1324 3999 si
1346 3945 1654 4010 hominibus,
1680 3948 1850 4017 inquit
1870 3950 2047 4018 Apo-'

422 4037 611 4101 stolus,
643 4037 848 4107 placere
874 4036 1069 4102 vellem,
1114 4035 1305 4092 Christi
1346 4055 1517 4094 servus
1547 4056 1649 4093 non
1677 4056 1837 4093 essem
1868 4036 2010 4108 (Cal.

422 4142 461 4190 ιτ,
497 4126 606 4195 10).
640 4124 775 4182 Illud
802 4126 989 4182 durius
1018 4141 1082 4181 ac
1099 4126 1396 4193 molestius,
1426 4126 1567 4196 quod
1590 4128 1825 4197 quidam,
1849 4135 1908 4182 ut
1926 4145 2011 4182 ar-

424 4218 613 4283 bitror,
633 4217 861 4272 filiorum
885 4225 1097 4273 tuorum
1116 4218 1215 4272 sub
1232 4218 1504 4287 religionis
1526 4220 1680 4275 titulo
1701 4235 1732 4274 a
1753 4220 2013 4289 religione

422 4308 765 4372 dissentiunt,
788 4315 844 4363 et
858 4307 885 4345 δ
901 4308 1086 4361 habitu
1102 4308 1269 4379 magis
1286 4309 1539 4364 smculum
1564 4309 1830 4378 reliquere
1849 4323 2012 4378 quam

423 4414 585 4455 sensu
618 4417 630 4452 :
663 4413 913 4468 quorum,
944 4398 1000 4452 ni
1029 4396 1205 4465 fallor,
1235 4400 1499 4454 sententia
1528 4400 1632 4457 hoc
1660 4400 1821 4455 habet
1848 4408 2010 4468 atque

424 4492 633 4557 asserit,
666 4490 815 4546 omni
843 4490 1062 4545 omnino
1090 4490 1293 4544 homini
1316 4490 1621 4546 Christiano
1641 4492 2011 4562 propinQuita-

2117 3315 2346 3369 alterum
2373 3331 2571 3380 senex;
2603 3324 2657 3370 et
2687 3317 2884 3371 totiens
2921 3314 3120 3374 debent
3170 3321 3414 3376 homines
3437 3317 3671 3376 demutari

2118 3403 2240 3471 ﬁde,
2283 3406 2533 3474 quotiens
2569 3405 2912 3463 demutantnr
2938 3417 3114 3465 mtate.
3161 3409 3218 3467 Si
3268 3414 3407 3468 enim
3445 3425 3560 3479 erga
3596 3407 3673 3463 Dei

2114 3495 2316 3551 cultum
2346 3496 2483 3551 alter
2508 3497 2772 3568 quispiam
2804 3499 3012 3555 futurus
3042 3510 3125 3556 est
3158 3503 3358 3572 vigens,
3395 3504 3522 3558 alter
3547 3500 3672 3557 inﬁr-

2114 3601 2255 3650 mus,
2300 3586 2437 3641 alter
2464 3594 2645 3653 sanus,
2678 3588 2815 3642 alter
2855 3600 3161 3659 mgrotans;
3196 3610 3325 3664 ergo
3353 3603 3506 3665 prout
3530 3601 3673 3649 status

2115 3673 2277 3729 fuerit
2297 3675 2517 3730 humani
2531 3678 2774 3746 corporis
2795 3679 3089 3748 inaequalis,
3107 3683 3181 3737 ita
3202 3684 3304 3738 erit
3323 3683 3517 3738 homini
3536 3682 3675 3736 etiam

2115 3766 2258 3821 Deus
2288 3767 2401 3836 ipse
2428 3768 2730 3834 mutabilis;
2754 3776 2808 3824 et
2836 3772 3087 3839 quotiens
3108 3772 3270 3831 fuerit
3292 3776 3341 3829 in
3371 3775 3575 3830 homine
3596 3786 3673 3826 va-

2114 3857 2296 3913 letudo
2340 3859 2631 3927 contraria,
2664 3862 2862 3916 totiens
2889 3864 2993 3917 erit
3043 3866 3207 3920 etiam
3235 3868 3421 3937 religio
3466 3866 3670 3922 diversa.

2113 3950 2275 4017 Quasi
2289 3965 2419 4006 vero
2437 3952 2529 4021 qui
2550 3952 2843 4008 incolumes
2862 3952 3060 4009 Christi
3085 3971 3207 4011 esse
3228 3957 3444 4023 debent,
3462 3955 3671 4010 morien-

2114 4050 2194 4096 tes
2222 4042 2422 4096 Christi
2460 4057 2580 4098 esse
2619 4057 2726 4097 non
2767 4042 3017 4100 debeant.
3054 4044 3121 4099 Et
3150 4047 3241 4101 ubi
3273 4047 3399 4103 illud
3439 4054 3557 4102 est:
3588 4040 3671 4107 Qui

2111 4133 2573 4203 perseeeraveritiu
2589 4134 2867 4204 ﬁnem,hic
2882 4137 3053 4191 salvus
3082 4140 3181 4192 erit
3212 4139 3421 4210 (Matth.
3453 4156 3504 4202 ι,
3532 4134 3611 4199 29,
3632 4143 3672 4188 et

2112 4243 2257 4291 xxiv,
2298 4225 2434 4297 l3)?
2464 4226 2569 4280 Aut
2597 4227 2726 4281 illud
2753 4227 2807 4280 in
2838 4226 3142 4285 Proverbiis
3187 4234 3357 4289 sacris
3382 4232 3538 4287 divini
3573 4243 3671 4283 ser-

2110 4318 2285 4371 monis
2311 4318 2620 4372 oraculum:
2653 4319 2923 4388 Sapientia
2952 4321 3007 4375 in
3045 4324 3184 4376 exitu
3214 4327 3419 4378 canitur
3448 4322 3611 4396 (Prov.
3640 4336 3670 4381 l,

2108 4406 2196 4473 ‘20,
2227 4424 2328 4461 sec.
2364 4405 2576 4479 LXX)?
2609 4407 2726 4474 Quo
2752 4410 2939 4479 utique
2970 4414 3291 4483 ostenditur,
3324 4417 3445 4472 licet
3470 4411 3671 4471 salubris
3722 4406 3725 4407 ⁷

2109 4498 2180 4552 sit
2190 4500 2351 4569 283
2363 4500 2415 4552 in
2428 4499 2572 4553 omni
2583 4507 2742 4554 tetate
2753 4502 3307 4576 sapientia,pra3cipue
3321 4512 3492 4561 tamen
3507 4515 3671 4560 omnes

423 4590 531 4636 tem
560 4583 613 4637 in
641 4588 789 4637 exitu
835 4581 1004 4650 magis
1027 4580 1472 4636 considerandam
1510 4597 1630 4637 esse
1665 4598 1825 4653 quam
1854 4583 2007 4638 Cbri-
2034 4587 2081 4646 D
2110 4591 2161 4644 in
2186 4592 2332 4645 exitu
2352 4606 2449 4646 suo
2472 4590 2671 4647 debere
2690 4608 2808 4648 esse
2831 4595 3098 4665 sapientes
3125 4615 3137 4651 :
3162 4588 3288 4667 quia
3318 4599 3518 4655 laudari
3534 4594 3669 4668 peni-

420 4681 582 4728 stum.
615 4673 683 4728 Et
700 4674 826 4743 quia
853 4671 1073 4744 profana
1102 4672 1316 4743 penitus
1342 4687 1441 4741 per
1466 4678 1525 4729 s'e
1553 4680 1669 4728 erat
1696 4675 2000 4731 exsecrabi-

421 4764 592 4834 lisque
616 4766 898 4832 sententia,
925 4766 1126 4832 velare,
1156 4774 1214 4821 ut
1231 4773 1384 4836 puto,
1416 4764 1834 4821 inﬁdelissimam
1863 4784 1999 4838 prte-

2106 4691 2193 4737 tus
2213 4690 2471 4738 anteacta:
2490 4684 2663 4739 anatis
2677 4684 2958 4753 prudentia
2980 4703 3086 4742 non
3105 4690 3417 4755 merehitur,
3435 4688 3666 4745 nisibono

2104 4771 2210 4827 fine
2236 4773 2533 4832 claudatur.
2560 4773 2832 4846 Sapientia
2862 4777 3004 4832 enim
3025 4779 3077 4833 in
3098 4781 3242 4833 exitu
3271 4784 3488 4835 canitur.
3515 4789 3535 4819 ο
3559 4773 3665 4832 Sul-

1615 4876 1948 4933 STEPIIANI
1987 4878 2259 4939 BALUZII
2297 4882 2525 4939 NOTAE.

489 4977 514 5006 α
550 4967 631 5021 Ita
683 4980 870 5021 omnes
916 4966 1038 5021 libri
1081 4976 1307 5024 veteres.
1356 4968 1424 5021 At
1462 4968 1726 5023 editiones
1772 4969 1991 5035 habent,

601 5037 787 5092 mirum
815 5046 891 5090 est
909 5038 954 5089 si
980 5038 1073 5091 eis.

483 5107 511 5148 Β
530 5108 664 5163 Hinc
680 5112 831 5176 patet
850 5120 945 5177 eos
964 5107 1057 5174 qui
1077 5107 1329 5162 saeculum
1353 5107 1747 5177 relinquebant,
1767 5108 1993 5165 clericos

412 5177 682 5243 videlicet,
699 5176 993 5230 monachos
1021 5182 1076 5230 et
1093 5176 1526 5232 sanctimoniales
1547 5179 1796 5234 habuisse
1817 5178 1995 5235 vestes

408 5248 651 5304 diversas
680 5262 712 5301 a
743 5245 937 5301 vestitu
968 5254 1284 5301 ceterorum
1304 5247 1598 5312 hominum,
1624 5257 1684 5303 ut
1706 5250 1868 5304 etiam
1890 5251 1993 5305 hoc

409 5318 603 5389 agendi
655 5316 817 5389 modo
864 5315 1155 5389 probarent
1204 5317 1540 5389 renuntiasse
1572 5333 1651 5389 ﬁse
1680 5321 1889 5389 pompis
1936 5327 1992 5375 et

409 5332 439 5371 a
512 5332 603 5374 nat
655 5332 817 5372 mouo
864 5332 1155 5385 probarent
1204 5332 1540 5372 renuntiasse
1593 5333 1651 5373 se
1680 5335 1889 5389 pompis
1936 5332 1983 5375 et

406 5332 817 5446 oblectamentis
844 5385 1041 5440 smculi.
1074 5383 1245 5455 Supra
1274 5385 1363 5440 lib.
1396 5402 1449 5441 Iv
1475 5387 1541 5442 de
1561 5385 1983 5455 Gubernatione,

406 5473 529 5531 pag.
564 5458 667 5531 Ἶρι
704 5456 801 5531 Ubi
826 5456 1098 5531 numquis
1123 5458 1621 5531 mqueﬁiyeswm,
1664 5469 1828 5513 muta;
1866 5478 1989 5531 ρνο-

409 5524 544 5582 linis
573 5528 893 5597 dignitatem.
929 5524 1044 5597 Lib.
1068 5541 1178 5590 vni,
1214 5539 1333 5593 pag.
1369 5525 1462 5579 181
1495 5545 1507 5579 :
1540 5525 1664 5581 Non
1688 5532 1801 5584 sine
1828 5524 1987 5585 causa

404 5596 743 5668 itaquejstud
762 5599 857 5668 fuit
879 5596 1013 5667 quod
1038 5597 1173 5650 inter
1192 5597 1393 5668 Africa:
1413 5598 1662 5656 civitates,
1686 5612 1736 5652 et
1762 5602 1986 5655 maxime

405 5664 545 5719 intra
565 5664 899 5737 Carthaginis
926 5683 1116 5729 muros,
1149 5667 1419 5737 palliatum
1440 5675 1490 5719 et
1518 5668 1768 5736 pallidum
1816 5680 1863 5724 et
1904 5689 1983 5723 re-

405 5737 524 5790 cisis
566 5736 823 5789 comarum
864 5738 1129 5805 ﬂuentiam
1148 5736 1287 5807 jubis
1311 5752 1469 5807 usque
1497 5736 1565 5789 ad
1590 5748 1752 5792 cutem
1783 5749 1983 5795 tonsum

2098 4974 2268 5055 videre
2289 4982 2398 5055 tam
2424 4975 2608 5046 infelix
2638 4977 2727 5055 ille
2744 4978 2965 5055 populus
2989 4982 3405 5055 quamjnﬁdelis
3425 4984 3532 5055 sine
3556 4996 3665 5034 son-

2099 5045 2230 5097 vicio
2258 5054 2418 5118 eique
2442 5045 2899 5118 exsecrationeeix
2912 5045 3131 5118 poterat.
3151 5045 3289 5105 Infra
3316 5052 3419 5107 hoc
3446 5052 3573 5106 libro
3597 5064 3658 5105 Vl.

2098 5127 2236 5190 pag._
2254 5112 2359 5190 289
2374 5113 2630 5190 induat
2656 5116 2752 5172 sibi
2768 5112 3009 5190 quamvis
3032 5119 3242 5190 quilibet
3269 5120 3497 5176 habitum
3513 5118 3663 5190 sancti

2098 5184 2341 5259 agminis.
2374 5183 2734 5259 Hieronymus
2764 5183 2817 5241 in
2844 5183 3072 5259 epistola
3102 5189 3170 5243 ad
3198 5190 3580 5248 Demetriadem
3603 5186 3661 5259 de

2097 5253 2405 5332 virginitate
2432 5253 2726 5332 servanda,
2746 5253 2894 5312 eam'
2916 5259 3113 5332 iaudat,
3144 5261 3288 5330 quod
3317 5278 3415 5332 pro
3457 5258 3659 5330 gemmis

2098 5332 2167 5408 et.
2182 5324 2357 5378 serico
2385 5333 2441 5379 et
2478 5327 2758 5408 emuisitis
2808 5329 2982 5408 epulis
3036 5324 3346 5408 appetierit:
3362 5324 3658 5408 jejiiiiiorum

2093 5390 2340 5459 laborem,
2383 5390 2717 5464 asperitatem
2755 5390 2989 5464 vestiam,
3022 5390 3181 5455 vicies
3209 5390 3581 5463 continentiam,
3611 5404 3659 5449 ei

2091 5463 2236 5536 quod
2264 5463 2465 5518 omnem
2512 5469 2743 5536 corporis
2772 5463 2982 5524 cultmn
3016 5479 3067 5523 et
3105 5470 3333 5526 habitum
3379 5471 3657 5527 stet-alarm

2092 5535 2253 5610 quasi
2269 5537 2522 5610 propositi
2548 5535 2629 5590 sui
2658 5538 3023 5610 impedimenta
3044 5541 3349 5610 projecerit,
3376 5550 3433 5595 ut
3460 5542 3541 5595 vili
3585 5545 3654 5589 lu-

2092 5602 2211 5656 nica
2235 5602 2552 5678 indueretur
2580 5614 2634 5660 et
2662 5602 2833 5661 vitiari
2862 5610 3024 5678 pallio
3047 5602 3338 5678 'tegEretur.

2134 5683 2201 5753 _°_
2235 5672 2371 5753 ilice
2388 5677 2568 5753 omnia
2599 5672 2871 5753 usquead
2890 5680 3002 5753 [nec
3030 5672 3212 5745 vei'ba,
3251 5679 3358 5753 Cur
3392 5696 3515 5753 eam
3556 5693 3650 5730 mm

2092 5742 2224 5796 dixit
2255 5745 2371 5797 cani
2399 5747 2449 5797 in
2478 5742 2718 5815 pueritia.
2753 5748 2945 5804 desunt
2975 5751 3026 5805 in
3057 5742 3287 5821 antiquis
3307 5750 3584 5805 codicibus.
