  <div class='ocr_page' id='page_1' title='image "/cluster/home/n/w/nwhite01/storage/ocr_20150623/53/hvd.32044073505091/122.png"; bbox 0 0 3866 6178; ppageno 0'>
   <div class='ocr_carea' id='block_1_1' title="bbox 167 316 253 374">
    <p class='ocr_par' dir='ltr' id='par_1_1' title="bbox 167 316 253 374">
     <span class='ocr_line' id='line_1_1' title="bbox 167 316 253 374; baseline 0 -2"><span class='ocrx_word' id='word_1_1' title='bbox 167 316 253 374; x_wconf 74' lang='lat'><strong>29.9</strong></span> 
     </span>
    </p>
   </div>
   <div class='ocr_carea' id='block_1_2' title="bbox 1216 305 2289 369">
    <p class='ocr_par' dir='ltr' id='par_1_2' title="bbox 1216 305 2289 369">
     <span class='ocr_line' id='line_1_2' title="bbox 1216 305 2289 369; baseline 0.006 -7"><span class='ocrx_word' id='word_1_2' title='bbox 1216 305 1577 363; x_wconf 77' lang='lat' dir='ltr'><strong>ADVERSUS</strong></span> <span class='ocrx_word' id='word_1_3' title='bbox 1613 305 1989 368; x_wconf 77' lang='lat' dir='ltr'><strong>AVARITIAM</strong></span> <span class='ocrx_word' id='word_1_4' title='bbox 2030 312 2157 369; x_wconf 89' lang='lat' dir='ltr'><strong>LIB.</strong></span> <span class='ocrx_word' id='word_1_5' title='bbox 2198 310 2289 368; x_wconf 73' lang='lat' dir='ltr'><strong>IV.</strong></span> 
     </span>
    </p>
   </div>
   <div class='ocr_carea' id='block_1_3' title="bbox 3286 304 3397 375">
    <p class='ocr_par' dir='ltr' id='par_1_3' title="bbox 3286 304 3397 375">
     <span class='ocr_line' id='line_1_3' title="bbox 3286 304 3397 375; baseline 0 0"><span class='ocrx_word' id='word_1_6' title='bbox 3286 304 3397 375; x_wconf 59' lang='grc' dir='ltr'>ω</span> 
     </span>
    </p>
   </div>
   <div class='ocr_carea' id='block_1_4' title="bbox 165 418 3391 497">
    <p class='ocr_par' dir='ltr' id='par_1_4' title="bbox 165 418 3391 497">
     <span class='ocr_line' id='line_1_4' title="bbox 165 418 3391 497; baseline -0.003 -15"><span class='ocrx_word' id='word_1_7' title='bbox 165 432 282 494; x_wconf 74' lang='lat' dir='ltr'><strong>ﬁcit,</strong></span> <span class='ocrx_word' id='word_1_8' title='bbox 314 425 476 496; x_wconf 90' lang='lat' dir='ltr'><strong>inquit</strong></span> <span class='ocrx_word' id='word_1_9' title='bbox 518 422 775 493; x_wconf 75' lang='lat' dir='ltr'><strong>pestilens</strong></span> <span class='ocrx_word' id='word_1_10' title='bbox 825 420 1166 491; x_wconf 75' lang='lat' dir='ltr'><strong>przedicatio,</strong></span> <span class='ocrx_word' id='word_1_11' title='bbox 1223 418 1419 475; x_wconf 80' lang='lat' dir='ltr'><strong>sulﬁcit</strong></span> <span class='ocrx_word' id='word_1_12' title='bbox 1468 422 1708 492; x_wconf 72' lang='lat' dir='ltr'><strong>przetcri-</strong></span> <span class='ocrx_word' id='word_1_13' title='bbox 1732 421 1781 481; x_wconf 77' lang='grc' dir='ltr'><strong>Α</strong></span> <span class='ocrx_word' id='word_1_14' title='bbox 1809 440 1884 492; x_wconf 89' lang='lat' dir='ltr'><strong>m,</strong></span> <span class='ocrx_word' id='word_1_15' title='bbox 1915 425 2041 496; x_wconf 72' lang='lat'><strong>20).</strong></span> <span class='ocrx_word' id='word_1_16' title='bbox 2086 425 2274 497; x_wconf 89' lang='lat' dir='ltr'><strong>Itaque</strong></span> <span class='ocrx_word' id='word_1_17' title='bbox 2307 426 2353 479; x_wconf 88' lang='lat' dir='ltr'><strong>si</strong></span> <span class='ocrx_word' id='word_1_18' title='bbox 2399 425 2575 480; x_wconf 89' lang='lat' dir='ltr'><strong>omnis</strong></span> <span class='ocrx_word' id='word_1_19' title='bbox 2616 437 2771 478; x_wconf 86' lang='lat' dir='ltr'><strong>error</strong></span> <span class='ocrx_word' id='word_1_20' title='bbox 2808 419 3040 477; x_wconf 89' lang='lat' dir='ltr'><strong>errantis</strong></span> <span class='ocrx_word' id='word_1_21' title='bbox 3088 418 3391 491; x_wconf 79' lang='lat' dir='ltr'><strong>perditione</strong></span> 
     </span>
    </p>
   </div>
   <div class='ocr_carea' id='block_1_5' title="bbox 165 510 1708 587">
    <p class='ocr_par' dir='ltr' id='par_1_5' title="bbox 165 510 1708 587">
     <span class='ocr_line' id='line_1_5' title="bbox 165 510 1708 587; baseline -0.006 -11"><span class='ocrx_word' id='word_1_22' title='bbox 165 532 260 576; x_wconf 86' lang='lat' dir='ltr'><strong>tum</strong></span> <span class='ocrx_word' id='word_1_23' title='bbox 301 532 427 587; x_wconf 90' lang='lat' dir='ltr'><strong>opus</strong></span> <span class='ocrx_word' id='word_1_24' title='bbox 465 514 688 578; x_wconf 84' lang='lat' dir='ltr'><strong>homini,</strong></span> <span class='ocrx_word' id='word_1_25' title='bbox 734 514 943 568; x_wconf 90' lang='lat' dir='ltr'><strong>etiamsi</strong></span> <span class='ocrx_word' id='word_1_26' title='bbox 973 513 1033 567; x_wconf 88' lang='lat' dir='ltr'><strong>in</strong></span> <span class='ocrx_word' id='word_1_27' title='bbox 1061 510 1165 567; x_wconf 93' lang='lat' dir='ltr'><strong>ﬁne</strong></span> <span class='ocrx_word' id='word_1_28' title='bbox 1197 512 1329 567; x_wconf 86' lang='lat' dir='ltr'><strong>nihil</strong></span> <span class='ocrx_word' id='word_1_29' title='bbox 1366 511 1543 567; x_wconf 83' lang='lat' dir='ltr'><strong>iaciat.</strong></span> <span class='ocrx_word' id='word_1_30' title='bbox 1594 511 1708 580; x_wconf 80' lang='lat' dir='ltr'><strong>Ego</strong></span> 
     </span>
    </p>
   </div>
   <div class='ocr_carea' id='block_1_6' title="bbox 161 602 1710 678">
    <p class='ocr_par' dir='ltr' id='par_1_6' title="bbox 161 602 1710 678">
     <span class='ocr_line' id='line_1_6' title="bbox 161 602 1710 678; baseline -0.006 -14"><span class='ocrx_word' id='word_1_31' title='bbox 161 610 306 665; x_wconf 77' lang='lat' dir='ltr'><strong>multo</strong></span> <span class='ocrx_word' id='word_1_32' title='bbox 328 608 440 678; x_wconf 88' lang='lat' dir='ltr'><strong>plus</strong></span> <span class='ocrx_word' id='word_1_33' title='bbox 459 605 620 667; x_wconf 83' lang='lat' dir='ltr'><strong>addo,</strong></span> <span class='ocrx_word' id='word_1_34' title='bbox 648 610 741 658; x_wconf 87' lang='lat' dir='ltr'><strong>aut</strong></span> <span class='ocrx_word' id='word_1_35' title='bbox 766 619 875 658; x_wconf 92' lang='lat' dir='ltr'><strong>non</strong></span> <span class='ocrx_word' id='word_1_36' title='bbox 896 602 1075 657; x_wconf 90' lang='lat' dir='ltr'><strong>minus</strong></span> <span class='ocrx_word' id='word_1_37' title='bbox 1094 602 1201 668; x_wconf 87' lang='lat' dir='ltr'><strong>eis;</strong></span> <span class='ocrx_word' id='word_1_38' title='bbox 1233 602 1281 656; x_wconf 91' lang='lat' dir='ltr'><strong>si</strong></span> <span class='ocrx_word' id='word_1_39' title='bbox 1306 608 1504 670; x_wconf 78' lang='lat' dir='ltr'><strong>potest,</strong></span> <span class='ocrx_word' id='word_1_40' title='bbox 1536 608 1710 655; x_wconf 86' lang='lat' dir='ltr'><strong>morte</strong></span> 
     </span>
    </p>
   </div>
   <div class='ocr_carea' id='block_1_7' title="bbox 161 690 1707 765">
    <p class='ocr_par' dir='ltr' id='par_1_7' title="bbox 161 690 1707 765">
     <span class='ocr_line' id='line_1_7' title="bbox 161 690 1707 765; baseline -0.008 -8"><span class='ocrx_word' id='word_1_41' title='bbox 161 700 310 757; x_wconf 83' lang='lat' dir='ltr'><strong>vicina</strong></span> <span class='ocrx_word' id='word_1_42' title='bbox 336 707 423 752; x_wconf 87' lang='lat' dir='ltr'><strong>aut</strong></span> <span class='ocrx_word' id='word_1_43' title='bbox 439 704 586 752; x_wconf 85' lang='lat' dir='ltr'><strong>certe</strong></span> <span class='ocrx_word' id='word_1_44' title='bbox 614 696 735 765; x_wconf 91' lang='lat' dir='ltr'><strong>plus</strong></span> <span class='ocrx_word' id='word_1_45' title='bbox 758 693 930 748; x_wconf 88' lang='lat' dir='ltr'><strong>multo</strong></span> <span class='ocrx_word' id='word_1_46' title='bbox 957 707 1077 749; x_wconf 87' lang='lat' dir='ltr'><strong>esse</strong></span> <span class='ocrx_word' id='word_1_47' title='bbox 1102 692 1420 749; x_wconf 79' lang='lat' dir='ltr'><strong>faciendum.</strong></span> <span class='ocrx_word' id='word_1_48' title='bbox 1450 690 1707 755; x_wconf 84' lang='lat' dir='ltr'><strong>Primum,</strong></span> 
     </span>
    </p>
   </div>
   <div class='ocr_carea' id='block_1_8' title="bbox 160 782 1712 861">
    <p class='ocr_par' dir='ltr' id='par_1_8' title="bbox 160 782 1712 861">
     <span class='ocr_line' id='line_1_8' title="bbox 160 782 1712 861; baseline -0.005 -16"><span class='ocrx_word' id='word_1_49' title='bbox 160 792 265 861; x_wconf 87' lang='lat' dir='ltr'><strong>quia</strong></span> <span class='ocrx_word' id='word_1_50' title='bbox 289 788 353 844; x_wconf 84' lang='lat' dir='ltr'><strong>de</strong></span> <span class='ocrx_word' id='word_1_51' title='bbox 378 787 520 843; x_wconf 82' lang='lat' dir='ltr'><strong>bono</strong></span> <span class='ocrx_word' id='word_1_52' title='bbox 552 800 720 856; x_wconf 89' lang='lat' dir='ltr'><strong>opere</strong></span> <span class='ocrx_word' id='word_1_53' title='bbox 757 784 887 839; x_wconf 86' lang='lat' dir='ltr'><strong>nihil</strong></span> <span class='ocrx_word' id='word_1_54' title='bbox 915 784 1075 841; x_wconf 88' lang='lat' dir='ltr'><strong>nimis</strong></span> <span class='ocrx_word' id='word_1_55' title='bbox 1094 792 1196 839; x_wconf 89' lang='lat' dir='ltr'><strong>est.</strong></span> <span class='ocrx_word' id='word_1_56' title='bbox 1221 783 1443 845; x_wconf 86' lang='lat' dir='ltr'><strong>Deinde,</strong></span> <span class='ocrx_word' id='word_1_57' title='bbox 1467 782 1613 852; x_wconf 90' lang='lat' dir='ltr'><strong>quod</strong></span> <span class='ocrx_word' id='word_1_58' title='bbox 1640 782 1712 837; x_wconf 89' lang='lat' dir='ltr'><strong>ad</strong></span> 
     </span>
    </p>
   </div>
   <div class='ocr_carea' id='block_1_9' title="bbox 162 875 1706 949">
    <p class='ocr_par' dir='ltr' id='par_1_9' title="bbox 162 875 1706 949">
     <span class='ocr_line' id='line_1_9' title="bbox 162 875 1706 949; baseline -0.007 -10"><span class='ocrx_word' id='word_1_59' title='bbox 162 880 363 938; x_wconf 85' lang='lat' dir='ltr'><strong>tribunal</strong></span> <span class='ocrx_word' id='word_1_60' title='bbox 403 879 501 934; x_wconf 87' lang='lat' dir='ltr'><strong>Dei</strong></span> <span class='ocrx_word' id='word_1_61' title='bbox 541 891 796 949; x_wconf 74' lang='lat' dir='ltr'><strong>pergens,</strong></span> <span class='ocrx_word' id='word_1_62' title='bbox 836 878 1008 945; x_wconf 74' lang='lat' dir='ltr'><strong>magis</strong></span> <span class='ocrx_word' id='word_1_63' title='bbox 1038 877 1249 946; x_wconf 85' lang='lat' dir='ltr'><strong>placare</strong></span> <span class='ocrx_word' id='word_1_64' title='bbox 1264 876 1499 947; x_wconf 71' lang='lat' dir='ltr'><strong>iudicem</strong></span> <span class='ocrx_word' id='word_1_65' title='bbox 1529 875 1706 941; x_wconf 84' lang='lat' dir='ltr'><strong>debet,</strong></span> 
     </span>
    </p>
   </div>
   <div class='ocr_carea' id='block_1_10' title="bbox 160 964 1710 1043">
    <p class='ocr_par' dir='ltr' id='par_1_10' title="bbox 160 964 1710 1043">
     <span class='ocr_line' id='line_1_10' title="bbox 160 964 1710 1043; baseline -0.005 -15"><span class='ocrx_word' id='word_1_66' title='bbox 160 973 286 1043; x_wconf 82' lang='lat' dir='ltr'><strong>quasi</strong></span> <span class='ocrx_word' id='word_1_67' title='bbox 311 972 417 1040; x_wconf 82' lang='lat' dir='ltr'><strong>jam</strong></span> <span class='ocrx_word' id='word_1_68' title='bbox 448 970 503 1023; x_wconf 92' lang='lat' dir='ltr'><strong>in</strong></span> <span class='ocrx_word' id='word_1_69' title='bbox 527 969 731 1039; x_wconf 87' lang='lat' dir='ltr'><strong>judicio</strong></span> <span class='ocrx_word' id='word_1_70' title='bbox 761 968 1109 1038; x_wconf 56' lang='lat' dir='ltr'><strong>constitutus.</strong></span> <span class='ocrx_word' id='word_1_71' title='bbox 1141 964 1442 1028; x_wconf 76' lang='lat' dir='ltr'><strong>Postremo,</strong></span> <span class='ocrx_word' id='word_1_72' title='bbox 1473 965 1616 1035; x_wconf 90' lang='lat' dir='ltr'><strong>quod</strong></span> <span class='ocrx_word' id='word_1_73' title='bbox 1665 966 1710 1020; x_wconf 87' lang='lat' dir='ltr'><strong>si</strong></span> 
     </span>
    </p>
   </div>
   <div class='ocr_carea' id='block_1_11' title="bbox 160 1054 1713 1133">
    <p class='ocr_par' dir='ltr' id='par_1_11' title="bbox 160 1054 1713 1133">
     <span class='ocr_line' id='line_1_11' title="bbox 160 1054 1713 1133; baseline -0.006 -15"><span class='ocrx_word' id='word_1_74' title='bbox 160 1066 310 1133; x_wconf 79' lang='lat' dir='ltr'><strong>aliqua</strong></span> <span class='ocrx_word' id='word_1_75' title='bbox 336 1070 461 1116; x_wconf 83' lang='lat' dir='ltr'><strong>ante</strong></span> <span class='ocrx_word' id='word_1_76' title='bbox 499 1062 703 1116; x_wconf 80' lang='lat' dir='ltr'><strong>exitum</strong></span> <span class='ocrx_word' id='word_1_77' title='bbox 737 1059 881 1114; x_wconf 87' lang='lat' dir='ltr'><strong>bona</strong></span> <span class='ocrx_word' id='word_1_78' title='bbox 928 1057 1073 1118; x_wconf 79' lang='lat' dir='ltr'><strong>fecit.</strong></span> <span class='ocrx_word' id='word_1_79' title='bbox 1104 1057 1273 1111; x_wconf 89' lang='lat' dir='ltr'><strong>multo</strong></span> <span class='ocrx_word' id='word_1_80' title='bbox 1318 1056 1490 1124; x_wconf 79' lang='lat' dir='ltr'><strong>magis</strong></span> <span class='ocrx_word' id='word_1_81' title='bbox 1535 1054 1713 1110; x_wconf 81' lang='lat' dir='ltr'><strong>facere</strong></span> 
     </span>
    </p>
   </div>
   <div class='ocr_carea' id='block_1_12' title="bbox 159 1147 1713 1229">
    <p class='ocr_par' dir='ltr' id='par_1_12' title="bbox 159 1147 1713 1229">
     <span class='ocr_line' id='line_1_12' title="bbox 159 1147 1713 1229; baseline -0.007 -18"><span class='ocrx_word' id='word_1_82' title='bbox 159 1157 249 1229; x_wconf 73' lang='lat' dir='ltr'><strong>iam</strong></span> <span class='ocrx_word' id='word_1_83' title='bbox 268 1157 317 1210; x_wconf 91' lang='lat' dir='ltr'><strong>in</strong></span> <span class='ocrx_word' id='word_1_84' title='bbox 344 1155 491 1209; x_wconf 75' lang='lat' dir='ltr'><strong>exitu</strong></span> <span class='ocrx_word' id='word_1_85' title='bbox 516 1168 617 1208; x_wconf 89' lang='lat' dir='ltr'><strong>suo</strong></span> <span class='ocrx_word' id='word_1_86' title='bbox 645 1151 827 1217; x_wconf 82' lang='lat' dir='ltr'><strong>debet,</strong></span> <span class='ocrx_word' id='word_1_87' title='bbox 866 1166 937 1205; x_wconf 87' lang='lat' dir='ltr'><strong>ne</strong></span> <span class='ocrx_word' id='word_1_88' title='bbox 963 1150 1203 1205; x_wconf 79' lang='lat' dir='ltr'><strong>deterior</strong></span> <span class='ocrx_word' id='word_1_89' title='bbox 1227 1148 1434 1203; x_wconf 87' lang='lat' dir='ltr'><strong>scilicet</strong></span> <span class='ocrx_word' id='word_1_90' title='bbox 1469 1147 1713 1216; x_wconf 85' lang='lat' dir='ltr'><strong>superio-</strong></span> 
     </span>
    </p>
   </div>
   <div class='ocr_carea' id='block_1_13' title="bbox 160 1238 1712 1304">
    <p class='ocr_par' dir='ltr' id='par_1_13' title="bbox 160 1238 1712 1304">
     <span class='ocr_line' id='line_1_13' title="bbox 160 1238 1712 1304; baseline -0.006 0"><span class='ocrx_word' id='word_1_91' title='bbox 160 1247 281 1304; x_wconf 84' lang='lat' dir='ltr'><strong>ribus</strong></span> <span class='ocrx_word' id='word_1_92' title='bbox 299 1246 416 1300; x_wconf 69' lang='lat' dir='ltr'><strong>vitae</strong></span> <span class='ocrx_word' id='word_1_93' title='bbox 441 1244 652 1301; x_wconf 84' lang='lat' dir='ltr'><strong>actibus</strong></span> <span class='ocrx_word' id='word_1_94' title='bbox 672 1240 793 1298; x_wconf 87' lang='lat' dir='ltr'><strong>ﬁnis</strong></span> <span class='ocrx_word' id='word_1_95' title='bbox 831 1258 948 1297; x_wconf 87' lang='lat' dir='ltr'><strong>esse</strong></span> <span class='ocrx_word' id='word_1_96' title='bbox 975 1241 1242 1297; x_wconf 82' lang='lat' dir='ltr'><strong>videatur.</strong></span> <span class='ocrx_word' id='word_1_97' title='bbox 1271 1239 1329 1294; x_wconf 90' lang='lat' dir='ltr'><strong>Si</strong></span> <span class='ocrx_word' id='word_1_98' title='bbox 1357 1247 1538 1294; x_wconf 86' lang='lat' dir='ltr'><strong>autem</strong></span> <span class='ocrx_word' id='word_1_99' title='bbox 1557 1238 1712 1294; x_wconf 91' lang='lat' dir='ltr'><strong>bonis</strong></span> 
     </span>
    </p>
   </div>
   <div class='ocr_carea' id='block_1_14' title="bbox 159 1327 1714 1408">
    <p class='ocr_par' dir='ltr' id='par_1_14' title="bbox 159 1327 1714 1408">
     <span class='ocr_line' id='line_1_14' title="bbox 159 1327 1714 1408; baseline -0.006 -16"><span class='ocrx_word' id='word_1_100' title='bbox 159 1337 378 1408; x_wconf 83' lang='lat' dir='ltr'><strong>operibus</strong></span> <span class='ocrx_word' id='word_1_101' title='bbox 422 1351 616 1406; x_wconf 88' lang='lat' dir='ltr'><strong>parum</strong></span> <span class='ocrx_word' id='word_1_102' title='bbox 660 1333 877 1400; x_wconf 79' lang='lat' dir='ltr'><strong>studuit,</strong></span> <span class='ocrx_word' id='word_1_103' title='bbox 906 1332 1078 1388; x_wconf 89' lang='lat' dir='ltr'><strong>multo</strong></span> <span class='ocrx_word' id='word_1_104' title='bbox 1107 1331 1293 1400; x_wconf 87' lang='lat' dir='ltr'><strong>utique</strong></span> <span class='ocrx_word' id='word_1_105' title='bbox 1327 1329 1498 1396; x_wconf 76' lang='lat' dir='ltr'><strong>magis</strong></span> <span class='ocrx_word' id='word_1_106' title='bbox 1535 1327 1714 1383; x_wconf 85' lang='lat' dir='ltr'><strong>facere</strong></span> 
     </span>
    </p>
   </div>
   <div class='ocr_carea' id='block_1_15' title="bbox 160 1418 1715 1488">
    <p class='ocr_par' dir='ltr' id='par_1_15' title="bbox 160 1418 1715 1488">
     <span class='ocr_line' id='line_1_15' title="bbox 160 1418 1715 1488; baseline -0.008 -5"><span class='ocrx_word' id='word_1_107' title='bbox 160 1442 261 1483; x_wconf 85' lang='lat' dir='ltr'><strong>eum</strong></span> <span class='ocrx_word' id='word_1_108' title='bbox 279 1427 358 1481; x_wconf 88' lang='lat' dir='ltr'><strong>vel</strong></span> <span class='ocrx_word' id='word_1_109' title='bbox 385 1426 439 1483; x_wconf 89' lang='lat' dir='ltr'><strong>in</strong></span> <span class='ocrx_word' id='word_1_110' title='bbox 462 1426 612 1480; x_wconf 79' lang='lat' dir='ltr'><strong>exitu</strong></span> <span class='ocrx_word' id='word_1_111' title='bbox 638 1439 739 1478; x_wconf 90' lang='lat' dir='ltr'><strong>suo</strong></span> <span class='ocrx_word' id='word_1_112' title='bbox 760 1424 1043 1486; x_wconf 77' lang='lat' dir='ltr'><strong>convenit;</strong></span> <span class='ocrx_word' id='word_1_113' title='bbox 1074 1429 1134 1475; x_wconf 90' lang='lat' dir='ltr'><strong>ut</strong></span> <span class='ocrx_word' id='word_1_114' title='bbox 1153 1419 1297 1488; x_wconf 88' lang='lat' dir='ltr'><strong>quod</strong></span> <span class='ocrx_word' id='word_1_115' title='bbox 1314 1419 1420 1473; x_wconf 81' lang='lat' dir='ltr'><strong>vita</strong></span> <span class='ocrx_word' id='word_1_116' title='bbox 1447 1418 1715 1473; x_wconf 90' lang='lat' dir='ltr'><strong>anteriore</strong></span> 
     </span>
    </p>
   </div>
   <div class='ocr_carea' id='block_1_16' title="bbox 159 1500 1716 1582">
    <p class='ocr_par' dir='ltr' id='par_1_16' title="bbox 159 1500 1716 1582">
     <span class='ocr_line' id='line_1_16' title="bbox 159 1500 1716 1582; baseline -0.006 -10"><span class='ocrx_word' id='word_1_117' title='bbox 159 1533 248 1573; x_wconf 81' lang='lat' dir='ltr'><strong>non</strong></span> <span class='ocrx_word' id='word_1_118' title='bbox 265 1516 512 1579; x_wconf 82' lang='lat' dir='ltr'><strong>reddidit,</strong></span> <span class='ocrx_word' id='word_1_119' title='bbox 542 1500 735 1570; x_wconf 86' lang='lat' dir='ltr'><strong>saltem</strong></span> <span class='ocrx_word' id='word_1_120' title='bbox 763 1515 818 1569; x_wconf 88' lang='lat' dir='ltr'><strong>in</strong></span> <span class='ocrx_word' id='word_1_121' title='bbox 843 1514 1187 1570; x_wconf 81' lang='lat' dir='ltr'><strong>extremitate</strong></span> <span class='ocrx_word' id='word_1_122' title='bbox 1214 1511 1512 1582; x_wconf 83' lang='lat' dir='ltr'><strong>persolvat;</strong></span> <span class='ocrx_word' id='word_1_123' title='bbox 1541 1517 1597 1565; x_wconf 91' lang='lat' dir='ltr'><strong>et</strong></span> <span class='ocrx_word' id='word_1_124' title='bbox 1622 1509 1716 1579; x_wconf 90' lang='lat' dir='ltr'><strong>qui</strong></span> 
     </span>
    </p>
   </div>
   <div class='ocr_carea' id='block_1_17' title="bbox 159 1603 1715 1676">
    <p class='ocr_par' dir='ltr' id='par_1_17' title="bbox 159 1603 1715 1676">
     <span class='ocr_line' id='line_1_17' title="bbox 159 1603 1715 1676; baseline -0.008 -10"><span class='ocrx_word' id='word_1_125' title='bbox 159 1627 213 1667; x_wconf 76' lang='lat' dir='ltr'><strong>ex</strong></span> <span class='ocrx_word' id='word_1_126' title='bbox 236 1612 332 1665; x_wconf 91' lang='lat' dir='ltr'><strong>hoc</strong></span> <span class='ocrx_word' id='word_1_127' title='bbox 355 1626 487 1664; x_wconf 87' lang='lat' dir='ltr'><strong>reus</strong></span> <span class='ocrx_word' id='word_1_128' title='bbox 509 1617 594 1663; x_wconf 88' lang='lat' dir='ltr'><strong>est</strong></span> <span class='ocrx_word' id='word_1_129' title='bbox 614 1607 758 1676; x_wconf 91' lang='lat' dir='ltr'><strong>quod</strong></span> <span class='ocrx_word' id='word_1_130' title='bbox 781 1614 906 1660; x_wconf 85' lang='lat' dir='ltr'><strong>ante</strong></span> <span class='ocrx_word' id='word_1_131' title='bbox 926 1605 1178 1672; x_wconf 80' lang='lat' dir='ltr'><strong>neglexit,</strong></span> <span class='ocrx_word' id='word_1_132' title='bbox 1200 1603 1287 1656; x_wconf 91' lang='lat' dir='ltr'><strong>vel</strong></span> <span class='ocrx_word' id='word_1_133' title='bbox 1310 1618 1406 1672; x_wconf 91' lang='lat' dir='ltr'><strong>per</strong></span> <span class='ocrx_word' id='word_1_134' title='bbox 1424 1603 1529 1656; x_wconf 88' lang='lat' dir='ltr'><strong>hoc</strong></span> <span class='ocrx_word' id='word_1_135' title='bbox 1549 1614 1715 1656; x_wconf 83' lang='lat' dir='ltr'><strong>excu-</strong></span> 
     </span>
    </p>
   </div>
   <div class='ocr_carea' id='block_1_18' title="bbox 158 1692 1721 1770">
    <p class='ocr_par' dir='ltr' id='par_1_18' title="bbox 158 1692 1721 1770">
     <span class='ocr_line' id='line_1_18' title="bbox 158 1692 1721 1770; baseline -0.01 -11"><span class='ocrx_word' id='word_1_136' title='bbox 158 1702 245 1759; x_wconf 78' lang='lat' dir='ltr'><strong>sari</strong></span> <span class='ocrx_word' id='word_1_137' title='bbox 258 1701 426 1770; x_wconf 85' lang='lat' dir='ltr'><strong>aliqua</strong></span> <span class='ocrx_word' id='word_1_138' title='bbox 434 1709 593 1755; x_wconf 88' lang='lat' dir='ltr'><strong>tenus</strong></span> <span class='ocrx_word' id='word_1_139' title='bbox 606 1699 835 1753; x_wconf 90' lang='lat' dir='ltr'><strong>Domino</strong></span> <span class='ocrx_word' id='word_1_140' title='bbox 849 1712 947 1752; x_wconf 88' lang='lat' dir='ltr'><strong>suo</strong></span> <span class='ocrx_word' id='word_1_141' title='bbox 958 1696 1128 1767; x_wconf 82' lang='lat' dir='ltr'><strong>possit</strong></span> <span class='ocrx_word' id='word_1_142' title='bbox 1139 1694 1282 1763; x_wconf 90' lang='lat' dir='ltr'><strong>quod</strong></span> <span class='ocrx_word' id='word_1_143' title='bbox 1297 1693 1621 1763; x_wconf 74' lang='lat' dir='ltr'><strong>przeteritam</strong></span> <span class='ocrx_word' id='word_1_144' title='bbox 1640 1692 1721 1747; x_wconf 85' lang='lat' dir='ltr'><strong>in-</strong></span> 
     </span>
    </p>
   </div>
   <div class='ocr_carea' id='block_1_19' title="bbox 1809 511 3391 587">
    <p class='ocr_par' dir='ltr' id='par_1_19' title="bbox 1809 511 3391 587">
     <span class='ocr_line' id='line_1_19' title="bbox 1809 511 3391 587; baseline -0.007 -14"><span class='ocrx_word' id='word_1_145' title='bbox 1809 518 2083 583; x_wconf 86' lang='lat' dir='ltr'><strong>multatur,</strong></span> <span class='ocrx_word' id='word_1_146' title='bbox 2108 525 2165 572; x_wconf 89' lang='lat' dir='ltr'><strong>et</strong></span> <span class='ocrx_word' id='word_1_147' title='bbox 2191 518 2276 572; x_wconf 88' lang='lat' dir='ltr'><strong>his</strong></span> <span class='ocrx_word' id='word_1_148' title='bbox 2314 530 2528 587; x_wconf 90' lang='lat' dir='ltr'><strong>quoque</strong></span> <span class='ocrx_word' id='word_1_149' title='bbox 2557 513 2830 584; x_wconf 61' lang='lat' dir='ltr'><strong>erroribus</strong></span> <span class='ocrx_word' id='word_1_150' title='bbox 2852 513 2960 569; x_wconf 84' lang='lat' dir='ltr'><strong>vita</strong></span> <span class='ocrx_word' id='word_1_151' title='bbox 2987 511 3263 567; x_wconf 87' lang='lat' dir='ltr'><strong>hominum</strong></span> <span class='ocrx_word' id='word_1_152' title='bbox 3291 522 3391 577; x_wconf 87' lang='lat' dir='ltr'><strong>pe-</strong></span> 
     </span>
    </p>
   </div>
   <div class='ocr_carea' id='block_1_20' title="bbox 1809 598 3393 677">
    <p class='ocr_par' dir='ltr' id='par_1_20' title="bbox 1809 598 3393 677">
     <span class='ocr_line' id='line_1_20' title="bbox 1809 598 3393 677; baseline -0.006 -14"><span class='ocrx_word' id='word_1_153' title='bbox 1809 610 2072 664; x_wconf 87' lang='lat' dir='ltr'><strong>riclitatur</strong></span> <span class='ocrx_word' id='word_1_154' title='bbox 2083 609 2280 677; x_wconf 84' lang='lat' dir='ltr'><strong>quibus</strong></span> <span class='ocrx_word' id='word_1_155' title='bbox 2296 608 2492 661; x_wconf 89' lang='lat' dir='ltr'><strong>usitate</strong></span> <span class='ocrx_word' id='word_1_156' title='bbox 2516 613 2678 673; x_wconf 88' lang='lat' dir='ltr'><strong>atque</strong></span> <span class='ocrx_word' id='word_1_157' title='bbox 2703 603 3060 659; x_wconf 79' lang='lat' dir='ltr'><strong>communiter</strong></span> <span class='ocrx_word' id='word_1_158' title='bbox 3087 598 3393 656; x_wconf 81' lang='lat' dir='ltr'><strong>innocentia</strong></span> 
     </span>
    </p>
   </div>
   <div class='ocr_carea' id='block_1_21' title="bbox 1809 688 3394 769">
    <p class='ocr_par' dir='ltr' id='par_1_21' title="bbox 1809 688 3394 769">
     <span class='ocr_line' id='line_1_21' title="bbox 1809 688 3394 769; baseline -0.008 -15"><span class='ocrx_word' id='word_1_159' title='bbox 1809 701 2041 754; x_wconf 84' lang='lat' dir='ltr'><strong>humana</strong></span> <span class='ocrx_word' id='word_1_160' title='bbox 2084 699 2375 769; x_wconf 80' lang='lat' dir='ltr'><strong>polluitur;</strong></span> <span class='ocrx_word' id='word_1_161' title='bbox 2403 697 2531 767; x_wconf 91' lang='lat' dir='ltr'><strong>quid</strong></span> <span class='ocrx_word' id='word_1_162' title='bbox 2559 695 2794 749; x_wconf 79' lang='lat' dir='ltr'><strong>futurum</strong></span> <span class='ocrx_word' id='word_1_163' title='bbox 2825 694 3190 749; x_wconf 79' lang='lat' dir='ltr'><strong>existimamus</strong></span> <span class='ocrx_word' id='word_1_164' title='bbox 3219 689 3311 745; x_wconf 85' lang='lat' dir='ltr'><strong>ubi</strong></span> <span class='ocrx_word' id='word_1_165' title='bbox 3340 688 3394 742; x_wconf 88' lang='lat' dir='ltr'><strong>in</strong></span> 
     </span>
    </p>
   </div>
   <div class='ocr_carea' id='block_1_22' title="bbox 1810 780 3395 859">
    <p class='ocr_par' dir='ltr' id='par_1_22' title="bbox 1810 780 3395 859">
     <span class='ocr_line' id='line_1_22' title="bbox 1810 780 3395 859; baseline -0.006 -15"><span class='ocrx_word' id='word_1_166' title='bbox 1810 790 1978 849; x_wconf 90' lang='lat' dir='ltr'><strong>Deum</strong></span> <span class='ocrx_word' id='word_1_167' title='bbox 2018 790 2191 859; x_wconf 88' lang='lat' dir='ltr'><strong>ipsum</strong></span> <span class='ocrx_word' id='word_1_168' title='bbox 2221 787 2522 843; x_wconf 81' lang='lat' dir='ltr'><strong>detestabili</strong></span> <span class='ocrx_word' id='word_1_169' title='bbox 2548 786 2859 840; x_wconf 88' lang='lat' dir='ltr'><strong>inlidelitate</strong></span> <span class='ocrx_word' id='word_1_170' title='bbox 2902 782 3201 852; x_wconf 81' lang='lat' dir='ltr'><strong>peccatur?</strong></span> <span class='ocrx_word' id='word_1_171' title='bbox 3232 780 3395 849; x_wconf 66' lang='lat'><strong>285</strong></span> 
     </span>
    </p>
   </div>
   <div class='ocr_carea' id='block_1_23' title="bbox 1810 871 3393 949">
    <p class='ocr_par' dir='ltr' id='par_1_23' title="bbox 1810 871 3393 949">
     <span class='ocr_line' id='line_1_23' title="bbox 1810 871 3393 949; baseline -0.008 -13"><span class='ocrx_word' id='word_1_172' title='bbox 1810 881 1866 936; x_wconf 87' lang='lat' dir='ltr'><strong>Si</strong></span> <span class='ocrx_word' id='word_1_173' title='bbox 1889 882 2050 945; x_wconf 87' lang='lat' dir='ltr'><strong>enim,</strong></span> <span class='ocrx_word' id='word_1_174' title='bbox 2084 880 2256 949; x_wconf 85' lang='lat' dir='ltr'><strong>inquit</strong></span> <span class='ocrx_word' id='word_1_175' title='bbox 2281 878 2590 948; x_wconf 83' lang='lat' dir='ltr'><strong>Apostolus,</strong></span> <span class='ocrx_word' id='word_1_176' title='bbox 2623 877 2796 931; x_wconf 88' lang='lat' dir='ltr'><strong>omnis</strong></span> <span class='ocrx_word' id='word_1_177' title='bbox 2817 873 3178 929; x_wconf 88' lang='lat' dir='ltr'><strong>inobedientia</strong></span> <span class='ocrx_word' id='word_1_178' title='bbox 3193 871 3393 939; x_wconf 86' lang='lat' dir='ltr'><strong>justam</strong></span> 
     </span>
    </p>
   </div>
   <div class='ocr_carea' id='block_1_24' title="bbox 1809 964 3395 1047">
    <p class='ocr_par' dir='ltr' id='par_1_24' title="bbox 1809 964 3395 1047">
     <span class='ocr_line' id='line_1_24' title="bbox 1809 964 3395 1047; baseline -0.009 -16"><span class='ocrx_word' id='word_1_179' title='bbox 1809 978 2001 1047; x_wconf 87' lang='lat' dir='ltr'><strong>accipit</strong></span> <span class='ocrx_word' id='word_1_180' title='bbox 2018 976 2287 1031; x_wconf 86' lang='lat' dir='ltr'><strong>mercedis</strong></span> <span class='ocrx_word' id='word_1_181' title='bbox 2308 973 2717 1029; x_wconf 82' lang='lat' dir='ltr'><strong>retributionem</strong></span> <span class='ocrx_word' id='word_1_182' title='bbox 2740 968 2924 1038; x_wconf 79' lang='lat' dir='ltr'><strong>(Hebr.</strong></span> <span class='ocrx_word' id='word_1_183' title='bbox 2947 983 3004 1031; x_wconf 81' lang='grc' dir='ltr'><strong>ιι,</strong></span> <span class='ocrx_word' id='word_1_184' title='bbox 3025 966 3104 1034; x_wconf 76' lang='grc' dir='ltr'><strong>Ξ),</strong></span> <span class='ocrx_word' id='word_1_185' title='bbox 3121 964 3395 1034; x_wconf 89' lang='lat' dir='ltr'><strong>quomodo</strong></span> 
     </span>
    </p>
   </div>
   <div class='ocr_carea' id='block_1_25' title="bbox 1810 1056 3399 1135">
    <p class='ocr_par' dir='ltr' id='par_1_25' title="bbox 1810 1056 3399 1135">
     <span class='ocr_line' id='line_1_25' title="bbox 1810 1056 3399 1135; baseline -0.009 -12"><span class='ocrx_word' id='word_1_186' title='bbox 1810 1083 1910 1122; x_wconf 88' lang='lat' dir='ltr'><strong>nos</strong></span> <span class='ocrx_word' id='word_1_187' title='bbox 1958 1066 2270 1135; x_wconf 83' lang='lat' dir='ltr'><strong>eﬁ‘ugiemus</strong></span> <span class='ocrx_word' id='word_1_188' title='bbox 2294 1108 2308 1129; x_wconf 92' lang='lat'><strong>,</strong></span> <span class='ocrx_word' id='word_1_189' title='bbox 2359 1067 2403 1119; x_wconf 90' lang='lat' dir='ltr'><strong>si</strong></span> <span class='ocrx_word' id='word_1_190' title='bbox 2451 1073 2654 1119; x_wconf 87' lang='lat' dir='ltr'><strong>tantam</strong></span> <span class='ocrx_word' id='word_1_191' title='bbox 2701 1060 3095 1129; x_wconf 76' lang='lat' dir='ltr'><strong>neglexerimus</strong></span> <span class='ocrx_word' id='word_1_192' title='bbox 3135 1056 3399 1111; x_wconf 72' lang='lat' dir='ltr'><strong>salutem?</strong></span> 
     </span>
    </p>
   </div>
   <div class='ocr_carea' id='block_1_26' title="bbox 1809 1148 3393 1225">
    <p class='ocr_par' dir='ltr' id='par_1_26' title="bbox 1809 1148 3393 1225">
     <span class='ocr_line' id='line_1_26' title="bbox 1809 1148 3393 1225; baseline -0.008 -11"><span class='ocrx_word' id='word_1_193' title='bbox 1809 1160 1994 1215; x_wconf 86' lang='lat' dir='ltr'><strong>Nullus</strong></span> <span class='ocrx_word' id='word_1_194' title='bbox 2021 1168 2200 1214; x_wconf 89' lang='lat' dir='ltr'><strong>autem</strong></span> <span class='ocrx_word' id='word_1_195' title='bbox 2226 1159 2451 1212; x_wconf 85' lang='lat' dir='ltr'><strong>salutem</strong></span> <span class='ocrx_word' id='word_1_196' title='bbox 2479 1171 2662 1212; x_wconf 86' lang='lat' dir='ltr'><strong>veram</strong></span> <span class='ocrx_word' id='word_1_197' title='bbox 2713 1155 2834 1225; x_wconf 84' lang='lat' dir='ltr'><strong>plus</strong></span> <span class='ocrx_word' id='word_1_198' title='bbox 2874 1152 3094 1220; x_wconf 78' lang='lat' dir='ltr'><strong>negligit</strong></span> <span class='ocrx_word' id='word_1_199' title='bbox 3115 1165 3275 1219; x_wconf 87' lang='lat' dir='ltr'><strong>quam</strong></span> <span class='ocrx_word' id='word_1_200' title='bbox 3302 1148 3393 1217; x_wconf 91' lang='lat' dir='ltr'><strong>qui</strong></span> 
     </span>
    </p>
   </div>
   <div class='ocr_carea' id='block_1_27' title="bbox 1812 1242 3396 1318">
    <p class='ocr_par' dir='ltr' id='par_1_27' title="bbox 1812 1242 3396 1318">
     <span class='ocr_line' id='line_1_27' title="bbox 1812 1242 3396 1318; baseline -0.006 -12"><span class='ocrx_word' id='word_1_201' title='bbox 1812 1251 1924 1305; x_wconf 79' lang='lat' dir='ltr'><strong>Deo</strong></span> <span class='ocrx_word' id='word_1_202' title='bbox 1977 1250 2175 1318; x_wconf 86' lang='lat' dir='ltr'><strong>aliquid</strong></span> <span class='ocrx_word' id='word_1_203' title='bbox 2239 1248 2536 1317; x_wconf 74' lang='lat' dir='ltr'><strong>anteponit.</strong></span> <span class='ocrx_word' id='word_1_204' title='bbox 2602 1246 2737 1301; x_wconf 89' lang='lat' dir='ltr'><strong>Cum</strong></span> <span class='ocrx_word' id='word_1_205' title='bbox 2799 1244 2942 1299; x_wconf 86' lang='lat' dir='ltr'><strong>enim</strong></span> <span class='ocrx_word' id='word_1_206' title='bbox 3006 1242 3153 1296; x_wconf 89' lang='lat' dir='ltr'><strong>salus</strong></span> <span class='ocrx_word' id='word_1_207' title='bbox 3213 1246 3396 1297; x_wconf 79' lang='lat' dir='ltr'><strong>nostra</strong></span> 
     </span>
    </p>
   </div>
   <div class='ocr_carea' id='block_1_28' title="bbox 1810 1333 3396 1404">
    <p class='ocr_par' dir='ltr' id='par_1_28' title="bbox 1810 1333 3396 1404">
     <span class='ocr_line' id='line_1_28' title="bbox 1810 1333 3396 1404; baseline -0.007 -9"><span class='ocrx_word' id='word_1_208' title='bbox 1810 1357 2007 1396; x_wconf 87' lang='lat' dir='ltr'><strong>munus</strong></span> <span class='ocrx_word' id='word_1_209' title='bbox 2054 1356 2117 1397; x_wconf 86' lang='lat' dir='ltr'><strong>ac</strong></span> <span class='ocrx_word' id='word_1_210' title='bbox 2159 1339 2524 1395; x_wconf 83' lang='lat' dir='ltr'><strong>misericordia</strong></span> <span class='ocrx_word' id='word_1_211' title='bbox 2571 1337 2667 1392; x_wconf 90' lang='lat' dir='ltr'><strong>Dei</strong></span> <span class='ocrx_word' id='word_1_212' title='bbox 2690 1338 2780 1400; x_wconf 86' lang='lat' dir='ltr'><strong>sit,</strong></span> <span class='ocrx_word' id='word_1_213' title='bbox 2813 1350 2931 1404; x_wconf 70' lang='lat' dir='ltr'><strong>qua:</strong></span> <span class='ocrx_word' id='word_1_214' title='bbox 2959 1335 3009 1387; x_wconf 84' lang='lat' dir='ltr'><strong>ei</strong></span> <span class='ocrx_word' id='word_1_215' title='bbox 3036 1333 3175 1389; x_wconf 86' lang='lat' dir='ltr'><strong>ratio</strong></span> <span class='ocrx_word' id='word_1_216' title='bbox 3202 1346 3396 1387; x_wconf 88' lang='lat' dir='ltr'><strong>conse-</strong></span> 
     </span>
    </p>
   </div>
   <div class='ocr_carea' id='block_1_29' title="bbox 1815 1422 3399 1503">
    <p class='ocr_par' dir='ltr' id='par_1_29' title="bbox 1815 1422 3399 1503">
     <span class='ocr_line' id='line_1_29' title="bbox 1815 1422 3399 1503; baseline -0.008 -16"><span class='ocrx_word' id='word_1_217' title='bbox 1815 1432 2041 1503; x_wconf 68' lang='lat' dir='ltr'><strong>quendze</strong></span> <span class='ocrx_word' id='word_1_218' title='bbox 2064 1430 2256 1485; x_wconf 88' lang='lat' dir='ltr'><strong>salutis</strong></span> <span class='ocrx_word' id='word_1_219' title='bbox 2275 1437 2359 1484; x_wconf 87' lang='lat' dir='ltr'><strong>est</strong></span> <span class='ocrx_word' id='word_1_220' title='bbox 2377 1429 2467 1497; x_wconf 89' lang='lat' dir='ltr'><strong>qui</strong></span> <span class='ocrx_word' id='word_1_221' title='bbox 2488 1428 2660 1483; x_wconf 83' lang='lat' dir='ltr'><strong>Deum</strong></span> <span class='ocrx_word' id='word_1_222' title='bbox 2691 1428 2862 1497; x_wconf 87' lang='lat' dir='ltr'><strong>ipsum</strong></span> <span class='ocrx_word' id='word_1_223' title='bbox 2890 1424 3132 1494; x_wconf 75' lang='lat' dir='ltr'><strong>despicit,</strong></span> <span class='ocrx_word' id='word_1_224' title='bbox 3166 1424 3219 1477; x_wconf 89' lang='lat' dir='ltr'><strong>in</strong></span> <span class='ocrx_word' id='word_1_225' title='bbox 3246 1422 3399 1492; x_wconf 77' lang='lat' dir='ltr'><strong>cujus</strong></span> 
     </span>
    </p>
   </div>
   <div class='ocr_carea' id='block_1_30' title="bbox 1812 1512 3399 1582">
    <p class='ocr_par' dir='ltr' id='par_1_30' title="bbox 1812 1512 3399 1582">
     <span class='ocr_line' id='line_1_30' title="bbox 1812 1512 3399 1582; baseline -0.007 -5"><span class='ocrx_word' id='word_1_226' title='bbox 1812 1520 2179 1577; x_wconf 82' lang='lat' dir='ltr'><strong>misericordia</strong></span> <span class='ocrx_word' id='word_1_227' title='bbox 2207 1521 2355 1576; x_wconf 87' lang='lat' dir='ltr'><strong>salus</strong></span> <span class='ocrx_word' id='word_1_228' title='bbox 2374 1526 2558 1574; x_wconf 85' lang='lat' dir='ltr'><strong>nostra</strong></span> <span class='ocrx_word' id='word_1_229' title='bbox 2586 1517 2865 1573; x_wconf 85' lang='lat' dir='ltr'><strong>consistit?</strong></span> <span class='ocrx_word' id='word_1_230' title='bbox 2890 1516 2996 1569; x_wconf 86' lang='lat' dir='ltr'><strong>Aut</strong></span> <span class='ocrx_word' id='word_1_231' title='bbox 3015 1530 3135 1568; x_wconf 90' lang='lat' dir='ltr'><strong>cum</strong></span> <span class='ocrx_word' id='word_1_232' title='bbox 3160 1512 3323 1582; x_wconf 76' lang='lat' dir='ltr'><strong>juoex</strong></span> <span class='ocrx_word' id='word_1_233' title='bbox 3344 1519 3399 1566; x_wconf 90' lang='lat' dir='ltr'><strong>ct</strong></span> 
     </span>
    </p>
   </div>
   <div class='ocr_carea' id='block_1_31' title="bbox 1813 1603 3397 1676">
    <p class='ocr_par' dir='ltr' id='par_1_31' title="bbox 1813 1603 3397 1676">
     <span class='ocr_line' id='line_1_31' title="bbox 1813 1603 3397 1676; baseline -0.006 -9"><span class='ocrx_word' id='word_1_234' title='bbox 1813 1614 2056 1667; x_wconf 88' lang='lat' dir='ltr'><strong>vivorum</strong></span> <span class='ocrx_word' id='word_1_235' title='bbox 2087 1613 2158 1667; x_wconf 89' lang='lat' dir='ltr'><strong>sit</strong></span> <span class='ocrx_word' id='word_1_236' title='bbox 2183 1611 2327 1666; x_wconf 88' lang='lat' dir='ltr'><strong>Deus</strong></span> <span class='ocrx_word' id='word_1_237' title='bbox 2354 1618 2411 1665; x_wconf 88' lang='lat' dir='ltr'><strong>et</strong></span> <span class='ocrx_word' id='word_1_238' title='bbox 2449 1616 2807 1671; x_wconf 86' lang='lat' dir='ltr'><strong>mortuorum,</strong></span> <span class='ocrx_word' id='word_1_239' title='bbox 2830 1621 2952 1676; x_wconf 70' lang='lat' dir='ltr'><strong>qua:</strong></span> <span class='ocrx_word' id='word_1_240' title='bbox 2974 1606 3025 1660; x_wconf 92' lang='lat' dir='ltr'><strong>ei</strong></span> <span class='ocrx_word' id='word_1_241' title='bbox 3063 1620 3187 1675; x_wconf 85' lang='lat' dir='ltr'><strong>spes</strong></span> <span class='ocrx_word' id='word_1_242' title='bbox 3216 1605 3271 1659; x_wconf 89' lang='lat' dir='ltr'><strong>in</strong></span> <span class='ocrx_word' id='word_1_243' title='bbox 3302 1603 3397 1658; x_wconf 85' lang='lat' dir='ltr'><strong>Dei</strong></span> 
     </span>
    </p>
   </div>
   <div class='ocr_carea' id='block_1_32' title="bbox 1814 1695 3400 1775">
    <p class='ocr_par' dir='ltr' id='par_1_32' title="bbox 1814 1695 3400 1775">
     <span class='ocr_line' id='line_1_32' title="bbox 1814 1695 3400 1775; baseline -0.009 -14"><span class='ocrx_word' id='word_1_244' title='bbox 1814 1707 2015 1775; x_wconf 85' lang='lat' dir='ltr'><strong>judicio</strong></span> <span class='ocrx_word' id='word_1_245' title='bbox 2060 1720 2179 1760; x_wconf 89' lang='lat' dir='ltr'><strong>esse</strong></span> <span class='ocrx_word' id='word_1_246' title='bbox 2217 1704 2419 1774; x_wconf 86' lang='lat' dir='ltr'><strong>poterit</strong></span> <span class='ocrx_word' id='word_1_247' title='bbox 2444 1702 2538 1772; x_wconf 88' lang='lat' dir='ltr'><strong>qui</strong></span> <span class='ocrx_word' id='word_1_248' title='bbox 2578 1715 2700 1756; x_wconf 88' lang='lat' dir='ltr'><strong>eum</strong></span> <span class='ocrx_word' id='word_1_249' title='bbox 2728 1702 2892 1755; x_wconf 88' lang='lat' dir='ltr'><strong>etiam</strong></span> <span class='ocrx_word' id='word_1_250' title='bbox 2944 1697 3175 1752; x_wconf 87' lang='lat' dir='ltr'><strong>moriens</strong></span> <span class='ocrx_word' id='word_1_251' title='bbox 3198 1695 3400 1764; x_wconf 76' lang='lat' dir='ltr'><strong>judicio</strong></span> 
     </span>
    </p>
   </div>
   <div class='ocr_carea' id='block_1_33' title="bbox 157 1782 3403 1867">
    <p class='ocr_par' dir='ltr' id='par_1_33' title="bbox 157 1782 3403 1867">
     <span class='ocr_line' id='line_1_33' title="bbox 157 1782 3403 1867; baseline -0.005 -21"><span class='ocrx_word' id='word_1_252' title='bbox 157 1791 523 1846; x_wconf 83' lang='lat' dir='ltr'><strong>humanitatem</strong></span> <span class='ocrx_word' id='word_1_253' title='bbox 541 1790 729 1844; x_wconf 84' lang='lat' dir='ltr'><strong>ultima</strong></span> <span class='ocrx_word' id='word_1_254' title='bbox 743 1789 933 1843; x_wconf 86' lang='lat' dir='ltr'><strong>saltem</strong></span> <span class='ocrx_word' id='word_1_255' title='bbox 947 1786 1234 1842; x_wconf 82' lang='lat' dir='ltr'><strong>devotione</strong></span> <span class='ocrx_word' id='word_1_256' title='bbox 1262 1793 1589 1853; x_wconf 88' lang='lat' dir='ltr'><strong>compenset.</strong></span> <span class='ocrx_word' id='word_1_257' title='bbox 1608 1782 1715 1837; x_wconf 88' lang='lat' dir='ltr'><strong>Sed</strong></span> <span class='ocrx_word' id='word_1_258' title='bbox 1749 1782 1792 1838; x_wconf 87' lang='grc' dir='ltr'><strong>Β</strong></span> <span class='ocrx_word' id='word_1_259' title='bbox 1818 1814 1917 1855; x_wconf 64' lang='lat' dir='ltr'><strong>suo</strong></span> <span class='ocrx_word' id='word_1_260' title='bbox 1938 1798 2199 1867; x_wconf 51' lang='lat' dir='ltr'><strong>spreverit</strong></span> <span class='ocrx_word' id='word_1_261' title='bbox 2225 1811 2257 1849; x_wconf 61' lang='grc' dir='ltr'>ε</span> <span class='ocrx_word' id='word_1_262' title='bbox 2285 1810 2394 1863; x_wconf 71' lang='lat' dir='ltr'><strong>quo</strong></span> <span class='ocrx_word' id='word_1_263' title='bbox 2436 1802 2516 1848; x_wconf 59' lang='grc' dir='ltr'><strong>εει</strong></span> <span class='ocrx_word' id='word_1_264' title='bbox 2561 1792 2741 1846; x_wconf 58' lang='lat' dir='ltr'><strong>statim</strong></span> <span class='ocrx_word' id='word_1_265' title='bbox 2777 1796 3022 1845; x_wconf 63' lang='lat' dir='ltr'><strong>mortuus</strong></span> <span class='ocrx_word' id='word_1_266' title='bbox 3052 1786 3403 1857; x_wconf 62' lang='lat' dir='ltr'><strong>iudicandus?</strong></span> 
     </span>
    </p>
   </div>
   <div class='ocr_carea' id='block_1_34' title="bbox 156 1873 1716 1954">
    <p class='ocr_par' dir='ltr' id='par_1_34' title="bbox 156 1873 1716 1954">
     <span class='ocr_line' id='line_1_34' title="bbox 156 1873 1716 1954; baseline -0.008 -14"><span class='ocrx_word' id='word_1_267' title='bbox 156 1884 211 1940; x_wconf 83' lang='lat' dir='ltr'><strong>ad</strong></span> <span class='ocrx_word' id='word_1_268' title='bbox 222 1885 489 1954; x_wconf 86' lang='lat' dir='ltr'><strong>superiora</strong></span> <span class='ocrx_word' id='word_1_269' title='bbox 502 1882 802 1938; x_wconf 82' lang='lat' dir='ltr'><strong>redeamus.</strong></span> <span class='ocrx_word' id='word_1_270' title='bbox 810 1879 1103 1951; x_wconf 84' lang='lat' dir='ltr'><strong>Sapientia,</strong></span> <span class='ocrx_word' id='word_1_271' title='bbox 1118 1876 1289 1945; x_wconf 87' lang='lat' dir='ltr'><strong>inquit</strong></span> <span class='ocrx_word' id='word_1_272' title='bbox 1298 1889 1475 1939; x_wconf 81' lang='lat' dir='ltr'><strong>sermo</strong></span> <span class='ocrx_word' id='word_1_273' title='bbox 1486 1873 1716 1936; x_wconf 89' lang='lat' dir='ltr'><strong>divinus,</strong></span> 
     </span>
    </p>
   </div>
   <div class='ocr_carea' id='block_1_35' title="bbox 157 1965 1721 2036">
    <p class='ocr_par' dir='ltr' id='par_1_35' title="bbox 157 1965 1721 2036">
     <span class='ocr_line' id='line_1_35' title="bbox 157 1965 1721 2036; baseline -0.009 -4"><span class='ocrx_word' id='word_1_274' title='bbox 157 1977 340 2032; x_wconf 61' lang='lat' dir='ltr'><strong>iactitat</strong></span> <span class='ocrx_word' id='word_1_275' title='bbox 359 1977 589 2030; x_wconf 78' lang='lat' dir='ltr'><strong>canitur.</strong></span> <span class='ocrx_word' id='word_1_276' title='bbox 610 1973 720 2028; x_wconf 89' lang='lat' dir='ltr'><strong>Cur</strong></span> <span class='ocrx_word' id='word_1_277' title='bbox 736 1987 857 2027; x_wconf 86' lang='lat' dir='ltr'><strong>eam</strong></span> <span class='ocrx_word' id='word_1_278' title='bbox 873 1987 980 2025; x_wconf 89' lang='lat' dir='ltr'><strong>non</strong></span> <span class='ocrx_word' id='word_1_279' title='bbox 994 1970 1128 2024; x_wconf 69' lang='lat' dir='ltr'><strong>dixit</strong></span> <span class='ocrx_word' id='word_1_280' title='bbox 1145 1969 1263 2024; x_wconf 87' lang='lat' dir='ltr'><strong>cani</strong></span> <span class='ocrx_word' id='word_1_281' title='bbox 1279 1968 1332 2021; x_wconf 91' lang='lat' dir='ltr'><strong>in</strong></span> <span class='ocrx_word' id='word_1_282' title='bbox 1343 1965 1593 2036; x_wconf 83' lang='lat' dir='ltr'><strong>pueritia.</strong></span> <span class='ocrx_word' id='word_1_283' title='bbox 1609 1978 1721 2018; x_wconf 89' lang='lat' dir='ltr'><strong>non</strong></span> 
     </span>
    </p>
   </div>
   <div class='ocr_carea' id='block_1_36' title="bbox 158 2054 1721 2136">
    <p class='ocr_par' dir='ltr' id='par_1_36' title="bbox 158 2054 1721 2136">
     <span class='ocr_line' id='line_1_36' title="bbox 158 2054 1721 2136; baseline -0.009 -14"><span class='ocrx_word' id='word_1_284' title='bbox 158 2064 202 2122; x_wconf 81' lang='lat' dir='ltr'><strong>in</strong></span> <span class='ocrx_word' id='word_1_285' title='bbox 214 2065 507 2136; x_wconf 77' lang='lat' dir='ltr'><strong>iuventute,</strong></span> <span class='ocrx_word' id='word_1_286' title='bbox 538 2079 648 2119; x_wconf 92' lang='lat' dir='ltr'><strong>non</strong></span> <span class='ocrx_word' id='word_1_287' title='bbox 671 2063 725 2116; x_wconf 91' lang='lat' dir='ltr'><strong>in</strong></span> <span class='ocrx_word' id='word_1_288' title='bbox 750 2068 895 2117; x_wconf 86' lang='lat' dir='ltr'><strong>statu</strong></span> <span class='ocrx_word' id='word_1_289' title='bbox 920 2075 1109 2123; x_wconf 39' lang='lat' dir='ltr'><strong>rerum,</strong></span> <span class='ocrx_word' id='word_1_290' title='bbox 1128 2057 1498 2120; x_wconf 87' lang='lat' dir='ltr'><strong>incolumium,</strong></span> <span class='ocrx_word' id='word_1_291' title='bbox 1526 2069 1636 2109; x_wconf 90' lang='lat' dir='ltr'><strong>non</strong></span> <span class='ocrx_word' id='word_1_292' title='bbox 1666 2054 1721 2108; x_wconf 85' lang='lat' dir='ltr'><strong>in</strong></span> 
     </span>
    </p>
   </div>
   <div class='ocr_carea' id='block_1_37' title="bbox 158 2148 1722 2230">
    <p class='ocr_par' dir='ltr' id='par_1_37' title="bbox 158 2148 1722 2230">
     <span class='ocr_line' id='line_1_37' title="bbox 158 2148 1722 2230; baseline -0.009 -16"><span class='ocrx_word' id='word_1_293' title='bbox 158 2158 585 2230; x_wconf 84' lang='lat' dir='ltr'><strong>prosperitatibus</strong></span> <span class='ocrx_word' id='word_1_294' title='bbox 604 2154 962 2227; x_wconf 85' lang='lat' dir='ltr'><strong>secundorum</strong></span> <span class='ocrx_word' id='word_1_295' title='bbox 975 2153 1000 2205; x_wconf 68' lang='grc' dir='ltr'><strong>ν</strong></span> <span class='ocrx_word' id='word_1_296' title='bbox 1031 2149 1248 2206; x_wconf 78' lang='lat' dir='ltr'><strong>Scilicet</strong></span> <span class='ocrx_word' id='word_1_297' title='bbox 1272 2150 1397 2218; x_wconf 84' lang='lat' dir='ltr'><strong>quia</strong></span> <span class='ocrx_word' id='word_1_298' title='bbox 1418 2148 1475 2203; x_wconf 88' lang='lat' dir='ltr'><strong>in</strong></span> <span class='ocrx_word' id='word_1_299' title='bbox 1493 2148 1578 2202; x_wconf 87' lang='lat' dir='ltr'><strong>his</strong></span> <span class='ocrx_word' id='word_1_300' title='bbox 1605 2161 1722 2201; x_wconf 87' lang='lat' dir='ltr'><strong>om-</strong></span> 
     </span>
    </p>
   </div>
   <div class='ocr_carea' id='block_1_38' title="bbox 158 2236 1722 2319">
    <p class='ocr_par' dir='ltr' id='par_1_38' title="bbox 158 2236 1722 2319">
     <span class='ocr_line' id='line_1_38' title="bbox 158 2236 1722 2319; baseline -0.01 -14"><span class='ocrx_word' id='word_1_301' title='bbox 158 2249 293 2305; x_wconf 80' lang='lat' dir='ltr'><strong>nibus</strong></span> <span class='ocrx_word' id='word_1_302' title='bbox 326 2246 591 2319; x_wconf 88' lang='lat' dir='ltr'><strong>quidquid</strong></span> <span class='ocrx_word' id='word_1_303' title='bbox 616 2244 864 2300; x_wconf 87' lang='lat' dir='ltr'><strong>laudatur</strong></span> <span class='ocrx_word' id='word_1_304' title='bbox 890 2244 1152 2297; x_wconf 86' lang='lat' dir='ltr'><strong>incertum</strong></span> <span class='ocrx_word' id='word_1_305' title='bbox 1180 2247 1283 2295; x_wconf 88' lang='lat' dir='ltr'><strong>est.</strong></span> <span class='ocrx_word' id='word_1_306' title='bbox 1313 2237 1561 2305; x_wconf 80' lang='lat' dir='ltr'><strong>Quandiu</strong></span> <span class='ocrx_word' id='word_1_307' title='bbox 1579 2236 1722 2290; x_wconf 89' lang='lat' dir='ltr'><strong>enim</strong></span> 
     </span>
    </p>
   </div>
   <div class='ocr_carea' id='block_1_39' title="bbox 159 2327 1725 2410">
    <p class='ocr_par' dir='ltr' id='par_1_39' title="bbox 159 2327 1725 2410">
     <span class='ocr_line' id='line_1_39' title="bbox 159 2327 1725 2410; baseline -0.01 -13"><span class='ocrx_word' id='word_1_308' title='bbox 159 2340 259 2410; x_wconf 75' lang='lat' dir='ltr'><strong>quis</strong></span> <span class='ocrx_word' id='word_1_309' title='bbox 292 2339 541 2409; x_wconf 72' lang='lat' dir='ltr'><strong>subiacet</strong></span> <span class='ocrx_word' id='word_1_310' title='bbox 584 2335 886 2399; x_wconf 86' lang='lat' dir='ltr'><strong>mutationi,</strong></span> <span class='ocrx_word' id='word_1_311' title='bbox 916 2348 1027 2389; x_wconf 90' lang='lat' dir='ltr'><strong>non</strong></span> <span class='ocrx_word' id='word_1_312' title='bbox 1072 2338 1253 2402; x_wconf 90' lang='lat' dir='ltr'><strong>potest</strong></span> <span class='ocrx_word' id='word_1_313' title='bbox 1292 2345 1415 2385; x_wconf 88' lang='lat' dir='ltr'><strong>eum</strong></span> <span class='ocrx_word' id='word_1_314' title='bbox 1438 2327 1725 2385; x_wconf 85' lang='lat' dir='ltr'><strong>securitate</strong></span> 
     </span>
    </p>
   </div>
   <div class='ocr_carea' id='block_1_40' title="bbox 160 2423 1717 2499">
    <p class='ocr_par' dir='ltr' id='par_1_40' title="bbox 160 2423 1717 2499">
     <span class='ocr_line' id='line_1_40' title="bbox 160 2423 1717 2499; baseline -0.008 -12"><span class='ocrx_word' id='word_1_315' title='bbox 160 2433 377 2499; x_wconf 81' lang='lat' dir='ltr'><strong>laudari;</strong></span> <span class='ocrx_word' id='word_1_316' title='bbox 419 2441 483 2489; x_wconf 90' lang='lat' dir='ltr'><strong>et</strong></span> <span class='ocrx_word' id='word_1_317' title='bbox 510 2431 653 2494; x_wconf 87' lang='lat' dir='ltr'><strong>ideo,</strong></span> <span class='ocrx_word' id='word_1_318' title='bbox 681 2437 744 2483; x_wconf 91' lang='lat' dir='ltr'><strong>ut</strong></span> <span class='ocrx_word' id='word_1_319' title='bbox 770 2428 866 2491; x_wconf 89' lang='lat' dir='ltr'><strong>ait,</strong></span> <span class='ocrx_word' id='word_1_320' title='bbox 912 2425 1187 2498; x_wconf 74' lang='lat' dir='ltr'><strong>Sapientia</strong></span> <span class='ocrx_word' id='word_1_321' title='bbox 1227 2425 1285 2478; x_wconf 83' lang='lat' dir='ltr'><strong>in</strong></span> <span class='ocrx_word' id='word_1_322' title='bbox 1319 2431 1458 2478; x_wconf 64' lang='lat' dir='ltr'><strong>cantu</strong></span> <span class='ocrx_word' id='word_1_323' title='bbox 1496 2423 1717 2476; x_wconf 80' lang='lat' dir='ltr'><strong>canitur.</strong></span> 
     </span>
    </p>
   </div>
   <div class='ocr_carea' id='block_1_41' title="bbox 160 2514 1725 2589">
    <p class='ocr_par' dir='ltr' id='par_1_41' title="bbox 160 2514 1725 2589">
     <span class='ocr_line' id='line_1_41' title="bbox 160 2514 1725 2589; baseline -0.008 -12"><span class='ocrx_word' id='word_1_324' title='bbox 160 2520 332 2579; x_wconf 75' lang='lat' dir='ltr'><strong>Exiens</strong></span> <span class='ocrx_word' id='word_1_325' title='bbox 375 2522 529 2577; x_wconf 87' lang='lat' dir='ltr'><strong>enim</strong></span> <span class='ocrx_word' id='word_1_326' title='bbox 575 2519 697 2589; x_wconf 84' lang='lat' dir='ltr'><strong>quis</strong></span> <span class='ocrx_word' id='word_1_327' title='bbox 738 2517 809 2573; x_wconf 89' lang='lat' dir='ltr'><strong>de</strong></span> <span class='ocrx_word' id='word_1_328' title='bbox 848 2516 1063 2573; x_wconf 88' lang='lat' dir='ltr'><strong>incertis</strong></span> <span class='ocrx_word' id='word_1_329' title='bbox 1096 2514 1476 2585; x_wconf 85' lang='lat' dir='ltr'><strong>periculorum,</strong></span> <span class='ocrx_word' id='word_1_330' title='bbox 1516 2519 1725 2567; x_wconf 87' lang='lat' dir='ltr'><strong>eertum</strong></span> 
     </span>
    </p>
   </div>
   <div class='ocr_carea' id='block_1_42' title="bbox 159 2602 1720 2670">
    <p class='ocr_par' dir='ltr' id='par_1_42' title="bbox 159 2602 1720 2670">
     <span class='ocr_line' id='line_1_42' title="bbox 159 2602 1720 2670; baseline -0.01 0"><span class='ocrx_word' id='word_1_331' title='bbox 159 2614 431 2669; x_wconf 76' lang='lat' dir='ltr'><strong>merebitur</strong></span> <span class='ocrx_word' id='word_1_332' title='bbox 458 2627 625 2667; x_wconf 86' lang='lat' dir='ltr'><strong>evasa</strong></span> <span class='ocrx_word' id='word_1_333' title='bbox 647 2609 886 2665; x_wconf 88' lang='lat' dir='ltr'><strong>omnium</strong></span> <span class='ocrx_word' id='word_1_334' title='bbox 907 2622 1089 2664; x_wconf 89' lang='lat' dir='ltr'><strong>rerum</strong></span> <span class='ocrx_word' id='word_1_335' title='bbox 1108 2606 1367 2661; x_wconf 87' lang='lat' dir='ltr'><strong>varietate</strong></span> <span class='ocrx_word' id='word_1_336' title='bbox 1392 2602 1720 2670; x_wconf 69' lang='lat' dir='ltr'><strong>suffragium:</strong></span> 
     </span>
    </p>
   </div>
   <div class='ocr_carea' id='block_1_43' title="bbox 159 2695 1723 2776">
    <p class='ocr_par' dir='ltr' id='par_1_43' title="bbox 159 2695 1723 2776">
     <span class='ocr_line' id='line_1_43' title="bbox 159 2695 1723 2776; baseline -0.008 -15"><span class='ocrx_word' id='word_1_337' title='bbox 159 2706 264 2776; x_wconf 83' lang='lat' dir='ltr'><strong>quia</strong></span> <span class='ocrx_word' id='word_1_338' title='bbox 293 2713 403 2761; x_wconf 83' lang='lat' dir='ltr'><strong>tum</strong></span> <span class='ocrx_word' id='word_1_339' title='bbox 433 2704 650 2761; x_wconf 86' lang='lat' dir='ltr'><strong>stabilis</strong></span> <span class='ocrx_word' id='word_1_340' title='bbox 677 2710 734 2759; x_wconf 87' lang='lat' dir='ltr'><strong>et</strong></span> <span class='ocrx_word' id='word_1_341' title='bbox 770 2699 922 2757; x_wconf 85' lang='lat' dir='ltr'><strong>ﬁrma</strong></span> <span class='ocrx_word' id='word_1_342' title='bbox 945 2701 1066 2755; x_wconf 90' lang='lat' dir='ltr'><strong>laus</strong></span> <span class='ocrx_word' id='word_1_343' title='bbox 1093 2704 1193 2764; x_wconf 89' lang='lat' dir='ltr'><strong>est,</strong></span> <span class='ocrx_word' id='word_1_344' title='bbox 1221 2696 1438 2767; x_wconf 89' lang='lat' dir='ltr'><strong>quando</strong></span> <span class='ocrx_word' id='word_1_345' title='bbox 1474 2695 1723 2749; x_wconf 88' lang='lat' dir='ltr'><strong>meritum</strong></span> 
     </span>
    </p>
   </div>
   <div class='ocr_carea' id='block_1_44' title="bbox 159 2785 1726 2866">
    <p class='ocr_par' dir='ltr' id='par_1_44' title="bbox 159 2785 1726 2866">
     <span class='ocr_line' id='line_1_44' title="bbox 159 2785 1726 2866; baseline -0.01 -14"><span class='ocrx_word' id='word_1_346' title='bbox 159 2794 251 2866; x_wconf 76' lang='lat' dir='ltr'><strong>iam</strong></span> <span class='ocrx_word' id='word_1_347' title='bbox 276 2811 382 2851; x_wconf 88' lang='lat' dir='ltr'><strong>non</strong></span> <span class='ocrx_word' id='word_1_348' title='bbox 425 2801 619 2866; x_wconf 78' lang='lat' dir='ltr'><strong>potest</strong></span> <span class='ocrx_word' id='word_1_349' title='bbox 645 2793 824 2863; x_wconf 88' lang='lat' dir='ltr'><strong>perire</strong></span> <span class='ocrx_word' id='word_1_350' title='bbox 852 2790 1073 2846; x_wconf 85' lang='lat' dir='ltr'><strong>laudati.</strong></span> <span class='ocrx_word' id='word_1_351' title='bbox 1119 2788 1409 2858; x_wconf 75' lang='lat' dir='ltr'><strong>Sapientia,</strong></span> <span class='ocrx_word' id='word_1_352' title='bbox 1439 2785 1726 2856; x_wconf 82' lang='lat' dir='ltr'><strong>inquit,-in</strong></span> 
     </span>
    </p>
   </div>
   <div class='ocr_carea' id='block_1_45' title="bbox 66 2877 1728 2953">
    <p class='ocr_par' dir='ltr' id='par_1_45' title="bbox 66 2877 1728 2953">
     <span class='ocr_line' id='line_1_45' title="bbox 66 2877 1728 2953; baseline -0.008 -9"><span class='ocrx_word' id='word_1_353' title='bbox 66 2932 71 2935; x_wconf 80' lang='grc'><strong><em>-</em></strong></span> <span class='ocrx_word' id='word_1_354' title='bbox 160 2889 281 2943; x_wconf 60' lang='lat' dir='ltr'><strong>nitu</strong></span> <span class='ocrx_word' id='word_1_355' title='bbox 307 2890 541 2942; x_wconf 79' lang='lat' dir='ltr'><strong>canitur.</strong></span> <span class='ocrx_word' id='word_1_356' title='bbox 576 2884 715 2953; x_wconf 85' lang='lat' dir='ltr'><strong>Quid</strong></span> <span class='ocrx_word' id='word_1_357' title='bbox 749 2892 849 2949; x_wconf 87' lang='lat' dir='ltr'><strong>est,</strong></span> <span class='ocrx_word' id='word_1_358' title='bbox 879 2898 1083 2952; x_wconf 69' lang='lat' dir='ltr'><strong>quaeso,</strong></span> <span class='ocrx_word' id='word_1_359' title='bbox 1110 2882 1371 2950; x_wconf 88' lang='lat' dir='ltr'><strong>sapientia</strong></span> <span class='ocrx_word' id='word_1_360' title='bbox 1403 2877 1728 2935; x_wconf 75' lang='lat' dir='ltr'><strong>Christiani?</strong></span> 
     </span>
    </p>
   </div>
   <div class='ocr_carea' id='block_1_46' title="bbox 160 2968 1730 3043">
    <p class='ocr_par' dir='ltr' id='par_1_46' title="bbox 160 2968 1730 3043">
     <span class='ocr_line' id='line_1_46' title="bbox 160 2968 1730 3043; baseline -0.007 -10"><span class='ocrx_word' id='word_1_361' title='bbox 160 2973 298 3043; x_wconf 81' lang='lat' dir='ltr'><strong>Quid,</strong></span> <span class='ocrx_word' id='word_1_362' title='bbox 338 2977 443 3032; x_wconf 91' lang='lat' dir='ltr'><strong>nisi</strong></span> <span class='ocrx_word' id='word_1_363' title='bbox 500 2976 663 3030; x_wconf 91' lang='lat' dir='ltr'><strong>timor</strong></span> <span class='ocrx_word' id='word_1_364' title='bbox 686 2981 741 3029; x_wconf 92' lang='lat' dir='ltr'><strong>et</strong></span> <span class='ocrx_word' id='word_1_365' title='bbox 779 2990 934 3028; x_wconf 89' lang='lat' dir='ltr'><strong>amor</strong></span> <span class='ocrx_word' id='word_1_366' title='bbox 958 2972 1194 3027; x_wconf 79' lang='lat' dir='ltr'><strong>Christi?</strong></span> <span class='ocrx_word' id='word_1_367' title='bbox 1223 2970 1439 3025; x_wconf 76' lang='lat' dir='ltr'><strong>Initium</strong></span> <span class='ocrx_word' id='word_1_368' title='bbox 1459 2969 1621 3034; x_wconf 88' lang='lat' dir='ltr'><strong>enim,</strong></span> <span class='ocrx_word' id='word_1_369' title='bbox 1646 2968 1730 3023; x_wconf 83' lang='lat' dir='ltr'><strong>in-</strong></span> 
     </span>
    </p>
   </div>
   <div class='ocr_carea' id='block_1_47' title="bbox 160 3058 1725 3139">
    <p class='ocr_par' dir='ltr' id='par_1_47' title="bbox 160 3058 1725 3139">
     <span class='ocr_line' id='line_1_47' title="bbox 160 3058 1725 3139; baseline -0.006 -17"><span class='ocrx_word' id='word_1_370' title='bbox 160 3068 279 3137; x_wconf 78' lang='lat' dir='ltr'><strong>quit,</strong></span> <span class='ocrx_word' id='word_1_371' title='bbox 307 3067 481 3139; x_wconf 62' lang='grc' dir='ltr'><strong>2³η</strong></span> <span class='ocrx_word' id='word_1_372' title='bbox 522 3066 792 3135; x_wconf 70' lang='lat' dir='ltr'><strong>sapientia</strong></span> <span class='ocrx_word' id='word_1_373' title='bbox 817 3065 969 3118; x_wconf 87' lang='lat' dir='ltr'><strong>timor</strong></span> <span class='ocrx_word' id='word_1_374' title='bbox 1003 3062 1212 3117; x_wconf 81' lang='lat' dir='ltr'><strong>Domini</strong></span> <span class='ocrx_word' id='word_1_375' title='bbox 1243 3062 1260 3130; x_wconf 96' lang='lat'>(</span> <span class='ocrx_word' id='word_1_376' title='bbox 1278 3060 1476 3115; x_wconf 80' lang='lat' dir='ltr'><strong>Psalm.</strong></span> <span class='ocrx_word' id='word_1_377' title='bbox 1507 3076 1593 3124; x_wconf 77' lang='lat' dir='ltr'><strong>cx,</strong></span> <span class='ocrx_word' id='word_1_378' title='bbox 1625 3058 1725 3126; x_wconf 63' lang='lat'><strong>50;</strong></span> 
     </span>
    </p>
   </div>
   <div class='ocr_carea' id='block_1_48' title="bbox 1818 1876 3399 1955">
    <p class='ocr_par' dir='ltr' id='par_1_48' title="bbox 1818 1876 3399 1955">
     <span class='ocr_line' id='line_1_48' title="bbox 1818 1876 3399 1955; baseline -0.008 -13"><span class='ocrx_word' id='word_1_379' title='bbox 1818 1888 1887 1942; x_wconf 81' lang='lat' dir='ltr'><strong>Et</strong></span> <span class='ocrx_word' id='word_1_380' title='bbox 1907 1889 2122 1952; x_wconf 88' lang='lat' dir='ltr'><strong>ideo,ut</strong></span> <span class='ocrx_word' id='word_1_381' title='bbox 2141 1885 2414 1955; x_wconf 86' lang='lat' dir='ltr'><strong>Scriptura</strong></span> <span class='ocrx_word' id='word_1_382' title='bbox 2438 1884 2613 1939; x_wconf 88' lang='lat' dir='ltr'><strong>divina</strong></span> <span class='ocrx_word' id='word_1_383' title='bbox 2636 1883 2728 1943; x_wconf 89' lang='lat' dir='ltr'><strong>ait,</strong></span> <span class='ocrx_word' id='word_1_384' title='bbox 2748 1882 2803 1935; x_wconf 86' lang='lat' dir='ltr'><strong>in</strong></span> <span class='ocrx_word' id='word_1_385' title='bbox 2826 1895 2935 1951; x_wconf 90' lang='lat' dir='ltr'><strong>quo</strong></span> <span class='ocrx_word' id='word_1_386' title='bbox 2949 1878 3154 1948; x_wconf 78' lang='lat' dir='ltr'><strong>judicio</strong></span> <span class='ocrx_word' id='word_1_387' title='bbox 3176 1876 3399 1945; x_wconf 78' lang='lat' dir='ltr'><strong>iudicat,</strong></span> 
     </span>
    </p>
   </div>
   <div class='ocr_carea' id='block_1_49' title="bbox 1820 1972 3401 2048">
    <p class='ocr_par' dir='ltr' id='par_1_49' title="bbox 1820 1972 3401 2048">
     <span class='ocr_line' id='line_1_49' title="bbox 1820 1972 3401 2048; baseline -0.008 -13"><span class='ocrx_word' id='word_1_388' title='bbox 1820 1981 1875 2035; x_wconf 91' lang='lat' dir='ltr'><strong>in</strong></span> <span class='ocrx_word' id='word_1_389' title='bbox 1903 1996 1970 2034; x_wconf 92' lang='lat' dir='ltr'><strong>eo</strong></span> <span class='ocrx_word' id='word_1_390' title='bbox 1994 1979 2321 2048; x_wconf 81' lang='lat' dir='ltr'><strong>iudicabitur</strong></span> <span class='ocrx_word' id='word_1_391' title='bbox 2348 1978 2416 2033; x_wconf 89' lang='lat' dir='ltr'><strong>de</strong></span> <span class='ocrx_word' id='word_1_392' title='bbox 2444 1993 2513 2032; x_wconf 89' lang='lat' dir='ltr'><strong>eo</strong></span> <span class='ocrx_word' id='word_1_393' title='bbox 2537 1974 2747 2045; x_wconf 76' lang='lat' dir='ltr'><strong>(Matth.</strong></span> <span class='ocrx_word' id='word_1_394' title='bbox 2775 1990 2865 2038; x_wconf 84' lang='lat' dir='ltr'><strong>vn,</strong></span> <span class='ocrx_word' id='word_1_395' title='bbox 2895 1972 2951 2042; x_wconf 74' lang='lat'><strong>‘2)</strong></span> <span class='ocrx_word' id='word_1_396' title='bbox 2979 1990 2990 2023; x_wconf 91' lang='lat'><strong>:</strong></span> <span class='ocrx_word' id='word_1_397' title='bbox 3023 1972 3126 2027; x_wconf 90' lang='lat' dir='ltr'><strong>hoc</strong></span> <span class='ocrx_word' id='word_1_398' title='bbox 3162 1980 3263 2035; x_wconf 87' lang='lat' dir='ltr'><strong>est,</strong></span> <span class='ocrx_word' id='word_1_399' title='bbox 3293 1984 3401 2039; x_wconf 77' lang='lat' dir='ltr'><strong>quo</strong></span> 
     </span>
    </p>
   </div>
   <div class='ocr_carea' id='block_1_50' title="bbox 1815 2062 3401 2141">
    <p class='ocr_par' dir='ltr' id='par_1_50' title="bbox 1815 2062 3401 2141">
     <span class='ocr_line' id='line_1_50' title="bbox 1815 2062 3401 2141; baseline -0.008 -15"><span class='ocrx_word' id='word_1_400' title='bbox 1815 2070 2019 2141; x_wconf 66' lang='lat' dir='ltr'><strong>judicio</strong></span> <span class='ocrx_word' id='word_1_401' title='bbox 2044 2069 2248 2137; x_wconf 75' lang='lat' dir='ltr'><strong>iudicat</strong></span> <span class='ocrx_word' id='word_1_402' title='bbox 2272 2068 2339 2123; x_wconf 92' lang='lat' dir='ltr'><strong>de</strong></span> <span class='ocrx_word' id='word_1_403' title='bbox 2362 2068 2490 2131; x_wconf 89' lang='lat' dir='ltr'><strong>Deo,</strong></span> <span class='ocrx_word' id='word_1_404' title='bbox 2516 2081 2582 2120; x_wconf 91' lang='lat' dir='ltr'><strong>eo</strong></span> <span class='ocrx_word' id='word_1_405' title='bbox 2612 2066 2723 2134; x_wconf 83' lang='lat' dir='ltr'><strong>ipse</strong></span> <span class='ocrx_word' id='word_1_406' title='bbox 2744 2064 3068 2132; x_wconf 70' lang='lat' dir='ltr'><strong>iudicabitur</strong></span> <span class='ocrx_word' id='word_1_407' title='bbox 3088 2078 3117 2116; x_wconf 92' lang='lat' dir='ltr'><strong>a</strong></span> <span class='ocrx_word' id='word_1_408' title='bbox 3146 2062 3287 2120; x_wconf 84' lang='lat' dir='ltr'><strong>Deo:</strong></span> <span class='ocrx_word' id='word_1_409' title='bbox 3318 2075 3401 2114; x_wconf 61' lang='lat' dir='ltr'><strong>nc.</strong></span> 
     </span>
    </p>
   </div>
   <div class='ocr_carea' id='block_1_51' title="bbox 1821 2150 3405 2233">
    <p class='ocr_par' dir='ltr' id='par_1_51' title="bbox 1821 2150 3405 2233">
     <span class='ocr_line' id='line_1_51' title="bbox 1821 2150 3405 2233; baseline -0.008 -18"><span class='ocrx_word' id='word_1_410' title='bbox 1821 2178 1926 2233; x_wconf 85' lang='lat' dir='ltr'><strong>que</strong></span> <span class='ocrx_word' id='word_1_411' title='bbox 1952 2161 2193 2230; x_wconf 89' lang='lat' dir='ltr'><strong>iniquum</strong></span> <span class='ocrx_word' id='word_1_412' title='bbox 2218 2167 2408 2229; x_wconf 88' lang='lat' dir='ltr'><strong>putare</strong></span> <span class='ocrx_word' id='word_1_413' title='bbox 2430 2157 2631 2226; x_wconf 84' lang='lat' dir='ltr'><strong>peterit</strong></span> <span class='ocrx_word' id='word_1_414' title='bbox 2667 2156 2712 2211; x_wconf 90' lang='lat' dir='ltr'><strong>si</strong></span> <span class='ocrx_word' id='word_1_415' title='bbox 2738 2170 2860 2211; x_wconf 88' lang='lat' dir='ltr'><strong>eum</strong></span> <span class='ocrx_word' id='word_1_416' title='bbox 2897 2153 3107 2209; x_wconf 88' lang='lat' dir='ltr'><strong>cunctis</strong></span> <span class='ocrx_word' id='word_1_417' title='bbox 3134 2152 3187 2205; x_wconf 89' lang='lat' dir='ltr'><strong>in</strong></span> <span class='ocrx_word' id='word_1_418' title='bbox 3227 2150 3405 2206; x_wconf 77' lang='lat' dir='ltr'><strong>futuro</strong></span> 
     </span>
    </p>
   </div>
   <div class='ocr_carea' id='block_1_52' title="bbox 1821 2242 3403 2321">
    <p class='ocr_par' dir='ltr' id='par_1_52' title="bbox 1821 2242 3403 2321">
     <span class='ocr_line' id='line_1_52' title="bbox 1821 2242 3403 2321; baseline -0.009 -14"><span class='ocrx_word' id='word_1_419' title='bbox 1821 2253 2080 2309; x_wconf 90' lang='lat' dir='ltr'><strong>Dominus</strong></span> <span class='ocrx_word' id='word_1_420' title='bbox 2098 2250 2490 2321; x_wconf 81' lang='lat' dir='ltr'><strong>postposuerit,</strong></span> <span class='ocrx_word' id='word_1_421' title='bbox 2513 2248 2604 2316; x_wconf 85' lang='lat' dir='ltr'><strong>qui</strong></span> <span class='ocrx_word' id='word_1_422' title='bbox 2628 2247 2680 2301; x_wconf 85' lang='lat' dir='ltr'><strong>in</strong></span> <span class='ocrx_word' id='word_1_423' title='bbox 2717 2245 2965 2315; x_wconf 56' lang='lat' dir='ltr'><strong>praesenti</strong></span> <span class='ocrx_word' id='word_1_424' title='bbox 2996 2244 3162 2298; x_wconf 82' lang='lat' dir='ltr'><strong>Deum</strong></span> <span class='ocrx_word' id='word_1_425' title='bbox 3201 2242 3403 2297; x_wconf 83' lang='lat' dir='ltr'><strong>cunctis</strong></span> 
     </span>
    </p>
   </div>
   <div class='ocr_carea' id='block_1_53' title="bbox 1824 2332 3405 2416">
    <p class='ocr_par' dir='ltr' id='par_1_53' title="bbox 1824 2332 3405 2416">
     <span class='ocr_line' id='line_1_53' title="bbox 1824 2332 3405 2416; baseline -0.01 -16"><span class='ocrx_word' id='word_1_426' title='bbox 1824 2345 1939 2416; x_wconf 65' lang='lat' dir='ltr'><strong>ipse</strong></span> <span class='ocrx_word' id='word_1_427' title='bbox 1982 2342 2289 2414; x_wconf 88' lang='lat' dir='ltr'><strong>postponit;</strong></span> <span class='ocrx_word' id='word_1_428' title='bbox 2335 2355 2437 2395; x_wconf 88' lang='lat' dir='ltr'><strong>nec</strong></span> <span class='ocrx_word' id='word_1_429' title='bbox 2477 2338 2630 2408; x_wconf 87' lang='lat' dir='ltr'><strong>queri</strong></span> <span class='ocrx_word' id='word_1_430' title='bbox 2688 2343 2866 2407; x_wconf 88' lang='lat' dir='ltr'><strong>potest</strong></span> <span class='ocrx_word' id='word_1_431' title='bbox 2916 2335 2959 2390; x_wconf 89' lang='lat' dir='ltr'><strong>si</strong></span> <span class='ocrx_word' id='word_1_432' title='bbox 2999 2348 3121 2388; x_wconf 70' lang='lat' dir='ltr'><strong>enim</strong></span> <span class='ocrx_word' id='word_1_433' title='bbox 3159 2332 3405 2386; x_wconf 73' lang='lat' dir='ltr'><strong>omnibus</strong></span> 
     </span>
    </p>
   </div>
   <div class='ocr_carea' id='block_1_54' title="bbox 1822 2421 3408 2497">
    <p class='ocr_par' dir='ltr' id='par_1_54' title="bbox 1822 2421 3408 2497">
     <span class='ocr_line' id='line_1_54' title="bbox 1822 2421 3408 2497; baseline -0.007 -7"><span class='ocrx_word' id='word_1_434' title='bbox 1822 2436 1966 2490; x_wconf 89' lang='lat' dir='ltr'><strong>Deus</strong></span> <span class='ocrx_word' id='word_1_435' title='bbox 2031 2434 2261 2488; x_wconf 66' lang='lat' dir='ltr'><strong>aestimet</strong></span> <span class='ocrx_word' id='word_1_436' title='bbox 2310 2421 2779 2493; x_wconf 72' lang='lat' dir='ltr'><strong>damnabilioi&#39;em,</strong></span> <span class='ocrx_word' id='word_1_437' title='bbox 2827 2443 2949 2486; x_wconf 83' lang='lat' dir='ltr'><strong>cum</strong></span> <span class='ocrx_word' id='word_1_438' title='bbox 2994 2428 3108 2497; x_wconf 89' lang='lat' dir='ltr'><strong>ipse</strong></span> <span class='ocrx_word' id='word_1_439' title='bbox 3161 2425 3408 2480; x_wconf 84' lang='lat' dir='ltr'><strong>omnibus</strong></span> 
     </span>
    </p>
   </div>
   <div class='ocr_carea' id='block_1_55' title="bbox 1827 2512 2537 2582">
    <p class='ocr_par' dir='ltr' id='par_1_55' title="bbox 1827 2512 2537 2582">
     <span class='ocr_line' id='line_1_55' title="bbox 1827 2512 2537 2582; baseline -0.007 0"><span class='ocrx_word' id='word_1_440' title='bbox 1827 2528 1993 2582; x_wconf 84' lang='lat' dir='ltr'><strong>Deum</strong></span> <span class='ocrx_word' id='word_1_441' title='bbox 2021 2512 2250 2580; x_wconf 71' lang='lat' dir='ltr'><strong>:éstimet</strong></span> <span class='ocrx_word' id='word_1_442' title='bbox 2272 2524 2537 2579; x_wconf 85' lang='lat' dir='ltr'><strong>viliorem.</strong></span> 
     </span>
    </p>
   </div>
   <div class='ocr_carea' id='block_1_56' title="bbox 1892 2608 3410 2682">
    <p class='ocr_par' dir='ltr' id='par_1_56' title="bbox 1892 2608 3410 2682">
     <span class='ocr_line' id='line_1_56' title="bbox 1892 2608 3410 2682; baseline -0.005 -11"><span class='ocrx_word' id='word_1_443' title='bbox 1892 2616 1981 2671; x_wconf 88' lang='lat' dir='ltr'><strong>Ill.</strong></span> <span class='ocrx_word' id='word_1_444' title='bbox 2020 2614 2128 2671; x_wconf 91' lang='lat' dir='ltr'><strong>Sed</strong></span> <span class='ocrx_word' id='word_1_445' title='bbox 2154 2614 2283 2670; x_wconf 90' lang='lat' dir='ltr'><strong>dicit</strong></span> <span class='ocrx_word' id='word_1_446' title='bbox 2310 2613 2502 2682; x_wconf 82' lang='lat' dir='ltr'><strong>aliquis</strong></span> <span class='ocrx_word' id='word_1_447' title='bbox 2529 2628 2637 2667; x_wconf 89' lang='lat' dir='ltr'><strong>non</strong></span> <span class='ocrx_word' id='word_1_448' title='bbox 2665 2626 2724 2667; x_wconf 89' lang='lat' dir='ltr'><strong>se</strong></span> <span class='ocrx_word' id='word_1_449' title='bbox 2751 2612 2855 2666; x_wconf 87' lang='lat' dir='ltr'><strong>hoc</strong></span> <span class='ocrx_word' id='word_1_450' title='bbox 2892 2611 3072 2665; x_wconf 90' lang='lat' dir='ltr'><strong>animo</strong></span> <span class='ocrx_word' id='word_1_451' title='bbox 3105 2610 3204 2664; x_wconf 88' lang='lat' dir='ltr'><strong>ista</strong></span> <span class='ocrx_word' id='word_1_452' title='bbox 3235 2608 3410 2665; x_wconf 81' lang='lat' dir='ltr'><strong>facere</strong></span> 
     </span>
    </p>
   </div>
   <div class='ocr_carea' id='block_1_57' title="bbox 1826 2702 3412 2780">
    <p class='ocr_par' dir='ltr' id='par_1_57' title="bbox 1826 2702 3412 2780">
     <span class='ocr_line' id='line_1_57' title="bbox 1826 2702 3412 2780; baseline -0.006 -16"><span class='ocrx_word' id='word_1_453' title='bbox 1826 2725 1937 2780; x_wconf 89' lang='lat' dir='ltr'><strong>quo</strong></span> <span class='ocrx_word' id='word_1_454' title='bbox 1975 2716 2067 2763; x_wconf 84' lang='lat' dir='ltr'><strong>aut</strong></span> <span class='ocrx_word' id='word_1_455' title='bbox 2093 2712 2403 2762; x_wconf 85' lang='lat' dir='ltr'><strong>contemnat</strong></span> <span class='ocrx_word' id='word_1_456' title='bbox 2450 2705 2618 2759; x_wconf 87' lang='lat' dir='ltr'><strong>Deum</strong></span> <span class='ocrx_word' id='word_1_457' title='bbox 2664 2711 2758 2757; x_wconf 85' lang='lat' dir='ltr'><strong>aut</strong></span> <span class='ocrx_word' id='word_1_458' title='bbox 2795 2703 2953 2757; x_wconf 85' lang='lat' dir='ltr'><strong>vilem</strong></span> <span class='ocrx_word' id='word_1_459' title='bbox 2980 2709 3150 2771; x_wconf 86' lang='lat' dir='ltr'><strong>putet,</strong></span> <span class='ocrx_word' id='word_1_460' title='bbox 3183 2702 3273 2759; x_wconf 87' lang='lat' dir='ltr'><strong>sed</strong></span> <span class='ocrx_word' id='word_1_461' title='bbox 3302 2714 3412 2771; x_wconf 88' lang='lat' dir='ltr'><strong>quo</strong></span> 
     </span>
    </p>
   </div>
   <div class='ocr_carea' id='block_1_58' title="bbox 1824 2789 3410 2866">
    <p class='ocr_par' dir='ltr' id='par_1_58' title="bbox 1824 2789 3410 2866">
     <span class='ocr_line' id='line_1_58' title="bbox 1824 2789 3410 2866; baseline -0.004 -13"><span class='ocrx_word' id='word_1_462' title='bbox 1824 2799 1913 2854; x_wconf 73' lang='lat' dir='ltr'><strong>vel</strong></span> <span class='ocrx_word' id='word_1_463' title='bbox 1940 2805 2085 2852; x_wconf 84' lang='lat' dir='ltr'><strong>amet</strong></span> <span class='ocrx_word' id='word_1_464' title='bbox 2103 2811 2198 2852; x_wconf 88' lang='lat' dir='ltr'><strong>eos</strong></span> <span class='ocrx_word' id='word_1_465' title='bbox 2224 2811 2361 2866; x_wconf 89' lang='lat' dir='ltr'><strong>quos</strong></span> <span class='ocrx_word' id='word_1_466' title='bbox 2381 2794 2623 2850; x_wconf 65' lang='lat' dir='ltr'><strong>hteredes</strong></span> <span class='ocrx_word' id='word_1_467' title='bbox 2645 2789 2890 2855; x_wconf 80' lang='lat' dir='ltr'><strong>instituit,</strong></span> <span class='ocrx_word' id='word_1_468' title='bbox 2919 2792 3001 2847; x_wconf 84' lang='lat' dir='ltr'><strong>vel</strong></span> <span class='ocrx_word' id='word_1_469' title='bbox 3031 2793 3279 2847; x_wconf 84' lang='lat' dir='ltr'><strong>honoret.</strong></span> <span class='ocrx_word' id='word_1_470' title='bbox 3306 2792 3410 2847; x_wconf 83' lang='lat' dir='ltr'><strong>Ac-</strong></span> 
     </span>
    </p>
   </div>
   <div class='ocr_carea' id='block_1_59' title="bbox 1826 2882 3412 2959">
    <p class='ocr_par' dir='ltr' id='par_1_59' title="bbox 1826 2882 3412 2959">
     <span class='ocr_line' id='line_1_59' title="bbox 1826 2882 3412 2959; baseline -0.006 -14"><span class='ocrx_word' id='word_1_471' title='bbox 1826 2889 2163 2959; x_wconf 85' lang='lat' dir='ltr'><strong>quiescamus</strong></span> <span class='ocrx_word' id='word_1_472' title='bbox 2185 2888 2288 2943; x_wconf 88' lang='lat' dir='ltr'><strong>hoc</strong></span> <span class='ocrx_word' id='word_1_473' title='bbox 2309 2888 2381 2941; x_wconf 86' lang='lat' dir='ltr'><strong>ita</strong></span> <span class='ocrx_word' id='word_1_474' title='bbox 2411 2900 2528 2941; x_wconf 85' lang='lat' dir='ltr'><strong>esse</strong></span> <span class='ocrx_word' id='word_1_475' title='bbox 2560 2902 2574 2939; x_wconf 89' lang='lat'><strong>:</strong></span> <span class='ocrx_word' id='word_1_476' title='bbox 2606 2884 2855 2939; x_wconf 88' lang='lat' dir='ltr'><strong>omnibus</strong></span> <span class='ocrx_word' id='word_1_477' title='bbox 2890 2882 3058 2937; x_wconf 76' lang='lat' dir='ltr'><strong>fet-me</strong></span> <span class='ocrx_word' id='word_1_478' title='bbox 3100 2884 3264 2938; x_wconf 90' lang='lat' dir='ltr'><strong>etiam</strong></span> <span class='ocrx_word' id='word_1_479' title='bbox 3292 2883 3412 2936; x_wconf 80' lang='lat' dir='ltr'><strong>aliis</strong></span> 
     </span>
    </p>
   </div>
   <div class='ocr_carea' id='block_1_60' title="bbox 1827 2974 3411 3049">
    <p class='ocr_par' dir='ltr' id='par_1_60' title="bbox 1827 2974 3411 3049">
     <span class='ocr_line' id='line_1_60' title="bbox 1827 2974 3411 3049; baseline -0.003 -16"><span class='ocrx_word' id='word_1_480' title='bbox 1827 2978 2253 3049; x_wconf 76' lang='lat' dir='ltr'><strong>ﬁagitiosisSimis</strong></span> <span class='ocrx_word' id='word_1_481' title='bbox 2280 2984 2337 3031; x_wconf 89' lang='lat' dir='ltr'><strong>et</strong></span> <span class='ocrx_word' id='word_1_482' title='bbox 2362 2975 2814 3031; x_wconf 78' lang='lat' dir='ltr'><strong>criminosissimis</strong></span> <span class='ocrx_word' id='word_1_483' title='bbox 2858 2974 2966 3029; x_wconf 90' lang='lat' dir='ltr'><strong>reis</strong></span> <span class='ocrx_word' id='word_1_484' title='bbox 3008 2974 3287 3029; x_wconf 60' lang='lat' dir='ltr'><strong>emutatio</strong></span> <span class='ocrx_word' id='word_1_485' title='bbox 3310 2974 3411 3029; x_wconf 84' lang='lat' dir='ltr'><strong>ista</strong></span> 
     </span>
    </p>
   </div>
   <div class='ocr_carea' id='block_1_61' title="bbox 1829 3061 3415 3140">
    <p class='ocr_par' dir='ltr' id='par_1_61' title="bbox 1829 3061 3415 3140">
     <span class='ocr_line' id='line_1_61' title="bbox 1829 3061 3415 3140; baseline -0.004 -17"><span class='ocrx_word' id='word_1_486' title='bbox 1829 3069 2081 3140; x_wconf 85' lang='lat' dir='ltr'><strong>suppetit.</strong></span> <span class='ocrx_word' id='word_1_487' title='bbox 2106 3066 2239 3122; x_wconf 85' lang='lat' dir='ltr'><strong>Nam</strong></span> <span class='ocrx_word' id='word_1_488' title='bbox 2258 3066 2436 3122; x_wconf 88' lang='lat' dir='ltr'><strong>dicere</strong></span> <span class='ocrx_word' id='word_1_489' title='bbox 2456 3074 2512 3120; x_wconf 91' lang='lat' dir='ltr'><strong>et</strong></span> <span class='ocrx_word' id='word_1_490' title='bbox 2532 3064 2944 3121; x_wconf 82' lang='lat' dir='ltr'><strong>fornicatoribus</strong></span> <span class='ocrx_word' id='word_1_491' title='bbox 2965 3061 3089 3118; x_wconf 88' lang='lat' dir='ltr'><strong>licet</strong></span> <span class='ocrx_word' id='word_1_492' title='bbox 3109 3079 3217 3121; x_wconf 89' lang='lat' dir='ltr'><strong>non</strong></span> <span class='ocrx_word' id='word_1_493' title='bbox 3234 3078 3295 3117; x_wconf 92' lang='lat' dir='ltr'><strong>se</strong></span> <span class='ocrx_word' id='word_1_494' title='bbox 3312 3061 3415 3117; x_wconf 90' lang='lat' dir='ltr'><strong>hoc</strong></span> 
     </span>
    </p>
   </div>
   <div class='ocr_carea' id='block_1_62' title="bbox 164 3145 1733 3226">
    <p class='ocr_par' dir='ltr' id='par_1_62' title="bbox 164 3150 1730 3223">
     <span class='ocr_line' id='line_1_62' title="bbox 164 3150 1730 3223; baseline -0.005 -11"><span class='ocrx_word' id='word_1_495' title='bbox 164 3155 300 3212; x_wconf 61' lang='lat' dir='ltr'><strong>Prom</strong></span> <span class='ocrx_word' id='word_1_496' title='bbox 321 3173 359 3223; x_wconf 85' lang='grc' dir='ltr'><strong>ι,</strong></span> <span class='ocrx_word' id='word_1_497' title='bbox 385 3158 439 3221; x_wconf 86' lang='lat'><strong>7,</strong></span> <span class='ocrx_word' id='word_1_498' title='bbox 465 3165 525 3210; x_wconf 74' lang='lat' dir='ltr'><strong>et</strong></span> <span class='ocrx_word' id='word_1_499' title='bbox 547 3171 623 3220; x_wconf 76' lang='lat' dir='ltr'><strong>lx,</strong></span> <span class='ocrx_word' id='word_1_500' title='bbox 657 3152 754 3219; x_wconf 64' lang='lat'><strong>10;</strong></span> <span class='ocrx_word' id='word_1_501' title='bbox 784 3152 949 3207; x_wconf 83' lang='lat' dir='ltr'><strong>Eccli.</strong></span> <span class='ocrx_word' id='word_1_502' title='bbox 980 3168 1018 3216; x_wconf 84' lang='grc' dir='ltr'><strong>ι,</strong></span> <span class='ocrx_word' id='word_1_503' title='bbox 1043 3151 1160 3220; x_wconf 79' lang='grc'><strong>16);</strong></span> <span class='ocrx_word' id='word_1_504' title='bbox 1183 3159 1240 3205; x_wconf 88' lang='lat' dir='ltr'><strong>et</strong></span> <span class='ocrx_word' id='word_1_505' title='bbox 1271 3150 1396 3204; x_wconf 81' lang='lat' dir='ltr'><strong>alibi</strong></span> <span class='ocrx_word' id='word_1_506' title='bbox 1422 3169 1435 3203; x_wconf 88' lang='lat'><strong>:</strong></span> <span class='ocrx_word' id='word_1_507' title='bbox 1468 3150 1730 3223; x_wconf 73' lang='lat' dir='ltr'><strong>Perfecta,</strong></span> 
     </span>
    </p>
   </div>
   <div class='ocr_carea' id='block_1_63' title="bbox 1834 3145 3418 3226">
    <p class='ocr_par' dir='ltr' id='par_1_63' title="bbox 1837 3155 3418 3226">
     <span class='ocr_line' id='line_1_63' title="bbox 1837 3155 3418 3226; baseline -0.003 -10"><span class='ocrx_word' id='word_1_508' title='bbox 1837 3162 2017 3217; x_wconf 92' lang='lat' dir='ltr'><strong>animo</strong></span> <span class='ocrx_word' id='word_1_509' title='bbox 2047 3159 2296 3215; x_wconf 80' lang='lat' dir='ltr'><strong>fornicari</strong></span> <span class='ocrx_word' id='word_1_510' title='bbox 2325 3157 2471 3226; x_wconf 83' lang='lat' dir='ltr'><strong>quod</strong></span> <span class='ocrx_word' id='word_1_511' title='bbox 2515 3157 2687 3213; x_wconf 84' lang='lat' dir='ltr'><strong>Deum</strong></span> <span class='ocrx_word' id='word_1_512' title='bbox 2731 3163 3006 3226; x_wconf 79' lang='lat' dir='ltr'><strong>spernant,</strong></span> <span class='ocrx_word' id='word_1_513' title='bbox 3056 3155 3151 3211; x_wconf 88' lang='lat' dir='ltr'><strong>sed</strong></span> <span class='ocrx_word' id='word_1_514' title='bbox 3176 3156 3300 3225; x_wconf 86' lang='lat' dir='ltr'><strong>quia</strong></span> <span class='ocrx_word' id='word_1_515' title='bbox 3328 3171 3418 3211; x_wconf 87' lang='lat' dir='ltr'><strong>ca-</strong></span> 
     </span>
    </p>
   </div>
   <div class='ocr_carea' id='block_1_64' title="bbox 163 3243 1729 3318">
    <p class='ocr_par' dir='ltr' id='par_1_64' title="bbox 163 3243 1729 3318">
     <span class='ocr_line' id='line_1_64' title="bbox 163 3243 1729 3318; baseline -0.004 -14"><span class='ocrx_word' id='word_1_516' title='bbox 163 3248 334 3318; x_wconf 82' lang='lat' dir='ltr'><strong>inquit,</strong></span> <span class='ocrx_word' id='word_1_517' title='bbox 358 3249 581 3304; x_wconf 75' lang='lat' dir='ltr'><strong>dilectio</strong></span> <span class='ocrx_word' id='word_1_518' title='bbox 610 3249 753 3317; x_wconf 76' lang='lat' dir='ltr'><strong>foras</strong></span> <span class='ocrx_word' id='word_1_519' title='bbox 777 3247 933 3301; x_wconf 83' lang='lat' dir='ltr'><strong>mittit</strong></span> <span class='ocrx_word' id='word_1_520' title='bbox 963 3246 1193 3300; x_wconf 82' lang='lat' dir='ltr'><strong>timorem</strong></span> <span class='ocrx_word' id='word_1_521' title='bbox 1223 3243 1266 3314; x_wconf 95' lang='lat' dir='ltr'><strong>(I</strong></span> <span class='ocrx_word' id='word_1_522' title='bbox 1285 3243 1477 3297; x_wconf 81' lang='lat' dir='ltr'><strong>Joann.</strong></span> <span class='ocrx_word' id='word_1_523' title='bbox 1510 3260 1580 3304; x_wconf 77' lang='lat' dir='ltr'><strong>iv,</strong></span> <span class='ocrx_word' id='word_1_524' title='bbox 1610 3243 1729 3311; x_wconf 73' lang='lat'><strong>18).</strong></span> 
     </span>
    </p>
   </div>
   <div class='ocr_carea' id='block_1_65' title="bbox 164 3335 1734 3410">
    <p class='ocr_par' dir='ltr' id='par_1_65' title="bbox 164 3335 1734 3410">
     <span class='ocr_line' id='line_1_65' title="bbox 164 3335 1734 3410; baseline -0.006 -13"><span class='ocrx_word' id='word_1_525' title='bbox 164 3339 306 3410; x_wconf 71' lang='lat' dir='ltr'><strong>Ergo,</strong></span> <span class='ocrx_word' id='word_1_526' title='bbox 351 3350 413 3396; x_wconf 95' lang='lat' dir='ltr'><strong>ut</strong></span> <span class='ocrx_word' id='word_1_527' title='bbox 450 3339 727 3404; x_wconf 72' lang='lat' dir='ltr'><strong>videmus,</strong></span> <span class='ocrx_word' id='word_1_528' title='bbox 777 3338 986 3392; x_wconf 90' lang='lat' dir='ltr'><strong>initium</strong></span> <span class='ocrx_word' id='word_1_529' title='bbox 1021 3336 1296 3407; x_wconf 80' lang='lat' dir='ltr'><strong>sapientiae</strong></span> <span class='ocrx_word' id='word_1_530' title='bbox 1342 3344 1425 3390; x_wconf 89' lang='lat' dir='ltr'><strong>est</strong></span> <span class='ocrx_word' id='word_1_531' title='bbox 1451 3335 1506 3390; x_wconf 91' lang='lat' dir='ltr'><strong>in</strong></span> <span class='ocrx_word' id='word_1_532' title='bbox 1541 3335 1734 3389; x_wconf 77' lang='lat' dir='ltr'><strong>timore</strong></span> 
     </span>
    </p>
   </div>
   <div class='ocr_carea' id='block_1_66' title="bbox 164 3424 1735 3503">
    <p class='ocr_par' dir='ltr' id='par_1_66' title="bbox 164 3424 1735 3503">
     <span class='ocr_line' id='line_1_66' title="bbox 164 3424 1735 3503; baseline -0.004 -17"><span class='ocrx_word' id='word_1_533' title='bbox 164 3429 358 3500; x_wconf 85' lang='lat' dir='ltr'><strong>Christi,</strong></span> <span class='ocrx_word' id='word_1_534' title='bbox 383 3431 659 3503; x_wconf 80' lang='lat' dir='ltr'><strong>perfectio</strong></span> <span class='ocrx_word' id='word_1_535' title='bbox 686 3429 741 3483; x_wconf 91' lang='lat' dir='ltr'><strong>in</strong></span> <span class='ocrx_word' id='word_1_536' title='bbox 779 3443 982 3484; x_wconf 88' lang='lat' dir='ltr'><strong>amore.</strong></span> <span class='ocrx_word' id='word_1_537' title='bbox 1004 3427 1189 3496; x_wconf 89' lang='lat' dir='ltr'><strong>Itaque</strong></span> <span class='ocrx_word' id='word_1_538' title='bbox 1215 3427 1260 3482; x_wconf 91' lang='lat' dir='ltr'><strong>si</strong></span> <span class='ocrx_word' id='word_1_539' title='bbox 1289 3426 1549 3497; x_wconf 84' lang='lat' dir='ltr'><strong>sapientia</strong></span> <span class='ocrx_word' id='word_1_540' title='bbox 1576 3424 1735 3480; x_wconf 92' lang='lat' dir='ltr'><strong>Chri-</strong></span> 
     </span>
    </p>
   </div>
   <div class='ocr_carea' id='block_1_67' title="bbox 166 3518 1739 3590">
    <p class='ocr_par' dir='ltr' id='par_1_67' title="bbox 166 3518 1739 3590">
     <span class='ocr_line' id='line_1_67' title="bbox 166 3518 1739 3590; baseline -0.003 -13"><span class='ocrx_word' id='word_1_541' title='bbox 166 3522 302 3578; x_wconf 76' lang='lat' dir='ltr'><strong>stiani</strong></span> <span class='ocrx_word' id='word_1_542' title='bbox 323 3524 499 3580; x_wconf 82' lang='lat' dir='ltr'><strong>timor</strong></span> <span class='ocrx_word' id='word_1_543' title='bbox 524 3528 609 3577; x_wconf 86' lang='lat' dir='ltr'><strong>est</strong></span> <span class='ocrx_word' id='word_1_544' title='bbox 633 3528 795 3590; x_wconf 83' lang='lat' dir='ltr'><strong>atque</strong></span> <span class='ocrx_word' id='word_1_545' title='bbox 833 3535 987 3575; x_wconf 85' lang='lat' dir='ltr'><strong>amor</strong></span> <span class='ocrx_word' id='word_1_546' title='bbox 1016 3519 1244 3585; x_wconf 85' lang='lat' dir='ltr'><strong>Domini,</strong></span> <span class='ocrx_word' id='word_1_547' title='bbox 1272 3520 1346 3573; x_wconf 86' lang='lat' dir='ltr'><strong>ita</strong></span> <span class='ocrx_word' id='word_1_548' title='bbox 1369 3518 1581 3573; x_wconf 91' lang='lat' dir='ltr'><strong>demum</strong></span> <span class='ocrx_word' id='word_1_549' title='bbox 1609 3533 1739 3573; x_wconf 83' lang='lat' dir='ltr'><strong>vere</strong></span> 
     </span>
    </p>
   </div>
   <div class='ocr_carea' id='block_1_68' title="bbox 165 3609 1738 3684">
    <p class='ocr_par' dir='ltr' id='par_1_68' title="bbox 165 3609 1738 3684">
     <span class='ocr_line' id='line_1_68' title="bbox 165 3609 1738 3684; baseline -0.003 -17"><span class='ocrx_word' id='word_1_550' title='bbox 165 3614 423 3684; x_wconf 68' lang='lat' dir='ltr'><strong>sapientes</strong></span> <span class='ocrx_word' id='word_1_551' title='bbox 454 3628 654 3669; x_wconf 84' lang='lat' dir='ltr'><strong>sumus</strong></span> <span class='ocrx_word' id='word_1_552' title='bbox 672 3612 900 3669; x_wconf 88' lang='lat' dir='ltr'><strong>siDeum</strong></span> <span class='ocrx_word' id='word_1_553' title='bbox 927 3626 1142 3681; x_wconf 88' lang='lat' dir='ltr'><strong>semper</strong></span> <span class='ocrx_word' id='word_1_554' title='bbox 1172 3625 1235 3666; x_wconf 91' lang='lat' dir='ltr'><strong>ac</strong></span> <span class='ocrx_word' id='word_1_555' title='bbox 1260 3625 1423 3679; x_wconf 89' lang='lat' dir='ltr'><strong>super</strong></span> <span class='ocrx_word' id='word_1_556' title='bbox 1449 3610 1627 3666; x_wconf 87' lang='lat' dir='ltr'><strong>omnia</strong></span> <span class='ocrx_word' id='word_1_557' title='bbox 1657 3609 1738 3664; x_wconf 90' lang='lat' dir='ltr'><strong>di-</strong></span> 
     </span>
    </p>
   </div>
   <div class='ocr_carea' id='block_1_69' title="bbox 166 3700 1740 3772">
    <p class='ocr_par' dir='ltr' id='par_1_69' title="bbox 166 3700 1740 3772">
     <span class='ocr_line' id='line_1_69' title="bbox 166 3700 1740 3772; baseline -0.004 -11"><span class='ocrx_word' id='word_1_558' title='bbox 166 3701 402 3772; x_wconf 75' lang='lat' dir='ltr'><strong>ligamus;</strong></span> <span class='ocrx_word' id='word_1_559' title='bbox 429 3710 500 3760; x_wconf 87' lang='lat' dir='ltr'><strong>et</strong></span> <span class='ocrx_word' id='word_1_560' title='bbox 535 3703 643 3759; x_wconf 89' lang='lat' dir='ltr'><strong>hoc</strong></span> <span class='ocrx_word' id='word_1_561' title='bbox 677 3718 800 3759; x_wconf 88' lang='lat' dir='ltr'><strong>cum</strong></span> <span class='ocrx_word' id='word_1_562' title='bbox 844 3702 991 3758; x_wconf 84' lang='lat' dir='ltr'><strong>omni</strong></span> <span class='ocrx_word' id='word_1_563' title='bbox 1040 3709 1297 3771; x_wconf 87' lang='lat' dir='ltr'><strong>tempore,</strong></span> <span class='ocrx_word' id='word_1_564' title='bbox 1322 3707 1436 3755; x_wconf 93' lang='lat' dir='ltr'><strong>tum</strong></span> <span class='ocrx_word' id='word_1_565' title='bbox 1471 3700 1740 3771; x_wconf 74' lang='lat' dir='ltr'><strong>przecipue</strong></span> 
     </span>
    </p>
   </div>
   <div class='ocr_carea' id='block_1_70' title="bbox 166 3790 1522 3863">
    <p class='ocr_par' dir='ltr' id='par_1_70' title="bbox 166 3790 1522 3863">
     <span class='ocr_line' id='line_1_70' title="bbox 166 3790 1522 3863; baseline -0.004 -14"><span class='ocrx_word' id='word_1_566' title='bbox 166 3790 365 3849; x_wconf 83' lang='lat' dir='ltr'><strong>inexitu</strong></span> <span class='ocrx_word' id='word_1_567' title='bbox 383 3799 606 3855; x_wconf 79' lang='lat' dir='ltr'><strong>nostro,</strong></span> <span class='ocrx_word' id='word_1_568' title='bbox 624 3792 751 3861; x_wconf 84' lang='lat' dir='ltr'><strong>quia</strong></span> <span class='ocrx_word' id='word_1_569' title='bbox 770 3791 1040 3863; x_wconf 76' lang='lat' dir='ltr'><strong>Sapientia</strong></span> <span class='ocrx_word' id='word_1_570' title='bbox 1063 3793 1120 3845; x_wconf 85' lang='lat' dir='ltr'><strong>in</strong></span> <span class='ocrx_word' id='word_1_571' title='bbox 1144 3792 1284 3845; x_wconf 70' lang='lat' dir='ltr'><strong>exitu</strong></span> <span class='ocrx_word' id='word_1_572' title='bbox 1299 3791 1522 3844; x_wconf 80' lang='lat' dir='ltr'><strong>canitur.</strong></span> 
     </span>
    </p>
   </div>
   <div class='ocr_carea' id='block_1_71' title="bbox 224 3880 1739 3953">
    <p class='ocr_par' dir='ltr' id='par_1_71' title="bbox 224 3880 1739 3953">
     <span class='ocr_line' id='line_1_71' title="bbox 224 3880 1739 3953; baseline -0.002 -15"><span class='ocrx_word' id='word_1_573' title='bbox 224 3880 285 3939; x_wconf 88' lang='lat' dir='ltr'><strong>ll.</strong></span> <span class='ocrx_word' id='word_1_574' title='bbox 321 3883 381 3939; x_wconf 92' lang='lat' dir='ltr'><strong>Si</strong></span> <span class='ocrx_word' id='word_1_575' title='bbox 399 3897 543 3951; x_wconf 73' lang='lat' dir='ltr'><strong>ergo</strong></span> <span class='ocrx_word' id='word_1_576' title='bbox 568 3883 825 3953; x_wconf 72' lang='lat' dir='ltr'><strong>sapientia</strong></span> <span class='ocrx_word' id='word_1_577' title='bbox 851 3896 950 3952; x_wconf 87' lang='lat' dir='ltr'><strong>per</strong></span> <span class='ocrx_word' id='word_1_578' title='bbox 967 3882 1071 3938; x_wconf 89' lang='lat' dir='ltr'><strong>hoc</strong></span> <span class='ocrx_word' id='word_1_579' title='bbox 1092 3882 1325 3937; x_wconf 78' lang='lat' dir='ltr'><strong>maxime</strong></span> <span class='ocrx_word' id='word_1_580' title='bbox 1341 3883 1397 3935; x_wconf 83' lang='lat' dir='ltr'><strong>in</strong></span> <span class='ocrx_word' id='word_1_581' title='bbox 1423 3883 1563 3936; x_wconf 69' lang='lat' dir='ltr'><strong>exitu</strong></span> <span class='ocrx_word' id='word_1_582' title='bbox 1591 3882 1739 3935; x_wconf 85' lang='lat' dir='ltr'><strong>cani-</strong></span> 
     </span>
    </p>
   </div>
   <div class='ocr_carea' id='block_1_72' title="bbox 168 3972 1741 4043">
    <p class='ocr_par' dir='ltr' id='par_1_72' title="bbox 168 3972 1741 4043">
     <span class='ocr_line' id='line_1_72' title="bbox 168 3972 1741 4043; baseline -0.001 -15"><span class='ocrx_word' id='word_1_583' title='bbox 168 3980 257 4041; x_wconf 70' lang='lat' dir='ltr'><strong>tur,</strong></span> <span class='ocrx_word' id='word_1_584' title='bbox 284 3974 327 4030; x_wconf 85' lang='lat' dir='ltr'><strong>si</strong></span> <span class='ocrx_word' id='word_1_585' title='bbox 344 3974 498 4032; x_wconf 77' lang='lat' dir='ltr'><strong>Deus</strong></span> <span class='ocrx_word' id='word_1_586' title='bbox 535 3987 700 4043; x_wconf 81' lang='lat' dir='ltr'><strong>super</strong></span> <span class='ocrx_word' id='word_1_587' title='bbox 717 3973 897 4027; x_wconf 85' lang='lat' dir='ltr'><strong>omnia</strong></span> <span class='ocrx_word' id='word_1_588' title='bbox 916 3972 1164 4039; x_wconf 72' lang='lat' dir='ltr'><strong>diligatur</strong></span> <span class='ocrx_word' id='word_1_589' title='bbox 1178 4013 1193 4038; x_wconf 92' lang='lat'><strong>,</strong></span> <span class='ocrx_word' id='word_1_590' title='bbox 1216 3988 1335 4043; x_wconf 70' lang='lat' dir='ltr'><strong>qua:</strong></span> <span class='ocrx_word' id='word_1_591' title='bbox 1356 3973 1515 4041; x_wconf 76' lang='lat' dir='ltr'><strong>igitur</strong></span> <span class='ocrx_word' id='word_1_592' title='bbox 1535 3973 1741 4028; x_wconf 87' lang='lat' dir='ltr'><strong>insania</strong></span> 
     </span>
    </p>
   </div>
   <div class='ocr_carea' id='block_1_73' title="bbox 171 4062 1742 4134">
    <p class='ocr_par' dir='ltr' id='par_1_73' title="bbox 171 4062 1742 4134">
     <span class='ocr_line' id='line_1_73' title="bbox 171 4062 1742 4134; baseline -0.001 -13"><span class='ocrx_word' id='word_1_593' title='bbox 171 4072 262 4131; x_wconf 82' lang='lat' dir='ltr'><strong>ett,</strong></span> <span class='ocrx_word' id='word_1_594' title='bbox 288 4072 347 4118; x_wconf 92' lang='lat' dir='ltr'><strong>ut</strong></span> <span class='ocrx_word' id='word_1_595' title='bbox 365 4066 518 4121; x_wconf 85' lang='lat' dir='ltr'><strong>dicat</strong></span> <span class='ocrx_word' id='word_1_596' title='bbox 563 4063 759 4132; x_wconf 89' lang='lat' dir='ltr'><strong>aliquis</strong></span> <span class='ocrx_word' id='word_1_597' title='bbox 800 4062 1073 4124; x_wconf 85' lang='lat' dir='ltr'><strong>Christum</strong></span> <span class='ocrx_word' id='word_1_598' title='bbox 1109 4064 1312 4121; x_wconf 86' lang='lat' dir='ltr'><strong>carnali</strong></span> <span class='ocrx_word' id='word_1_599' title='bbox 1340 4065 1742 4134; x_wconf 84' lang='lat' dir='ltr'><strong>propinquitati</strong></span> 
     </span>
    </p>
   </div>
   <div class='ocr_carea' id='block_1_74' title="bbox 173 4156 1743 4229">
    <p class='ocr_par' dir='ltr' id='par_1_74' title="bbox 173 4156 1743 4229">
     <span class='ocr_line' id='line_1_74' title="bbox 173 4156 1743 4229; baseline -0.003 -14"><span class='ocrx_word' id='word_1_600' title='bbox 173 4160 391 4229; x_wconf 63' lang='lat' dir='ltr'><strong>[imponi</strong></span> <span class='ocrx_word' id='word_1_601' title='bbox 421 4159 494 4214; x_wconf 87' lang='lat' dir='ltr'><strong>ab</strong></span> <span class='ocrx_word' id='word_1_602' title='bbox 532 4157 893 4213; x_wconf 86' lang='lat' dir='ltr'><strong>incolumibus</strong></span> <span class='ocrx_word' id='word_1_603' title='bbox 910 4163 1182 4227; x_wconf 80' lang='lat' dir='ltr'><strong>oportere,</strong></span> <span class='ocrx_word' id='word_1_604' title='bbox 1206 4170 1236 4209; x_wconf 91' lang='lat' dir='ltr'><strong>a</strong></span> <span class='ocrx_word' id='word_1_605' title='bbox 1265 4156 1616 4211; x_wconf 87' lang='lat' dir='ltr'><strong>morientibus</strong></span> <span class='ocrx_word' id='word_1_606' title='bbox 1637 4173 1743 4212; x_wconf 93' lang='lat' dir='ltr'><strong>non</strong></span> 
     </span>
    </p>
   </div>
   <div class='ocr_carea' id='block_1_75' title="bbox 173 4246 1743 4318">
    <p class='ocr_par' dir='ltr' id='par_1_75' title="bbox 173 4246 1743 4318">
     <span class='ocr_line' id='line_1_75' title="bbox 173 4246 1743 4318; baseline -0.001 -14"><span class='ocrx_word' id='word_1_607' title='bbox 173 4247 390 4306; x_wconf 65' lang='lat' dir='ltr'><strong>ddiem?</strong></span> <span class='ocrx_word' id='word_1_608' title='bbox 418 4248 536 4306; x_wconf 90' lang='lat' dir='ltr'><strong>Cur</strong></span> <span class='ocrx_word' id='word_1_609' title='bbox 577 4249 720 4304; x_wconf 89' lang='lat' dir='ltr'><strong>enim</strong></span> <span class='ocrx_word' id='word_1_610' title='bbox 747 4264 869 4303; x_wconf 88' lang='lat' dir='ltr'><strong>eum</strong></span> <span class='ocrx_word' id='word_1_611' title='bbox 899 4246 1185 4318; x_wconf 75' lang='lat' dir='ltr'><strong>prml‘erant</strong></span> <span class='ocrx_word' id='word_1_612' title='bbox 1222 4247 1532 4309; x_wconf 88' lang='lat' dir='ltr'><strong>incolumes,</strong></span> <span class='ocrx_word' id='word_1_613' title='bbox 1571 4249 1743 4303; x_wconf 88' lang='lat' dir='ltr'><strong>sinon</strong></span> 
     </span>
    </p>
   </div>
   <div class='ocr_carea' id='block_1_76' title="bbox 174 4336 1745 4412">
    <p class='ocr_par' dir='ltr' id='par_1_76' title="bbox 174 4336 1745 4412">
     <span class='ocr_line' id='line_1_76' title="bbox 174 4336 1745 4412; baseline -0.001 -19"><span class='ocrx_word' id='word_1_614' title='bbox 174 4337 356 4395; x_wconf 84' lang='lat' dir='ltr'><strong>debent</strong></span> <span class='ocrx_word' id='word_1_615' title='bbox 392 4339 659 4412; x_wconf 75' lang='lat' dir='ltr'><strong>pmfene</strong></span> <span class='ocrx_word' id='word_1_616' title='bbox 695 4338 1018 4395; x_wconf 81' lang='lat' dir='ltr'><strong>morientes?</strong></span> <span class='ocrx_word' id='word_1_617' title='bbox 1044 4336 1153 4391; x_wconf 88' lang='lat' dir='ltr'><strong>Aut</strong></span> <span class='ocrx_word' id='word_1_618' title='bbox 1178 4337 1224 4391; x_wconf 89' lang='lat' dir='ltr'><strong>si</strong></span> <span class='ocrx_word' id='word_1_619' title='bbox 1266 4345 1446 4407; x_wconf 87' lang='lat' dir='ltr'><strong>potest</strong></span> <span class='ocrx_word' id='word_1_620' title='bbox 1484 4338 1745 4408; x_wconf 86' lang='lat' dir='ltr'><strong>quispiam</strong></span> 
     </span>
    </p>
   </div>
   <div class='ocr_carea' id='block_1_77' title="bbox 176 4426 1747 4501">
    <p class='ocr_par' dir='ltr' id='par_1_77' title="bbox 176 4426 1747 4501">
     <span class='ocr_line' id='line_1_77' title="bbox 176 4426 1747 4501; baseline -0.004 -13"><span class='ocrx_word' id='word_1_621' title='bbox 176 4430 408 4501; x_wconf 69' lang='lat' dir='ltr'><strong>religiose</strong></span> <span class='ocrx_word' id='word_1_622' title='bbox 434 4437 668 4500; x_wconf 74' lang='lat' dir='ltr'><strong>agnatos</strong></span> <span class='ocrx_word' id='word_1_623' title='bbox 694 4436 856 4498; x_wconf 89' lang='lat' dir='ltr'><strong>atque</strong></span> <span class='ocrx_word' id='word_1_624' title='bbox 883 4426 1069 4482; x_wconf 77' lang='lat' dir='ltr'><strong>afﬁnes</strong></span> <span class='ocrx_word' id='word_1_625' title='bbox 1096 4442 1223 4482; x_wconf 88' lang='lat' dir='ltr'><strong>suos</strong></span> <span class='ocrx_word' id='word_1_626' title='bbox 1260 4426 1473 4482; x_wconf 88' lang='lat' dir='ltr'><strong>Christo</strong></span> <span class='ocrx_word' id='word_1_627' title='bbox 1496 4427 1548 4481; x_wconf 91' lang='lat' dir='ltr'><strong>in</strong></span> <span class='ocrx_word' id='word_1_628' title='bbox 1573 4436 1747 4482; x_wconf 90' lang='lat' dir='ltr'><strong>morte</strong></span> 
     </span>
    </p>
   </div>
   <div class='ocr_carea' id='block_1_78' title="bbox 1834 3245 3419 3320">
    <p class='ocr_par' dir='ltr' id='par_1_78' title="bbox 1834 3245 3419 3320">
     <span class='ocr_line' id='line_1_78' title="bbox 1834 3245 3419 3320; baseline -0.006 -12"><span class='ocrx_word' id='word_1_629' title='bbox 1834 3253 1953 3308; x_wconf 88' lang='lat' dir='ltr'><strong>lore</strong></span> <span class='ocrx_word' id='word_1_630' title='bbox 1980 3249 2224 3320; x_wconf 74' lang='lat' dir='ltr'><strong>corporis</strong></span> <span class='ocrx_word' id='word_1_631' title='bbox 2248 3258 2411 3317; x_wconf 86' lang='lat' dir='ltr'><strong>atque</strong></span> <span class='ocrx_word' id='word_1_632' title='bbox 2431 3248 2740 3305; x_wconf 87' lang='lat' dir='ltr'><strong>inﬁrmitate</strong></span> <span class='ocrx_word' id='word_1_633' title='bbox 2766 3248 3068 3303; x_wconf 84' lang='lat' dir='ltr'><strong>vincantur.</strong></span> <span class='ocrx_word' id='word_1_634' title='bbox 3101 3245 3171 3300; x_wconf 85' lang='lat' dir='ltr'><strong>Et</strong></span> <span class='ocrx_word' id='word_1_635' title='bbox 3194 3246 3419 3301; x_wconf 84' lang='lat' dir='ltr'><strong>homici-</strong></span> 
     </span>
    </p>
   </div>
   <div class='ocr_carea' id='block_1_79' title="bbox 1835 3332 3420 3407">
    <p class='ocr_par' dir='ltr' id='par_1_79' title="bbox 1835 3332 3420 3407">
     <span class='ocr_line' id='line_1_79' title="bbox 1835 3332 3420 3407; baseline -0.006 -9"><span class='ocrx_word' id='word_1_636' title='bbox 1835 3340 1917 3398; x_wconf 78' lang='lat' dir='ltr'><strong>dae</strong></span> <span class='ocrx_word' id='word_1_637' title='bbox 1957 3341 2011 3394; x_wconf 82' lang='lat' dir='ltr'><strong>id</strong></span> <span class='ocrx_word' id='word_1_638' title='bbox 2053 3339 2319 3395; x_wconf 79' lang='lat' dir='ltr'><strong>afﬁrmare</strong></span> <span class='ocrx_word' id='word_1_639' title='bbox 2347 3332 2590 3407; x_wconf 88' lang='lat' dir='ltr'><strong>possunt,</strong></span> <span class='ocrx_word' id='word_1_640' title='bbox 2623 3352 2731 3392; x_wconf 91' lang='lat' dir='ltr'><strong>non</strong></span> <span class='ocrx_word' id='word_1_641' title='bbox 2759 3351 2818 3391; x_wconf 88' lang='lat' dir='ltr'><strong>se</strong></span> <span class='ocrx_word' id='word_1_642' title='bbox 2858 3343 3170 3405; x_wconf 88' lang='lat' dir='ltr'><strong>contemptu</strong></span> <span class='ocrx_word' id='word_1_643' title='bbox 3196 3335 3292 3389; x_wconf 90' lang='lat' dir='ltr'><strong>Dei</strong></span> <span class='ocrx_word' id='word_1_644' title='bbox 3320 3336 3420 3389; x_wconf 77' lang='lat' dir='ltr'><strong>hu-</strong></span> 
     </span>
    </p>
   </div>
   <div class='ocr_carea' id='block_1_80' title="bbox 1835 3425 3420 3497">
    <p class='ocr_par' dir='ltr' id='par_1_80' title="bbox 1835 3425 3420 3497">
     <span class='ocr_line' id='line_1_80' title="bbox 1835 3425 3420 3497; baseline -0.006 -9"><span class='ocrx_word' id='word_1_645' title='bbox 1835 3447 2052 3489; x_wconf 87' lang='lat' dir='ltr'><strong>manum</strong></span> <span class='ocrx_word' id='word_1_646' title='bbox 2100 3430 2411 3497; x_wconf 75' lang='lat' dir='ltr'><strong>sanguinem</strong></span> <span class='ocrx_word' id='word_1_647' title='bbox 2458 3427 2682 3482; x_wconf 81' lang='lat' dir='ltr'><strong>fundere</strong></span> <span class='ocrx_word' id='word_1_648' title='bbox 2706 3426 2792 3481; x_wconf 92' lang='lat' dir='ltr'><strong>vel</strong></span> <span class='ocrx_word' id='word_1_649' title='bbox 2833 3426 2977 3491; x_wconf 87' lang='lat' dir='ltr'><strong>odio,</strong></span> <span class='ocrx_word' id='word_1_650' title='bbox 3005 3425 3099 3483; x_wconf 87' lang='lat' dir='ltr'><strong>sed</strong></span> <span class='ocrx_word' id='word_1_651' title='bbox 3128 3426 3420 3495; x_wconf 86' lang='lat' dir='ltr'><strong>cupiditate</strong></span> 
     </span>
    </p>
   </div>
   <div class='ocr_carea' id='block_1_81' title="bbox 1836 3517 3420 3590">
    <p class='ocr_par' dir='ltr' id='par_1_81' title="bbox 1836 3517 3420 3590">
     <span class='ocr_line' id='line_1_81' title="bbox 1836 3517 3420 3590; baseline -0.004 -11"><span class='ocrx_word' id='word_1_652' title='bbox 1836 3532 2045 3579; x_wconf 86' lang='lat' dir='ltr'><strong>tantum</strong></span> <span class='ocrx_word' id='word_1_653' title='bbox 2073 3522 2281 3578; x_wconf 87' lang='lat' dir='ltr'><strong>scelera</strong></span> <span class='ocrx_word' id='word_1_654' title='bbox 2299 3527 2574 3590; x_wconf 70' lang='lat' dir='ltr'><strong>prtestare.</strong></span> <span class='ocrx_word' id='word_1_655' title='bbox 2600 3518 2706 3573; x_wconf 90' lang='lat' dir='ltr'><strong>Sed</strong></span> <span class='ocrx_word' id='word_1_656' title='bbox 2735 3519 2863 3587; x_wconf 90' lang='lat' dir='ltr'><strong>quid</strong></span> <span class='ocrx_word' id='word_1_657' title='bbox 2884 3517 3104 3587; x_wconf 89' lang='lat' dir='ltr'><strong>prodest</strong></span> <span class='ocrx_word' id='word_1_658' title='bbox 3126 3519 3280 3577; x_wconf 87' lang='lat' dir='ltr'><strong>malis</strong></span> <span class='ocrx_word' id='word_1_659' title='bbox 3309 3519 3420 3573; x_wconf 75' lang='lat' dir='ltr'><strong>lure</strong></span> 
     </span>
    </p>
   </div>
   <div class='ocr_carea' id='block_1_82' title="bbox 1837 3608 3418 3679">
    <p class='ocr_par' dir='ltr' id='par_1_82' title="bbox 1837 3608 3418 3679">
     <span class='ocr_line' id='line_1_82' title="bbox 1837 3608 3418 3679; baseline -0.006 -9"><span class='ocrx_word' id='word_1_660' title='bbox 1837 3613 2132 3679; x_wconf 84' lang='lat' dir='ltr'><strong>excusatio,</strong></span> <span class='ocrx_word' id='word_1_661' title='bbox 2156 3627 2279 3667; x_wconf 86' lang='lat' dir='ltr'><strong>cum</strong></span> <span class='ocrx_word' id='word_1_662' title='bbox 2307 3610 2512 3665; x_wconf 86' lang='lat' dir='ltr'><strong>scilicet</strong></span> <span class='ocrx_word' id='word_1_663' title='bbox 2534 3608 2666 3663; x_wconf 86' lang='lat' dir='ltr'><strong>nihil</strong></span> <span class='ocrx_word' id='word_1_664' title='bbox 2700 3609 2910 3663; x_wconf 87' lang='lat' dir='ltr'><strong>intersit</strong></span> <span class='ocrx_word' id='word_1_665' title='bbox 2935 3622 3041 3677; x_wconf 89' lang='lat' dir='ltr'><strong>qua</strong></span> <span class='ocrx_word' id='word_1_666' title='bbox 3069 3622 3130 3662; x_wconf 85' lang='lat' dir='ltr'><strong>se</strong></span> <span class='ocrx_word' id='word_1_667' title='bbox 3152 3609 3418 3677; x_wconf 84' lang='lat' dir='ltr'><strong>quispiam</strong></span> 
     </span>
    </p>
   </div>
   <div class='ocr_carea' id='block_1_83' title="bbox 1840 3701 3421 3776">
    <p class='ocr_par' dir='ltr' id='par_1_83' title="bbox 1840 3701 3421 3776">
     <span class='ocr_line' id='line_1_83' title="bbox 1840 3701 3421 3776; baseline -0.005 -14"><span class='ocrx_word' id='word_1_668' title='bbox 1840 3706 1984 3763; x_wconf 91' lang='lat' dir='ltr'><strong>dicat</strong></span> <span class='ocrx_word' id='word_1_669' title='bbox 2004 3720 2230 3776; x_wconf 85' lang='lat' dir='ltr'><strong>peccare</strong></span> <span class='ocrx_word' id='word_1_670' title='bbox 2257 3718 2438 3765; x_wconf 85' lang='lat' dir='ltr'><strong>causa,</strong></span> <span class='ocrx_word' id='word_1_671' title='bbox 2469 3717 2590 3758; x_wconf 91' lang='lat' dir='ltr'><strong>cum</strong></span> <span class='ocrx_word' id='word_1_672' title='bbox 2618 3702 2689 3756; x_wconf 90' lang='lat' dir='ltr'><strong>sit</strong></span> <span class='ocrx_word' id='word_1_673' title='bbox 2721 3716 2883 3757; x_wconf 89' lang='lat' dir='ltr'><strong>omne</strong></span> <span class='ocrx_word' id='word_1_674' title='bbox 2908 3702 3189 3770; x_wconf 79' lang='lat' dir='ltr'><strong>peccatum</strong></span> <span class='ocrx_word' id='word_1_675' title='bbox 3217 3701 3421 3755; x_wconf 87' lang='lat' dir='ltr'><strong>Divini-</strong></span> 
     </span>
    </p>
   </div>
   <div class='ocr_carea' id='block_1_84' title="bbox 1840 3793 3423 3869">
    <p class='ocr_par' dir='ltr' id='par_1_84' title="bbox 1840 3793 3423 3869">
     <span class='ocr_line' id='line_1_84' title="bbox 1840 3793 3423 3869; baseline -0.006 -13"><span class='ocrx_word' id='word_1_676' title='bbox 1840 3800 1969 3855; x_wconf 88' lang='lat' dir='ltr'><strong>tatis</strong></span> <span class='ocrx_word' id='word_1_677' title='bbox 2005 3798 2238 3869; x_wconf 75' lang='lat' dir='ltr'><strong>injuria?</strong></span> <span class='ocrx_word' id='word_1_678' title='bbox 2274 3797 2692 3865; x_wconf 78' lang='lat' dir='ltr'><strong>Aequiescamus</strong></span> <span class='ocrx_word' id='word_1_679' title='bbox 2736 3802 2945 3858; x_wconf 87' lang='lat' dir='ltr'><strong>tamen,</strong></span> <span class='ocrx_word' id='word_1_680' title='bbox 2988 3801 3049 3849; x_wconf 82' lang='lat' dir='ltr'><strong>ut</strong></span> <span class='ocrx_word' id='word_1_681' title='bbox 3086 3809 3247 3864; x_wconf 86' lang='lat' dir='ltr'><strong>supra</strong></span> <span class='ocrx_word' id='word_1_682' title='bbox 3290 3793 3423 3859; x_wconf 77' lang='lat' dir='ltr'><strong>dixi,</strong></span> 
     </span>
    </p>
   </div>
   <div class='ocr_carea' id='block_1_85' title="bbox 1840 3888 3429 3958">
    <p class='ocr_par' dir='ltr' id='par_1_85' title="bbox 1840 3888 3429 3958">
     <span class='ocr_line' id='line_1_85' title="bbox 1840 3888 3429 3958; baseline -0.004 -10"><span class='ocrx_word' id='word_1_683' title='bbox 1840 3893 1947 3948; x_wconf 90' lang='lat' dir='ltr'><strong>hoc</strong></span> <span class='ocrx_word' id='word_1_684' title='bbox 1965 3893 2039 3947; x_wconf 91' lang='lat' dir='ltr'><strong>ita</strong></span> <span class='ocrx_word' id='word_1_685' title='bbox 2057 3906 2195 3955; x_wconf 89' lang='lat' dir='ltr'><strong>esse,</strong></span> <span class='ocrx_word' id='word_1_686' title='bbox 2214 3905 2312 3945; x_wconf 88' lang='lat' dir='ltr'><strong>nec</strong></span> <span class='ocrx_word' id='word_1_687' title='bbox 2333 3904 2401 3943; x_wconf 84' lang='lat' dir='ltr'><strong>ex</strong></span> <span class='ocrx_word' id='word_1_688' title='bbox 2420 3895 2732 3958; x_wconf 90' lang='lat' dir='ltr'><strong>contemptu</strong></span> <span class='ocrx_word' id='word_1_689' title='bbox 2755 3888 2851 3943; x_wconf 87' lang='lat' dir='ltr'><strong>Dei</strong></span> <span class='ocrx_word' id='word_1_690' title='bbox 2871 3903 2961 3942; x_wconf 88' lang='lat' dir='ltr'><strong>res</strong></span> <span class='ocrx_word' id='word_1_691' title='bbox 2976 3903 3102 3942; x_wconf 89' lang='lat' dir='ltr'><strong>suas</strong></span> <span class='ocrx_word' id='word_1_692' title='bbox 3120 3888 3429 3958; x_wconf 89' lang='lat' dir='ltr'><strong>quempiam</strong></span> 
     </span>
    </p>
   </div>
   <div class='ocr_carea' id='block_1_86' title="bbox 1845 3978 3428 4056">
    <p class='ocr_par' dir='ltr' id='par_1_86' title="bbox 1845 3978 3428 4056">
     <span class='ocr_line' id='line_1_86' title="bbox 1845 3978 3428 4056; baseline -0.003 -19"><span class='ocrx_word' id='word_1_693' title='bbox 1845 3986 2009 4056; x_wconf 69' lang='lat'><strong>286</strong></span> <span class='ocrx_word' id='word_1_694' title='bbox 2048 3984 2137 4037; x_wconf 90' lang='lat' dir='ltr'><strong>alii</strong></span> <span class='ocrx_word' id='word_1_695' title='bbox 2161 3982 2333 4049; x_wconf 78' lang='lat' dir='ltr'><strong>magis</strong></span> <span class='ocrx_word' id='word_1_696' title='bbox 2374 3995 2535 4048; x_wconf 88' lang='lat' dir='ltr'><strong>quam</strong></span> <span class='ocrx_word' id='word_1_697' title='bbox 2574 3979 2688 4034; x_wconf 90' lang='lat' dir='ltr'><strong>Deo</strong></span> <span class='ocrx_word' id='word_1_698' title='bbox 2714 3979 2947 4041; x_wconf 89' lang='lat' dir='ltr'><strong>tradere,</strong></span> <span class='ocrx_word' id='word_1_699' title='bbox 2979 3978 3073 4033; x_wconf 87' lang='lat' dir='ltr'><strong>sed</strong></span> <span class='ocrx_word' id='word_1_700' title='bbox 3102 3979 3187 4033; x_wconf 90' lang='lat' dir='ltr'><strong>vel</strong></span> <span class='ocrx_word' id='word_1_701' title='bbox 3223 3978 3428 4033; x_wconf 86' lang='lat' dir='ltr'><strong>honore</strong></span> 
     </span>
    </p>
   </div>
   <div class='ocr_carea' id='block_1_87' title="bbox 1843 4069 3423 4137">
    <p class='ocr_par' dir='ltr' id='par_1_87' title="bbox 1843 4069 3423 4137">
     <span class='ocr_line' id='line_1_87' title="bbox 1843 4069 3423 4137; baseline -0.005 -8"><span class='ocrx_word' id='word_1_702' title='bbox 1843 4071 2072 4130; x_wconf 76' lang='lat' dir='ltr'><strong>hmredis</strong></span> <span class='ocrx_word' id='word_1_703' title='bbox 2092 4073 2178 4126; x_wconf 88' lang='lat' dir='ltr'><strong>sui</strong></span> <span class='ocrx_word' id='word_1_704' title='bbox 2201 4086 2260 4125; x_wconf 89' lang='lat' dir='ltr'><strong>se</strong></span> <span class='ocrx_word' id='word_1_705' title='bbox 2278 4071 2343 4125; x_wconf 89' lang='lat' dir='ltr'><strong>ad</strong></span> <span class='ocrx_word' id='word_1_706' title='bbox 2366 4071 2471 4125; x_wconf 89' lang='lat' dir='ltr'><strong>hoc</strong></span> <span class='ocrx_word' id='word_1_707' title='bbox 2497 4070 2754 4134; x_wconf 88' lang='lat' dir='ltr'><strong>trahi,vel</strong></span> <span class='ocrx_word' id='word_1_708' title='bbox 2785 4079 2930 4124; x_wconf 80' lang='lat' dir='ltr'><strong>certe</strong></span> <span class='ocrx_word' id='word_1_709' title='bbox 2954 4085 3138 4124; x_wconf 89' lang='lat' dir='ltr'><strong>amore</strong></span> <span class='ocrx_word' id='word_1_710' title='bbox 3157 4069 3423 4137; x_wconf 86' lang='lat' dir='ltr'><strong>compelli.</strong></span> 
     </span>
    </p>
   </div>
   <div class='ocr_carea' id='block_1_88' title="bbox 1845 4156 3430 4231">
    <p class='ocr_par' dir='ltr' id='par_1_88' title="bbox 1845 4156 3430 4231">
     <span class='ocr_line' id='line_1_88' title="bbox 1845 4156 3430 4231; baseline -0.006 -12"><span class='ocrx_word' id='word_1_711' title='bbox 1845 4162 1951 4219; x_wconf 82' lang='lat' dir='ltr'><strong>Sed</strong></span> <span class='ocrx_word' id='word_1_712' title='bbox 1980 4162 2108 4231; x_wconf 85' lang='lat' dir='ltr'><strong>quid</strong></span> <span class='ocrx_word' id='word_1_713' title='bbox 2154 4159 2379 4216; x_wconf 81' lang='lat' dir='ltr'><strong>facimus</strong></span> <span class='ocrx_word' id='word_1_714' title='bbox 2404 4160 2551 4229; x_wconf 87' lang='lat' dir='ltr'><strong>quod</strong></span> <span class='ocrx_word' id='word_1_715' title='bbox 2594 4160 2698 4216; x_wconf 89' lang='lat' dir='ltr'><strong>hoc</strong></span> <span class='ocrx_word' id='word_1_716' title='bbox 2737 4161 2851 4229; x_wconf 87' lang='lat' dir='ltr'><strong>ipso</strong></span> <span class='ocrx_word' id='word_1_717' title='bbox 2893 4160 3061 4227; x_wconf 80' lang='lat' dir='ltr'><strong>magis</strong></span> <span class='ocrx_word' id='word_1_718' title='bbox 3090 4160 3289 4213; x_wconf 85' lang='lat' dir='ltr'><strong>incuria</strong></span> <span class='ocrx_word' id='word_1_719' title='bbox 3333 4156 3430 4213; x_wconf 86' lang='lat' dir='ltr'><strong>Dei</strong></span> 
     </span>
    </p>
   </div>
   <div class='ocr_carea' id='block_1_89' title="bbox 1845 4248 3428 4324">
    <p class='ocr_par' dir='ltr' id='par_1_89' title="bbox 1845 4248 3428 4324">
     <span class='ocr_line' id='line_1_89' title="bbox 1845 4248 3428 4324; baseline -0.004 -17"><span class='ocrx_word' id='word_1_720' title='bbox 1845 4254 2105 4324; x_wconf 86' lang='lat' dir='ltr'><strong>probatur</strong></span> <span class='ocrx_word' id='word_1_721' title='bbox 2132 4259 2293 4319; x_wconf 87' lang='lat' dir='ltr'><strong>atque</strong></span> <span class='ocrx_word' id='word_1_722' title='bbox 2329 4249 2705 4317; x_wconf 81' lang='lat' dir='ltr'><strong>contemptus?</strong></span> <span class='ocrx_word' id='word_1_723' title='bbox 2733 4249 2789 4303; x_wconf 89' lang='lat' dir='ltr'><strong>Si</strong></span> <span class='ocrx_word' id='word_1_724' title='bbox 2812 4249 2973 4313; x_wconf 86' lang='lat' dir='ltr'><strong>enim,</strong></span> <span class='ocrx_word' id='word_1_725' title='bbox 3004 4263 3038 4302; x_wconf 89' lang='grc' dir='ltr'><strong>ο</strong></span> <span class='ocrx_word' id='word_1_726' title='bbox 3077 4248 3317 4317; x_wconf 84' lang='lat' dir='ltr'><strong>quisquis</strong></span> <span class='ocrx_word' id='word_1_727' title='bbox 3349 4263 3428 4308; x_wconf 86' lang='lat' dir='ltr'><strong>es,</strong></span> 
     </span>
    </p>
   </div>
   <div class='ocr_carea' id='block_1_90' title="bbox 1845 4338 3431 4414">
    <p class='ocr_par' dir='ltr' id='par_1_90' title="bbox 1845 4338 3431 4414">
     <span class='ocr_line' id='line_1_90' title="bbox 1845 4338 3431 4414; baseline -0.004 -16"><span class='ocrx_word' id='word_1_728' title='bbox 1845 4360 1944 4414; x_wconf 88' lang='lat' dir='ltr'><strong>per</strong></span> <span class='ocrx_word' id='word_1_729' title='bbox 1972 4342 2021 4397; x_wconf 84' lang='lat' dir='ltr'><strong>id</strong></span> <span class='ocrx_word' id='word_1_730' title='bbox 2042 4341 2185 4411; x_wconf 85' lang='lat' dir='ltr'><strong>quod</strong></span> <span class='ocrx_word' id='word_1_731' title='bbox 2206 4339 2503 4395; x_wconf 74' lang='lat' dir='ltr'><strong>hmredibus</strong></span> <span class='ocrx_word' id='word_1_732' title='bbox 2524 4339 2630 4392; x_wconf 87' lang='lat' dir='ltr'><strong>tuis</strong></span> <span class='ocrx_word' id='word_1_733' title='bbox 2652 4338 2738 4393; x_wconf 90' lang='lat' dir='ltr'><strong>vel</strong></span> <span class='ocrx_word' id='word_1_734' title='bbox 2765 4339 3171 4408; x_wconf 87' lang='lat' dir='ltr'><strong>quibuscunque</strong></span> <span class='ocrx_word' id='word_1_735' title='bbox 3195 4354 3280 4393; x_wconf 85' lang='lat' dir='ltr'><strong>res</strong></span> <span class='ocrx_word' id='word_1_736' title='bbox 3299 4353 3431 4407; x_wconf 89' lang='lat' dir='ltr'><strong>pro-</strong></span> 
     </span>
    </p>
   </div>
   <div class='ocr_carea' id='block_1_91' title="bbox 1848 4429 3554 4509">
    <p class='ocr_par' dir='ltr' id='par_1_91' title="bbox 1848 4429 3554 4509">
     <span class='ocr_line' id='line_1_91' title="bbox 1848 4429 3554 4509; baseline -0.004 -21"><span class='ocrx_word' id='word_1_737' title='bbox 1848 4435 1995 4505; x_wconf 87' lang='lat' dir='ltr'><strong>prias</strong></span> <span class='ocrx_word' id='word_1_738' title='bbox 2008 4432 2351 4502; x_wconf 84' lang='lat' dir='ltr'><strong>derelinquis,</strong></span> <span class='ocrx_word' id='word_1_739' title='bbox 2366 4437 2421 4484; x_wconf 90' lang='lat' dir='ltr'><strong>et</strong></span> <span class='ocrx_word' id='word_1_740' title='bbox 2439 4430 2706 4484; x_wconf 75' lang='lat' dir='ltr'><strong>honorum</strong></span> <span class='ocrx_word' id='word_1_741' title='bbox 2730 4439 2782 4485; x_wconf 90' lang='lat' dir='ltr'><strong>te</strong></span> <span class='ocrx_word' id='word_1_742' title='bbox 2807 4446 2902 4485; x_wconf 90' lang='lat' dir='ltr'><strong>eos</strong></span> <span class='ocrx_word' id='word_1_743' title='bbox 2925 4429 3125 4485; x_wconf 82' lang='lat' dir='ltr'><strong>indicas</strong></span> <span class='ocrx_word' id='word_1_744' title='bbox 3151 4438 3206 4484; x_wconf 89' lang='lat' dir='ltr'><strong>et</strong></span> <span class='ocrx_word' id='word_1_745' title='bbox 3226 4444 3430 4493; x_wconf 88' lang='lat' dir='ltr'><strong>amare;</strong></span> <span class='ocrx_word' id='word_1_746' title='bbox 3486 4460 3491 4465; x_wconf 57' lang='grc' dir='ltr'>η</span> <span class='ocrx_word' id='word_1_747' title='bbox 3546 4494 3554 4509; x_wconf 37' lang='grc'><strong><em>⁸</em></strong></span> 
     </span>
    </p>
   </div>
   <div class='ocr_carea' id='block_1_92' title="bbox 178 4515 1733 4595">
    <p class='ocr_par' dir='ltr' id='par_1_92' title="bbox 178 4519 1733 4592">
     <span class='ocr_line' id='line_1_92' title="bbox 178 4519 1733 4592; baseline -0.003 -15"><span class='ocrx_word' id='word_1_748' title='bbox 178 4534 501 4592; x_wconf 67' lang='lat' dir='ltr'><strong>praeponere,</strong></span> <span class='ocrx_word' id='word_1_749' title='bbox 526 4537 626 4576; x_wconf 92' lang='lat' dir='ltr'><strong>cur</strong></span> <span class='ocrx_word' id='word_1_750' title='bbox 653 4536 763 4575; x_wconf 91' lang='lat' dir='ltr'><strong>non</strong></span> <span class='ocrx_word' id='word_1_751' title='bbox 782 4519 1028 4588; x_wconf 76' lang='lat' dir='ltr'><strong>religiose</strong></span> <span class='ocrx_word' id='word_1_752' title='bbox 1043 4520 1207 4573; x_wconf 89' lang='lat' dir='ltr'><strong>etiam</strong></span> <span class='ocrx_word' id='word_1_753' title='bbox 1234 4524 1359 4573; x_wconf 90' lang='lat' dir='ltr'><strong>ante</strong></span> <span class='ocrx_word' id='word_1_754' title='bbox 1375 4520 1733 4588; x_wconf 70' lang='lat' dir='ltr'><strong>przeponebati</strong></span> 
     </span>
    </p>
   </div>
   <div class='ocr_carea' id='block_1_93' title="bbox 1834 4515 3434 4595">
    <p class='ocr_par' dir='ltr' id='par_1_93' title="bbox 1850 4524 3434 4595">
     <span class='ocr_line' id='line_1_93' title="bbox 1850 4524 3434 4595; baseline -0.004 -12"><span class='ocrx_word' id='word_1_755' title='bbox 1850 4529 2022 4583; x_wconf 88' lang='lat' dir='ltr'><strong>Deum</strong></span> <span class='ocrx_word' id='word_1_756' title='bbox 2044 4526 2245 4595; x_wconf 89' lang='lat' dir='ltr'><strong>utique,</strong></span> <span class='ocrx_word' id='word_1_757' title='bbox 2277 4525 2363 4583; x_wconf 89' lang='lat' dir='ltr'><strong>cui</strong></span> <span class='ocrx_word' id='word_1_758' title='bbox 2385 4540 2493 4579; x_wconf 89' lang='lat' dir='ltr'><strong>non</strong></span> <span class='ocrx_word' id='word_1_759' title='bbox 2521 4524 2803 4593; x_wconf 85' lang='lat' dir='ltr'><strong>relinquis,</strong></span> <span class='ocrx_word' id='word_1_760' title='bbox 2835 4540 2934 4580; x_wconf 89' lang='lat' dir='ltr'><strong>nec</strong></span> <span class='ocrx_word' id='word_1_761' title='bbox 2960 4525 3227 4579; x_wconf 90' lang='lat' dir='ltr'><strong>honorare</strong></span> <span class='ocrx_word' id='word_1_762' title='bbox 3256 4531 3309 4578; x_wconf 91' lang='lat' dir='ltr'><strong>te</strong></span> <span class='ocrx_word' id='word_1_763' title='bbox 3348 4524 3434 4578; x_wconf 85' lang='lat' dir='ltr'><strong>in-</strong></span> 
     </span>
    </p>
   </div>
   <div class='ocr_carea' id='block_1_94' title="bbox 180 4610 1753 4680">
    <p class='ocr_par' dir='ltr' id='par_1_94' title="bbox 180 4610 1753 4680">
     <span class='ocr_line' id='line_1_94' title="bbox 180 4610 1753 4680; baseline -0.001 -13"><span class='ocrx_word' id='word_1_764' title='bbox 180 4612 274 4667; x_wconf 74' lang='lat' dir='ltr'><strong>Aut</strong></span> <span class='ocrx_word' id='word_1_765' title='bbox 296 4615 340 4669; x_wconf 85' lang='lat' dir='ltr'><strong>si</strong></span> <span class='ocrx_word' id='word_1_766' title='bbox 369 4623 458 4670; x_wconf 89' lang='lat' dir='ltr'><strong>est</strong></span> <span class='ocrx_word' id='word_1_767' title='bbox 477 4613 591 4669; x_wconf 85' lang='lat' dir='ltr'><strong>ulla</strong></span> <span class='ocrx_word' id='word_1_768' title='bbox 618 4612 752 4667; x_wconf 90' lang='lat' dir='ltr'><strong>hora</strong></span> <span class='ocrx_word' id='word_1_769' title='bbox 781 4612 836 4666; x_wconf 92' lang='lat' dir='ltr'><strong>in</strong></span> <span class='ocrx_word' id='word_1_770' title='bbox 863 4611 975 4666; x_wconf 86' lang='lat' dir='ltr'><strong>vita</strong></span> <span class='ocrx_word' id='word_1_771' title='bbox 999 4610 1187 4667; x_wconf 86' lang='lat' dir='ltr'><strong>ultima</strong></span> <span class='ocrx_word' id='word_1_772' title='bbox 1211 4624 1321 4679; x_wconf 78' lang='lat' dir='ltr'><strong>qua</strong></span> <span class='ocrx_word' id='word_1_773' title='bbox 1337 4610 1457 4679; x_wconf 87' lang='lat' dir='ltr'><strong>quis</strong></span> <span class='ocrx_word' id='word_1_774' title='bbox 1475 4611 1595 4680; x_wconf 90' lang='lat' dir='ltr'><strong>plus</strong></span> <span class='ocrx_word' id='word_1_775' title='bbox 1618 4610 1753 4667; x_wconf 88' lang='lat' dir='ltr'><strong>alios</strong></span> 
     </span>
    </p>
   </div>
   <div class='ocr_carea' id='block_1_95' title="bbox 182 4701 1756 4774">
    <p class='ocr_par' dir='ltr' id='par_1_95' title="bbox 182 4701 1756 4774">
     <span class='ocr_line' id='line_1_95' title="bbox 182 4701 1756 4774; baseline -0.001 -13"><span class='ocrx_word' id='word_1_776' title='bbox 182 4701 387 4773; x_wconf 70' lang='lat' dir='ltr'><strong>diligere</strong></span> <span class='ocrx_word' id='word_1_777' title='bbox 406 4704 610 4762; x_wconf 87' lang='lat' dir='ltr'><strong>debeat</strong></span> <span class='ocrx_word' id='word_1_778' title='bbox 624 4717 787 4774; x_wconf 87' lang='lat' dir='ltr'><strong>quam</strong></span> <span class='ocrx_word' id='word_1_779' title='bbox 813 4703 1048 4772; x_wconf 89' lang='lat' dir='ltr'><strong>seipsum</strong></span> <span class='ocrx_word' id='word_1_780' title='bbox 1074 4709 1129 4757; x_wconf 89' lang='lat' dir='ltr'><strong>et</strong></span> <span class='ocrx_word' id='word_1_781' title='bbox 1157 4702 1344 4768; x_wconf 86' lang='lat' dir='ltr'><strong>Deum,</strong></span> <span class='ocrx_word' id='word_1_782' title='bbox 1372 4718 1469 4758; x_wconf 91' lang='lat' dir='ltr'><strong>cur</strong></span> <span class='ocrx_word' id='word_1_783' title='bbox 1494 4719 1600 4759; x_wconf 92' lang='lat' dir='ltr'><strong>non</strong></span> <span class='ocrx_word' id='word_1_784' title='bbox 1622 4711 1677 4759; x_wconf 90' lang='lat' dir='ltr'><strong>et</strong></span> <span class='ocrx_word' id='word_1_785' title='bbox 1701 4704 1756 4761; x_wconf 89' lang='lat' dir='ltr'><strong>in</strong></span> 
     </span>
    </p>
   </div>
   <div class='ocr_carea' id='block_1_96' title="bbox 182 4792 1758 4863">
    <p class='ocr_par' dir='ltr' id='par_1_96' title="bbox 182 4792 1758 4863">
     <span class='ocr_line' id='line_1_96' title="bbox 182 4792 1758 4863; baseline 0.001 -16"><span class='ocrx_word' id='word_1_786' title='bbox 182 4793 279 4848; x_wconf 79' lang='lat' dir='ltr'><strong>vita</strong></span> <span class='ocrx_word' id='word_1_787' title='bbox 322 4794 603 4850; x_wconf 86' lang='lat' dir='ltr'><strong>anteriore</strong></span> <span class='ocrx_word' id='word_1_788' title='bbox 652 4793 774 4863; x_wconf 87' lang='lat' dir='ltr'><strong>plus</strong></span> <span class='ocrx_word' id='word_1_789' title='bbox 818 4792 1045 4862; x_wconf 77' lang='lat' dir='ltr'><strong>diligat?</strong></span> <span class='ocrx_word' id='word_1_790' title='bbox 1067 4793 1146 4848; x_wconf 87' lang='lat' dir='ltr'><strong>Ac</strong></span> <span class='ocrx_word' id='word_1_791' title='bbox 1172 4794 1252 4849; x_wconf 91' lang='lat' dir='ltr'><strong>sic</strong></span> <span class='ocrx_word' id='word_1_792' title='bbox 1297 4794 1355 4848; x_wconf 84' lang='lat' dir='ltr'><strong>ﬁt</strong></span> <span class='ocrx_word' id='word_1_793' title='bbox 1381 4803 1442 4850; x_wconf 93' lang='lat' dir='ltr'><strong>ut</strong></span> <span class='ocrx_word' id='word_1_794' title='bbox 1483 4794 1758 4851; x_wconf 87' lang='lat' dir='ltr'><strong>solvantur</strong></span> 
     </span>
    </p>
   </div>
   <div class='ocr_carea' id='block_1_97' title="bbox 184 4884 1767 4966">
    <p class='ocr_par' dir='ltr' id='par_1_97' title="bbox 184 4884 1767 4966">
     <span class='ocr_line' id='line_1_97' title="bbox 184 4884 1767 4966; baseline 0.001 -28"><span class='ocrx_word' id='word_1_795' title='bbox 184 4886 373 4952; x_wconf 85' lang='lat' dir='ltr'><strong>omnia,</strong></span> <span class='ocrx_word' id='word_1_796' title='bbox 395 4894 455 4941; x_wconf 87' lang='lat' dir='ltr'><strong>et</strong></span> <span class='ocrx_word' id='word_1_797' title='bbox 473 4892 824 4966; x_wconf 85' lang='lat' dir='ltr'><strong>evanescant,</strong></span> <span class='ocrx_word' id='word_1_798' title='bbox 848 4896 904 4940; x_wconf 90' lang='lat' dir='ltr'><strong>et</strong></span> <span class='ocrx_word' id='word_1_799' title='bbox 930 4885 1215 4950; x_wconf 87' lang='lat' dir='ltr'><strong>intereant,</strong></span> <span class='ocrx_word' id='word_1_800' title='bbox 1242 4899 1417 4956; x_wconf 88' lang='lat' dir='ltr'><strong>neque</strong></span> <span class='ocrx_word' id='word_1_801' title='bbox 1444 4885 1610 4940; x_wconf 89' lang='lat' dir='ltr'><strong>ullum</strong></span> <span class='ocrx_word' id='word_1_802' title='bbox 1638 4884 1767 4954; x_wconf 69' lang='lat' dir='ltr'><strong>quis</strong></span> 
     </span>
    </p>
   </div>
   <div class='ocr_carea' id='block_1_98' title="bbox 182 4976 1760 5055">
    <p class='ocr_par' dir='ltr' id='par_1_98' title="bbox 182 4976 1760 5055">
     <span class='ocr_line' id='line_1_98' title="bbox 182 4976 1760 5055; baseline -0.001 -21"><span class='ocrx_word' id='word_1_803' title='bbox 182 4977 417 5055; x_wconf 73' lang='lat' dir='ltr'><strong>viliorem</strong></span> <span class='ocrx_word' id='word_1_804' title='bbox 443 4979 647 5034; x_wconf 88' lang='lat' dir='ltr'><strong>habeat</strong></span> <span class='ocrx_word' id='word_1_805' title='bbox 663 4992 825 5047; x_wconf 88' lang='lat' dir='ltr'><strong>quam</strong></span> <span class='ocrx_word' id='word_1_806' title='bbox 850 4978 1106 5047; x_wconf 85' lang='lat' dir='ltr'><strong>seipsum,</strong></span> <span class='ocrx_word' id='word_1_807' title='bbox 1137 4991 1313 5046; x_wconf 87' lang='lat' dir='ltr'><strong>neque</strong></span> <span class='ocrx_word' id='word_1_808' title='bbox 1336 4977 1501 5033; x_wconf 82' lang='lat' dir='ltr'><strong>ullum</strong></span> <span class='ocrx_word' id='word_1_809' title='bbox 1541 4976 1760 5033; x_wconf 77' lang='lat' dir='ltr'><strong>inferio-</strong></span> 
     </span>
    </p>
   </div>
   <div class='ocr_carea' id='block_1_99' title="bbox 186 5065 1759 5141">
    <p class='ocr_par' dir='ltr' id='par_1_99' title="bbox 186 5065 1759 5141">
     <span class='ocr_line' id='line_1_99' title="bbox 186 5065 1759 5141; baseline 0 -16"><span class='ocrx_word' id='word_1_810' title='bbox 186 5082 290 5125; x_wconf 79' lang='lat' dir='ltr'><strong>rem</strong></span> <span class='ocrx_word' id='word_1_811' title='bbox 314 5086 487 5141; x_wconf 80' lang='lat' dir='ltr'><strong>quam</strong></span> <span class='ocrx_word' id='word_1_812' title='bbox 511 5065 701 5130; x_wconf 87' lang='lat' dir='ltr'><strong>Deum.</strong></span> <span class='ocrx_word' id='word_1_813' title='bbox 726 5067 784 5123; x_wconf 90' lang='lat' dir='ltr'><strong>Si</strong></span> <span class='ocrx_word' id='word_1_814' title='bbox 798 5069 948 5124; x_wconf 85' lang='lat' dir='ltr'><strong>enim</strong></span> <span class='ocrx_word' id='word_1_815' title='bbox 983 5068 1151 5124; x_wconf 91' lang='lat' dir='ltr'><strong>ullum</strong></span> <span class='ocrx_word' id='word_1_816' title='bbox 1184 5072 1267 5124; x_wconf 77' lang='lat' dir='ltr'><strong>est</strong></span> <span class='ocrx_word' id='word_1_817' title='bbox 1295 5076 1508 5138; x_wconf 87' lang='lat' dir='ltr'><strong>tempus</strong></span> <span class='ocrx_word' id='word_1_818' title='bbox 1544 5084 1653 5139; x_wconf 89' lang='lat' dir='ltr'><strong>quo</strong></span> <span class='ocrx_word' id='word_1_819' title='bbox 1690 5069 1759 5125; x_wconf 86' lang='lat' dir='ltr'><strong>ab</strong></span> 
     </span>
    </p>
   </div>
   <div class='ocr_carea' id='block_1_100' title="bbox 187 5158 1763 5230">
    <p class='ocr_par' dir='ltr' id='par_1_100' title="bbox 187 5158 1763 5230">
     <span class='ocr_line' id='line_1_100' title="bbox 187 5158 1763 5230; baseline -0.001 -15"><span class='ocrx_word' id='word_1_820' title='bbox 187 5158 361 5228; x_wconf 79' lang='lat' dir='ltr'><strong>aliquo</strong></span> <span class='ocrx_word' id='word_1_821' title='bbox 376 5159 554 5230; x_wconf 85' lang='lat' dir='ltr'><strong>possit</strong></span> <span class='ocrx_word' id='word_1_822' title='bbox 571 5159 715 5215; x_wconf 88' lang='lat' dir='ltr'><strong>Deus</strong></span> <span class='ocrx_word' id='word_1_823' title='bbox 741 5158 988 5215; x_wconf 72' lang='lat' dir='ltr'><strong>amnibus</strong></span> <span class='ocrx_word' id='word_1_824' title='bbox 1015 5166 1108 5214; x_wconf 89' lang='lat' dir='ltr'><strong>aut</strong></span> <span class='ocrx_word' id='word_1_825' title='bbox 1133 5158 1449 5228; x_wconf 84' lang='lat' dir='ltr'><strong>propinquis</strong></span> <span class='ocrx_word' id='word_1_826' title='bbox 1468 5158 1590 5227; x_wconf 88' lang='lat' dir='ltr'><strong>jure</strong></span> <span class='ocrx_word' id='word_1_827' title='bbox 1614 5165 1763 5228; x_wconf 78' lang='lat' dir='ltr'><strong>post-</strong></span> 
     </span>
    </p>
   </div>
   <div class='ocr_carea' id='block_1_101' title="bbox 189 5248 1758 5321">
    <p class='ocr_par' dir='ltr' id='par_1_101' title="bbox 189 5248 1758 5321">
     <span class='ocr_line' id='line_1_101' title="bbox 189 5248 1758 5321; baseline -0.002 -15"><span class='ocrx_word' id='word_1_828' title='bbox 189 5253 325 5319; x_wconf 82' lang='lat' dir='ltr'><strong>poni,</strong></span> <span class='ocrx_word' id='word_1_829' title='bbox 348 5251 565 5306; x_wconf 82' lang='lat' dir='ltr'><strong>nullum</strong></span> <span class='ocrx_word' id='word_1_830' title='bbox 579 5258 664 5307; x_wconf 85' lang='lat' dir='ltr'><strong>est</strong></span> <span class='ocrx_word' id='word_1_831' title='bbox 685 5266 797 5321; x_wconf 89' lang='lat' dir='ltr'><strong>quo</strong></span> <span class='ocrx_word' id='word_1_832' title='bbox 816 5250 987 5320; x_wconf 82' lang='lat' dir='ltr'><strong>possit</strong></span> <span class='ocrx_word' id='word_1_833' title='bbox 1007 5249 1129 5318; x_wconf 87' lang='lat' dir='ltr'><strong>jure</strong></span> <span class='ocrx_word' id='word_1_834' title='bbox 1158 5249 1414 5318; x_wconf 73' lang='lat' dir='ltr'><strong>praeponi.</strong></span> <span class='ocrx_word' id='word_1_835' title='bbox 1440 5248 1534 5304; x_wconf 91' lang='lat' dir='ltr'><strong>Sin</strong></span> <span class='ocrx_word' id='word_1_836' title='bbox 1559 5257 1758 5316; x_wconf 89' lang='lat' dir='ltr'><strong>autem,</strong></span> 
     </span>
    </p>
   </div>
   <div class='ocr_carea' id='block_1_102' title="bbox 187 5342 1767 5413">
    <p class='ocr_par' dir='ltr' id='par_1_102' title="bbox 187 5342 1767 5413">
     <span class='ocr_line' id='line_1_102' title="bbox 187 5342 1767 5413; baseline 0.001 -15"><span class='ocrx_word' id='word_1_837' title='bbox 187 5343 325 5413; x_wconf 73' lang='lat' dir='ltr'><strong>quod</strong></span> <span class='ocrx_word' id='word_1_838' title='bbox 340 5358 535 5399; x_wconf 82' lang='lat' dir='ltr'><strong>verum</strong></span> <span class='ocrx_word' id='word_1_839' title='bbox 561 5351 666 5410; x_wconf 87' lang='lat' dir='ltr'><strong>est,</strong></span> <span class='ocrx_word' id='word_1_840' title='bbox 691 5343 899 5399; x_wconf 87' lang='lat' dir='ltr'><strong>nullum</strong></span> <span class='ocrx_word' id='word_1_841' title='bbox 922 5350 1005 5398; x_wconf 92' lang='lat' dir='ltr'><strong>est</strong></span> <span class='ocrx_word' id='word_1_842' title='bbox 1031 5342 1253 5401; x_wconf 88' lang='lat' dir='ltr'><strong>omnino</strong></span> <span class='ocrx_word' id='word_1_843' title='bbox 1276 5348 1488 5411; x_wconf 88' lang='lat' dir='ltr'><strong>tempus</strong></span> <span class='ocrx_word' id='word_1_844' title='bbox 1523 5357 1633 5412; x_wconf 91' lang='lat' dir='ltr'><strong>quo</strong></span> <span class='ocrx_word' id='word_1_845' title='bbox 1655 5357 1767 5399; x_wconf 80' lang='lat' dir='ltr'><strong>non</strong></span> 
     </span>
    </p>
   </div>
   <div class='ocr_carea' id='block_1_103' title="bbox 190 5428 1764 5504">
    <p class='ocr_par' dir='ltr' id='par_1_103' title="bbox 190 5428 1764 5504">
     <span class='ocr_line' id='line_1_103' title="bbox 190 5428 1764 5504; baseline 0.001 -19"><span class='ocrx_word' id='word_1_846' title='bbox 190 5428 377 5487; x_wconf 86' lang='lat' dir='ltr'><strong>debeat</strong></span> <span class='ocrx_word' id='word_1_847' title='bbox 404 5434 682 5504; x_wconf 90' lang='lat' dir='ltr'><strong>anteponi,</strong></span> <span class='ocrx_word' id='word_1_848' title='bbox 710 5433 913 5488; x_wconf 90' lang='lat' dir='ltr'><strong>nullum</strong></span> <span class='ocrx_word' id='word_1_849' title='bbox 931 5440 1015 5488; x_wconf 88' lang='lat' dir='ltr'><strong>est</strong></span> <span class='ocrx_word' id='word_1_850' title='bbox 1034 5432 1252 5487; x_wconf 88' lang='lat' dir='ltr'><strong>omnino</strong></span> <span class='ocrx_word' id='word_1_851' title='bbox 1281 5441 1490 5502; x_wconf 84' lang='lat' dir='ltr'><strong>tempus</strong></span> <span class='ocrx_word' id='word_1_852' title='bbox 1511 5446 1618 5503; x_wconf 88' lang='lat' dir='ltr'><strong>quo</strong></span> <span class='ocrx_word' id='word_1_853' title='bbox 1639 5447 1764 5503; x_wconf 88' lang='lat' dir='ltr'><strong>pos-</strong></span> 
     </span>
    </p>
   </div>
   <div class='ocr_carea' id='block_1_104' title="bbox 192 5521 1762 5595">
    <p class='ocr_par' dir='ltr' id='par_1_104' title="bbox 192 5521 1762 5595">
     <span class='ocr_line' id='line_1_104' title="bbox 192 5521 1762 5595; baseline 0.001 -20"><span class='ocrx_word' id='word_1_854' title='bbox 192 5522 257 5575; x_wconf 90' lang='lat' dir='ltr'><strong>sit</strong></span> <span class='ocrx_word' id='word_1_855' title='bbox 277 5522 397 5590; x_wconf 82' lang='lat' dir='ltr'><strong>jure</strong></span> <span class='ocrx_word' id='word_1_856' title='bbox 420 5525 693 5594; x_wconf 86' lang='lat' dir='ltr'><strong>postponi.</strong></span> <span class='ocrx_word' id='word_1_857' title='bbox 725 5524 936 5579; x_wconf 88' lang='lat' dir='ltr'><strong>Nullum</strong></span> <span class='ocrx_word' id='word_1_858' title='bbox 984 5523 1185 5592; x_wconf 90' lang='lat' dir='ltr'><strong>utique.</strong></span> <span class='ocrx_word' id='word_1_859' title='bbox 1218 5521 1287 5576; x_wconf 88' lang='lat' dir='ltr'><strong>Et</strong></span> <span class='ocrx_word' id='word_1_860' title='bbox 1313 5522 1433 5595; x_wconf 79' lang='lat' dir='ltr'><strong>ideo</strong></span> <span class='ocrx_word' id='word_1_861' title='bbox 1472 5537 1540 5576; x_wconf 89' lang='lat' dir='ltr'><strong>ne</strong></span> <span class='ocrx_word' id='word_1_862' title='bbox 1569 5522 1622 5576; x_wconf 91' lang='lat' dir='ltr'><strong>in</strong></span> <span class='ocrx_word' id='word_1_863' title='bbox 1665 5537 1762 5578; x_wconf 81' lang='lat' dir='ltr'><strong>ex-</strong></span> 
     </span>
    </p>
   </div>
   <div class='ocr_carea' id='block_1_105' title="bbox 196 5602 1763 5687">
    <p class='ocr_par' dir='ltr' id='par_1_105' title="bbox 196 5602 1763 5687">
     <span class='ocr_line' id='line_1_105' title="bbox 196 5602 1763 5687; baseline 0.002 -19"><span class='ocrx_word' id='word_1_864' title='bbox 196 5616 375 5670; x_wconf 89' lang='lat' dir='ltr'><strong>tremis</strong></span> <span class='ocrx_word' id='word_1_865' title='bbox 400 5616 616 5684; x_wconf 85' lang='lat' dir='ltr'><strong>quidem</strong></span> <span class='ocrx_word' id='word_1_866' title='bbox 641 5602 811 5687; x_wconf 45' lang='lat' dir='ltr'><strong>{quia</strong></span> <span class='ocrx_word' id='word_1_867' title='bbox 831 5617 991 5670; x_wconf 89' lang='lat' dir='ltr'><strong>etiam</strong></span> <span class='ocrx_word' id='word_1_868' title='bbox 1008 5616 1209 5685; x_wconf 88' lang='lat' dir='ltr'><strong>justum</strong></span> <span class='ocrx_word' id='word_1_869' title='bbox 1230 5615 1501 5671; x_wconf 89' lang='lat' dir='ltr'><strong>hominem</strong></span> <span class='ocrx_word' id='word_1_870' title='bbox 1528 5616 1763 5686; x_wconf 87' lang='lat' dir='ltr'><strong>prophe—</strong></span> 
     </span>
    </p>
   </div>
   <div class='ocr_carea' id='block_1_106' title="bbox 197 5707 1759 5786">
    <p class='ocr_par' dir='ltr' id='par_1_106' title="bbox 197 5707 1759 5786">
     <span class='ocr_line' id='line_1_106' title="bbox 197 5707 1759 5786; baseline -0.002 -24"><span class='ocrx_word' id='word_1_871' title='bbox 197 5716 267 5772; x_wconf 78' lang='lat' dir='ltr'><strong>ta,</strong></span> <span class='ocrx_word' id='word_1_872' title='bbox 297 5709 352 5764; x_wconf 91' lang='lat' dir='ltr'><strong>in</strong></span> <span class='ocrx_word' id='word_1_873' title='bbox 377 5709 471 5765; x_wconf 91' lang='lat' dir='ltr'><strong>die</strong></span> <span class='ocrx_word' id='word_1_874' title='bbox 492 5723 593 5775; x_wconf 89' lang='lat' dir='ltr'><strong>qua</strong></span> <span class='ocrx_word' id='word_1_875' title='bbox 623 5709 898 5786; x_wconf 78' lang='lat' dir='ltr'><strong>erraverit,</strong></span> <span class='ocrx_word' id='word_1_876' title='bbox 922 5708 1049 5764; x_wconf 91' lang='lat' dir='ltr'><strong>dicit</strong></span> <span class='ocrx_word' id='word_1_877' title='bbox 1076 5723 1194 5765; x_wconf 87' lang='lat' dir='ltr'><strong>esse</strong></span> <span class='ocrx_word' id='word_1_878' title='bbox 1222 5710 1516 5777; x_wconf 85' lang='lat' dir='ltr'><strong>periturum</strong></span> <span class='ocrx_word' id='word_1_879' title='bbox 1547 5707 1759 5771; x_wconf 78' lang='lat' dir='ltr'><strong>(Ezech.</strong></span> 
     </span>
    </p>
   </div>
   <div class='ocr_carea' id='block_1_107' title="bbox 1854 4614 3436 4686">
    <p class='ocr_par' dir='ltr' id='par_1_107' title="bbox 1854 4614 3436 4686">
     <span class='ocr_line' id='line_1_107' title="bbox 1854 4614 3436 4686; baseline -0.004 -12"><span class='ocrx_word' id='word_1_880' title='bbox 1854 4620 2003 4675; x_wconf 90' lang='lat' dir='ltr'><strong>dicas</strong></span> <span class='ocrx_word' id='word_1_881' title='bbox 2022 4633 2123 4673; x_wconf 89' lang='lat' dir='ltr'><strong>nec</strong></span> <span class='ocrx_word' id='word_1_882' title='bbox 2141 4631 2343 4671; x_wconf 86' lang='lat' dir='ltr'><strong>amare.</strong></span> <span class='ocrx_word' id='word_1_883' title='bbox 2375 4616 2453 4671; x_wconf 74' lang='lat' dir='ltr'><strong>Ac</strong></span> <span class='ocrx_word' id='word_1_884' title='bbox 2479 4630 2579 4686; x_wconf 87' lang='lat' dir='ltr'><strong>per</strong></span> <span class='ocrx_word' id='word_1_885' title='bbox 2603 4615 2709 4671; x_wconf 89' lang='lat' dir='ltr'><strong>hoc</strong></span> <span class='ocrx_word' id='word_1_886' title='bbox 2729 4614 2989 4684; x_wconf 84' lang='lat' dir='ltr'><strong>quidquid</strong></span> <span class='ocrx_word' id='word_1_887' title='bbox 3004 4630 3104 4684; x_wconf 90' lang='lat' dir='ltr'><strong>pro</strong></span> <span class='ocrx_word' id='word_1_888' title='bbox 3132 4623 3183 4669; x_wconf 90' lang='lat' dir='ltr'><strong>te</strong></span> <span class='ocrx_word' id='word_1_889' title='bbox 3211 4614 3436 4680; x_wconf 83' lang='lat' dir='ltr'><strong>dixeris,</strong></span> 
     </span>
    </p>
   </div>
   <div class='ocr_carea' id='block_1_108' title="bbox 1857 4703 3437 4775">
    <p class='ocr_par' dir='ltr' id='par_1_108' title="bbox 1857 4703 3437 4775">
     <span class='ocr_line' id='line_1_108' title="bbox 1857 4703 3437 4775; baseline -0.003 -11"><span class='ocrx_word' id='word_1_890' title='bbox 1857 4716 2044 4764; x_wconf 85' lang='lat' dir='ltr'><strong>contra</strong></span> <span class='ocrx_word' id='word_1_891' title='bbox 2070 4716 2126 4762; x_wconf 91' lang='lat' dir='ltr'><strong>te</strong></span> <span class='ocrx_word' id='word_1_892' title='bbox 2152 4714 2256 4773; x_wconf 88' lang='lat' dir='ltr'><strong>est,</strong></span> <span class='ocrx_word' id='word_1_893' title='bbox 2287 4716 2343 4762; x_wconf 92' lang='lat' dir='ltr'><strong>et</strong></span> <span class='ocrx_word' id='word_1_894' title='bbox 2387 4706 2455 4761; x_wconf 89' lang='lat' dir='ltr'><strong>ad</strong></span> <span class='ocrx_word' id='word_1_895' title='bbox 2481 4713 2845 4775; x_wconf 87' lang='lat' dir='ltr'><strong>contemptum</strong></span> <span class='ocrx_word' id='word_1_896' title='bbox 2871 4714 3032 4773; x_wconf 87' lang='lat' dir='ltr'><strong>atque</strong></span> <span class='ocrx_word' id='word_1_897' title='bbox 3060 4703 3133 4758; x_wconf 82' lang='lat' dir='ltr'><strong>ad</strong></span> <span class='ocrx_word' id='word_1_898' title='bbox 3153 4711 3437 4760; x_wconf 80' lang='lat' dir='ltr'><strong>contume-</strong></span> 
     </span>
    </p>
   </div>
   <div class='ocr_carea' id='block_1_109' title="bbox 1855 4794 3434 4871">
    <p class='ocr_par' dir='ltr' id='par_1_109' title="bbox 1855 4794 3434 4871">
     <span class='ocr_line' id='line_1_109' title="bbox 1855 4794 3434 4871; baseline -0.001 -17"><span class='ocrx_word' id='word_1_899' title='bbox 1855 4800 1985 4855; x_wconf 90' lang='lat' dir='ltr'><strong>liam</strong></span> <span class='ocrx_word' id='word_1_900' title='bbox 2003 4800 2099 4856; x_wconf 89' lang='lat' dir='ltr'><strong>Dei</strong></span> <span class='ocrx_word' id='word_1_901' title='bbox 2119 4800 2358 4871; x_wconf 88' lang='lat' dir='ltr'><strong>pertinet</strong></span> <span class='ocrx_word' id='word_1_902' title='bbox 2394 4813 2547 4854; x_wconf 87' lang='lat' dir='ltr'><strong>amor</strong></span> <span class='ocrx_word' id='word_1_903' title='bbox 2582 4807 2638 4853; x_wconf 88' lang='lat' dir='ltr'><strong>et</strong></span> <span class='ocrx_word' id='word_1_904' title='bbox 2664 4794 3073 4852; x_wconf 85' lang='lat' dir='ltr'><strong>honoriﬁcentia</strong></span> <span class='ocrx_word' id='word_1_905' title='bbox 3094 4805 3434 4853; x_wconf 72' lang='lat' dir='ltr'><strong>cteterorum.</strong></span> 
     </span>
    </p>
   </div>
   <div class='ocr_carea' id='block_1_110' title="bbox 1858 4887 3439 4958">
    <p class='ocr_par' dir='ltr' id='par_1_110' title="bbox 1858 4887 3439 4958">
     <span class='ocr_line' id='line_1_110' title="bbox 1858 4887 3439 4958; baseline -0.001 -12"><span class='ocrx_word' id='word_1_906' title='bbox 1858 4888 1992 4946; x_wconf 83' lang='lat' dir='ltr'><strong>Cum</strong></span> <span class='ocrx_word' id='word_1_907' title='bbox 2020 4890 2161 4945; x_wconf 89' lang='lat' dir='ltr'><strong>enim</strong></span> <span class='ocrx_word' id='word_1_908' title='bbox 2183 4889 2437 4944; x_wconf 86' lang='lat' dir='ltr'><strong>aliisideo</strong></span> <span class='ocrx_word' id='word_1_909' title='bbox 2452 4887 2859 4958; x_wconf 87' lang='lat' dir='ltr'><strong>relinquasquia</strong></span> <span class='ocrx_word' id='word_1_910' title='bbox 2879 4901 2975 4942; x_wconf 88' lang='lat' dir='ltr'><strong>eos</strong></span> <span class='ocrx_word' id='word_1_911' title='bbox 3001 4888 3256 4954; x_wconf 74' lang='lat' dir='ltr'><strong>honores,</strong></span> <span class='ocrx_word' id='word_1_912' title='bbox 3270 4888 3439 4945; x_wconf 88' lang='lat' dir='ltr'><strong>Deum</strong></span> 
     </span>
    </p>
   </div>
   <div class='ocr_carea' id='block_1_111' title="bbox 1858 4978 3440 5048">
    <p class='ocr_par' dir='ltr' id='par_1_111' title="bbox 1858 4978 3440 5048">
     <span class='ocr_line' id='line_1_111' title="bbox 1858 4978 3440 5048; baseline -0.003 -12"><span class='ocrx_word' id='word_1_913' title='bbox 1858 4982 1945 5036; x_wconf 80' lang='lat' dir='ltr'><strong>cui</strong></span> <span class='ocrx_word' id='word_1_914' title='bbox 1990 4996 2099 5036; x_wconf 90' lang='lat' dir='ltr'><strong>non</strong></span> <span class='ocrx_word' id='word_1_915' title='bbox 2145 4978 2424 5048; x_wconf 89' lang='lat' dir='ltr'><strong>relinquis,</strong></span> <span class='ocrx_word' id='word_1_916' title='bbox 2468 4978 2656 5048; x_wconf 85' lang='lat' dir='ltr'><strong>utique</strong></span> <span class='ocrx_word' id='word_1_917' title='bbox 2701 4992 2813 5032; x_wconf 84' lang='lat' dir='ltr'><strong>non</strong></span> <span class='ocrx_word' id='word_1_918' title='bbox 2863 4978 3127 5045; x_wconf 78' lang='lat' dir='ltr'><strong>honorae;</strong></span> <span class='ocrx_word' id='word_1_919' title='bbox 3156 4994 3277 5035; x_wconf 88' lang='lat' dir='ltr'><strong>cum</strong></span> <span class='ocrx_word' id='word_1_920' title='bbox 3320 4979 3440 5034; x_wconf 75' lang='lat' dir='ltr'><strong>aliis</strong></span> 
     </span>
    </p>
   </div>
   <div class='ocr_carea' id='block_1_112' title="bbox 1860 5068 3442 5139">
    <p class='ocr_par' dir='ltr' id='par_1_112' title="bbox 1860 5068 3442 5139">
     <span class='ocr_line' id='line_1_112' title="bbox 1860 5068 3442 5139; baseline 0.001 -14"><span class='ocrx_word' id='word_1_921' title='bbox 1860 5070 1983 5127; x_wconf 92' lang='lat' dir='ltr'><strong>ideo</strong></span> <span class='ocrx_word' id='word_1_922' title='bbox 2027 5071 2302 5138; x_wconf 87' lang='lat' dir='ltr'><strong>relinquas</strong></span> <span class='ocrx_word' id='word_1_923' title='bbox 2326 5069 2495 5124; x_wconf 83' lang='lat' dir='ltr'><strong>multa</strong></span> <span class='ocrx_word' id='word_1_924' title='bbox 2543 5068 2803 5139; x_wconf 83' lang='lat' dir='ltr'><strong>quoniam</strong></span> <span class='ocrx_word' id='word_1_925' title='bbox 2827 5082 2993 5132; x_wconf 86' lang='lat' dir='ltr'><strong>amas,</strong></span> <span class='ocrx_word' id='word_1_926' title='bbox 3033 5068 3144 5125; x_wconf 83' lang='lat' dir='ltr'><strong>Deo</strong></span> <span class='ocrx_word' id='word_1_927' title='bbox 3175 5070 3294 5125; x_wconf 84' lang='lat' dir='ltr'><strong>ideo</strong></span> <span class='ocrx_word' id='word_1_928' title='bbox 3333 5086 3442 5128; x_wconf 89' lang='lat' dir='ltr'><strong>non</strong></span> 
     </span>
    </p>
   </div>
   <div class='ocr_carea' id='block_1_113' title="bbox 1860 5156 3442 5229">
    <p class='ocr_par' dir='ltr' id='par_1_113' title="bbox 1860 5156 3442 5229">
     <span class='ocr_line' id='line_1_113' title="bbox 1860 5156 3442 5229; baseline 0.001 -14"><span class='ocrx_word' id='word_1_929' title='bbox 1860 5159 2118 5229; x_wconf 85' lang='lat' dir='ltr'><strong>relinquis</strong></span> <span class='ocrx_word' id='word_1_930' title='bbox 2170 5156 2413 5228; x_wconf 78' lang='lat' dir='ltr'><strong>profecto</strong></span> <span class='ocrx_word' id='word_1_931' title='bbox 2451 5159 2576 5229; x_wconf 87' lang='lat' dir='ltr'><strong>quia</strong></span> <span class='ocrx_word' id='word_1_932' title='bbox 2631 5173 2738 5213; x_wconf 89' lang='lat' dir='ltr'><strong>non</strong></span> <span class='ocrx_word' id='word_1_933' title='bbox 2787 5173 2954 5213; x_wconf 87' lang='lat' dir='ltr'><strong>amas.</strong></span> <span class='ocrx_word' id='word_1_934' title='bbox 2987 5157 3124 5216; x_wconf 84' lang='lat' dir='ltr'><strong>Ecce</strong></span> <span class='ocrx_word' id='word_1_935' title='bbox 3170 5161 3310 5215; x_wconf 88' lang='lat' dir='ltr'><strong>enim</strong></span> <span class='ocrx_word' id='word_1_936' title='bbox 3358 5176 3442 5217; x_wconf 73' lang='lat' dir='ltr'><strong>as~</strong></span> 
     </span>
    </p>
   </div>
   <div class='ocr_carea' id='block_1_114' title="bbox 1861 5251 3446 5321">
    <p class='ocr_par' dir='ltr' id='par_1_114' title="bbox 1861 5251 3446 5321">
     <span class='ocr_line' id='line_1_114' title="bbox 1861 5251 3446 5321; baseline -0.001 -12"><span class='ocrx_word' id='word_1_937' title='bbox 1861 5254 2004 5310; x_wconf 87' lang='lat' dir='ltr'><strong>sistit</strong></span> <span class='ocrx_word' id='word_1_938' title='bbox 2032 5252 2127 5307; x_wconf 90' lang='lat' dir='ltr'><strong>tibi</strong></span> <span class='ocrx_word' id='word_1_939' title='bbox 2173 5252 2425 5307; x_wconf 87' lang='lat' dir='ltr'><strong>morienti</strong></span> <span class='ocrx_word' id='word_1_940' title='bbox 2465 5258 2628 5320; x_wconf 85' lang='lat' dir='ltr'><strong>atque</strong></span> <span class='ocrx_word' id='word_1_941' title='bbox 2665 5252 2883 5307; x_wconf 87' lang='lat' dir='ltr'><strong>testanti</strong></span> <span class='ocrx_word' id='word_1_942' title='bbox 2921 5251 3085 5307; x_wconf 90' lang='lat' dir='ltr'><strong>homo</strong></span> <span class='ocrx_word' id='word_1_943' title='bbox 3134 5253 3337 5321; x_wconf 86' lang='lat' dir='ltr'><strong>pariter</strong></span> <span class='ocrx_word' id='word_1_944' title='bbox 3382 5267 3446 5308; x_wconf 82' lang='lat' dir='ltr'><strong>ac</strong></span> 
     </span>
    </p>
   </div>
   <div class='ocr_carea' id='block_1_115' title="bbox 1863 5344 3442 5415">
    <p class='ocr_par' dir='ltr' id='par_1_115' title="bbox 1863 5344 3442 5415">
     <span class='ocr_line' id='line_1_115' title="bbox 1863 5344 3442 5415; baseline -0.003 -14"><span class='ocrx_word' id='word_1_945' title='bbox 1863 5346 2024 5401; x_wconf 86' lang='lat' dir='ltr'><strong>Deus.</strong></span> <span class='ocrx_word' id='word_1_946' title='bbox 2048 5346 2165 5406; x_wconf 78' lang='lat' dir='ltr'><strong>Res</strong></span> <span class='ocrx_word' id='word_1_947' title='bbox 2191 5352 2376 5415; x_wconf 84' lang='lat' dir='ltr'><strong>aperta</strong></span> <span class='ocrx_word' id='word_1_948' title='bbox 2418 5352 2500 5399; x_wconf 89' lang='lat' dir='ltr'><strong>est</strong></span> <span class='ocrx_word' id='word_1_949' title='bbox 2537 5352 2593 5399; x_wconf 90' lang='lat' dir='ltr'><strong>et</strong></span> <span class='ocrx_word' id='word_1_950' title='bbox 2621 5360 2728 5399; x_wconf 90' lang='lat' dir='ltr'><strong>non</strong></span> <span class='ocrx_word' id='word_1_951' title='bbox 2764 5344 2925 5398; x_wconf 84' lang='lat' dir='ltr'><strong>dubia</strong></span> <span class='ocrx_word' id='word_1_952' title='bbox 2964 5361 2976 5397; x_wconf 92' lang='lat'><strong>:</strong></span> <span class='ocrx_word' id='word_1_953' title='bbox 3008 5358 3167 5412; x_wconf 88' lang='lat' dir='ltr'><strong>quem</strong></span> <span class='ocrx_word' id='word_1_954' title='bbox 3195 5344 3442 5410; x_wconf 75' lang='lat' dir='ltr'><strong>elegeris,</strong></span> 
     </span>
    </p>
   </div>
   <div class='ocr_carea' id='block_1_116' title="bbox 1866 5433 3446 5508">
    <p class='ocr_par' dir='ltr' id='par_1_116' title="bbox 1866 5433 3446 5508">
     <span class='ocr_line' id='line_1_116' title="bbox 1866 5433 3446 5508; baseline -0.003 -17"><span class='ocrx_word' id='word_1_955' title='bbox 1866 5437 2163 5508; x_wconf 73' lang='lat' dir='ltr'><strong>prmtulisti.</strong></span> <span class='ocrx_word' id='word_1_956' title='bbox 2196 5436 2255 5491; x_wconf 90' lang='lat' dir='ltr'><strong>Si</strong></span> <span class='ocrx_word' id='word_1_957' title='bbox 2283 5436 2337 5491; x_wconf 90' lang='lat' dir='ltr'><strong>in</strong></span> <span class='ocrx_word' id='word_1_958' title='bbox 2366 5450 2474 5491; x_wconf 92' lang='lat' dir='ltr'><strong>uno</strong></span> <span class='ocrx_word' id='word_1_959' title='bbox 2504 5442 2587 5490; x_wconf 88' lang='lat' dir='ltr'><strong>est</strong></span> <span class='ocrx_word' id='word_1_960' title='bbox 2628 5435 2803 5490; x_wconf 89' lang='lat' dir='ltr'><strong>honor</strong></span> <span class='ocrx_word' id='word_1_961' title='bbox 2852 5433 2999 5499; x_wconf 90' lang='lat' dir='ltr'><strong>solo,</strong></span> <span class='ocrx_word' id='word_1_962' title='bbox 3034 5447 3253 5487; x_wconf 83' lang='lat' dir='ltr'><strong>necesse</strong></span> <span class='ocrx_word' id='word_1_963' title='bbox 3281 5440 3363 5486; x_wconf 90' lang='lat' dir='ltr'><strong>est</strong></span> <span class='ocrx_word' id='word_1_964' title='bbox 3393 5434 3446 5486; x_wconf 89' lang='lat' dir='ltr'><strong>in</strong></span> 
     </span>
    </p>
   </div>
   <div class='ocr_carea' id='block_1_117' title="bbox 1868 5521 3451 5596">
    <p class='ocr_par' dir='ltr' id='par_1_117' title="bbox 1868 5521 3451 5596">
     <span class='ocr_line' id='line_1_117' title="bbox 1868 5521 3451 5596; baseline -0.002 -16"><span class='ocrx_word' id='word_1_965' title='bbox 1868 5527 1975 5582; x_wconf 91' lang='lat' dir='ltr'><strong>alio</strong></span> <span class='ocrx_word' id='word_1_966' title='bbox 2004 5526 2304 5581; x_wconf 85' lang='lat' dir='ltr'><strong>inveniatur</strong></span> <span class='ocrx_word' id='word_1_967' title='bbox 2330 5541 2449 5582; x_wconf 87' lang='lat' dir='ltr'><strong>esse</strong></span> <span class='ocrx_word' id='word_1_968' title='bbox 2472 5525 2766 5596; x_wconf 88' lang='lat' dir='ltr'><strong>despectio.</strong></span> <span class='ocrx_word' id='word_1_969' title='bbox 2791 5522 2850 5578; x_wconf 91' lang='lat' dir='ltr'><strong>Si</strong></span> <span class='ocrx_word' id='word_1_970' title='bbox 2864 5523 3025 5578; x_wconf 87' lang='lat' dir='ltr'><strong>homo</strong></span> <span class='ocrx_word' id='word_1_971' title='bbox 3053 5521 3143 5590; x_wconf 90' lang='lat' dir='ltr'><strong>qui</strong></span> <span class='ocrx_word' id='word_1_972' title='bbox 3169 5521 3451 5591; x_wconf 64' lang='lat' dir='ltr'><strong>priclertur</strong></span> 
     </span>
    </p>
   </div>
   <div class='ocr_carea' id='block_1_118' title="bbox 1867 5613 3448 5687">
    <p class='ocr_par' dir='ltr' id='par_1_118' title="bbox 1867 5613 3448 5687">
     <span class='ocr_line' id='line_1_118' title="bbox 1867 5613 3448 5687; baseline 0.001 -14"><span class='ocrx_word' id='word_1_973' title='bbox 1867 5617 2064 5686; x_wconf 82' lang='lat' dir='ltr'><strong>gaudet</strong></span> <span class='ocrx_word' id='word_1_974' title='bbox 2090 5632 2153 5672; x_wconf 87' lang='lat' dir='ltr'><strong>se</strong></span> <span class='ocrx_word' id='word_1_975' title='bbox 2178 5634 2206 5672; x_wconf 91' lang='lat' dir='ltr'><strong>a</strong></span> <span class='ocrx_word' id='word_1_976' title='bbox 2236 5628 2287 5673; x_wconf 90' lang='lat' dir='ltr'><strong>te</strong></span> <span class='ocrx_word' id='word_1_977' title='bbox 2316 5619 2483 5687; x_wconf 77' lang='lat' dir='ltr'><strong>diligi,</strong></span> <span class='ocrx_word' id='word_1_978' title='bbox 2523 5632 2742 5672; x_wconf 84' lang='lat' dir='ltr'><strong>necesse</strong></span> <span class='ocrx_word' id='word_1_979' title='bbox 2781 5623 2865 5671; x_wconf 86' lang='lat' dir='ltr'><strong>est</strong></span> <span class='ocrx_word' id='word_1_980' title='bbox 2891 5621 2950 5668; x_wconf 92' lang='lat' dir='ltr'><strong>ut</strong></span> <span class='ocrx_word' id='word_1_981' title='bbox 2977 5627 3038 5667; x_wconf 85' lang='lat' dir='ltr'><strong>se</strong></span> <span class='ocrx_word' id='word_1_982' title='bbox 3074 5613 3256 5668; x_wconf 83' lang='lat' dir='ltr'><strong>doleat</strong></span> <span class='ocrx_word' id='word_1_983' title='bbox 3282 5615 3448 5682; x_wconf 80' lang='lat' dir='ltr'><strong>Deus,</strong></span> 
     </span>
    </p>
   </div>
   <div class='ocr_carea' id='block_1_119' title="bbox 1868 5702 3454 5779">
    <p class='ocr_par' dir='ltr' id='par_1_119' title="bbox 1868 5702 3454 5779">
     <span class='ocr_line' id='line_1_119' title="bbox 1868 5702 3454 5779; baseline 0.001 -16"><span class='ocrx_word' id='word_1_984' title='bbox 1868 5710 1957 5778; x_wconf 89' lang='lat' dir='ltr'><strong>qui</strong></span> <span class='ocrx_word' id='word_1_985' title='bbox 1986 5711 2428 5779; x_wconf 62' lang='lat' dir='ltr'><strong>praetermittitur,</strong></span> <span class='ocrx_word' id='word_1_986' title='bbox 2450 5726 2556 5766; x_wconf 91' lang='lat' dir='ltr'><strong>non</strong></span> <span class='ocrx_word' id='word_1_987' title='bbox 2584 5707 2768 5764; x_wconf 86' lang='lat' dir='ltr'><strong>amari.</strong></span> <span class='ocrx_word' id='word_1_988' title='bbox 2793 5704 2898 5762; x_wconf 89' lang='lat' dir='ltr'><strong>Sed</strong></span> <span class='ocrx_word' id='word_1_989' title='bbox 2923 5710 3079 5774; x_wconf 84' lang='lat' dir='ltr'><strong>putas</strong></span> <span class='ocrx_word' id='word_1_990' title='bbox 3108 5702 3278 5763; x_wconf 88' lang='lat' dir='ltr'><strong>Deum</strong></span> <span class='ocrx_word' id='word_1_991' title='bbox 3307 5710 3454 5766; x_wconf 78' lang='lat' dir='ltr'><strong>vide-</strong></span> 
     </span>
    </p>
   </div>
  </div>
