3866 6178
466 271 611 330 231³

1380 275 1438 331 S.
1474 272 1784 329 SALVIANI
1826 269 2290 333 MASSILIENSIS
2325 270 2750 327 PRESBYTERI
2834 248 2839 253 Ι

3566 288 3649 345 ῒόἳ

462 393 585 447 licet
610 388 975 446 munificentia
1026 391 1259 445 hominis
1302 406 1410 444 non
1448 404 1639 458 cgere;
1687 398 1742 443 et
1770 389 1890 442 ideo
1916 384 2045 455 quid
2072 391 2125 446 Α
2149 400 2373 440 numero
2412 402 2518 439 non
2566 394 2650 441 est
2697 386 3069 442 universorum
3110 400 3212 445 una
3248 402 3518 462 paupertas.
3545 398 3648 458 Sunt

460 496 679 537 necesse
707 492 808 547 est,
840 482 1033 551 inquit,
1062 483 1130 535 ab
1158 481 1376 537 homine
1429 482 1480 535 ei
1519 482 1795 552 quippiam
1844 480 2040 545 tribui,

458 572 549 641 qui
579 574 692 642 ipse
719 581 911 627 cuncta
943 573 1193 627 omnibus
1219 571 1403 627 dedit?
1431 570 1620 626 Utrum
1651 579 1807 640 egeat
1832 570 2043 625 muniﬁ-

458 669 633 717 centia
674 672 859 719 nostra
906 663 1164 719 Dominus
1191 678 1258 717 an
1287 678 1394 718 non
1423 671 1598 730 egeat,
1645 671 1737 717 aut
1773 661 2045 731 quomodo

458 752 538 806 vel
567 760 724 819 egeat
741 751 828 806 vel
852 767 958 806 non
988 761 1162 820 egeat,
1176 751 1287 821 jam
1315 751 1634 806 videbimus.
1659 750 1895 817 Interim,
1917 752 2045 823 quia

453 842 521 895 ab
549 855 614 896 eo
643 842 851 896 cunctis
879 846 1073 897 cuneta
1120 844 1362 912 praestari
1391 843 1554 897 etiam
1603 852 1663 899 tu
1710 857 1907 912 negare
1933 859 2042 899 non

455 945 620 985 ausus
647 946 725 996 es,
758 932 863 987 hoc
890 932 1101 1000 dignior
1129 941 1211 987 est
1246 934 1448 1002 absque
1476 934 1639 989 dubio
1666 934 1917 1004 largitate
1945 952 2044 992 no-

457 1030 569 1076 stra
599 1023 725 1093 quia
758 1023 916 1078 nobis
943 1024 1058 1094 ipse
1086 1032 1212 1080 ante
1237 1025 1463 1093 largitus
1499 1035 1614 1094 est;
1640 1026 1745 1082 hoc
1766 1026 1963 1096 justius
1990 1028 2043 1083 ei

451 1112 643 1169 ciliciis
672 1114 997 1183 respondere
1026 1125 1310 1183 tentamus,
1332 1133 1441 1187 quo
1470 1117 1743 1173 beneficiis
1772 1120 1910 1176 illius
1926 1135 2041 1175 ma-

450 1204 532 1272 gis
582 1205 814 1275 impares
842 1222 1044 1261 sumus.
1077 1207 1210 1262 Nam
1255 1217 1311 1264 et
1353 1218 1544 1264 natura
1599 1209 1715 1281 ipsa
1761 1211 2038 1266 hominum

449 1295 893 1364 consuetudoque
913 1300 1214 1354 communis
1241 1299 1344 1354 hac
1368 1301 1522 1368 quasi
1544 1302 1784 1369 generali
1811 1311 2038 1359 cunctos

448 1385 566 1453 lege
587 1386 924 1455 constringit,
954 1397 1013 1442 ut
1041 1404 1072 1443 a
1118 1390 1312 1460 quibus
1339 1390 1543 1462 aliquid
1579 1393 1914 1449 liberalitatis
1942 1410 2037 1451 ac-

446 1476 705 1545 cepimus,
748 1478 870 1548 plus
915 1480 994 1534 eis
1022 1483 1206 1549 gmtiaa
1251 1483 1543 1539 debeamus
1575 1501 1589 1537 :
1620 1494 1797 1541 arctat
1836 1488 2036 1558 quippe

447 1582 547 1622 nos
566 1569 723 1638 287
750 1567 818 1623 ad
830 1570 1240 1625 retributionem
1261 1571 1372 1626 dati
1396 1582 1618 1644 accepta
1638 1574 1869 1644 largitio.
1894 1576 2035 1632 Ante

446 1673 600 1713 usum
627 1660 768 1714 enim
789 1676 855 1715 ac
874 1662 1296 1717 muniﬁcentiam
1325 1665 1660 1720 liberalitatis
1685 1666 1872 1721 aliena:
1900 1668 2035 1722 liber

2147 479 2291 533 enim
2320 478 2535 548 quidam
2563 480 2759 547 quibus
2783 481 2947 534 etiam
2974 481 3020 534 si
3042 482 3346 539 vestimenta
3363 486 3547 553 desunt,
3573 494 3650 546 ali.

2146 576 2328 623 menta
2354 584 2459 623 non
2481 568 2701 635 desunt;
2724 568 2877 623 multi
2896 577 3022 624 sunt
3041 569 3262 641 hospitio
3280 584 3496 642 egentes,
3522 583 3652 635 vesti.

2144 658 2246 713 bus
2274 673 2382 713 non
2404 666 2651 727 egentes;
2682 658 2836 719 multi
2863 657 3024 715 domo
3050 667 3303 726 carentes,
3328 662 3415 717 sed
3442 680 3534 720 non
3554 669 3653 723 sub-

2144 750 2359 815 stantia;
2378 758 2503 806 sunt
2519 749 2749 818 denique
2762 749 2957 818 quibus
2977 750 3079 804 etsi
3099 749 3270 806 desint
3290 752 3460 819 multa,
3480 770 3571 811 non
3586 758 3660 814 de.

2144 848 2269 895 sunt
2281 837 2729 896 omnia.Christus
2740 840 3108 895 tantummodo
3121 840 3263 896 solus
3275 849 3371 907 est,
3384 844 3458 899 cui
3473 845 3581 899 nihil
3591 860 3654 905 est

2143 932 2288 1002 quod
2312 932 2365 986 in
2395 933 2541 987 omni
2563 933 2798 988 humano
2824 947 3022 1002 genere
3048 948 3156 988 non
3181 932 3332 989 desit.
3361 930 3527 991 Nullus
3556 953 3650 994 suo-

2141 1038 2261 1078 rum
2280 1023 2508 1089 exsulat,
2533 1024 2706 1078 nullus
2724 1020 2922 1091 frigore
2939 1038 3004 1078 ac
3022 1022 3256 1078 nuditate
3274 1033 3540 1094 torquetur,
3556 1043 3652 1083 cum

2141 1129 2250 1183 quo
2281 1114 2370 1169 ille
2412 1130 2517 1168 non
2546 1113 2742 1182 algeat.
2775 1111 2934 1168 Solus
2962 1128 3085 1167 cum
3129 1113 3464 1171 esurientibus
3503 1117 3651 1182 esurit,

2141 1206 2288 1261 solus
2315 1221 2437 1262 cum
2464 1205 2770 1261 sitientibus
2797 1204 2927 1259 sitit.
2951 1202 3021 1258 Et
3047 1204 3186 1269 ideo,
3216 1212 3454 1273 quantum
3488 1206 3546 1260 ad
3568 1208 3655 1275 pie-

2139 1305 2304 1351 tatem
2333 1297 2475 1351 illius
2504 1296 2753 1366 pertinet,
2783 1294 2903 1366 plus
2929 1308 3091 1363 quam
3131 1294 3304 1350 cmteri
3330 1303 3443 1364 eget
3474 1314 3487 1349 :
3518 1298 3656 1354 omnis

2138 1389 2281 1443 enim
2310 1397 2622 1457 egestuosus
2649 1402 2747 1457 pro
2776 1401 2836 1442 se
2862 1394 3073 1442 tantum
3100 1397 3154 1441 et
3180 1386 3233 1440 in
3274 1401 3330 1441 se
3373 1396 3515 1455 eget:
3540 1389 3656 1444 solus

2137 1480 2506 1535 tantummodo
2535 1478 2780 1533 Christus
2824 1485 2907 1534 est
2932 1478 3024 1547 qui
3053 1479 3106 1533 in
3151 1478 3379 1533 omnium
3411 1493 3656 1549 pauperum

2135 1572 2487 1626 universitate
2513 1570 2798 1624 mendicet.
2823 1568 2892 1623 Et
2921 1586 3042 1625 cum
3072 1571 3187 1626 haec
3213 1570 3284 1625 ita
3308 1573 3425 1636 sint,
3446 1570 3558 1639 quid
3577 1570 3654 1633 ais,

2135 1677 2170 1716 o
2191 1662 2381 1725 homo,
2403 1660 2495 1729 qui
2516 1658 2878 1716 Christianum
2908 1668 2962 1714 te
2982 1675 3101 1716 esse
3119 1661 3267 1726 dicis,
3290 1675 3406 1715 cum
3431 1659 3656 1715 Christum

445 1760 529 1805 est
579 1752 880 1821 quispiam,
932 1753 1319 1811 beneficiorum
1367 1756 1551 1813 fenore
1596 1774 1704 1814 non
1757 1772 2029 1828 gravatus.

2140 1766 2300 1820 egere
2345 1750 2546 1812 videas,
2579 1759 2638 1805 tu
2684 1749 2966 1805 facultates
2993 1760 3114 1808 tuas
3153 1751 3534 1820 quibuscunque
3572 1765 3658 1805 non

444 1839 725 1909 Coguntur
752 1851 931 1897 autem
980 1860 1166 1900 ornnes
1195 1847 1309 1915 ipsa
1344 1849 1676 1904 conscientia
1722 1866 1817 1905 sua
1844 1851 1911 1905 ad
1941 1868 2030 1905 re-

442 1935 815 2001 pensationem
841 1936 1224 1993 vicissitudinis
1246 1979 1261 2003 ,
1310 1948 1595 2010 postquam
1621 1956 1744 1996 esse
1769 1944 2031 2011 coeperint

441 2023 733 2081 debitores.
752 2026 830 2080 Ita
851 2042 980 2097 ergo
1010 2036 1065 2083 et
1090 2029 1200 2085 Deo
1220 2030 1326 2085 hoc
1352 2032 1558 2101 majora
1579 2033 1859 2101 debemus,
1884 2036 2030 2104 quod

444 2115 512 2168 ab
540 2130 606 2169 eo
635 2126 829 2177 cuncta
857 2120 1226 2189 percepimus;
1258 2130 1314 2175 et
1340 2121 1445 2181 hoc
1472 2123 1802 2193 respondere
1826 2125 2029 2182 benefi-

441 2205 537 2259 ciis
566 2206 708 2260 illius
758 2208 938 2263 minus
965 2224 1272 2279 possumus,
1324 2212 1470 2280 quod
1499 2214 1551 2268 ei
1602 2214 1766 2269 etiam
1794 2216 1840 2271 si
1882 2217 2026 2285 quod

439 2294 695 2353 debemus
710 2297 990 2353 redhibere
1009 2302 1308 2371 cupiamus,
1327 2312 1508 2358 tamen
1523 2304 1592 2360 de
1607 2321 1706 2362 suo
1729 2307 2020 2362 reddimus.

441 2386 515 2442 Ac
527 2389 734 2456 perhoc
748 2406 854 2444 non
867 2392 1102 2460 estquod
1112 2394 1329 2462 placere
1338 2396 1436 2451 sibi
1448 2397 1729 2467 quisquam
1743 2400 1871 2468 largi
1880 2401 2024 2456 tione

435 2492 529 2531 sua
552 2479 765 2534 debeat.
793 2479 942 2536 Sicut
970 2498 1063 2536 sua
1093 2499 1201 2538 non
1229 2493 1355 2539 sunt
1373 2496 1566 2541 cuncta
1593 2503 1713 2557 quae
1739 2506 1770 2543 a
1795 2489 2024 2546 Domino

435 2583 535 2624 suo
562 2570 773 2639 accipit,
806 2573 885 2626 sic
911 2588 1006 2627 sua
1055 2589 1164 2629 non
1199 2584 1324 2629 sunt
1353 2586 1546 2633 cuncta
1582 2594 1703 2649 qua:
1729 2580 1920 2634 reddit.
1954 2580 2023 2635 Et

435 2656 558 2714 ideo
595 2658 833 2729 perﬁdiae
860 2662 1076 2732 quidem
1107 2680 1267 2733 pmna
1294 2666 1519 2722 debetur
1547 2669 1595 2723 ei
1624 2671 1717 2739 qui
1744 2673 2022 2739 negaverit

432 2750 548 2805 Deo
575 2767 694 2821 qua:
724 2761 846 2807 sunt
876 2754 979 2809 sibi
1005 2756 1074 2810 ab
1115 2757 1305 2811 eodem
1352 2761 1723 2828 commodata;
1757 2764 2020 2833 imputare

431 2848 610 2895 autem
639 2842 976 2910 largitionem
1004 2860 1110 2899 non
1130 2852 1312 2917 potest
1337 2849 1429 2917 qui
1449 2849 1741 2906 reddiderit
1768 2862 2013 2923 accepta.

499 2931 588 2987 IV.
620 2931 727 2989 Sed
755 2934 925 3001 Deus,
957 2937 1154 3006 inquis,
1187 2954 1295 2994 non
1320 2947 1443 3009 eget
1468 2943 1843 3000 retributione.
1875 2946 2016 3001 Nihil

429 3024 607 3079 minus
633 3039 795 3093 quam
827 3034 888 3080 ut
914 3043 1020 3082 non
1050 3038 1221 3097 egeat.
1257 3029 1374 3085 Non
1405 3039 1529 3101 eget
1557 3033 1702 3089 enim
1721 3034 1875 3104 juxta
1910 3051 2012 3107 po-

2133 1842 2491 1911 indigentibus
2529 1842 2891 1911 derelinquis?
2920 1842 3162 1899 Christus
3188 1858 3386 1913 pauper
3420 1851 3521 1906 εει,
3548 1849 3594 1897 et
3613 1848 3660 1901 ιιι

2131 1948 2265 2001 opes
2291 1933 2514 1987 divitum
2547 1932 2823 1988 cumulas?
2848 1930 3096 1989 Christus
3116 1934 3300 1999 esurit,
3328 1942 3383 1989 et
3406 1941 3457 1987 tu
3483 1932 3658 1987 delicias

2130 2022 2470 2077 afﬂuentibus
2493 2024 2685 2092 paras?
2711 2021 2957 2079 Christus
2984 2025 3148 2079 etiam
3182 2039 3368 2095 aquam
3392 2024 3485 2079 sibi
3509 2022 3662 2078 deesse

2128 2114 2385 2183 queritur,
2410 2124 2466 2168 et
2485 2130 2515 2167 a
2537 2123 2592 2170 te
2612 2116 2888 2183 apothecas
2906 2116 3241 2173 ebriosorum
3264 2116 3380 2170 vino
3398 2114 3662 2185 replentur?

2128 2204 2372 2259 Christus
2402 2219 2583 2259 rerum
2619 2206 2859 2260 omnium
2899 2214 3141 2276 egestate
3179 2207 3465 2272 coniicitur,
3492 2214 3541 2260 et
3563 2221 3587 2259 a
3620 2212 3663 2260 te

2127 2296 2413 2351 luxuriosis
2431 2296 2600 2367 copia:
2620 2300 3083 2366 coaggregantur‘!
3100 2296 3341 2354 Christus
3357 2298 3448 2352 tibi
3467 2312 3553 2367 pro
3573 2311 3662 2350 mu-

2124 2387 2343 2442 neribus
2366 2402 2397 2442 a
2425 2395 2480 2442 te
2499 2387 2640 2444 datis
2660 2387 2880 2457 praemia
2908 2388 3240 2459 sempiterna
3261 2387 3525 2458 promittit,
3552 2393 3600 2441 et
3616 2394 3663 2442 tu

2126 2478 2201 2532 nil
2226 2477 2560 2548 prmstaturis
2586 2485 2779 2533 cuncta
2818 2478 3064 2547 largiris?
3103 2478 3349 2534 Christus
3378 2478 3465 2532 tibi
3499 2485 3549 2531 et
3582 2490 3661 2545 pro

2122 2571 2279 2626 bonis
2298 2572 2439 2625 bona
2458 2572 2782 2627 immortalia
2802 2574 2964 2644 289
2977 2581 3033 2627 et
3051 2588 3154 2643 pro
3172 2573 3326 2627 malis
3344 2572 3477 2626 mala
3493 2576 3664 2624 :eterna

2120 2661 2403 2730 proponit;
2433 2668 2488 2715 et
2514 2669 2574 2716 tu
2618 2676 2719 2716 nec
2762 2661 2917 2717 bonis
2962 2662 3273 2719 cmlestibus
3316 2660 3545 2722 ﬂecteris,
3583 2670 3664 2712 nec

2120 2751 2276 2806 malis
2304 2752 2627 2821 perennibus
2652 2754 3043 2808 commoveris?
3071 2762 3129 2809 et
3148 2754 3366 2810 credere
3393 2762 3443 2808 te
3468 2749 3662 2807 Domino

2118 2849 2213 2898 tuo
2241 2842 2394 2908 dicis,
2426 2841 2579 2911 cujus
2604 2857 2706 2898 nec
2735 2845 3226 2901 remunerationem
3273 2844 3557 2908 desideras,
3580 2855 3663 2896 nec

2116 2933 2449 2989 iracundiam
2471 2934 2875 2990 contremiscis?
3544 2983 3548 2987 «

2192 3022 2251 3079 ν.
2283 3024 2400 3081 Non
2421 3024 2598 3081 credis
2623 3024 2802 3095 igitur,
2825 3026 2965 3082 sicut
2978 3026 3093 3097 jam
3114 3028 3347 3084 diximus
3370 3027 3501 3084 libro
3524 3038 3662 3095 supe-

429 3116 655 3171 tentiam
669 3132 839 3181 suam,
859 3119 1256 3189 sedegetjuxta
1274 3125 1686 3194 praeceptionem
1703 3141 1882 3194 suam;
1900 3145 2009 3184 non
2036 3110 2087 3176 C
2112 3116 2279 3183 riore,
2306 3132 2415 3172 non
2444 3116 2742 3183 credis;ac
2765 3127 2788 3157 ε
2814 3118 2940 3173 licet
2972 3119 3040 3174 de
3067 3133 3450 3176 conversorum
3469 3130 3661 3174 venera-

426 3216 549 3276 eget
574 3209 865 3264 secundum
887 3210 1224 3279 majestatem
1245 3230 1414 3279 suam,
1447 3217 1542 3271 sed
1568 3225 1691 3285 eget
1714 3219 2008 3275 secundum

424 3296 597 3367 legem
624 3315 805 3366 suam;
837 3309 893 3356 et
919 3302 972 3355 in
1015 3303 1196 3373 seipse
1223 3304 1439 3373 quidem
1467 3324 1576 3362 non
1623 3318 1772 3377 eget,
1814 3309 1908 3364 sed
1951 3310 2008 3365 in

423 3390 604 3444 multis
632 3400 784 3459 eget;
815 3408 925 3447 non
953 3395 1144 3462 qumrit
1181 3395 1233 3450 in
1262 3411 1322 3451 se
1351 3397 1789 3464 munificentiam,
1817 3401 1911 3457 sed
1953 3403 2008 3458 in

420 3482 531 3536 suis
558 3482 775 3550 quaerit;
807 3491 862 3539 et
890 3484 1012 3540 ideo
1040 3502 1148 3541 non
1170 3496 1293 3556 eget
1329 3490 1544 3557 quidem
1569 3491 1723 3561 juxta
1753 3494 2004 3564 omnipo-

420 3572 664 3637 tentiam,
695 3572 791 3628 sed
812 3582 935 3642 eget
950 3574 1104 3644 juxta
1134 3578 1586 3647 miscricordiam;
1613 3598 1720 3637 non
1743 3592 1865 3653 eget
1892 3586 2006 3641 dei-

420 3669 533 3716 tate
562 3678 659 3731 pro
687 3665 998 3734 semetipso,
1023 3666 1118 3721 sed
1147 3677 1267 3734 eget
1296 3670 1497 3737 pietate
1522 3684 1624 3739 pro
1667 3674 1840 3729 nobis.
1867 3675 2003 3742 Quid

420 3752 566 3805 enim
595 3752 724 3807 dicit
751 3754 819 3807 ad
849 3755 968 3822 pios
989 3770 1052 3809 ac
1073 3756 1250 3824 largos
1277 3757 1675 3827 dispensatores
1695 3762 1869 3818 Deus?
1900 3764 2004 3818 Ve-

417 3843 540 3908 nite,
564 3844 814 3898 benedicti
844 3844 1022 3899 Patris
1044 3849 1162 3911 mei,
1188 3848 1442 3918 possidete
1463 3867 1674 3922 regnum
1701 3855 1838 3925 quod
1867 3856 2004 3910 vobis

417 3941 653 4000 paratum
675 3943 751 3986 est
774 3951 805 3987 a
827 3926 1192 3991 constitutione
1210 3941 1404 3992 mundi.
1435 3939 1636 4027 Esurjvi
1664 3944 1820 4008 enim,
1844 3955 1893 3998 et
1915 3944 2005 4002 de-

415 4019 563 4074 distis
602 4022 725 4075 mihi
754 4023 1098 4088 manducare;
1138 4027 1307 4092 sitivi,
1352 4037 1401 4081 et
1440 4019 1652 4084 dedistis
1679 4032 1806 4086 mihi
1835 4032 2004 4088 bibere

415 4109 627 4180 (Matth.
649 4129 772 4176 xxv,
802 4112 899 4179 54,
932 4113 1023 4185 55)
1052 4124 1143 4170 :et
1182 4116 1283 4170 alia
1315 4117 1369 4172 in
1399 4118 1539 4176 hunc
1575 4122 1814 4176 modum.
1839 4122 1904 4177 Et
1934 4139 2002 4179 ne

414 4201 517 4256 hoc
553 4218 729 4259 causze
773 4204 841 4259 de
884 4219 990 4274 qua
1036 4223 1177 4262 nunc
1221 4208 1507 4277 loquimur,
1539 4227 1729 4282 parum
1776 4213 1999 4269 forsitan

413 4291 701 4360 videretur,
733 4294 929 4365 adjecit
955 4312 1133 4352 rerum
1171 4298 1553 4368 diversitatem,
1590 4305 1766 4360 avaris
1792 4315 1849 4360 et
1875 4306 1997 4360 inﬁ-

411 4384 616 4440 delibus
640 4385 855 4441 dicens:
882 4386 981 4450 Ite,
1008 4390 1288 4454 maledicti,
1314 4394 1368 4446 in
1395 4394 1565 4464 ignem
1580 4405 1827 4451 azternum
1847 4415 1993 4470 quem

2110 3206 2206 3263 bili
2245 3208 2413 3263 choro
2458 3222 2578 3262 esse
2625 3207 2859 3263 videaris
2881 3248 2898 3274 ,
2927 3209 3051 3264 licet
3100 3211 3415 3282 religionem
3459 3207 3664 3265 vestibus

2111 3300 2369 3364 simules,
2413 3299 2540 3356 licet
2568 3296 2728 3355 fidem
2772 3300 2986 3371 cingulo
3016 3317 3270 3371 asseras,
3300 3303 3426 3359 licet
3447 3299 3664 3356 sanctita-

2109 3399 2219 3445 tem
2248 3392 2414 3463 pallio
2434 3391 2730 3457 mentiaris,
2763 3407 2871 3448 non
2900 3393 3074 3449 credis
3092 3396 3342 3462 omnino,
3372 3410 3474 3450 non
3495 3390 3660 3448 credis.

2108 3480 2176 3535 Et
2202 3482 2307 3537 hoc
2337 3489 2447 3536 tam
2476 3482 2605 3539 viris
2632 3482 2934 3538 istiusmodi
2977 3498 3140 3553 quam
3171 3485 3384 3542 feminis
3402 3483 3513 3539 'dixi
3534 3499 3547 3536 :
3572 3494 3663 3536 non

2107 3574 2353 3629 credunt.
2391 3573 2583 3629 Induat
2606 3574 2706 3631 sibi
2730 3575 2976 3645 quamvis
3001 3576 3231 3645 quilibet
3256 3575 3286 3615 (ι
3313 3576 3543 3632 habitum
3566 3587 3665 3626 san-

2106 3666 2181 3721 cti
2208 3665 2442 3721 nominis
2486 3673 2543 3722 et
2585 3666 2797 3722 titulum
2837 3682 3005 3725 sacrm
3031 3669 3311 3739 religionis
3339 3668 3600 3728 inscribat;
3624 3661 3663 3717 si

2104 3757 2172 3811 de
2218 3755 2518 3811 substantia
2564 3772 2661 3811 sua
2708 3759 2825 3813 aliis
2869 3759 3040 3828 magis
3081 3774 3247 3830 quam
3294 3761 3396 3817 sibi
3422 3755 3662 3817 consulit,

2105 3846 2347 3917 profecto
2376 3862 2483 3907 non
2513 3848 2701 3903 credit.
2743 3847 2913 3906 Nemo
2941 3858 3025 3905 est
3060 3852 3206 3907 enim
3245 3851 3467 3908 credens
3491 3848 3575 3919 qui
3598 3845 3666 3899 fa-

2104 3939 2332 3994 cultates
2376 3954 2501 3994 suas
2547 3940 2666 3995 aliis
2710 3941 2966 4010 prodesse
3002 3943 3155 3997 malit
3181 3958 3344 4013 quam
3373 3942 3498 4008 sibi;
3526 3950 3665 3994 nemo

2103 4039 2187 4086 est
2224 4032 2317 4101 qui
2361 4030 2751 4087 beatitudinem
2796 4032 2916 4087 aliis
2958 4032 3177 4089 miseria
3224 4050 3319 4089 sua
3350 4047 3525 4088 emere
3547 4043 3663 4084 con-

2102 4131 2284 4178 tentus
2312 4124 2414 4191 sit;
2457 4138 2618 4179 nemo
2647 4132 2730 4178 est
2756 4125 2851 4193 qui
2880 4132 2939 4178 ut
2971 4124 3091 4181 aliis
3117 4137 3278 4196 paret
3304 4126 3518 4181 delicias
3538 4132 3660 4178 tem-

2101 4215 2342 4284 porarias
2364 4256 2380 4278 ,
2429 4214 2612 4270 subire
2651 4223 2921 4284 egestates
2970 4215 3155 4286 cupiat
3199 4216 3567 4286 sempiternas.
3601 4207 3662 4262 Ει

2099 4306 2222 4360 ideo
2269 4306 2362 4375 qui
2405 4306 2729 4377 patrimonio
2769 4322 2868 4362 suo
2897 4308 3015 4362 aliis
3042 4309 3215 4376 magis
3241 4323 3401 4377 quam
3429 4305 3526 4361 sibi
3550 4317 3665 4357 con-

2098 4398 2261 4463 sulit,
2308 4396 2585 4467 profutura
2631 4399 2734 4454 sibi
2761 4390 2895 4469 quae
2927 4399 3039 4455 Deo
3084 4400 3297 4456 dederit
3321 4401 3534 4455 omnino
3559 4407 3664 4452 esse

409 4478 611 4543 paravit
629 4475 789 4531 Pater
809 4495 951 4531 meus
976 4478 1183 4535 diabolo
1202 4491 1251 4535 et
1277 4483 1475 4554 angelis
1502 4487 1631 4556 ejus.
1660 4491 1821 4559 288
1849 4489 1990 4545 Esu-
2017 4472 2067 4532 Ῑ)
2092 4507 2201 4546 non
2249 4490 2437 4546 credit.
2482 4492 2635 4546 Dicat
2680 4493 2826 4547 enim
2872 4492 3001 4547 mihi
3048 4495 3276 4563 quilibet
3324 4496 3539 4558 horum,
3580 4500 3664 4545 cur

409 4566 502 4619 rivi
525 4568 692 4632 enim,
723 4577 773 4622 et
800 4585 905 4623 non
935 4569 1147 4625 dedistis
1177 4572 1301 4626 mihi
1325 4571 1525 4641 bibere;
1556 4584 1584 4612 ι
1613 4577 1781 4632 nudus
1816 4581 1910 4651 fui,
1942 4589 1991 4635 et

406 4674 513 4718 non
535 4662 812 4729 operuistis
835 4679 918 4715 me
947 4661 1132 4733 (Ibid.,
1157 4663 1367 4735 41-43).
1400 4664 1429 4704 1³
1456 4664 1552 4721 Ubi
1582 4683 1709 4738 ergo
1744 4682 1870 4725 sunt
1895 4674 1989 4742 qui

402 4747 592 4803 dicunt
630 4750 914 4808 Dominum
940 4754 1119 4811 Jesum
1144 4754 1417 4813 Christum
1457 4759 1637 4815 officio
1682 4770 1989 4819 nostrorum

407 4852 690 4894 munerum
731 4857 839 4897 non
869 4847 1061 4913 egere?
1090 4846 1228 4904 Ecce
1257 4857 1312 4904 et
1356 4851 1561 4907 esurire
1608 4867 1668 4907 se
1707 4855 1909 4923 pariter
1934 4864 1990 4911 et

404 4927 555 4983 sitire
597 4938 652 4984 et
697 4931 875 5000 algere
919 4949 1325 4994 commemorat.
1376 4939 1719 5012 Respondeat
1762 4945 1987 5015 quilibet

404 5016 625 5085 horum,
652 5020 700 5075 si
727 5036 835 5077 non
876 5032 997 5090 eget
1037 5028 1128 5093 qui
1167 5030 1372 5083 esurire
1410 5046 1470 5086 se
1507 5033 1769 5101 queritur,
1801 5036 1847 5090 si
1877 5053 1985 5093 non

403 5114 527 5199 eget
551 5110 729 5177 quise
765 5112 917 5167 sitire
963 5122 1207 5172 testatur.
1256 5119 1369 5190 Ego
1412 5123 1530 5192 plus
1574 5124 1715 5182 addo
1743 5127 1944 5199 aliquid
1966 5170 1981 5195 ,

402 5198 672 5257 Christum
709 5218 816 5259 non
856 5205 1031 5261 solum
1076 5222 1235 5277 egere
1273 5228 1395 5268 cum
1435 5218 1679 5284 caeteris,
1730 5198 1987 5292 sediplus

401 5292 572 5349 multo
599 5307 758 5363 egere
784 5300 942 5365 quam
972 5306 1229 5356 caeteros:
1262 5303 1315 5357 in
1343 5305 1490 5360 omni
1512 5308 1656 5362 enim
1686 5324 1983 5380 pauperum

2093 4583 2374 4639 facultates
2419 4598 2549 4638 suas
2595 4582 2715 4637 aliis
2757 4581 3101 4654 derelinquit.
3142 4583 3395 4655 Nunquid
3424 4597 3526 4637 non
3554 4578 3662 4633 ideo

2091 4677 2217 4745 quia
2266 4673 2571 4745 profuturas
2615 4674 2701 4729 cui
2747 4674 3025 4743 reliquerit
3070 4690 3191 4732 esse
3249 4692 3357 4732 non
3409 4668 3657 4742 ambigit?

2089 4769 2216 4825 Ideo
2258 4770 2462 4837 absque
2511 4766 2694 4823 dubio.
2746 4766 2932 4837 Igitur,
2965 4770 3274 4840 quicunque
3302 4770 3392 4825 ille
3420 4784 3507 4833 es,
3536 4766 3577 4821 si
3603 4778 3660 4819 ea

2090 4875 2204 4931 qua:
2239 4859 2330 4915 alii
2357 4859 2616 4930 relinquis
2638 4899 2652 4923 ,
2705 4858 2828 4917 ideo
2874 4860 3134 4930 relinquis
3160 4862 3288 4930 quia
3318 4860 3591 4933 profutura
3614 4854 3660 4911 ei

2095 4951 2181 5008 cui
2208 4951 2490 5019 reliqueris
2536 4959 2716 5006 certus
2751 4966 2839 5017 es;
2886 4952 2965 5008 sic
2999 4953 3243 5022 profecto
3272 4955 3319 5009 si
3348 4958 3661 5021 quaecunque

2089 5042 2351 5109 religiosis
2378 5036 2691 5099 muneride
2724 5055 3070 5112 prorogasses
3107 5043 3388 5113 profutura
3429 5054 3545 5097 esse
3577 5035 3660 5092 tibi

2090 5131 2356 5197 crederes,
2407 5131 2502 5187 tibi
2545 5131 2749 5201 absque
2786 5131 2951 5187 dubio
2971 5133 3319 5203 peculiariter
3345 5134 3658 5203 deputares:

2088 5223 2213 5293 quia
2241 5229 2444 5293 quanto
2474 5229 2528 5276 te
2553 5221 2675 5291 plus
2701 5235 2848 5275 amas
2873 5236 3033 5290 quam
3062 5237 3159 5276 eos
3179 5222 3377 5291 quibus
3397 5215 3661 5288 relinquis,

2089 5322 2241 5369 tanto
2264 5312 2437 5382 magis
2461 5309 2565 5367 tibi
2586 5310 2920 5380 relinqueres
2962 5311 3008 5367 si
3045 5311 3331 5382 profutura
3368 5327 3432 5369 ea
3466 5309 3663 5366 tibimet

1579 5421 1919 5480 STEPHANI
1954 5426 2231 5485 BALUZII
2268 5427 2473 5482 NOTAE
2486 5468 2498 5480 .

470 5513 495 5579 ξ·
537 5502 672 5579 llaec
690 5522 805 5579 non
826 5516 1040 5566 exstant
1068 5510 1119 5564 in
1148 5511 1383 5579 antiquis
1404 5513 1696 5572 codicibus.

470 5570 519 5653 δ’
541 5572 712 5657 Εςξξιξς)
752 5574 1117 5657 Pithmi_:“Ubi
1164 5570 1296 5657 sunt
1338 5600 1458 5656 ergo
1485 5584 1562 5638 illi
1591 5570 1674 5657 qui
1696 5587 1723 5641 .’
1754 5587 1972 5647 Veteres

399 5641 523 5697 libri
547 5660 558 5694 :
596 5644 691 5699 Ubi
719 5659 838 5701 sunt
862 5652 949 5721 qui
980 5651 1196 5707 dicunt?
1217 5661 1322 5708 etc.

2158 5532 2181 5591 «ξ
2223 5519 2425 5591 ᾼῢδυηι
2447 5520 2563 5576 hac
2590 5534 2625 5591 a
2650 5519 2926 5591 codicibus
2950 5522 3201 5591 antiquis.

2154 5587 2181 5628 ά
2221 5589 2354 5645 Vide
2378 5590 2629 5664 notasad
2650 5603 2770 5659 pag.
2799 5590 2865 5644 70
2890 5600 2944 5646 et
2969 5587 3094 5648 281;
