3936 6176
226 261 312 319 ῧό

1275 210 1634 318 AD‘VERSUS
1675 220 2051 316 A'VARITIAM
2091 260 2217 317 LlB.
2261 261 2347 316 Π.

3350 261 3456 318 2’5“

224 378 293 432 vel
321 374 454 430 tenui
484 373 824 444 opiniuucula
850 374 1137 443 judicans.
1182 374 1295 429 Non
1327 377 1470 430 enim
1502 385 1554 429 te
1584 376 1762 438 odisti,
1798 386 1840 442 Λ
1871 392 2084 445 quoque
2115 378 2196 432 his
2232 377 2563 448 voluptatum
2604 378 2843 432 omnium
2884 378 3216 447 praeparari:
3247 376 3453 434 disten-

222 479 269 523 ut
310 466 550 538 prodesse
602 467 697 520 tibi
745 467 909 533 nolis;
949 468 1042 521 sed
1071 484 1190 536 quae
1219 468 1545 538 pauperibus
1572 468 1769 523 dereli-

217 560 404 630 queris,
450 557 728 628 profutura
776 559 868 613 tibi
913 575 1029 614 esse
1077 576 1183 614 non
1225 561 1424 626 credis;
1456 570 1510 615 et
1539 561 1661 616 inde
1690 572 1774 617 est

214 649 339 718 quod
369 648 483 701 aliis
512 649 684 717 magis
728 664 889 716 quam
938 650 1029 702 tibi
1076 650 1309 703 consulis
1329 690 1343 714 ,
1375 653 1497 719 quia
1529 649 1771 721 prolutu-

215 755 314 792 rum
345 738 434 790 tibi
463 752 602 807 Opus
631 739 936 806 religiosum
967 755 1084 793 esse
1113 743 1275 812 290
1306 758 1409 795 non
1440 744 1632 798 Credis.
1661 743 1773 799 Sic-

212 838 259 884 ut
293 829 461 883 credis
500 831 713 899 itaque,
757 831 835 885 sic
873 832 1118 901 recipies.
1162 831 1243 885 Tu
1281 832 1615 888 Salvatorem
1643 850 1769 904 per-

208 920 579 991 parvipendis,
632 930 687 975 et
734 930 785 976 te
847 922 1095 977 Salvator
1140 924 1312 977 nihili.
1371 924 1451 979 Tu
1497 926 1770 982 Christum

207 1014 464 1083 postponis
493 1013 633 1077 aliis,
657 1022 712 1067 et
740 1022 792 1069 te
821 1015 1070 1069 omnibus
1097 1013 1358 1069 Christus.
1402 1016 1516 1070 Tibi
1540 1017 1590 1070 in
1621 1033 1769 1071 com-

210 1105 466 1176 paratione
515 1105 682 1158 etiam
731 1104 1009 1159 hominum
1038 1105 1370 1176 perditorum
1402 1108 1518 1161 vilis
1548 1117 1630 1161 est
1658 1107 1768 1162 Do—

208 1199 362 1251 minus
384 1236 397 1259 ,
450 1205 506 1251 ct
557 1205 612 1250 tu
656 1197 761 1251 eris
790 1197 933 1250 inter
960 1196 1320 1267 periturorum
1355 1196 1568 1252 ultimos
1597 1198 1766 1268 depu—

208 1286 396 1340 latitius.

270 1378 344 1432 γι.
384 1377 488 1434 Sed
534 1379 796 1435 blandiris
842 1381 937 1435 tibi
968 1362 1188 1435 forsitan
1213 1420 1229 1447 ,
1259 1389 1319 1435 ut
1341 1380 1452 1451 jam
1482 1389 1606 1436 ante
1636 1382 1764 1448 dixi,

212 1471 366 1540 aliquo
402 1473 667 1540 religiosae
710 1472 1059 1542 professionis
1088 1474 1303 1529 intuitu.
1344 1474 1509 1543 Magis
1534 1490 1591 1530 es
1618 1475 1768 1530 debi—

210 1569 306 1629 tor,
335 1564 453 1632 quia
493 1567 775 1635 proposito
805 1566 1101 1621 sanctitatis
1134 1567 1339 1636 majora
1387 1567 1681 1637 promittis;
1714 1574 1768 1621 et

209 1652 311 1706 ilco
353 1654 466 1723 plus
514 1655 773 1710 tolerabis
819 1657 1093 1727 supplicii,
1150 1660 1272 1728 quia
1319 1659 1494 1711 minus
1541 1659 1767 1712 solveris

1874 467 2074 521 duntur
2125 467 2328 523 deliciis
2373 484 2401 521 a
2452 484 2538 523 me
2568 458 2790 523 relictis.
2877 468 2989 536 Ego
3017 468 3105 522 diu
3138 469 3367 523 abstinui
3395 477 3454 523 ut

1875 572 2017 611 nunc
2044 558 2119 611 illi
2150 558 2507 613 ebriarentur.
2549 558 2777 629 Crapula
2813 567 2895 612 est
2930 559 3141 613 illorum
3173 557 3451 629 frugalitas

1875 662 2015 701 mea.
2054 646 2254 703 Natant
2289 650 2640 703 tricliniorum
2688 644 3096 705 redundantiiim
3144 651 3451 720 pavimenta

1872 737 2027 803 vino;
2060 736 2262 793 falerno
2294 740 2458 794 nobili
2488 741 2656 794 lutum
2684 739 2911 806 faciunt;
2949 756 3144 795 mensm
3172 756 3358 795 eorum
3388 756 3453 796 ac

1873 836 2174 884 toreumata
2218 848 2366 885 mero
2401 831 2601 900 jugitcr
2639 832 2875 896 madent,
2922 847 3137 901 semper
3166 832 3268 885 uda
3297 842 3444 887 sunt.

1872 916 2169 974 Luxuriant
2185 921 2235 974 in
2251 922 2639 991 peristromatis
2656 937 2774 991 qua:
2790 936 2890 991 ego
2909 920 3029 987 feci,
3051 921 3380 975 fornicantur
3395 922 3449 975 in

1871 1010 2057 1065 sericis
2082 1027 2201 1081 qua:
2232 1011 2442 1081 reliqui.
2484 1011 2552 1065 Et
2579 1028 2699 1067 cum
2739 1012 2852 1067 hcce
2888 1012 3065 1065 omnia
3095 1026 3192 1080 pro
3222 1022 3276 1066 te
3303 1012 3454 1065 dixe-

1871 1100 1966 1167 ris,
1996 1103 2269 1170 quomodo
2297 1118 2405 1158 non
2448 1111 2705 1158 aeternam
2743 1119 2773 1156 a
2813 1101 3026 1157 Christo
3062 1102 3453 1156 remuneratio-

1872 1207 1994 1246 nem
2024 1195 2219 1249 mereri
2246 1197 2480 1266 poteris,
2522 1196 2608 1251 cui
2650 1196 2703 1249 in
2734 1196 2928 1251 talibus
2956 1196 3154 1251 sanctis
3184 1205 3452 1250 tantarum

1871 1285 2182 1340 deliciarum
2206 1287 2421 1361 cupiam
2451 1287 2801 1357 prtepararis?

1944 1376 2051 1431 V’ll.
2095 1376 2137 1432 Ο
2165 1382 2367 1446 Quanto
2399 1378 2621 1444 melius,
2662 1392 2990 1446 qurecunque
3021 1378 3107 1431 illa
3139 1387 3215 1443 es,
3244 1386 3448 1447 quanto

1870 1467 2062 1521 melius
2091 1476 2145 1521 et
2171 1467 2437 1522 salubrius
2464 1483 2668 1538 pauper
2694 1467 2872 1523 fueras
2900 1476 2954 1523 et
2978 1477 3258 1537 cgestuosa
3287 1482 3447 1537 quam

1871 1556 2048 1625 dives!
2103 1554 2396 1627 Paupertas
2437 1558 2580 1612 enim
2621 1567 2675 1612 te
2703 1559 2814 1613 Deo
2840 1559 3115 1613 insinuare
3144 1560 3447 1628 potuisset;

1868 1645 2064 1723 divitia:
2109 1664 2280 1704 ream.
2306 1664 2425 1704 esse
2464 1650 2722 1705 fecerunt.
2781 1650 3000 1704 Rectius
3027 1666 3156 1719 ergo
3185 1667 3281 1721 per
3311 1652 3447 1707 iudi-

208 1744 505 1812 sponsionis.
552 1755 574 1780 η
608 1745 801 1800 Servus
821 1749 976 1811 enim,
1010 1748 1183 1817 inquit
1210 1764 1387 1802 sermo
1418 1749 1646 1819 divinus,
1678 1750 1763 1818 qui
1798 1756 1842 1815 Β
1870 1742 2105 1817 galliam
2153 1741 2298 1793 salva
2346 1740 2556 1807 meras,
2590 1754 2765 1809 quam
2804 1757 2902 1810 De”
2929 1756 3060 1811 09⁸⁵
3089 1751 3207 1796 ιυ³⁵
3232 1749 3288 1795 ει
3316 1749 3368 1796 ιθ
3396 1752 3448 1797 el

208 1836 351 1888 nescit
378 1835 683 1890 roluututem
710 1837 912 1892 domini
935 1840 1034 1903 sui,
1078 1848 1127 1892 ct
1155 1854 1257 1893 non
1279 1842 1404 1911 facit
1442 1856 1575 1901 eam,
1604 1857 1765 1910 vapu-

206 1922 315 1976 labi!
338 1927 543 1994 paucis;
572 1928 659 1997 qui
680 1937 851 1981 autem
871 1930 994 1993 scit,
1025 1937 1075 1981 et
1102 1945 1202 1983 non
1233 1931 1359 2000 facit
1396 1947 1528 1995 eam,
1551 1932 1765 2002 vapula-

205 2012 265 2065 bit
295 2016 453 2069 maliis
478 2014 640 2085 (Luc.
669 2033 759 2080 xu,
793 2016 880 2081 47,
914 2016 1037 2087 48).
1080 2016 1147 2070 Et
1177 2027 1234 2072 tu
1265 2019 1444 2087 specie
1472 2019 1763 2089 iJrofeSsio-

206 2105 293 2168 πλε,
316 2107 525 2174 grandia
547 2109 726 2177 specie
747 2109 1037 2178 polliceris,
1074 2122 1127 2163 ct
1147 2111 1305 2165 rebus
1335 2111 1476 2164 nulla
1505 2113 1761 2167 restituis.

204 2194 403 2250 Falsarii
431 2198 668 2253 criminis
695 2214 820 2253 reus
850 2214 941 2262 es,
990 2200 1102 2255 Deo
1143 2211 1333 2255 cuncta
1361 2203 1623 2256 mentiris.
1656 2202 1766 2260 Nec

205 2288 448 2344 immerito
476 2306 631 2345 sacer
659 2306 837 2345 sermo
863 2292 1121 2360 judicium
1163 2293 1231 2348 de
1274 2294 1473 2362 templo
1506 2293 1596 2347 Dei
1628 2295 1763 2348 inci-

204 2381 432 2451 piendum
480 2400 598 2439 esse
649 2391 895 2438 testatur.
944 2383 1208 2439 Iudicium
1255 2386 1427 2447 enim,
1478 2386 1668 2455 inquit,
1700 2387 1765 2440 de

202 2469 336 2523 doma
376 2471 581 2525 Domini
607 2473 647 2540 (Ι
680 2474 824 2526 l’rtr.
857 2490 927 2540 tv,
974 2474 1083 2541 l7).
1126 2474 1263 2529 Alibi
1288 2491 1536 2543 quoque:
1576 2477 1611 2528 Α
1639 2492 1763 2530 san-

201 2562 303 2617 cis.
336 2561 523 2630 inquit,
553 2565 679 2616 utris
708 2565 922 2634 incipite
948 2564 1160 2635 (Ezcrlt.
1195 2582 1267 2629 tx,
1302 2565 1376 2637 6).
1439 2566 1544 2621 Sed
1585 2567 1650 2621 ad
1681 2584 1765 2623 su-

197 2654 392 2720 periura
424 2658 725 2709 redeamus.
761 2655 858 2721 Ite,
888 2658 1058 2726 inquit
1087 2658 1265 2713 avaris
1293 2658 1762 2728 atqueincredulis

195 2742 341 2809 Deus,
370 2748 438 2799 ite
462 2749 513 2800 in
538 2749 709 2817 ignem
740 2732 985 2802 a'trrrium
1034 2766 1180 2820 quem
1222 2751 1425 2820 paravit
1444 2748 1601 2804 Pater
1620 2767 1763 2807 meus

195 2835 382 2889 dilibuto
404 2852 447 2889 et
471 2841 671 2909 angelis
700 2840 829 2909 cjzis.
866 2840 942 2893 Λιι
967 2838 1297 2895 liberandum
1321 2848 1373 2894 te
1395 2842 1460 2896 ab
1486 2841 1590 2896 hoc
1619 2843 1761 2898 malo

194 2922 371 2991 quibus
392 2929 493 2981 iam
526 2928 746 2982 forsitan
784 2929 940 2984 bonis
979 2930 1346 3000 corporalibus
1375 2933 1565 3000 putas?
1595 2930 1758 2987 Pudi-

194 3019 361 3072 citium
407 3022 604 3091 quippe
641 3037 850 3075 amasse
890 3029 942 3076 te
966 3022 1158 3090 jactas.
1201 3022 1305 3078 Sed
1336 3033 1605 3079 memento
1633 3026 1761 3093 quia

1870 1830 2004 1909 alios
2050 1846 2439 1900 pra‘gravasses
2481 1852 2493 1885 :
2538 1840 2590 1887 te
2636 1834 2866 1898 scilicet,
2897 1833 3022 1887 dum
3052 1834 3190 1888 male
3219 1834 3337 1887 aliis
3366 1849 3447 1888 re-

1869 1922 2098 1991 linquis;
2135 1926 2269 1980 alios
2315 1925 2441 1981 dum
2489 1942 2519 1980 a
2566 1935 2621 1981 te
2646 1928 2831 1982 relicta
2860 1935 2915 1981 et
2944 1928 3044 1997 ipsi
3073 1944 3171 1981 usu
3201 1928 3457 1999 inhuma:

1866 2013 2091 2069 nissimo
2136 2017 2278 2070 male
2318 2018 2596 2086 possident
2620 2057 2635 2083 ,
2666 2028 2719 2073 et
2744 2026 2867 2087 post
2894 2034 2952 2072 sc
2980 2019 3120 2073 male
3148 2017 3266 2072 aliis
3295 2019 3446 2075 dere-

1868 2102 2133 2174 linquunt.
2176 2104 2232 2160 Si
2261 2108 2341 2161 vis
2371 2121 2531 2176 ergo,
2562 2123 2894 2178 quaecunque
2925 2110 3011 2165 illa
3042 2124 3127 2176 es,
3172 2110 3216 2164 si
3244 2110 3324 2163 vis
3353 2109 3444 2164 tibi

1867 2208 1987 2248 esse
2015 2197 2339 2263 consultum,
2371 2199 2415 2252 si
2443 2200 2522 2254 vis
2549 2209 2806 2254 aeternam
2835 2202 2994 2272 292
3028 2201 3229 2256 habere
3258 2202 3442 2263 vitam,

1866 2290 1922 2336 et
1964 2284 2117 2352 cupis
2161 2286 2342 2341 videre
2389 2288 2504 2343 dies
2543 2289 2752 2356 bonos,
2804 2292 3049 2361 relinque
3090 2292 3444 2349 substantiam

1867 2383 2014 2429 tuam
2042 2377 2402 2446 indigentibus
2431 2380 2649 2446 sanctis,
2680 2381 2921 2450 relinque
2950 2382 3172 2449 claudis,
3203 2385 3443 2452 relinque

1865 2468 2056 2534 caecis,
2105 2469 2351 2538 relinque
2398 2470 2800 2539 languentibus,
2862 2474 2970 2528 Sint
3013 2474 3294 2529 facultates
3340 2483 3442 2528 tua:

1865 2559 2118 2615 alimenta
2170 2562 2526 2628 miserorum,
2576 2564 2647 2618 sit
2698 2566 2972 2635 opulentia
3021 2576 3108 2620 tua
3146 2581 3440 2637 pauperum

1863 2649 2005 2716 vita;
2036 2659 2095 2705 ut
2123 2652 2348 2707 illorum-
2382 2654 2653 2722 refrigeria
2701 2658 2916 2725 prmmia
2968 2667 3056 2711 tua
3085 2660 3208 2723 sint,
3240 2669 3300 2713 ut
3326 2660 3443 2715 illo-

1861 2758 1981 2797 rum
2010 2742 2232 2799 refectio
2260 2753 2313 2799 te
2344 2743 2565 2801 reficiat.
2607 2746 2662 2801 Si
2692 2749 2833 2803 enim
2864 2749 2938 2803 illi
2962 2749 3027 2804 de
3057 2757 3148 2805 tuo
3168 2751 3347 2813 edent,
3382 2760 3438 2805 tu

1860 2836 2224 2903 saturaberis;
2254 2836 2301 2892 si
2331 2838 2405 2892 illi
2430 2838 2495 2893 de
2518 2847 2609 2893 tuo
2629 2839 2878 2905 biberint,
2904 2850 2961 2895 tu
2982 2841 3096 2894 sitis
3119 2850 3222 2895 tua:
3248 2849 3435 2896 aestum

1862 2928 2219 2997 ardoremque
2247 2931 2545 2999 restingues
2576 2948 2589 2982 :
2640 2939 2693 2985 te
2731 2931 2942 2986 illorum
2972 2933 3197 2987 vestitus
3224 2934 3433 2997 vestiet,

1860 3026 1916 3075 te
1963 3021 2172 3076 illorum
2220 3023 2472 3092 apricitas
2514 3023 2819 3080 delectabit.
2884 3026 2998 3082 Non
3036 3041 3165 3095 ergo
3211 3027 3318 3082 vile
3371 3043 3457 3095 ac,

193 3120 241 3165 et
267 3113 379 3166 illos
408 3130 543 3183 quos
585 3116 636 3169 in
685 3115 973 3183 Evangelia
1012 3116 1401 3173 immortalibus
1441 3118 1611 3187 ptenis
1640 3118 1757 3175 Sal-
1789 3119 1839 3181 α
1863 3109 2187 3179 despicabile
2217 3122 2387 3182 putes.
2418 3114 2464 3168 Si
2493 3115 2840 3173 θιὼδῑτιοιίεῐη
2870 3124 3013 3170 illam
3042 3118 3248 3175 miseris
3275 3127 3436 3188 atque

193 3212 333 3258 vatur
362 3205 607 3267 tradidit,
642 3207 981 3276 impudicitiae
1005 3223 1109 3261 non
1134 3208 1355 3261 notavit.
1399 3206 1761 3264 Sobrietatem

195 3293 386 3347 tibimet
436 3296 701 3364 placuisse
749 3296 1173 3352 conititettioras?
1222 3298 1329 3353 Nec
1370 3299 1443 3352 illi
1473 3298 1539 3353 de
1567 3300 1759 3369 quibus

193 3379 454 3453 Scriptura
524 3387 777 3454 loquitur,
839 3388 1118 3441 ebrietatis
1165 3389 1387 3443 crimine
1443 3390 1755 3458 puniuntur.

191 3468 455 3542 JejunaSse
486 3486 538 3531 te
566 3479 737 3532 dicis?
775 3478 882 3533 Nec
913 3480 1031 3533 illos
1062 3479 1281 3549 prandia
1313 3495 1434 3535 reos
1464 3495 1582 3536 esse
1608 3479 1753 3538 fece-

191 3573 319 3617 runt.
362 3566 469 3620 Sed
518 3567 759 3621 videlicet
804 3579 995 3636 magna
1034 3584 1195 3622 causa
1227 3576 1307 3623 est
1336 3584 1439 3637 qua
1470 3568 1566 3625 tibi
1595 3570 1759 3624 abs-ti-

189 3657 355 3710 tientia
386 3672 452 3712 ac
473 3658 684 3726 jejunio
717 3667 807 3713 tuo
835 3660 1049 3727 placeas
1070 3698 1085 3722 ,
1116 3660 1207 3730 qui
1248 3661 1315 3713 ad
1355 3661 1459 3715 hoc
1481 3659 1755 3730 jejunasti,

188 3748 244 3799 ad
273 3748 375 3803 hoc
422 3765 586 3820 parce
633 3749 951 3820 exilitcrque
994 3752 1200 3817 vixisti,
1244 3768 1349 3806 non
1377 3763 1436 3807 ut
1462 3762 1583 3822 post
1610 3769 1758 3808 mor—

187 3845 280 3893 teni
327 3849 477 3897 tuam
528 3856 727 3913 egenos
773 3841 1112 3901 facultatibus
1139 3845 1243 3899 tuis
1274 3860 1546 3915 pascercs,
1578 3845 1670 3901 sed
1700 3854 1759 3901 ut

186 3946 393 3987 censum
426 3933 791 4003 cujuscunque
820 3935 1048 3989 lueredis
1089 3935 1290 3991 divitiis
1317 3937 1622 4005 ampliares.
1654 3936 1760 4009 Ma-

183 4034 308 4090 gnos
336 4025 589 4080 videlicet
613 4025 947 4083 abstinentia:
975 4025 1177 4080 fructus
1205 4026 1370 4095 capis.
1401 4027 1559 4100 291
1587 4025 1761 4081 Minus

184 4116 317 4170 enim
347 4118 503 4186 panis
534 4126 589 4170 tu
622 4116 950 4173 manducasti
969 4159 983 4182 ,
1036 4126 1092 4172 ut
1138 4118 1255 4172 auri
1285 4118 1422 4173 alius
1448 4118 1568 4188 plus
1594 4118 1759 4173 habe-

184 4215 275 4260 ret.
317 4206 437 4262 Tibi
469 4216 659 4262 venter
688 4206 993 4275 frugalitate
1021 4209 1278 4271 decrevit,
1311 4216 1369 4262 ut
1396 4208 1759 4278 cujuscunque

184 4294 407 4352 hominis
457 4297 689 4353 fortasse
734 4299 912 4354 vitiosi
965 4299 1249 4359 thesaurus
1298 4306 1583 4355 cresceret.
1624 4297 1757 4355 Cum

182 4399 297 4454 ergo
325 4389 392 4441 ad
417 4387 682 4457 judicium
723 4389 818 4442 Dei
845 4389 1074 4448 veneris,
1096 4389 1216 4456 jure
1257 4389 1518 4458 imputare
1547 4389 1596 4444 ei
1619 4386 1759 4459 jeju-

1865 3203 2143 3270 egentibus
2188 3205 2564 3280 derelinquas:
2613 3204 2883 3261 Christum
2926 3208 2978 3262 in
3004 3207 3108 3261 illis
3135 3208 3297 3265 facies
3326 3210 3437 3264 hic-

1863 3293 2066 3349 redem.
2109 3293 2175 3348 Et
2202 3296 2329 3365 quial
2368 3297 2539 3353 dicam
2569 3296 2637 3352 de
2664 3296 2859 3355 Christi
2892 3300 3140 3354 nomine?
3167 3299 3437 3355 Christum

1863 3385 2079 3454 quidem
2128 3385 2392 3440 hmredem
2438 3387 2631 3452 facies,
2676 3388 2767 3442 sed
2798 3396 2856 3442 tu
2886 3389 3207 3443 brercditatis
3235 3391 3438 3445 emolu~

1863 3484 2043 3530 menta
2072 3477 2351 3549 percipies.
2380 3476 2717 3546 Qucccunque
2737 3478 2877 3531 enim
2902 3476 3115 3533 Christo
3134 3480 3435 3548 reliqueris,

1864 3583 1962 3638 per
1988 3566 2255 3622 Christum
2295 3568 2473 3622 omnia
2500 3568 2814 3639 possidebis.
2838 3568 2943 3623 Sed
2968 3569 3085 3624 haec
3112 3578 3188 3634 tu,
3216 3577 3275 3625 ut
3294 3584 3435 3635 reor,

1863 3659 2051 3714 frivola
2096 3674 2216 3715 esse
2259 3658 2507 3728 judicas,
2556 3668 2612 3715 et
2648 3661 2800 3729 quasi
2846 3661 3055 3719 somnia
3103 3661 3345 3730 quaedam
3375 3677 3437 3717 ac

1862 3750 2215 3806 deliramenta
2264 3752 2584 3807 contemnis.
2645 3749 2761 3806 Non
2790 3752 2933 3807 enim
2962 3752 3135 3807 credis
3168 3750 3438 3807 Christum

1862 3858 1987 3896 vera
2037 3842 2252 3898 dixisse.
2314 3841 2383 3896 Et
2427 3858 2514 3898 res
2541 3844 2732 3914 probat
2754 3884 2767 3905 ,
2799 3859 3133 3914 nequaquam
3163 3852 3218 3899 te
3245 3846 3293 3899 ei
3323 3861 3438 3913 cre-

1861 3933 2008 3988 dere.
2052 3933 2182 3988 Nam
2212 3935 2305 4004 qui
2340 3936 2589 3990 mandata
2625 3935 2741 4004 ejus
2768 3951 2866 3991 nec
2895 3936 2946 3991 in
2979 3938 3263 4006 postremis
3286 3937 3436 4003 facis,

1864 4033 1955 4078 aut
1984 4025 2132 4081 nulla
2160 4036 2281 4080 esse
2310 4028 2530 4081 omnino
2567 4027 2831 4093 instituas,
2879 4034 2974 4082 aut
3002 4026 3131 4081 falsa
3161 4042 3277 4083 esse
3305 4043 3437 4084 eon-

1861 4116 2101 4172 demi-ias.
2163 4117 2221 4170 ln
2270 4102 2377 4186 quo
2421 4116 2637 4189 quidem
2688 4118 2872 4188 lugere
2919 4134 3106 4175 omnes
3133 4128 3351 4176 sanctos
3376 4137 3441 4176 ac

1855 4206 1993 4265 ﬂere
2020 4211 2301 4272 convenit,
2334 4209 2466 4263 nulli
2497 4216 2548 4264 te
2576 4218 2630 4263 et
2658 4209 2791 4263 alios
2820 4210 2894 4263 tui
2923 4210 3150 4273 similes,
3182 4211 3312 4265 nulli
3340 4213 3440 4265 mi-

1864 4317 1963 4359 nus
2012 4316 2173 4370 quam
2219 4300 2433 4356 Christo
2479 4299 2717 4355 credere.
2778 4299 2836 4354 Si
2881 4301 2973 4355 tibi
3019 4302 3327 4370 quicunque
3374 4319 3439 4357 ex

1866 4392 2198 4460 cauponibus
2227 4390 2353 4461 quid
2384 4391 2751 4461 promitteret,
2785 4389 2941 4446 fidem
2969 4391 3302 4461 promittenti
3332 4406 3440 4447 non

183 4478 314 4531 rium
360 4488 516 4533 tuum
567 4480 772 4549 poteris
811 4479 1034 4535 dicens:
1081 4479 1347 4548 Jejunavi,
1398 4480 1654 4547 Domine,
1705 4487 1762 4535 et
1788 4491 1837 4549 ο
1865 4484 2158 4553 abnegares
2195 4503 2207 4537 :
2252 4485 2298 4539 si
2344 4493 2667 4568 mutuuma
2714 4491 2768 4537 te
2795 4483 3065 4553 quippiam
3093 4482 3319 4555 propola
3349 4490 3443 4538 aut

181 4572 439 4638 abstinui,
491 4590 557 4629 ac
605 4574 693 4628 diu
740 4591 825 4630 me
873 4577 940 4629 ab
986 4577 1225 4630 omnium
1269 4576 1579 4632 deliciarum
1607 4576 1757 4649 fruge

177 4666 440 4733 suspendi.
486 4664 554 4717 Et
581 4681 671 4720 res
699 4667 801 4720 hoc
830 4667 1040 4737 probat.
1081 4666 1220 4722 Ecce
1249 4668 1390 4722 enim
1419 4683 1559 4725 nunc
1589 4670 1758 4725 lucre-

177 4755 263 4811 dcs
286 4759 391 4813 mei
444 4758 516 4813 de
569 4772 692 4812 meo
739 4758 991 4821 amount,
1023 4760 1404 4814 immensarum
1451 4759 1755 4815 divitiarum

176 4852 334 4919 copiis
379 4852 755 4906 exabunilant.
820 4851 886 4905 Et
913 4860 969 4906 ut
1000 4851 1198 4921 aliquid
1238 4852 1401 4906 etiam
1431 4851 1499 4907 de
1528 4868 1757 4922 evange-

177 4938 265 4995 lica
294 4943 537 4999 lectione
589 4959 908 5012 praesumus,
943 4945 1044 4998 hoc
1081 4944 1225 5012 quod
1254 4943 1501 4999 Salvator
1526 4943 1660 4998 dixit
1689 4945 1755 4999 de

177 5033 537 5095 perditissimo
587 5034 679 5087 illo
722 5034 923 5097 cliviae,
974 5042 1132 5103 potes
1180 5042 1232 5088 et
1274 5042 1329 5087 tu
1367 5033 1435 5089 de
1461 5034 1758 5088 haeredibus

178 5123 272 5175 tuis
298 5123 485 5181 dicere
522 5144 536 5178 :
569 5124 864 5179 luduuntur
893 5140 1123 5194 purpura
1154 5133 1210 5179 et
1233 5124 1424 5195 bysso,
1457 5134 1512 5179 et
1536 5126 1758 5197 epulan-

177 5222 255 5269 tur
272 5218 523 5285 quotidie
545 5217 841 5287 splendide,
859 5217 1107 5272 incubant
1128 5216 1352 5271 defossis
1371 5232 1401 5271 a
1419 5233 1504 5272 me
1522 5218 1754 5282 talen-tis,

171 5318 415 5373 premunt
449 5310 662 5376 argenti
696 5321 748 5364 et
779 5308 891 5364 auri
928 5317 1213 5379 congestas
1245 5318 1447 5375 strues,
1479 5311 1758 5390 materiam

1865 4577 1891 4617 δ
1934 4578 2379 4647 salgameatarius
2426 4576 2761 4649 postularet,
2812 4575 3138 4630 redditurum
3179 4589 3440 4649 eum‘non

1863 4668 2128 4724 diflideres
2150 4684 2270 4737 qua:
2289 4668 2544 4724 dedisses.
2566 4665 2906 4721 Mendacibus
2923 4664 3157 4734 denique
3172 4664 3441 4719 interdum

1863 4772 2024 4835 atque
2048 4762 2295 4834 perjuris,
2325 4761 2574 4817 cautione
2603 4758 2739 4815 facta
2769 4765 2823 4813 et
2849 4757 2973 4812 dato
2995 4756 3326 4826 tidejussore,
3355 4770 3441 4812 res

1863 4855 2113 4910 creditur.
2140 4850 2380 4908 Christus
2402 4852 2494 4905 tibi
2516 4858 2570 4905 et
2596 4848 2950 4906 fidelissimam
2971 4847 3272 4902 cautionem
3294 4854 3349 4903 et
3376 4846 3440 4901 ll-

1861 4945 2169 5013 dejussores
2194 4944 2426 5013 optimos
2458 4941 2621 5005 dedit,
2641 4939 2940 4995 cautionem
2970 4936 3443 4995 scilicetin-Evan-

1862 5037 2023 5105 golio,
2057 5035 2391 5104 fnlejussores
2411 5033 2687 5105 apostolos
2715 5046 2856 5096 suos,
2880 5039 2952 5093 et,
2985 5030 3030 5086 si
3059 5030 3113 5085 id
3140 5045 3328 5101 parum
3364 5041 3459 5090 est.

1863 5127 2215 5197 patriarchas,
2242 5125 2550 5196 prophetas,
2566 5131 2827 5194 martyres
2855 5136 3001 5188 suos,
3017 5129 3183 5177 totam
3204 5120 3437 5192 denique

1862 5220 2162 5274 divinarum
2209 5217 2402 5274 seriem
2444 5216 2772 5279 litterarum;
2815 5220 2869 5271 ct
2900 5228 3005 5269 non
3036 5212 3210 5270 credis
3236 5212 3305 5278 ei,
3341 5226 3436 5266 nec

1865 5309 2022 5364 fidem
2065 5308 2405 5369 commodas?
2452 5305 2621 5372 Quem
2669 5318 2801 5373 rogo
2844 5312 2952 5358 tam
2991 5303 3268 5373 prodigum
3298 5301 3436 5357 inter

1274 5522 1277 5529 Ι
1366 5447 1698 5503 δΤΕΡΗΑΝῐ
1740 5448 2006 5505 BALUZH
2044 5449 2268 5505 NOTAﬁ.

237 5564 260 5593 ⁸
458 5556 947 5640 urbanusque.
972 5561 1195 5638 graudiq
1238 5560 1421 5640 specie.
1454 5559 1645 5640 desunt
1704 5560 1754 5612 in

175 5627 414 5699 omnibus
467 5626 713 5699 antiquis
760 5626 1054 5699 codicibus.
1107 5628 1200 5698 qui
1239 5626 1315 5684 sic
1344 5629 1525 5695 legunt
1559 5644 1759 5699 τυροπ-

174 5698 322 5750 sicui:
348 5715 361 5749 :
392 5696 628 5770 grandia
650 5697 836 5766 specie,
868 5706 969 5752 etc.

496 5791 772 5850 Ρλτηοι.
825 5790 970 5849 l.lll.

1891 5561 1959 5686 ϋδ
1999 5562 2181 5619 Codex
2232 5539 2749 5631 Regiusuecentlor
2803 5569 2858 5615 et
2896 5554 3427 5626 Colbertaalgumc-

1926 5650 1989 5686 ω.

1842 5654 1845 5663 ’
1861 5650 1989 5689 ηαδ.

3013 5778 3043 5828 δ
