3936 6176
443 291 545 344 235

842 289 896 345 S.
940 287 1253 346 SALVIAN!
1293 285 1752 344 MASSILIENSIS
1792 247 2213 341 PRESBYTER]
2256 286 2615 343 ADVERSUS
2657 288 3024 343 AVARITIAM
3067 288 3190 341 LIB.
3233 288 3318 342 IV.

3605 286 3706 341 €36

441 409 684 463 homines
712 405 871 478 293
894 419 956 458 ac
1003 412 1110 457 tam
1160 403 1411 456 miserum
1459 401 1697 455 invenire
1740 400 1911 468 possis
1937 399 2021 452 cui
2054 412 2096 462 Α
2126 400 2356 467 spolias,
2402 399 2674 468 quomodo
2713 400 2763 452 ί.ι
2809 399 2983 454 futuro
3010 399 3160 468 quasi
3190 397 3404 452 condita
3435 412 3496 451 ac
3526 408 3703 466 parata

442 500 599 555 fidem
629 500 728 554 sub
773 506 853 551 tot
890 495 1291 563 lidejussoribus
1327 494 1660 563 denegares?
1709 493 1813 545 Das
1842 492 2022 559 itaque

439 610 526 647 res
558 603 674 647 tuas
719 590 971 645 divitibus
993 630 1007 653 ,
1060 596 1115 643 et
1143 588 1326 655 egenis
1362 600 1557 655 negas;
1590 586 1686 640 das
1713 585 2017 646 luxuriosis,

434 699 495 742 et
526 701 686 755 negas
710 683 941 745 sanctis;
978 681 1074 735 das
1103 680 1406 758 cuicunque
1445 677 1672 731 fortasse
1703 678 1938 747 perdito,
1968 684 2023 729 et

432 792 601 856 negas
624 775 859 830 Christo.
905 772 1070 827 Prout
1098 784 1226 838 ergo
1253 770 1533 838 judicasti,
1565 770 1642 823 sic
1666 769 2018 838 judicaberis;

436 869 573 924 sicut
602 866 847 933 elegeris,
880 864 956 918 sic
985 862 1230 931 recipies.
1273 860 1388 914 Non
1413 859 1634 913 habebis
1660 875 1781 913 eum
1809 859 2021 912 Christo

365 970 382 981 ί
434 966 644 1027 partem
689 969 850 1024 quem
892 952 1217 1023 despexisti:
1252 966 1374 1005 cum
1422 950 1507 1004 his
1542 950 1764 1021 habebis
1807 965 1942 1018 quos
1972 948 2021 1002 ei

435 1046 739 1118 prtetulisti.
1618 1060 1621 1063 ς

508 1137 642 1192 Vill.
682 1135 790 1190 Sed
839 1135 965 1190 dicit
1009 1133 1234 1189 fortasse
1283 1133 1477 1202 aliquis
1505 1147 1574 1187 ex
1599 1130 1889 1185 infidelium
1920 1145 2020 1183 nu-

436 1244 585 1283 mero
616 1242 723 1281 non
753 1226 966 1295 dignam
1016 1240 1133 1280 esse
1183 1239 1400 1279 causam
1445 1238 1565 1292 qua:
1592 1222 1678 1276 vel
1710 1220 1875 1275 Deum
1904 1234 2021 1273 mo-

436 1330 578 1387 veat,
611 1320 695 1375 vel
726 1320 972 1374 homines
997 1319 1046 1372 in
1063 1326 1322 1374 aeternum
1346 1316 1643 1388 periculum
1666 1314 1863 1368 trahat.
1895 1310 2021 1367 Seio

436 1414 650 1482 quidem
687 1411 829 1481 quod
860 1421 884 1446 “
916 1426 1103 1465 oxnnes
1144 1410 1221 1464 rei
1262 1408 1555 1463 veniabiles
1592 1413 1782 1478 putant
1808 1418 2023 1473 semper

437 1514 616 1561 reatus
644 1521 790 1559 suos.
833 1503 963 1558 Nam
993 1510 1047 1558 et
1096 1501 1234 1557 furta
1264 1501 1468 1555 furibus
1496 1501 1642 1555 leves
1679 1498 1847 1568 culpa:
1874 1506 2017 1561 sunt,

437 1608 490 1653 et
522 1598 747 1652 innocua
796 1595 1022 1650 ebriosis
1065 1593 1273 1648 videtur
1300 1592 1565 1656 ebrietas,
1597 1597 1651 1644 et
1680 1587 1821 1658 apud
1848 1587 2022 1656 impu-

437 1691 586 1744 dicos
617 1689 896 1742 fornicatio
925 1686 1099 1741 scelus
1127 1702 1235 1738 non
1266 1691 1345 1739 est
1370 1701 1386 1748 ;
1417 1682 1540 1751 quia
1571 1681 1771 1734 nullum
1802 1677 2021 1735 omnino

439 1791 547 1835 tam
576 1780 776 1850 grande
804 1779 1005 1833 crimen
1037 1786 1119 1832 est
1145 1776 1289 1845 quod
1313 1791 1418 1830 non
1440 1774 1592 1843 cujus
1611 1770 1851 1826 facinore
1873 1784 2018 1823 com-
2056 1782 2099 1840 Β
2126 1785 2213 1823 ore
2235 1786 2346 1822 meo
2370 1769 2550 1839 (Apoc.
2584 1784 2659 1831 tu,
2693 1766 2810 1839 16).

2126 478 2363 557 reperies
2410 505 2527 557 qua:
2577 490 2664 544 hic
2711 497 2802 543 aut
2849 506 2955 543 non
3004 487 3364 557 indigentibus
3407 495 3500 541 aut
3546 494 3699 545 etiam

2125 572 2519 632 abundantibus
2562 578 2872 647 deputaris?
2917 578 3198 646 Quomodo
3241 577 3509 631 reddenda
3555 579 3705 634 tibia

2126 669 2237 725 Deo
2285 671 2459 725 credis
2503 686 2621 739 quae
2670 672 2781 726 Deo
2829 672 2944 741 ipse
2973 688 3079 726 non
3107 670 3320 725 credis?
3351 681 3374 709 ο
3409 669 3702 736 Postremo.

2125 760 2397 829 quomodo
2415 762 2563 815 reddi
2588 762 2665 816 vis
2688 776 2808 830 qua:
2837 762 3057 816 credere
3088 777 3193 815 non
3223 761 3336 814 vis?
3367 757 3533 815 Nemo
3564 763 3705 817 enim

2123 853 2223 907 sibi
2253 853 2387 907 solvi
2417 853 2527 906 vult
2554 866 2673 921 quae
2715 869 2820 907 non
2858 853 3197 919 commodat;
3242 846 3342 908 nec
3376 861 3485 906 tam
3513 854 3708 906 stultus

2124 956 2206 1001 est
2234 958 2291 1002 ut
2318 963 2435 1016 qua:
2464 964 2570 1001 non
2600 947 2951 1017 ieqeraverit,
2985 955 3134 1016 putet
3162 962 3280 1001 esse
3302 945 3598 1000 reddenda.
3642 943 3708 995 lit

2119 1038 2244 1093 ideo
2275 1046 2331 1093 tu
2362 1055 2696 1108 nequaquam
2737 1054 2766 1093 a
2796 1040 2905 1093 Deo
2941 1039 3093 1107 quasi
3134 1038 3461 1093 reddendum
3491 1051 3708 1106 sperare

2124 1134 2329 1201 poteris
2373 1133 2516 1201 quod
2568 1132 2678 1186 Deo
2721 1132 2903 1200 utique
2948 1147 3055 1185 non
3085 1132 3325 1195 credens,
3359 1124 3584 1183 reddere
3615 1128 3706 1179 tibi

2124 1223 2293 1277 Deum
2324 1224 2437 1293 ipse
2468 1223 2720 1278 nolueris.
2788 1222 2937 1277 Unde
2974 1223 3310 1293 compleatur
3343 1222 3540 1276 dictum
3573 1220 3626 1274 in
3658 1227 3711 1272 tc

2124 1314 2362 1368 divinum
2390 1311 2419 1350 τι
2452 1314 2578 1368 illud
2627 1329 2847 1368 necesse
2875 1321 2959 1368 est
2983 1354 2997 1379 ,
3028 1313 3154 1382 quia
3184 1312 3446 1381 reliquisti
3477 1312 3596 1364 aliis
3622 1308 3710 1362 vel

2125 1406 2313 1460 alienis
2341 1406 2554 1459 divitias
2584 1413 2720 1468 tuas,
2753 1405 3056 1474 sepulcrum
3087 1412 3236 1457 tuum
3264 1403 3369 1457 erit
3394 1401 3589 1455 domus
3616 1408 3709 1452 tua

2127 1497 2178 1550 in
2206 1499 2484 1571 'teternum
2524 1495 2746 1565 (Psalm.
2784 1508 2964 1559 xum,
3000 1492 3086 1558 ii,
3120 1492 3227 1562 12).
3288 1491 3357 1545 Ει
3395 1490 3522 1544 illud
3564 1490 3713 1558 quod

2125 1588 2373 1643 Salvator
2400 1587 2466 1640 ad
2494 1587 2722 1641 similem
2754 1586 2829 1640 tui
2857 1585 3093 1653 loquitur
3117 1602 3129 1636 :
3164 1581 3297 1646 Quia
3328 1581 3531 1653 tepidus
3557 1596 3635 1645 es,
3660 1586 3711 1632 et

2125 1695 2286 1748 neque
2335 1681 2532 1749 fervens
2571 1693 2732 1747 neque
2759 1676 3000 1748 frigidus,
3049 1676 3295 1745 incipiam
3324 1681 3371 1725 te
3399 1686 3629 1725 evomere
3650 1687 3715 1722 ex

2939 1767 3099 1838 295
3122 1764 3187 1818 Et
3208 1762 3334 1817 illud
3354 1763 3485 1816 dicis
3511 1780 3523 1813 :
3556 1759 3714 1813 Dives

438 1873 685 1937 mittitur,
718 1870 833 1939 ejus
861 1868 1128 1924 sententia
1168 1867 1497 1922 sublevetur.
1550 1862 1658 1917 Sed
1687 1861 1730 1917 si
1760 1861 1880 1929 quis
1908 1858 2020 1912 vult
2118 1877 2253 1923 sum,
2273 1870 2322 1915 et
2350 1860 2555 1914 divitias
2575 1858 2757 1925 habeo,
2779 1867 2827 1913 et
2856 1860 3047 1912 nullius
3068 1873 3223 1929 egeo;
3252 1864 3301 1909 et
3326 1856 3493 1907 nescis
3513 1855 3633 1925 quia
3660 1861 3716 1906 tu

439 1982 503 2019 ex
536 1963 907 2035 peccatoribus
926 1961 1083 2024 scire,
1115 1975 1277 2029 quam
1298 1959 1534 2028 graviter
1554 1953 1820 2012 censenda
1851 1969 1880 2006 a
1910 1951 2021 2005 Deo
2120 1971 2174 2010 es
2196 1956 2366 2017 miser,
2396 1964 2446 2008 et
2483 1970 2695 2022 pauper,
2727 1962 2775 2006 et
2800 1968 2984 2015 σωθείς,
3023 1961 3072 2008 et
3112 1950 3297 2004 nudus.
3336 1949 3504 2003 Nemo
3534 1948 3717 2015 itaque

440 2059 545 2113 sint
589 2070 781 2123 magna
830 2054 1053 2109 crimina
1078 2093 1093 2117 ,
1114 2051 1315 2112 ~discat
1353 2050 1585 2119 qualiter
1613 2047 1665 2101 in
1694 2052 1866 2101 semet
1895 2043 2023 2115 ipsis

441 2150 663 2221 puniant
708 2132 881 2202 sancti
927 2146 1088 2199 etiam
1137 2142 1273 2196 levia
1311 2147 1561 2211 peccata,
1594 2136 1791 2192 conscii
1821 2134 2027 2211 scilicet

441 2243 544 2311 iam
574 2256 638 2295 ex
670 2240 832 2309 ipsius
857 2237 957 2291 Dei
986 2235 1141 2290 dictis
1171 2232 1336 2288 futuri
1361 2229 1655 2291 examinis,
1700 2243 1763 2282 ac
1791 2240 1888 2296 per
1916 2224 2025 2279 Do-

443 2334 569 2388 mini
599 2332 680 2388 sui
708 2330 870 2386 verba
913 2331 1073 2382 etiam
1101 2326 1301 2395 judicia
1327 2324 1614 2386 rimantes;
1647 2329 1703 2376 et
1731 2320 1852 2374 ideo
1881 2332 2025 2372 sem-

444 2439 536 2494 per
582 2424 633 2476 in
666 2422 758 2475 Dei
787 2434 951 2489 opere
974 2460 989 2483 ,
1020 2432 1233 2486 semper
1258 2417 1313 2469 in
1334 2414 1786 2487 ,compunctionc,
1816 2422 2031 2478 semper

444 2532 493 2568 m
525 2528 683 2569 cruce
729 2511 911 2582 positi.
972 2508 1123 2562 Beati
1151 2507 1241 2575 qui
1262 2547 1278 2571 ,
1311 2521 1432 2559 cum
1462 2503 1701 2557 omnium
1732 2501 2029 2554 miserean-

446 2617 550 2668 tur,
601 2603 702 2659 sibi
748 2616 1023 2670 nunquam
1072 2598 1287 2669 penitus
1312 2596 1603 2665 ignoscuzd
1626 2634 1639 2656 ,
1673 2592 1725 2644 in
1756 2590 1901 2644 nuilo
1928 2586 2031 2641 sibi

446 2706 729 2770 parcentes
754 2738 767 2762 ,
799 2695 892 2750 sed
923 2702 1066 2748 totos
1094 2707 1153 2747 se
1182 2689 1467 2744 admodum
1496 2688 1608 2743 Deo
1639 2684 2028 2756 impendentes,

444 2799 497 2845 et
526 2790 647 2843 ideo
676 2788 729 2842 in
759 2785 937 2840 futuro
961 2783 1165 2854 judicio
1194 2781 1339 2849 digni
1369 2778 1607 2850 praemio,
1630 2778 1755 2845 quia
1781 2775 1867 2830 hic
1892 2773 2034 2843 apud

448 2896 502 2934 se
528 2879 727 2948 jugiter
755 2878 809 2932 in
853 2883 1027 2931 reatu.
1084 2873 1217 2929 Nam
1259 2871 1328 2927 de
1357 2869 1725 2925 misericordia
1754 2880 1943 2922 eorum
1972 2879 2036 2920 ac

449 2972 692 3042 largitate
719 2968 846 3039 quid
874 2966 1046 3023 dicam
1064 3005 1078 3028 ,
1110 2980 1230 3034 quae
1255 2964 1427 3018 virtus
1455 2962 1596 3031 apud
1625 2976 1719 3015 eos
1745 2959 1900 3030 quasi
1930 2958 2038 3012 vir-

449 3072 619 3120 tutum
667 3061 909 3117 omnium
948 3057 1206 3114 initiatrix
1249 3057 1369 3111 est?
1397 3053 1649 3123 Plerique
1677 3052 1820 3106 enim
1848 3064 2037 3105 eorum

2122 2048 2225 2103 sibi
2257 2056 2280 2084 ε
2314 2046 2368 2100 in
2396 2048 2505 2100 vita
2530 2085 2546 2110 ,
2576 2046 2627 2099 in
2657 2054 2861 2109 morte,
2895 2045 2948 2098 in
2978 2050 3097 2098 actu
3117 2082 3131 2105 ,
3176 2043 3227 2096 in
3258 2042 3434 2105 dono,
3467 2041 3519 2094 in
3552 2047 3718 2094 testa-

2124 2144 2308 2191 mento
2335 2151 2434 2191 suo
2462 2135 2733 2191 hominem
2763 2135 2873 2189 Deo
2902 2132 3220 2204 praeferens,
3252 2130 3320 2185 de
3349 2132 3470 2184 vita:
3498 2145 3563 2183 ac
3592 2145 3720 2199 pro-

2125 2227 2373 2282 fessionis
2401 2227 2754 2296 praerogativa
2785 2224 2983 2293 aliquid
3014 2223 3335 2278 blandiatur.
3382 2220 3613 2274 Pmnalis
3634 2228 3721 2274 est

2127 2317 2360 2373 hominis
2403 2333 2466 2371 ac
2525 2316 2823 2386 perniciosa
2874 2315 2973 2368 ista
3020 2313 3279 2367 securitas
3320 2329 3333 2363 :
3381 2318 3722 2380 prxsumpta:

2129 2424 2290 2479 spes,
2322 2409 2544 2463 sarcinae
2589 2413 2717 2462 sunt
2760 2414 2977 2461 reatus:
3010 2412 3263 2473 usurpata
3312 2402 3579 2456 absolutio
3619 2402 3723 2453 da-

2132 2504 2458 2557 mnationem
2489 2502 2646 2571 parit.
2688 2500 3006 2568 Quicunque
3044 2498 3144 2552 sibi
3185 2514 3243 2551 se
3272 2504 3528 2559 excusat,
3560 2509 3723 2548 accu-

2133 2604 2217 2649 sat
2246 2593 2374 2657 Deo,
2407 2592 2699 2646 secundum
2732 2589 2898 2647 illud:
2931 2586 3073 2641 Nam
3114 2588 3199 2659 qui
3236 2603 3291 2639 se
3318 2587 3581 2639 existimat
3612 2598 3723 2635 esse

2134 2685 2349 2755 aliquid,
2374 2699 2487 2737 cum
2511 2681 2642 2735 nihil
2664 2682 2750 2747 sit,
2774 2681 2994 2750 seipsum
3016 2677 3211 2732 seducit
3233 2675 3373 2747 (Cal.
3405 2691 3474 2741 γι,
3499 2675 3579 2742 5).
3617 2672 3724 2727 Ne-

2135 2778 2265 2833 mini
2312 2772 2493 2848 itaqué
2543 2773 2714 2830 facilis
2759 2788 2854 2829 sua
2896 2787 3055 2827 causa
3102 2771 3191 2825 sit.
3244 2769 3432 2823 Nullus
3456 2766 3725 2821 dillicilius

2136 2869 2334 2937 evadit,
2362 2885 2523 2939 quam
2553 2868 2643 2937 qui
2673 2883 2730 2922 se
2757 2881 3040 2923 evasurum
3070 2878 3188 2919 esse
3217 2847 3636 2934 praesumpserit.

2205 2958 2299 3015 lx.
2341 2959 2481 3014 Dura
2526 2959 2643 3014 haec
2687 2955 2913 3012 forsitan
2960 2964 3120 3025 atque
3165 2962 3380 3008 austera
3416 2951 3724 3005 videantur.

2138 3051 2372 3119 Quidni?
2397 3049 2584 3104 Omnis
2608 3049 2747 3103 enim
2775 3047 3067 3119 disciplina,
3100 3052 3159 3100 ut
3189 3044 3266 3099 ait
3284 3057 3461 3098 sermo
3487 3039 3727 3105 divinus,

449 3157 564 3212 haec
589 3153 792 3209 habent
815 3151 970 3220 quasi
1000 3147 1242 3213 exordia,
1273 3156 1328 3202 et
1346 3145 1498 3216 quasi
1522 3143 1841 3199 incunabula
1863 3141 1888 3180 ιι
1916 3155 2040 3196 con-
2061 3144 2110 3206 ο
2141 3160 2245 3198 non
2282 3152 2360 3196 est
2389 3139 2606 3213 gaudii,
2650 3138 2747 3193 sed
2790 3138 3026 3193 marinis
3068 3134 3251 3205 (Hebr.
3282 3150 3376 3198 xu,
3409 3130 3517 3201 Η).
3580 3128 3729 3217 Dura

450 3243 711 3301 versionis
738 3257 866 3308 suae,
896 3248 960 3296 ut
987 3240 1135 3312 prius
1158 3252 1320 3308 quam
1342 3238 1504 3292 limen
1525 3244 1727 3292 sanctze
1749 3232 2039 3305 professio—

451 3339 533 3394 nis
560 3337 864 3398 introeant,
896 3332 965 3389 de
992 3330 1224 3402 propriis
1252 3328 1354 3384 sibi
1385 3326 1724 3383 facultatibus
1770 3323 1844 3378 nil
1873 3322 2039 3377 relin-

451 3436 637 3500 quant,
669 3425 962 3483 secundum
992 3421 1122 3479 illud
1162 3423 1370 3478 scilicet
1395 3418 1606 3476 Domini
1628 3417 1799 3474 nostri
1837 3416 2039 3471 dictum

451 3540 558 3595 quo
586 3523 663 3577 ait
687 3539 700 3574 :
741 3518 917 3575 Vende
946 3517 1122 3572 omnia
1161 3516 1295 3571 bona
1323 3524 1431 3579 tua,
1461 3520 1511 3567 et
1538 3512 1606 3565 da
1639 3507 1966 3583 pauperibus,
1991 3514 2043 3561 et

453 3615 561 3669 veni
589 3610 754 3685 29!.
780 3626 987 3681 sequere
1013 3624 1093 3662 me
1117 3605 1329 3679 (Matth.
1373 3621 1460 3658 xix
1478 3642 1492 3667 ,
1522 3601 1635 3671 ‘21).
1664 3599 1731 3654 Et
1757 3600 1832 3655 illi
1861 3600 2044 3669 itaque

452 3703 687 3760 secuturi
708 3709 991 3754 vocantem
1012 3697 1202 3761 Deum,
1230 3696 1379 3766 prius
1400 3693 1641 3748 vendunt
1668 3690 1848 3746 omnia
1877 3703 2042 3766 quam

453 3798 765 3863 sequantur.
798 3789 1018 3843 Divitias
1046 3786 1188 3841 enim
1220 3799 1441 3839 onerum
1485 3790 1646 3852 atque
1689 3762 2042 3851 impedimen-

455 3894 630 3939 torum
660 3883 781 3936 loco
822 3894 941 3934 esse
968 3878 1243 3942 ducentes,
1276 3874 1556 3945 expeditos
1595 3888 1653 3929 se
1697 3889 1803 3928 non
1853 3878 2045 3943 putant

457 3977 522 4033 ad
569 3973 899 4045 sequendum
948 3972 1145 4036 Deum,
1194 3969 1293 4025 nisi
1335 3969 1512 4024 omnia
1554 3969 1704 4040 prius
1749 3966 2042 4022 carnalium

457 4071 785 4128 sarcinarum
816 4065 1195 4136 impedimenta
1223 4061 1548 4134 projeccrint
1566 4106 1580 4129 ,
1605 4046 1783 4125 simul,
1809 4067 1867 4114 ut
1892 4072 2045 4114 more

461 4162 734 4216 hominum
765 4154 1251 4225 commigrantium,
1278 4152 1424 4223 prius
1453 4151 1519 4206 ad
1548 4152 1723 4207 locum
1751 4149 2044 4204 habitaculi

459 4252 708 4308 destinati
745 4266 832 4306 res
861 4264 985 4305 suas
1013 4247 1339 4301 transferant
1376 4258 1536 4315 quam
1564 4244 1771 4313 seipsos
1798 4259 1810 4293 :
1842 4241 2048 4296 scilicet

460 4354 516 4399 ut
537 4359 659 4400 cum
679 4356 743 4397 ea
770 4356 890 4411 quas
911 4340 976 4394 ad
998 4352 1057 4394 se
1080 4338 1351 4410 pertinent
1376 4335 1624 4389 universa
1644 4332 2042 4411 transtulerint,

462 4445 591 4491 tunc
619 4432 718 4503 ipsi
758 4406 811 4487 in
840 4431 1052 4502 plenam
1080 4406 1144 4484 ac
1169 4426 1424 4481 refertam
1465 4423 1622 4478 bonis
1644 4406 2047 4477 immortalibus

2139 3235 2256 3289 haec
2281 3241 2337 3288 et
2380 3239 2596 3287 austera
2642 3238 2789 3286 sunt.
2839 3227 2947 3283 Sed
2972 3225 3122 3296 'quid
3164 3222 3423 3279 facimus?
3452 3219 3568 3275 Non
3597 3220 3729 3273 licet

2136 3339 2319 3380 rerum
2367 3329 2576 3378 mutare
2623 3328 2879 3384 naturas;
2928 3324 2986 3372 et
3027 3313 3297 3371 enuntiari
3342 3312 3498 3366 aliter
3524 3309 3731 3363 veritas

2140 3430 2249 3470 non
2271 3420 2449 3486 potest
2474 3427 2636 3483 quam
2674 3410 2756 3466 vis
2786 3409 2900 3479 ipsa
2939 3407 3103 3475 exigit
3138 3403 3396 3459 veritatis.
3446 3399 3587 3454 Dura
3609 3398 3730 3455 haec

2139 3505 2357 3575 quidam
2384 3510 2576 3575 putant
2597 3542 2614 3569 ,
2655 3501 2788 3566 seio,
2830 3506 2886 3554 et
2918 3496 3050 3553 satis
3076 3503 3257 3551 certus
3283 3507 3418 3548 sum.
3461 3489 3567 3546 Sed
3595 3489 3729 3559 quid

2141 3598 2396 3656 facimus?
2423 3595 2536 3651 Nisi
2560 3594 2707 3649 duris
2735 3607 2844 3646 non
2871 3590 2979 3644 itur
3005 3587 3073 3643 ad
3098 3599 3343 3655 regnum.
3380 3583 3537 3636 Arata
3562 3581 3727 3640 enim,

2143 3690 2315 3760 inquit
2342 3687 2632 3753 Dominus,
2662 3692 2714 3739 et
2743 3689 2964 3754 angusta
2997 3680 3080 3733 via
3106 3686 3182 3732 est
3207 3691 3323 3748 quin
3359 3673 3497 3727 ducit
3536 3671 3606 3724 ad
3646 3672 3728 3723 ri-

2144 3793 2248 3837 tam
2279 3779 2491 3854 (Matth.
2521 3794 2611 3841 ru,
2637 3776 2746 3845 14).
2778 3774 2848 3829 Ει
2868 3770 3191 3844 Apostolus:
3225 3766 3504 3829 Existimo,
3529 3762 3725 3831 inquit,

2143 3874 2279 3948 quod
2304 3889 2407 3928 non
2441 3879 2562 3926 sunt
2588 3868 2859 3939 condigna:
2890 3866 3155 3938 passiones
3197 3859 3351 3931 hujus
3379 3857 3623 3926 temporis
3656 3854 3731 3906 ad

2146 3945 2373 4040 futuram
2404 3962 2621 4034 gloriam
2661 3974 2777 4031 qua:
2814 3955 3120 4011 revelabitur
3150 3953 3205 4005 in
3234 3949 3378 4003 nobis
3401 3945 3576 4017 (Rom.
3611 3959 3725 4005 vm,

2146 4034 2258 4126 i8).
2297 4053 2575 4121 indignum
2602 4063 2720 4103 esse
2749 4047 2817 4101 ad
2843 4046 3030 4100 futura:
3058 4042 3243 4110 gloriae
3270 4034 3727 4126 comparationem

2145 4123 2308 4201 omne
2331 4158 2468 4214 opus
2495 4139 2623 4196 dicit
2662 4139 2974 4193 humanum.
3013 4131 3082 4184 Et
3105 4130 3229 4185 ideo
3257 4125 3386 4181 nihil
3414 4123 3606 4178 durum
3636 4130 3730 4174 aut

2146 4211 2422 4293 austerum
2467 4227 2788 4286 Christianis
2814 4224 2982 4280 videri
3010 4222 3207 4277 debet:
3239 4218 3363 4288 quia
3395 4211 3731 4284 quantalibet

2147 4343 2247 4400 pro
2279 4325 2601 4395 sempiterna
2630 4315 2962 4375 beatitudine
2981 4312 3199 4366 Christo
3227 4307 3483 4368 offerant,
3513 4303 3622 4357 vile
3648 4310 3732 4353 est

2147 4390 2295 4489 quod
2319 4390 2504 4478 datur,
2536 4411 2625 4466 ubi
2654 4416 2763 4463 tam
2792 4403 2992 4474 grande
3018 4410 3102 4456 est
3139 4397 3282 4489 quod
3311 4393 3588 4489 accipitur.

463 4479 591 4491 “’“”’⁸ν
619 4479 718 4503 'I'"
759 4479 810 4487 '"
842 4479 1052 4502 I'""“"'
1083 4479 1140 4484 "'
1174 4479 1185 4481 -
1209 4479 1225 4481 -
1267 4479 1296 4480 έν
2166 4479 2183 4489 ,

461 4527 698 4589 domum,
731 4521 1004 4595 praemissa
1031 4534 1208 4574 rerum
1239 4516 1509 4581 facultate,
1543 4514 1927 4582 commigrent;
1958 4527 2046 4568 se-
2065 4508 2124 4567 .D
2150 4509 2227 4564 hil
2270 4518 2521 4574 magnum
2566 4503 2620 4556 in
2669 4498 2825 4553 terris
2870 4495 2938 4549 ab
2966 4488 3336 4547 homine'Deo
3366 4483 3614 4545 solvitur,
3643 4479 3732 4532 ubi

461 4617 576 4674 euri
603 4614 805 4685 absque
845 4612 1007 4667 dubio
1051 4609 1181 4665 nihil
1208 4604 1309 4662 Sibi
1348 4613 1535 4679 postea
1583 4604 1889 4680 defuturum
1914 4645 1928 4669 ,
1957 4604 2049 4675 qui

463 4706 657 4763 exituri
677 4705 744 4760 de
764 4700 1067 4759 habitaculo
1090 4700 1177 4754 vili
1200 4705 1254 4754 et
1274 4695 1662 4766 contemptibili
1684 4711 1748 4750 ac
1771 4695 1883 4764 jam
1905 4693 2048 4763 jam-

464 4814 569 4869 que
591 4796 817 4859 ruituro,
844 4794 974 4848 nihil
997 4792 1105 4847 illic
1125 4791 1192 4847 de
1212 4805 1311 4846 suo
1332 4789 1545 4860 penitus
1565 4787 1881 4858 reliquerint
1905 4784 2050 4854 quod

465 4890 684 4963 periret.
715 4887 842 4941 limo
869 4899 998 4955 ergo
1022 4893 1327 4939 sanctorum
1373 4896 1516 4951 spes,
1564 4880 1679 4935 haec
1726 4877 1918 4932 ﬁducia
1946 4883 2045 4930 est.

466 4982 556 5036 Sic
581 4979 683 5034 sibi
724 4976 977 5047 opulenta
1022 4989 1203 5030 rerum
1246 4971 1650 5028 transmissione
1695 4966 2047 5039 prospiciunt,

468 5080 527 5126 ut
553 5066 770 5125 aeternis
796 5066 1179 5122 immortalium
1227 5064 1539 5120 facultatum
1569 5059 1739 5130 copiis
1764 5056 2051 5128 perfruan-

469 5171 574 5218 tur.
615 5158 882 5215 Cazterum
906 5167 983 5224 tu,
1013 5157 1319 5226 quicunque
1363 5153 1453 5208 ille
1495 5166 1555 5207 es
1582 5161 1675 5203 aut
1701 5160 2050 5223 quaecunque,

470 5271 587 5327 qua:
615 5255 805 5309 animat
833 5261 938 5308 tute
966 5267 1027 5307 ac
1053 5250 1239 5307 salutis
1267 5247 1431 5303 oblita
1448 5286 1462 5309 ,
1494 5244 1606 5329 ipsa
1635 5250 1689 5296 te
1710 5239 1933 5295 resculis
1954 5238 2057 5293 tuis

2152 4598 2297 4670 quod
2324 4603 2407 4651 est
2432 4595 2488 4649 in
2515 4591 2654 4649 caelo
2695 4588 2987 4644 maximum
3019 4587 3380 4651 comparatur.
3422 4576 3621 4629 Durum
3652 4580 3734 4625 est

2152 4663 2328 4743 avaris
2348 4694 2407 4740 ut
2420 4684 2713 4755 largiantur
2739 4693 2852 4734 sua.
2877 4675 3014 4742 Quid
3042 4672 3266 4727 mirum?
3288 4672 3305 4706 τ
3321 4668 3517 4721 Totum
3540 4663 3734 4717 durum

2152 4789 2237 4837 est
2280 4774 2537 4848 quidquid
2584 4775 2881 4842 imperatur
2925 4764 3123 4820 invitis.
3181 4759 3339 4848 Quod
3366 4769 3563 4848 genera
3591 4767 3735 4822 prae-

2152 4842 2444 4940 ceptorum
2477 4871 2637 4925 sunt,
2686 4868 2770 4914 tot
2815 4854 3263 4911 adversariorum.
3322 4847 3381 4901 Si
3431 4842 3737 4910 largitatem

2152 4932 2270 5017 esse
2299 4957 2461 5030 296
2496 4956 2550 5008 in
2572 4950 2880 5008 hominibus
2902 4945 3053 5014 jubet
3093 4940 3380 5003 Dominus,
3412 4948 3606 4989 avarus
3634 4932 3743 4985 ira-

2155 5054 2352 5115 scitur;
2381 5050 2427 5103 si
2454 5043 2841 5119 parcimoniam
2867 5037 3070 5104 exigit,
3119 5032 3373 5104 prodigus
3397 5032 3741 5083 exsecratur;

2159 5155 2438 5200 sermones
2458 5115 2646 5192 sacros
2675 5130 2903 5202 improbi
2934 5129 3116 5181 hostes
3135 5139 3261 5179 suos
3280 5121 3500 5182 ducunt,
3522 5115 3747 5169 horrent

2162 5243 2409 5306 raptores
2448 5226 2704 5301 quidquid
2749 5224 2817 5279 de
2860 5220 3065 5290 iustitia
3106 5216 3375 5277 scribitur,
3404 5211 3629 5264 horrent
3656 5221 3748 5261 su-

1662 5350 1996 5409 STEPHANI
2032 5346 2303 5403 BALUZII
2340 5340 2568 5401 NOTAE.

544 5474 569 5502 ε·
609 5462 761 5516 Titus
787 5458 967 5513 Livius
987 5456 1080 5510 lib.
1116 5468 1276 5508 xxvtn
1310 5468 1323 5502 :
1358 5447 1580 5519 Ingenia
1602 5446 1835 5519 humana
1849 5450 1969 5496 sunt
1990 5441 2059 5519 ad

478 5551 619 5588 suam
663 5511 1152 5591 cuiqueileuandam
1174 5522 1378 5591 culpam
1429 5511 1588 5591 itignio
1639 5517 1752 5591 plus
1809 5511 2055 5591 [acnuam

474 5584 1073 5658 Veil—eiiispi’aterculus
1117 5584 1268 5646 libro'
1302 5588 1575 5644 secundo:
1627 5584 1769 5639 Adeo
1799 5584 2060 5656 familiare

480 5684 553 5728 est
575 5668 862 5727 hominibus
891 5666 1065 5721 omnia
1093 5661 1189 5717 sibi
1214 5664 1494 5732 ignoscere.

549 5743 578 5785 ⁸³
614 5743 671 5800 lu
700 5735 988 5813 recentiori
1036 5727 1408 5803 codice'rcgio
1446 5727 1706 5799 scriptum
1734 5732 1818 5779 est
1843 5737 2058 5778 conver-

2166 5439 2404 5493 sationis.

2240 5520 2262 5547 ε
2305 5506 2429 5561 llaec
2450 5501 2628 5557 addita
2648 5506 2772 5553 sunt
2799 5511 2867 5551 ex
2895 5493 3046 5549 libris
3065 5492 3279 5548 nostris.
3522 5552 3538 5561 _
3608 5550 3619 5560 .

2238 5574 2262 5615 δ
2451 5550 2767 5626 litigantis
2798 5550 3047 5621 omnibus
3071 5561 3301 5629 antiquis
3323 5550 3745 5629 exemplaribus-

2241 5657 2266 5684 ε
2306 5625 2432 5699 ᾗῇ
2458 5625 2671 5712 quoque
2687 5635 2958 5712 desumit)
2980 5625 3218 5712 antiquis
3236 5625 3531 5712 codicibu‘s;

2244 5718 2262 5755 τ
2307 5692 2437 5770 iiii;
2463 5692 2665 5781 Eripis;
2686 5708 2780 5764 lib.
2812 5723 2831 5762 ι
2884 5705 2952 5760 de
2975 5692 3299 5764 Gubérna’t.,
3324 5709 3445 5767 pag.
3479 5692 3568 5748 i7.
