3866 6178
225 389 301 446 257
1181 389 1517 446 ARNOBXL'S
1554 389 1811 444 JUNiOR.

1960 388 2481 444 PROLEGOMENA.
3350 387 3454 442 238

228 502 355 573 perbi
378 500 636 572 quidquid
666 500 731 556 de
759 501 1057 555 humilitate
1095 501 1392 563 mandatur,
1433 500 1781 576 adversantur
1806 501 1858 555 A
1883 501 1926 554 si
1956 501 2196 569 accipere
2227 515 2331 552 non
2360 506 2631 562 recusant,
2664 497 3111 565 quemadmodum
3142 497 3350 566 placere
3379 501 3457 551 eis

227 591 402 647 ebriosi
433 589 522 644 ubi
560 589 821 643 sobrietas
857 590 1125 654 indicitur,
1164 590 1493 643 detestantur
1534 588 1782 658 impudici
1888 586 2091 656 possint
2118 602 2235 655 quae
2264 586 2403 645 Deus
2432 587 2686 656 prmcipit.
2725 584 2915 641 Cuncti
2943 586 3082 640 enim
3112 586 3201 656 qui
3232 586 3461 640 oderunt

230 679 298 734 ubi
326 680 544 734 castitas
572 678 883 748 imperatur.
925 678 1031 732 Aut
1057 680 1185 732 nihil
1215 693 1343 747 ergo
1370 679 1651 733 dicendum
1680 687 1780 743 est,
1889 679 2194 733 mandatum
2224 694 2437 731 sacrum
2460 720 2474 743 ,
2520 692 2736 732 causam
2781 677 2886 731 odii
2931 677 2982 730 in
3026 678 3214 746 seipsis
3243 678 3457 731 habent.

229 778 302 824 aut
327 768 584 837 quidquid
611 768 809 822 dictum
840 766 1014 829 fuerit,
1039 768 1334 837 cuicunque
1358 769 1784 837 supradictorum
1889 768 2058 824 Omne
2100 769 2370 824 fastidium
2418 784 2525 823 non
2572 769 2624 822 in
2671 768 2949 837 prmceptis
2988 776 3071 821 est
3098 768 3255 836 legis,
3284 766 3376 820 sed
3409 768 3462 820 in

232 862 482 916 hominum
524 869 553 896 ι
600 859 918 929 displicebit.
993 858 1192 913 Mavult
1246 860 1468 928 quilibet
1514 859 1787 924 improbus
1890 860 2127 914 moribus
2147 860 2278 913 suis.
2318 857 2430 913 Lex
2454 859 2652 928 quippe
2679 858 2818 913 bona
2847 864 2959 923 est,
2989 856 3083 911 sed
3110 873 3286 911 mores
3316 858 3460 910 mali.

231 951 478 1007 exsecrari
525 950 698 1019 legem
747 964 907 1019 quam
952 950 1239 1005 emendare
1283 957 1545 1015 mentem;
1587 950 1789 1004 mavult
1895 952 1971 1007 Ac
1997 968 2093 1022 per
2118 952 2223 1007 hoc
2250 958 2458 1006 mutent
2486 950 2729 1005 homines
2763 950 3097 1020 propositum
3133 958 3186 1003 et
3215 947 3463 1003 allectum

235 1052 477 1114 praecepta
517 1042 697 1096 odisse
733 1057 893 1110 quam
936 1041 1083 1097 vitia.
1125 1039 1267 1095 inter
1306 1041 1446 1103 haec,
1474 1039 1600 1109 quid
1629 1048 1788 1107 agant
1893 1057 2065 1096 suum.
2108 1040 2165 1095 Si
2202 1054 2381 1096 mores
2420 1055 2547 1095 suos
2573 1040 2877 1110 probabiles
2905 1054 3022 1094 esse
3051 1038 3302 1100 iecerint,
3336 1041 3467 1094 nihil

235 1136 403 1206 quibus
426 1119 697 1202 loquendi
743 1148 774 1186 a
820 1131 1033 1186 Christo
1079 1130 1255 1186 oliicia
1282 1131 1648 1210 mandantur?
1677 1125 1788 1184 Deo
1889 1132 1970 1186 eis
1997 1145 2064 1183 ex
2092 1144 2158 1183 eo
2184 1129 2331 1197 quod
2356 1128 2443 1183 lex
2469 1128 2612 1182 bona
2640 1128 2879 1197 prmcipit
2898 1169 2911 1193 ,
2942 1127 3262 1198 displicebit.
3290 1127 3469 1195 Quan—

237 1225 516 1294 displicent,
544 1223 592 1280 si
612 1232 819 1288 tacent;
850 1222 878 1261 ιι
906 1222 1230 1285 hominibus,
1261 1222 1309 1275 si
1326 1216 1631 1289 loquuntur.
1661 1219 1790 1286 Sed,
1891 1221 1962 1276 do
2006 1219 2149 1275 enim
2194 1221 2367 1275 bonus
2410 1219 2530 1288 quis
2572 1234 2692 1273 esse
2737 1220 2989 1289 coeperit,
3020 1235 3128 1274 non
3158 1230 3332 1290 potest
3360 1236 3468 1276 non

242 1323 287 1368 ut
308 1313 498 1369 Judaeis
524 1313 752 1383 apostoli
779 1312 1169 1381 responderunt
1194 1328 1207 1363 :
1238 1308 1463 1381 Expedit
1489 1312 1655 1382 ntagis
1681 1309 1791 1366 Deo
1894 1312 2121 1379 diligere
2159 1310 2332 1378 legem
2370 1308 2503 1363 Dei:
2535 1308 2657 1377 quia
2690 1308 2795 1364 hoc
2824 1310 2960 1363 intra
2988 1324 3047 1364 se
3074 1310 3236 1366 habet
3262 1311 3346 1365 lex
3376 1310 3471 1366 Dei

240 1403 420 1458 obedire
451 1420 606 1476 quam
628 1403 917 1459 hominibus
948 1402 1084 1474 (Act.
1117 1417 1170 1467 v,
1200 1399 1312 1471 29).
1354 1401 1431 1455 Do
1461 1410 1637 1455 tamen
1666 1416 1787 1456 con-
1898 1413 2103 1468 sancta,
2133 1401 2276 1470 quod
2305 1400 2475 1455 sancti
2505 1399 2747 1454 homines
2774 1400 2826 1453 in
2854 1401 3112 1456 moribus.
3149 1398 3332 1455 Gratia
3362 1401 3469 1455 Do-

241 1496 396 1549 silium
424 1494 672 1548 'omnibus
698 1492 891 1562 quibus
915 1493 1093 1560 gravis
1123 1500 1179 1545 et
1205 1505 1432 1546 onerosa
1456 1498 1537 1545 est
1565 1490 1651 1545 lex
1679 1491 1793 1558 Dei,
1899 1493 2030 1547 mini
2059 1492 2229 1548 nostri
2255 1488 2383 1545 Jesu
2409 1488 2607 1543 Christi
2631 1504 2751 1543 cum
2781 1489 2968 1559 spiritu
2998 1498 3109 1544 tuo.
3139 1488 3328 1544 Amen.
3418 1552 3431 1561 ν

1406 1599 1741 1656 STEPHANI
1778 1601 2047 1659 BAL!)le
2082 1601 2310 1657 NOTIE.

302 1723 325 1750 ι
360 1712 610 1782 Reperio:
655 1713 810 1775 enim,
869 1718 928 1765 ut
965 1709 1182 1765 Tacitus
1210 1711 1284 1765 ait
1313 1711 1367 1765 in
1394 1720 1585 1780 quarto
1615 1712 1796 1766 Anna-
1831 1723 1873 1780 Β
1900 1714 2211 1781 putationem
2241 1715 2296 1780 in
2341 1729 2486 1767 suam
2532 1715 2761 1835 referunt
2798 1714 3174 1767 contumeliam.
3217 1711 3474 1782 Sulpitius

302 1799 352 1835 im
380 1784 541 1835 libro.
571 1783 655 1835 qui
684 1781 745 1835 ob
764 1780 1150 1835 similitudinem
1172 1798 1373 1834 mentm
1421 1782 1594 1834 aliena
1640 1783 1800 1835 male-
1903 1782 2137 1835 Severus
2158 1782 2210 1835 in
2243 1784 2378 1835 libro
2404 1798 2567 1835 secun
2608 1800 2640 1835 o
2669 1782 2845 1835 Sacra:
2867 1782 3111 1835 Historiae
3159 1783 3473 1835 loquens‘de

242 1785 352 1838 lium
380 1780 541 1845 libro,
571 1783 655 1850 qui
684 1781 745 1835 ob
764 1780 1150 1850 similitudinem
1172 1798 1373 1834 morum
1421 1782 1594 1834 aliena
1640 1783 1800 1836 male-
1902 1780 2137 1836 Severus
2158 1782 2210 1835 in
2243 1784 2378 1837 libro
2404 1780 2640 1836 secundo
2669 1782 2845 1837 Sacra:
2867 1782 3111 1836 Historiae
3159 1780 3473 1850 loquens‘de

244 1856 369 1924 facta
402 1849 786 1924 sibi‘objecturi
816 1858 1011 1924 putent.
1054 1849 1227 1924 Etiam
1256 1852 1422 1924 gloria
1449 1868 1509 1903 ac
1538 1851 1692 1904 virtus
1722 1853 1802 1903 in—
1904 1853 2115 1924 Nerone
2149 1869 2161 1924 ς
2197 1850 2395 1921 Quippe
2429 1869 2628 1924 semper
2652 1853 2863 1924 inimica
2898 1851 3166 1924 virtutibus
3195 1849 3316 1905 vitia
3337 1864 3472 1924 sunt,

259 1924 400 1993 'ensos
440 1919 625 1993 habet,
644 1929 698 1972 ut
730 1921 882 1993 nimis
920 1919 1300 1993 ex_propinquo
1329 1921 1530 1993 diversa
1559 1936 1799 1993 arguens.
1904 1930 1953 1993 et
1979 1923 2157 1990 optimi
2187 1919 2365 1992 quique
2388 1921 2451 1975 ab
2481 1919 2721 1993 improbis
2758 1923 2904 1993 quasi
2944 1923 3311 1993 exprobrantes
3338 1922 3475 1992 aspi-

283 1993 585 2061 ieronymus
615 1990 665 2042 in
694 1988 918 2061 epistola
947 1987 1022 2042 ad
1045 1987 1358 2061 eumeum;
1391 1987 1516 2061 Scio
1538 1987 1806 2061 metoﬂ'en-
1908 1987 2131 2061 ciuntur.

238 2077 399 2116 surum
438 2057 557 2121 esse
580 2059 979 2131 quamplurimas
1010 2059 1097 2129 qui
1124 2058 1412 2129 generalem
1439 2058 1503 2111 de
1528 2059 1663 2120 vitiis
1691 2057 1797 2112 αἱς·
1978 2057 2006 2097 ι’
2050 2059 2179 2114 Vide
2206 2075 2366 2129 supra
2390 2060 2441 2113 in
2472 2061 2614 2114 notis
2643 2060 2707 2114 ad
2737 2073 2857 2130 pag.
2893 2058 2980 2112 98.

990 2205 998 2213 ο

360 2348 1935 2575 ARNOBIUS
2104 2277 3323 2575 JUNIOR.

1259 2846 2299 2959 PROLEGOMEN
2315 2851 2464 2955 Α.

988 3054 1052 3127 Ἰ.
1840 3074 1886 3137 C
1914 3071 2136 3142 dignum
2163 3072 2283 3130 luce
2308 3070 2536 3129 videtur.
2570 3071 2694 3129 Haec
2722 3081 2928 3128 tantum
2956 3074 3318 3141 morabantur,
3346 3082 3486 3145 quod

328 3183 421 3240 Ex
456 3182 787 3240 Bellarmino
813 3183 878 3238 de
914 3182 1264 3255 Scriptoribus
1292 3181 1688 3239 Ecclesiasticis.

1928 3166 2183 3219 nescirem
2208 3164 2330 3233 quis
2355 3164 2476 3229 ille,
2509 3172 2600 3219 aut
2645 3163 2860 3234 quando
2897 3165 3117 3219 vixisset
3155 3173 3315 3234 atque
3355 3167 3487 3221 scri-

1918 3253 2132 3321 psisset.

1988 3342 2047 3398 lu
2075 3343 2259 3413 primis
2285 3344 2428 3398 enim
2456 3341 2830 3409 certissimum,
2855 3359 2961 3399 non
2993 3343 3153 3401 fuisse
3177 3362 3299 3401 eum
3320 3347 3489 3402 Amo-

1911 3433 2063 3488 bium
2101 3434 2197 3501 qui
2237 3432 2568 3488 Diocletiano
2602 3434 2926 3503 imperatore
2965 3444 3171 3505 septem
3199 3436 3367 3492 libros
3395 3436 3488 3491 ad-

1916 3537 2106 3578 versus
2133 3520 2332 3577 Gentes
2359 3522 2544 3588 edidit,
2565 3524 2817 3592 quoniam
2846 3523 3016 3579 forma
3040 3525 3249 3582 dicendi
3272 3526 3488 3581 omnino

1915 3611 2161 3675 diversa;
2186 3620 2262 3678 et,
2310 3613 2456 3684 quod
2502 3614 2690 3683 majus,
2723 3615 3033 3685 reprehensi
3061 3614 3274 3681 Ariani,
3303 3614 3489 3671 Photi-

1920 3704 2088 3768 niani,
2117 3702 2436 3769 Nestoriani,
2468 3703 2667 3759 laudati
2703 3719 2832 3759 vero
2861 3705 3161 3773 Augustini,
3203 3706 3487 3772 Ambrosii,

1921 3792 2103 3865 Cyrilli
2132 3792 2499 3860 Alexandrini,
2527 3793 2759 3859 Damasi,
2788 3802 2844 3848 et
2872 3792 3097 3861 Leones,
3125 3795 3287 3850 alium
3310 3805 3493 3851 aucto-

248 2212 3479 2258 Μ

284 3317 602 3382 Arnobius,
632 3331 739 3371 non
787 3315 873 3371 ille
914 3315 1005 3386 qui
1051 3315 1266 3385 scripsit
1304 3326 1489 3372 contra
1526 3314 1726 3372 Gentes
1762 3322 1816 3371 et

216 3407 314 3463 sub
340 3408 705 3464 Diocletiano
750 3405 949 3472 ﬂoruit,
988 3407 1082 3462 sed
1127 3408 1262 3462 alius
1302 3405 1509 3473 Junior,
1539 3407 1629 3477 qui
1657 3406 1818 3478 paulo

215 3509 331 3569 p051
360 3508 634 3556 sanctum
656 3497 890 3554 Lennem
918 3514 1110 3569 papam
1137 3499 1332 3556 vixisse
1360 3499 1584 3566 videtur,
1606 3497 1819 3569 scripsit

217 3588 403 3645 librum
452 3590 617 3644 titulo
668 3588 946 3659 Conﬂiclus
990 3591 1230 3644 catholici
1267 3607 1381 3645 cum
1428 3590 1713 3661 Serapione
1755 3592 1821 3644 de

214 3676 322 3732 Deo
351 3681 511 3735 trino
534 3670 606 3733 ἐι
634 3694 773 3743 uno;
804 3678 933 3734 item
960 3680 1023 3735 de
1049 3679 1246 3735 duabus
1270 3683 1326 3735 in
1352 3679 1552 3736 Christo
1568 3679 1822 3737 Salutan-

220 3768 301 3820 tiis
328 3770 385 3821 in
413 3770 640 3822 unitate
668 3785 934 3840 personat;
965 3770 1091 3827 item
1120 3771 1183 3824 de
1208 3769 1389 3847 Gratia
1414 3786 1462 3826 et
1501 3770 1645 3827 liberi
1671 3771 1822 3828 Arbi-

212 3859 296 3910 lrii
324 3859 639 3913 concordia
663 3874 682 3912 :
711 3859 803 3927 qui
832 3859 953 3914 libri
979 3860 1104 3915 editi
1128 3868 1270 3916 sunt.
1303 3860 1483 3930 Neque
1511 3870 1592 3917 est
1619 3863 1819 3933 impro-

1928 3859 2038 3938 rem
2063 3885 2315 3954 produnt.
2344 3884 2531 3953 Itaque
2558 3886 2603 3940 si
2632 3885 2699 3939 de
2724 3901 2785 3940 re
2825 3885 3052 3941 obscura
3085 3859 3147 3941 et
3174 3885 3331 3940 dubia
3362 3886 3491 3940 indi;

211 3946 389 4049 Ξίώξίθ
419 3948 606 4018 huius
626 3948 857 4049 Arnf’bii
882 3948 1121 4049 δίψξξπίδ
1158 3965 1277 4049 θξδθ
1300 3950 1727 4049 θίξωτηθἾίδΓίθε
1766 3950 1819 4005 ί¹¹
1923 3946 2083 4040 Care;
2096 3990 2423 4045 cognoscere
2445 3946 2512 4031 et.
2543 3985 2779 4032 statuere
2814 3993 3051 4047 possum,
3076 3979 3122 4033 is
3143 3986 3226 4032 est
3251 3979 3342 4049 qui
3370 3979 3492 4033 bre-

207 4036 484 4108 Psalmos,
534 4041 642 4111 qui
681 4040 783 4095 sub
808 4040 1028 4098 Arnobii
1074 4043 1293 4099 nomine
1334 4043 1775 4098 circumferuntur
1804 4061 1818 4096 :

1928 4079 2017 4118 ves
2063 4065 2116 4118 in
2171 4060 2414 4120 Psahnos
2463 4063 2891 4120 Commentarios
2945 4066 3199 4133 reliquit,
3244 4065 3492 4133 quoniam

206 4132 273 4186 de
298 4133 519 4203 quibus
547 4131 684 4192 vide
704 4145 825 4203 quae
842 4131 1072 4190 diximus
1094 4148 1255 4203 supra
1281 4134 1332 4187 in
1354 4132 1610 4199 Arnobio,
1630 4132 1819 4187 εωειιιο

1928 4155 2111 4211 eadem
2157 4154 2408 4219 brevitas,
2448 4151 2592 4210 acies
2632 4157 2813 4221 animi,
2845 4158 3014 4228 stylus
3058 4131 3349 4226 neglect—us,
3378 4158 3494 4213 loca

204 4226 391 4282 ιεηίο.
1010 4289 1051 4346 ﬂ
1923 4242 2113 4298 eodem
2132 4258 2294 4299 sensu
2314 4258 2377 4297 ac
2413 4258 2549 4312 pene
2571 4246 2746 4300 verbis
2768 4226 2995 4311 reddita,
3035 4246 3341 4315 eaedemque
3367 4262 3497 4301 con-

1060 4330 1133 4405 ’μ
1224 4400 1263 4405 _
1372 4401 1382 4405 _
1925 4333 2107 4389 l'utata:
2135 4333 2382 4401 hereses,
2410 4335 2666 4404 temporis
2709 4335 2941 4405 denique
2986 4336 3124 4391 ratio
3169 4337 3495 4393 convenien-

1847 4426 1900 4485 D
1925 4424 2150 4490 tissime,
2179 4424 2427 4479 nimirum
2458 4424 2653 4482 Leonis
2680 4429 2871 4482 summi
2900 4427 3167 4498 poutilicis
3209 4437 3359 4495 tetas,
3389 4444 3494 4498 qua

272 4516 415 4572 Cum
468 4533 647 4573 anno
696 4517 908 4573 Domini
956 4519 1096 4575 1593
1139 4516 1489 4574 incommoda:
1535 4515 1824 4571 valetudini
1926 4513 2135 4569 initium
2181 4513 2345 4569 fuisse
2389 4531 2498 4569 non
2541 4516 2756 4573 dillicile
2798 4517 3232 4586 deprehenditur.
3279 4517 3498 4575 Accedit
3569 4548 3576 4555 —

200 4611 605 4674 consulturus,
643 4621 709 4661 ex
738 4604 911 4661 Gallia
937 4610 1219 4675 secedens,
1250 4606 1619 4679 Spadanorum
1647 4606 1828 4662 acidus
1926 4604 2155 4671 Alcuini,
2171 4602 2350 4659 Caroli
2367 4604 2916 4676 Magnipncceptoris,
2933 4606 3232 4675 hujusmodi
3255 4608 3499 4664 testimo-

203 4695 383 4753 l‘ontes
430 4713 546 4770 per
602 4695 882 4753 Leodium
920 4699 1297 4768 amplissimam
1344 4698 1508 4769 Belgii
1554 4697 1826 4753 civitatem
1928 4693 2075 4749 nium
2105 4691 2295 4764 (Epist.
2325 4696 2394 4748 ad
2425 4694 2467 4747 F
2472 4695 2660 4749 larium
2684 4695 2925 4764 Herium)
2954 4713 2967 4748 :
2992 4695 3266 4759 Arnobius,
3288 4697 3343 4749 in
3364 4695 3500 4750 Con—

198 4799 477 4857 peterem,
514 4806 551 4843 a
583 4790 774 4844 veteri
797 4789 1076 4859 discipulo,
1107 4791 1443 4859 sodalitiique
1485 4788 1828 4845 Franciscani
1929 4785 2074 4855 ﬂictu
2101 4800 2247 4857 quem
2276 4786 2453 4839 habuit
2474 4802 2588 4840 cum
2614 4786 2927 4856 Serapione,
2959 4785 3137 4839 rubum
3166 4787 3335 4857 posuit
3364 4771 3500 4840 τηυξ-

197 4878 405 4939 ibidem
456 4882 704 4937 lectore
740 4880 796 4933 in
841 4882 1221 4937 monasterium
1263 4881 1320 4937 S.
1344 4880 1527 4938 Jacobi
1558 4884 1831 4937 memoria
1930 4879 2085 4931 culini
2123 4879 2342 4949 generis,
2373 4886 2502 4941 etc.;
2532 4891 2651 4945 qua:
2678 4877 2764 4932 hic
2794 4868 2863 4930 ad
2889 4879 3110 4933 verbum
3141 4879 3498 4948 reperiuntur.

141 4964 144 4969 ’
194 4987 417 5027 sacrum
446 4970 801 5044 perductus,
840 4980 1180 5043 veteremque
1208 4973 1582 5028 bibliothecam
1613 4976 1828 5044 perqni-
1936 4969 2001 5024 Et
2029 4971 2169 5024 idem
2192 4985 2379 5025 rursus
2408 4969 2544 5024 libro
2571 4978 2745 5030 sexto.
2776 4977 2961 5025 contra
2988 4969 3212 5026 Felicem
3235 4969 3513 5040 Urgdlitaw

198 5077 348 5130 rens,
381 5066 442 5119 in
491 5062 950 5131 munuscriptum
979 5065 1219 5118 codicem
1260 5064 1438 5126 incidi,
1467 5066 1622 5135 cujus
1646 5067 1832 5122 titulus
1934 5075 2092 5124 num,
2135 5059 2301 5114 nostri
2346 5058 2503 5127 hujus
2542 5058 2761 5113 Arnohii
2802 5061 2874 5113 ita
2916 5061 3161 5115 meminit
3204 5060 3501 5115 :Arnobins

196 5168 339 5221 erat,
378 5157 613 5228 Incipit
657 5151 944 5222 Conﬂictus
985 5154 1199 5209 Arnobii
1236 5155 1474 5210 catholici
1513 5173 1627 5210 cunt
1666 5157 1827 5212 Sera—
1935 5152 2012 5204 t'ir
2062 5152 2199 5204 acris
2238 5152 2454 5220 ingenii,
2493 5151 2546 5203 in
2589 5147 2841 5219 Conﬂicta
2880 5168 3028 5222 quem
3062 5169 3179 5206 cum
3222 5150 3504 5222 Serapione

195 5249 349 5316 pione
368 5245 705 5317 Egyptio,
731 5249 832 5296 etc.
856 5240 1101 5307 Quasdam
1125 5243 1241 5313 ejus
1260 5245 1467 5308 evolvo,
1490 5245 1830 5315 deprehendo
1938 5242 2134 5306 habuit,
2159 5251 2260 5296 etc.
2290 5239 2428 5309 Quin
2457 5254 2512 5295 et
2537 5248 2662 5295 ante
2690 5241 2967 5297 Alcuinum
3006 5243 3145 5297 idem
3179 5257 3209 5295 a
3239 5242 3504 5296 nonnullis

196 5336 550 5395 Conﬂictum
588 5334 678 5389 de
731 5347 789 5386 re
816 5332 1049 5388 omnium
1081 5333 1219 5388 inter
1244 5332 1575 5389 Christianos
1599 5336 1831 5390 maxima
1938 5336 2010 5387 ita
2025 5333 2279 5387 adversus
2305 5332 2531 5386 Arianos
2549 5333 2745 5389 citatur
2763 5334 2933 5388 sancti
2948 5333 3223 5402 Augustini
3248 5330 3459 5385 nomine
3485 5349 3498 5383 :

196 5426 556 5492 institutum,
629 5429 703 5477 et
772 5437 1042 5490 nunquam
1101 5430 1258 5478 antea
1314 5423 1453 5493 typis
1504 5424 1824 5493 evulgatum.
1934 5407 2247 5493 Augustinus
2274 5425 2328 5477 in
2352 5424 2695 5479 Altcrcatione
2722 5427 2934 5480 Arnobii
2956 5436 3004 5478 et
3040 5424 3358 5493 Serapionis,
3389 5431 3498 5477 etc.

195 5515 350 5587 Rogo
382 5511 761 5573 venerandae
802 5512 1017 5582 pietatis
1055 5514 1284 5582 priorem
1306 5553 1320 5579 ,
1356 5522 1414 5568 ut
1456 5530 1552 5583 per
1595 5513 1827 5584 aliquem
1933 5515 2135 5582 Quibus
2157 5515 2493 5572 manifestum
2521 5527 2604 5572 est
2631 5518 2694 5570 ad
2727 5517 2869 5581 illud,
2892 5516 3038 5585 quod
3062 5515 3291 5570 diximus
3335 5530 3505 5569 siccu—

193 5605 427 5661 fratrum
462 5614 818 5660 nostrorum
846 5612 1027 5673 posset
1054 5604 1313 5670 exscrihi;
1342 5604 1597 5667 admittit,
1626 5605 1827 5659 cxseri-
1931 5607 2039 5661 lum
2069 5608 2355 5677 pertinere.

195 5709 343 5768 ptum
367 5699 673 5771 Spadium
702 5693 778 5749 ad
805 5710 889 5749 me
911 5694 1302 5761 transmittunt;
1335 5697 1404 5750 ibi
1427 5698 1679 5751 attentius
1707 5714 1827 5764 per-
1880 5724 1889 5733 -
2002 5697 2162 5751 Multa
2195 5700 2247 5752 in
2287 5700 2387 5755 hoc
2432 5698 2605 5755 adhuc
2646 5698 2819 5753 hiulca
2863 5706 2918 5752 et
2961 5696 3142 5750 mutila
3187 5698 3525 5767 compcnes,’

194 5790 333 5862 lego.
370 5789 582 5845 Placet
614 5785 905 5849 brevitas,
939 5801 1059 5840 acre
1100 5788 1333 5841 auctoris
1370 5788 1658 5856 ingenium,
1689 5800 1825 5853 opus
1930 5805 2045 5859 qua:
2078 5790 2309 5846 nonnisi
2338 5790 2785 5845 emcndatiorihus
2814 5788 3207 5858 exemplaribus
3253 5800 3507 5859 poterunt

360 4404 641 4460 Candida
688 4403 942 4468 anrom,
982 4402 1044 4457 F.
1083 4400 1183 4459 Fx.
1224 4400 1675 4459 Fsu—Anosa'rws.
