3936 6176
206 321 297 376 ευ

970 316 1391 374 CONFLICTUS
1430 317 1517 372 DE
1559 317 1686 372 Ι)Εο
1728 316 1931 373 ΤῖὶῖΝΟ
1971 318 2057 373 ET
2099 318 2255 385 ΓΜ),
2298 318 2449 373 ETC.
2494 318 2617 373 LIB.
2662 319 2701 373 1.

3346 308 3447 368 ιρις

205 436 468 510 praestigiis
512 435 778 491 restitisse
812 455 825 489 :
862 437 931 490 ita
981 446 1034 492 et
1075 438 1128 491 hi
1179 439 1391 492 veritati
1438 439 1770 503 resistentes,
1802 447 1842 497 Α
1876 440 1960 495 bis
1985 439 2137 505 locis,
2168 441 2222 497 in
2260 440 2454 510 quibus
2473 438 2767 496 concordat
2812 435 2941 493 ﬁdes
2977 449 3179 502 nostra,
3204 446 3450 493 transea-

203 544 314 582 cum
359 528 491 580 banc
541 526 695 580 nobis
745 527 1066 580 calumniam
1126 528 1401 597 imponere
1450 529 1764 593 niterentur,

201 618 333 684 quod
379 616 506 670 lides
538 623 717 669 nostra
748 614 814 670 de
864 616 1229 671 incarnatione
1275 604 1551 693 Dominica
1577 633 1605 670 a
1636 627 1770 671 ιρι-ιι

204 706 395 759 itineris
424 700 636 758 tramite
667 705 940 771 deviaret;
970 706 1072 760 hoc
1120 707 1186 761 ab
1236 707 1313 762 eis
1339 706 1551 761 tandezn
1600 708 1771 776 impe-

204 796 468 860 t:avimus,
499 804 557 849 ut
598 804 844 850 cessante
891 796 1155 852 seditione
1195 784 1523 861 verborum,
1550 798 1772 866 singulis

203 904 264 942 ex
291 894 513 955 utraque
561 895 713 958 parte
761 888 1161 955 altercantibus,
1194 890 1373 944 czeteri
1420 889 1770 959 Cognitorutn

205 978 312 1031 loco
339 976 603 1043 sedentes,
636 978 876 1046 singulos
900 986 1105 1033 tantum
1125 994 1243 1034 esse
1261 979 1466 1049 judices
1495 980 1773 1051 permitte-

206 1080 333 1134 rent,
364 1070 558 1141 quibus
596 1071 785 1126 liceret
830 1087 929 1144 pro
968 1073 1163 1127 merito
1210 1074 1615 1128 conclusionum
1644 1073 1775 1129 dare

205 1164 513 1218 sententiam
540 1182 553 1216 :
587 1160 893 1233 factumque
920 1171 1003 1219 est
1025 1172 1083 1218 ut
1111 1165 1376 1219 Arnobius
1399 1180 1428 1218 a
1458 1173 1610 1235 parte
1634 1164 1777 1221 sedis

207 1253 501 1323 apostolica:
546 1253 801 1309 defensor
844 1252 1025 1319 ﬁeret,
1069 1262 1123 1307 et
1163 1252 1424 1323 Serapion
1465 1272 1494 1307 a
1525 1254 1774 1325 synedrio

209 1343 572 1416 Egyptiorum
619 1344 908 1399 altercator
947 1334 1201 1399 existeret
1238 1362 1251 1397 :
1294 1344 1502 1413 judices
1530 1361 1658 1400 vero
1686 1361 1773 1399 es-

208 1442 317 1487 sent
344 1449 372 1486 ιι
400 1442 553 1504 parte
581 1433 845 1488 catholica
868 1432 1067 1488 Decius
1093 1430 1465 1501 Constantius,
1494 1444 1545 1489 et
1569 1450 1599 1488 a
1624 1442 1778 1506 parte

211 1514 576 1594 £gyptiorum
606 1524 939 1578 Ammonius.
1330 1586 1337 1603 ﬂ

268 1612 413 1668 ll.—
438 1614 549 1668 Hoc
570 1622 748 1670 autem
779 1614 967 1670 ordine
997 1623 1231 1686 emptum
1254 1624 1335 1670 est
1364 1616 1655 1684 negotium.
1683 1614 1781 1670 Se-

208 1705 381 1773 rapion
415 1703 549 1758 dixit
575 1724 587 1757 :
615 1704 913 1775 Antequam
936 1706 1001 1759 ad
1023 1706 1124 1760 hoc
1152 1707 1447 1771 veniamus,
1476 1718 1498 1742 η
1522 1706 1665 1774 quod
1684 1720 1781 1759 vos

1872 545 2010 589 nius.
2034 563 2109 573 —
2132 528 2477 589 Constantius
2496 538 2553 583 et
2573 528 2886 583 Ammonius
2900 527 3108 596 judices
3129 527 3286 584 eiecti
3311 527 3455 582 dixe-
3531 515 3552 527 ’

1868 628 1993 673 runt
2024 638 2036 673 :
2068 619 2294 675 Constat
2331 619 2625 675 Arnobium
2673 617 2999 673 satisfecisse
3033 618 3100 673 de
3129 632 3236 673 uno
3278 621 3458 675 omni-

1868 710 2075 780 potenti
2107 710 2239 775 Deo,
2280 716 2335 764 et
2362 709 2645 764 assertioni
2675 707 2792 776 ejus
2832 707 3180 778 Serapionem
3224 723 3457 765 consen-

1869 799 2033 865 sisse;
2066 807 2160 861 aut
2186 799 2232 854 si
2259 813 2364 855 non
2391 805 2476 853 est
2502 800 2575 852 ita
2597 797 2859 868 Serapion
2886 799 3080 854 edicat.
3104 798 3451 869 —Serapion

1854 890 2006 951 dixit
2036 908 2047 941 :
2082 889 2194 958 Ego
2224 889 2519 951 Arnobium
2542 888 2682 944 scire
2701 888 2910 951 studeo,
2935 897 3238 943 utrumnam
3257 890 3311 944 in
3336 888 3455 944 aliis

1872 997 1980 1035 non
2010 989 2154 1035 erret
2184 980 2315 1036 ﬁdes
2355 980 2488 1048 ejus,
2516 994 2585 1035 ne
2612 980 2753 1034 forte
2781 979 2826 1035 si
2854 979 2958 1033 alia
2988 987 3185 1049 praeter
3219 980 3319 1034 ista
3340 1020 3356 1046 ,
3387 978 3456 1034 de
3517 1034 3523 1041 ,

1873 1070 2064 1140 quibus
2087 1071 2312 1139 quaestio
2341 1078 2444 1135 est,
2471 1084 2599 1139 quae
2628 1069 2840 1139 possint
2860 1068 2983 1139 jure
3016 1068 3186 1124 refelli
3214 1080 3269 1124 et
3296 1084 3454 1125 occa-

1872 1161 2081 1216 sionem
2125 1160 2285 1230 bujus
2323 1160 2583 1230 temporis
2621 1159 2955 1226 omittentes,
2985 1157 3014 1197 ά
3047 1174 3114 1214 ne
3137 1160 3227 1216 hic
3257 1160 3460 1230 aliquid

1874 1252 2048 1319 egisse
2071 1250 2362 1309 videamur.
2380 1283 2453 1294 -—
2471 1250 2791 1320 Cognitores
2809 1251 3090 1311 dixerunt:
3110 1251 3260 1307 Dicat
3285 1253 3435 1306 Arno
3447 1280 3462 1291 -

1875 1340 2014 1402 bius,
2047 1348 2225 1394 utrum
2254 1340 2533 1410 permittat
2560 1342 2704 1396 hunc
2743 1341 2848 1395 alia
2876 1354 3141 1409 (tumere,
3172 1349 3370 1410 praeter
3395 1357 3459 1395 ea

1876 1430 1943 1485 de
1987 1431 2179 1500 quibus
2206 1439 2324 1485 orta
2357 1430 2567 1486 videtur
2604 1444 2724 1485 esse
2764 1430 3065 1485 contentio.
3092 1461 3165 1471 —
3191 1429 3463 1484 Amobius

1878 1522 2012 1578 dixit
2036 1539 2047 1574 :
2081 1521 2195 1575 Non
2226 1522 2403 1576 abnuo
2429 1521 2623 1591 inquiri
2647 1520 2713 1574 ab
2734 1535 2801 1574 eo
2830 1519 2897 1574 de
2921 1520 3327 1589 quibuscunque
3365 1537 3461 1574 vo-

1880 1612 2070 1677 luerit,
2115 1627 2181 1666 ne
2227 1612 2402 1667 locum
2434 1612 2565 1666 mihi
2592 1610 2894 1680 inquirendi
2937 1611 3004 1665 ab
3032 1625 3100 1665 eo
3129 1600 3478 1680 quaecunque

1884 1703 2125 1767 voluero,
2157 1701 2342 1757 videar
2370 1713 2672 1771 amputare.

210 1794 659 1850 llomuncionates
705 1811 1008 1864 arguamus,
1058 1795 1327 1876 dicentes,
1374 1796 1507 1851 duas
1561 1804 1779 1850 naturas
1814 1810 1854 1864 [ς
1951 1792 2038 1846 lii.
2066 1823 2131 1831 —
2158 1791 2368 1846 .ludiees
2395 1792 2676 1846 memorati
2704 1792 2995 1846 dixerunt:
3028 1791 3179 1847 Dicat
3203 1789 3482 1862 Serapion,

211 1902 319 1941 esse
342 1888 394 1940 in
420 1884 655 1952 Christo,
680 1887 919 1956 duasque
939 1887 1286 1951 substantias,
1309 1887 1466 1956 cupio
1488 1887 1645 1951 scire,
1667 1886 1786 1955 quis

210 1977 401 2029 si~?—
434 1976 705 2030 Arnobius
749 1975 882 2030 dixit
915 1995 927 2029 ε
959 1976 1087 2029 Sum
1132 1977 1290 2046 plane
1337 1991 1523 2031 servus
1568 1974 1785 2041 Christi,

211 2075 260 2119 et
304 2075 409 2119 tam
453 2066 731 2121 catholicae
778 2066 899 2121 ﬁdei
938 2082 1100 2136 quam
1154 2068 1392 2122 veritatis
1431 2075 1687 2123 assertor.
1717 2097 1788 2108 —-—

212 2157 465 2229 Scrapiou
493 2157 627 2212 dixit
656 2177 667 2211 :
699 2158 818 2229 Ipsa
849 2156 978 2212 fides
1008 2166 1096 2213 tua
1121 2160 1249 2228 quid
1269 2158 1471 2222 credat,
1496 2159 1789 2214 edicito.—

213 2249 472 2303 Arnobius
499 2249 633 2302 dixit
659 2267 670 2301 :
698 2249 865 2303 Deum
892 2250 1341 2318 omnipotentem,
1377 2250 1616 2303 omnium
1636 2265 1790 2305 crea-

215 2350 395 2403 torem,
452 2355 619 2393 unum
668 2339 850 2394 credo.
901 2373 970 2382 --
1017 2339 1278 2411 Serapion
1336 2339 1467 2394 dixit
1518 2358 1530 2392 :
1574 2339 1791 2396 b‘Hunc

214 2426 389 2493 Deum,
422 2434 587 2496 q‘uem
621 2445 786 2482 unum
816 2429 1010 2493 credis,
1036 2430 1176 2484 unde
1207 2430 1347 2484 nosti
1376 2430 1517 2499 quod
1542 2430 1789 2499 omnipo-

215 2525 342 2582 tens,
394 2519 749 2589 omniumque
796 2528 1010 2573 creator
1056 2520 1157 2573 sit?
1185 2553 1256 2562 —
1292 2521 1566 2576 Arnobius
1611 2521 1786 2579 dixit:

216 2605 333 2673 Quia
362 2611 480 2679 ipse
510 2610 795 2664 virtutibus
824 2611 1027 2678 magnis
1056 2626 1113 2666 se
1157 2612 1501 2667 manifestare
1545 2612 1793 2682 dignatus

216 2707 287 2753 est
307 2700 492 2768 generi
515 2701 769 2754 humano.
803 2733 875 2744 --
899 2700 1160 2771 Serapion
1190 2702 1323 2757 dixit
1350 2722 1362 2756 :
1394 2703 1595 2769 Quibus
1626 2705 1793 2760 virtu-

218 2790 481 2844 tibus?-—-
504 2791 773 2845 Arnobius
814 2790 948 2845 dixit
976 2810 989 2845 :
1018 2790 1086 2846 Ut
1114 2794 1416 2863 antiquiora
1454 2803 1791 2865 praeteream,

218 2882 496 2950 provincia:
527 2890 633 2935 tua:
665 2889 807 2936 terra
855 2890 1119 2948 testatur,
1151 2895 1172 2921 ε
1203 2884 1348 2953 quod
1393 2884 1579 2940 decem
1622 2887 1795 2956 plagis

219 2985 452 3038 percussa
507 2980 689 3041 regem
736 2988 889 3026 suum
938 2974 1170 3043 perdidit
1216 2992 1335 3031 cum
1386 2992 1484 3031 suo
1532 2978 1793 3051 exercitu,

220 3060 563 3120 irascentibus
585 3080 720 3134 pene
747 3064 993 3119 omnibus
1023 3065 1324 3129 elementis,
1357 3067 1501 3137 quod
1531 3068 1584 3121 in
1626 3067 1795 3122 Deum

1886 1899 2006 1953 quas
2034 1884 2136 1937 sint
2163 1922 2178 1948 ,
2224 1897 2342 1953 quae
2381 1883 2448 1938 ab
2495 1898 2561 1937 eo
2606 1882 2735 1937 velit
2776 1881 3167 1937 addiscere.—-
3204 1880 3463 1951 Serapion

1888 1976 2021 2031 dixit
2050 1975 2249 2031 :Istum
2296 1991 2459 2029 unum
2506 1974 2675 2029 Deum
2716 1974 3059 2029 liberatorem
3098 1972 3464 2038 Hebraeorum,

1888 2066 2063 2120 solum
2104 2065 2250 2120 dices
2277 2080 2395 2120 esse
2424 2065 2591 2120 Deum
2620 2080 2688 2118 an
2730 2063 2870 2119 forte
2897 2064 3161 2118 alterum?
3184 2095 3259 2106 ——
3290 2063 3465 2120 Arno-

1890 2155 2009 2210 bius
2059 2156 2195 2209 dixit
2232 2174 2245 2209 :
2280 2156 2420 2211 Deus
2466 2154 2813 2213 Hebrteorum
2848 2154 2988 2208 Deus
3017 2170 3145 2209 unus
3174 2162 3250 2209 est
3289 2154 3465 2226 (Deut.

1890 2264 1962 2313 v1,
1986 2247 2061 2310 4;.
2094 2246 2319 2314 Quando
2362 2242 2534 2312 audis,
2579 2245 2719 2300 Deus
2746 2262 2879 2300 unus
2905 2253 3014 2311 est,
3046 2245 3270 2301 alterum
3301 2246 3469 2301 Deum

1891 2338 2111 2393 omnino
2159 2353 2264 2392 non
2307 2351 2535 2407 quaeras.
2562 2367 2633 2379 -——
2660 2334 2922 2405 Serapion
2950 2335 3123 2390 dixit:
3152 2346 3176 2374 ο
3210 2334 3351 2404 Ergo
3384 2334 3472 2391 Ju-

1889 2429 2041 2497 daica
2087 2437 2169 2483 est
2216 2426 2446 2482 tenenda
2482 2426 2731 2491 assertio,
2771 2441 2877 2496 qua
2904 2426 3050 2481 solus
3090 2434 3146 2481 et
3174 2442 3310 2481 unus
3333 2426 3473 2481 Deus

1892 2520 2239 2576 Hebrzeorum
2267 2519 2408 2577 Deus
2436 2518 2758 2588 praedicatur
2799 2524 2855 2574 et
2898 2518 3174 2573 creditur?
3197 2549 3269 2560 --
3297 2518 3473 2572 Arno-

1891 2610 2012 2666 bius
2060 2610 2241 2664 dixit:
2292 2608 2457 2663 Deum
2511 2606 2681 2662 Judaei
2730 2608 2810 2663 sic
2844 2608 3138 2678 praedicant
3180 2609 3373 2673 solum,
3417 2615 3479 2663 ut

1892 2709 2091 2770 negent
2114 2699 2306 2753 Filium
2326 2698 2474 2767 ejus;
2504 2703 2700 2766 negent
2724 2697 2883 2752 simul
2902 2713 3023 2753 cum
3051 2713 3117 2753 eo
3144 2714 3307 2752 unum
3335 2713 3472 2761 esse,

1893 2792 1986 2862 qui
2015 2799 2175 2846 natus
2201 2798 2283 2845 est
2310 2789 2376 2845 de
2406 2787 2610 2858 Spiritu
2648 2797 2836 2845 sancto
2876 2802 2943 2843 ex
2970 2788 3134 2843 Maria
3163 2790 3385 2858 virgine.
3406 2820 3480 2833 —

1894 2882 2156 2954 Serapion
2184 2882 2319 2937 dixit
2348 2900 2361 2935 :
2387 2880 2493 2936 Iste
2529 2882 2621 2951 qui
2647 2887 2807 2935 natus
2833 2887 2917 2937 est
2955 2880 3023 2936 de
3050 2878 3250 2951 Spiritu
3291 2888 3485 2936 sancto

1895 2988 1963 3029 ex
1983 2973 2148 3028 Maria
2173 2972 2399 3041 virgine,
2431 2971 2543 3042 ipse
2576 2987 2715 3026 unus
2740 2986 2809 3025 an
2830 2979 2914 3026 est
2934 2970 3103 3025 alius?
3121 3002 3194 3013 -—
3213 2969 3479 3026 Arnobius

1898 3067 2032 3121 dixit
2056 3084 2069 3119 :
2093 3065 2152 3121 ιιι
2178 3065 2388 3120 Deitate
2426 3079 2584 3129 unus,
2620 3062 2639 3101 ί
2673 3064 2726 3117 in
2755 3064 3100 3132 generatione
3128 3078 3259 3117 vero
3295 3064 3372 3119 sic
3398 3070 3481 3117 est

221 3162 509 3207 creatorem
556 3153 796 3207 omnium
839 3154 1050 3210 rebellis
1093 3156 1363 3210 existeret.
1401 3154 1658 3226 Pupulum
1697 3171 1795 3210 au-
1821 3173 1867 3236 ε
1898 3157 2051 3222 alius,
2082 3165 2141 3211 ut
2167 3157 2309 3212 Deus
2339 3172 2479 3213 unus
2519 3170 2640 3211 esse
2679 3170 2788 3210 non
2821 3162 2997 3209 cesset
3025 3152 3185 3208 Pater
3213 3162 3270 3208 et
3293 3153 3480 3208 Filius.

223 3249 335 3308 tem,
361 3259 526 3313 quem
558 3243 626 3298 de
662 3244 839 3313 gladio
883 3244 997 3314 ejus
1027 3246 1079 3298 in
1127 3262 1282 3298 manu
1328 3248 1451 3316 forti
1491 3257 1539 3300 et
1585 3247 1794 3303 brachio

225 3335 404 3389 excelso
452 3331 678 3404 e'ripuit,
716 3350 814 3404 per
864 3334 1118 3389 famulum
1166 3351 1321 3390 suum
1369 3335 1607 3409 Moysem
1646 3336 1792 3401 fecit,

226 3425 348 3490 quod
370 3425 487 3495 ipse
513 3425 582 3478 sit
613 3425 771 3488 Dcus,
799 3422 853 3479 ei
890 3441 994 3479 non
1023 3426 1092 3480 sit
1121 3427 1257 3481 alius
1286 3436 1479 3497 praeter
1517 3428 1707 3497 ipsum.
1737 3427 1795 3485 Si

228 3519 588 3574 rontravenire
616 3518 853 3589 disponis
888 3518 1100 3574 edicito.
1134 3552 1203 3561 —
1228 3519 1486 3589 Serapion
1518 3521 1652 3575 dixit
1678 3539 1689 3574 :
1720 3521 1797 3576 De

1901 3248 2045 3319 Deus
2072 3249 2214 3303 enim
2246 3256 2373 3303 tunc
2401 3262 2529 3303 vere
2555 3260 2694 3301 unus
2723 3244 3045 3307 creditur,et
3088 3245 3294 3312 integra
3334 3245 3387 3298 in
3414 3259 3482 3299 eo

1900 3340 2161 3394 Divinitas
2206 3352 2314 3392 non
2356 3345 2600 3406 negatur.
2624 3366 2696 3378 --
2723 3333 2982 3404 Serapion
3029 3333 3163 3387 dixit
3195 3352 3207 3386 :
3241 3332 3305 3387 Et
3346 3350 3482 3404 quo-

1901 3429 2063 3485 modo
2094 3429 2299 3496 integra
2327 3427 2381 3481 iu
2408 3441 2474 3482 eo
2502 3425 2764 3481 Divinitas
2789 3422 3056 3479 credenda
3084 3424 3204 3478 est?
3222 3455 3295 3466 ——
3316 3422 3484 3478 Arno-

1899 3522 2021 3577 bius
2049 3520 2181 3576 dixit
2211 3539 2223 3573 :
2250 3520 2400 3576 Tunc
2426 3518 2634 3587 integra
2654 3517 2708 3571 iu
2732 3530 2799 3572 eo
2824 3515 3086 3571 Divinitas
3105 3532 3213 3571 non
3237 3523 3478 3583 negatur,

596 3690 599 3693 Α
1381 3632 1491 3687 FR.
1532 3632 2013 3689 FEUoARDENTll
2050 3633 2278 3691 NOTAE.

232 3723 567 3786 Alexandriae,
602 3736 720 3803 qua:
748 3731 910 3805 caput
932 3721 1029 3805 fuit
1059 3722 1296 3805 Egypti,
1326 3725 1636 3794 episcopum
1660 3742 1675 3790 ;
1707 3724 1805 3780 sed
1905 3734 2003 3792 tes,
2036 3736 2087 3781 et
2114 3742 2377 3850 nunguam
2403 3724 2474 3777 ad
2496 3724 2763 3778 scientiam
2793 3724 3023 3778 veritatis
3049 3724 3397 3805 pervenientes
3420 3721 3484 3792 (ii

232 3800 278 3845 et
318 3794 512 3847 multos
574 3808 693 3850 eius
746 3808 1034 3850 nrovmcue
1082 3809 1384 3850 entsconos.
1427 3810 1491 3849 ac
1534 3803 1804 3849 trecentos
1908 3795 2040 3850 Tim.
2073 3800 2174 3850 ml.
2252 3805 2273 3850 t
2318 3794 2678 3850 Tertullianus
2708 3813 2722 3848 :
2756 3793 3037 3850 Nunquam
3064 3791 3329 3848 ordinaris
3353 3809 3484 3850 aua-

231 3800 278 3845 et
318 3794 512 3847 multos

232 3864 373 3934 etiam
402 3864 702 3934 monachos
724 3863 1050 3934 Entycbiana
1080 3863 1637 3933 b’mresidepravatos,
1664 3872 1718 3920 et
1738 3880 1802 3920 ea

233 3932 289 3986 de
313 3948 468 3987 causa
497 3933 719 3989 concilii
741 3932 1194 3989 Chalcedonensis
1227 3932 1494 3989 sententia
1523 3950 1801 3990 sacrorum

235 4005 612 4085 communione
625 4004 865 4085 privatos
893 4002 1076 4085 fuisse,
1108 4004 1241 4085 adeo
1274 4006 1435 4059 etiam
1464 4005 1802 4085 inter_.ngy-

236 4074 361 4140 ptios
379 4074 465 4128 illa
494 4073 667 4143 pestis
698 4074 1011 4127 inv’aluerat.
1043 4073 1300 4143 Apposite
1327 4091 1457 4130 vero
1480 4092 1584 4129 non
1607 4076 1661 4130 hi
1684 4073 1802 4129 tan-

238 4152 355 4207 tum,
392 4145 484 4198 sed
515 4151 574 4199 et
599 4143 780 4198 Caneri
808 4158 996 4199 omnes
1023 4143 1259 4199 haeretici
1289 4162 1408 4199 cum
1455 4146 1624 4213 magis
1652 4161 1805 4200 com-

238 4222 474 4282 parantur
533 4232 547 4266 :
599 4212 1033 4282 quandoquidem
1079 4222 1133 4268 et
1177 4214 1371 4268 divina:
1424 4212 1636 4269 veritati
1682 4231 1808 4269 suas

239 4285 513 4353 puestigias
540 4293 599 4339 et
627 4283 880 4353 strophas
909 4284 1243 4352 impudenter
1263 4292 1556 4353 opponant,
1590 4292 1646 4339 et
1682 4299 1805 4339 cum

241 4352 552 4408 daemonibus
581 4352 946 4423 malelicisque
973 4354 1279 4408 hominibus
1300 4352 1542 4421 magnam
1574 4355 1809 4409 habeant

242 4426 652 4491 consensionem.
705 4422 821 4476 Hoc
862 4422 939 4478 ’de
987 4423 1203 4477 Simone
1244 4438 1427 4491 mago,
1478 4423 1803 4489 Menandro,

243 4489 795 4563 ilarco,Carpocrate,
824 4492 1088 4563 Cerdone,
1121 4489 1355 4562 aliisque
1374 4494 1611 4562 priorum
1647 4510 1808 4549 sutcu-

574 3808 693 3861 ejus
726 3803 1034 3864 provincia:
1082 3803 1384 3864 episcopos,
1427 3810 1491 3849 ac
1534 3803 1804 3849 trecentos

244 4540 815 4617 lorutn'bteresiarchis
862 4540 1213 4620 testiﬁcantur
1240 4540 1489 4627 breuius,
1520 4564 1802 4619 Tertullia-
1837 4540 1884 4600 D

246 4643 349 4702 nus,
379 4632 640 4688 Eusebius
668 4648 734 4687 ac
767 4631 1095 4702 Epiphanius
1129 4652 1143 4686 :
1175 4649 1274 4702 nos
1300 4634 1440 4688 idem
1482 4635 1549 4688 de
1590 4635 1811 4689 novissi-

247 4701 334 4771 tuis
360 4717 463 4756 non
492 4718 604 4757 uno
631 4704 797 4771 semel
823 4703 942 4758 loco
971 4710 1156 4757 notum
1186 4701 1427 4771 fecimus.
1460 4703 1627 4758 Nemo
1648 4706 1809 4759 etiam

249 4767 448 4843 i_nftciari
471 4780 654 4843 potest
679 4767 915 4843 magicas
942 4781 1086 4827 artes
1106 4773 1158 4827 in
1178 4770 1422 4838 Galliam,
1447 4772 1809 4840 Germaniam,

249 4834 529 4909 Poloniam,
562 4834 861 4907 Livonia'm,
894 4843 1136 4897 Suetiam
1159 4883 1174 4907 ,
1220 4834 1436 4897 Daciam
1465 4852 1520 4897 et
1548 4834 1813 4912 Angliam,

250 4922 309 4983 ex
351 4912 584 4983 admisso
629 4912 954 4967 Calvinismo
996 4912 1116 4983 plus
1162 4927 1195 4983 a7
1238 4912 1620 4983 quinquaginta
1662 4915 1816 4968 annis

252 4976 539 5102 invaluisse,
572 4997 733 5054 quam
763 4996 795 5036 a
837 4982 982 5037 mille
997 4976 1066 5037 ἐι
1112 4976 1418 5051 quingentis
1462 4976 1620 5039 antea
1660 4985 1814 5039 inva-

270 5060 461 5102 nerant.
625 5066 641 5079 ’

270 5060 461 5104 nerant.
625 5066 641 5079 ’

316 5128 340 5157 ι
374 5120 857 5193 Homousianorum
870 5136 1178 5193 cognomen
1206 5121 1483 5177 catholicis
1512 5123 1819 5193 impositum

256 5202 341 5262 per
366 5190 612 5262 Arianos,
644 5192 819 5247 adhuc
847 5192 940 5246 illo
960 5190 1162 5262 stmulo
1211 5190 1607 5262 perseverasse,
1640 5196 1822 5249 multis

258 5258 301 5311 in
330 5259 455 5314 locis
481 5262 715 5316 ostendit
755 5262 941 5316 Victor
974 5258 1235 5317 Uticensis
1266 5261 1413 5315 libris
1448 5262 1517 5316 de
1564 5263 1823 5320 Persecu-

259 5328 388 5384 tinne
422 5330 753 5386 Wandalica.
803 5331 1107 5387 Notandum
1156 5342 1333 5386 tamen
1383 5331 1822 5390 Homnncionitas

259 5396 589 5477 a_l’rudent_io
614 5417 720 5455 non
743 5402 1057 5477 catholicos,
1083 5403 1177 5457 sed
1198 5401 1496 5477 Ebionitas,
1515 5404 1825 5477 Samosate-

262 5472 715 5539 nianosaliosque
762 5472 1041 5527 haereticos
1079 5473 1260 5526 vocari
1309 5481 1363 5526 et
1401 5474 1697 5538 confutari,
1754 5491 1822 5530 eo

261 5538 389 5616 quod
427 5538 696 5616 Chr-istam
740 5542 1230 5616 purumhominem
1279 5543 1697 5616 esse,_nihilque
1736 5544 1819 5599 di-

263 5612 385 5661 vinm
411 5612 655 5665 es-entiac
683 5627 746 5666 ac
772 5613 982 5666 virtutis
1009 5612 1208 5666 habere
1233 5612 1638 5666 contenderent.

289 5676 353 5755 ,ιι
379 5679 610 5733 Attende
646 5681 702 5755 in
751 5680 1048 5755 Serapione
1094 5682 1464 5755 hatreticorum
1516 5681 1818 5755 disceptan-

268 5749 385 5800 tium
412 5764 608 5813 mores,
630 5750 692 5805 de
721 5749 912 5822 quibus
943 5750 1226 5821 Apostolus
1249 5752 1320 5805 ait
1346 5770 1356 5805 :
1384 5749 1599 5818 Scntpcr
1627 5749 1828 5808 disceu-

1908 3795 2040 3850 Tim.
2073 3800 2174 3864 ιιι).
2206 3793 2273 3850 Et
2318 3794 2678 3851 Tertullianus
2708 3813 2722 3848 :
2756 3793 2880 3848 Nun

2953 3811 3037 3848 mn
3052 3791 3329 3863 ordinaris
3353 3809 3489 3863 qua-

1902 3868 2094 3921 stiones
2138 3874 2394 3928 tractant,
2439 3875 2546 3921 etc.
2601 3864 2739 3936 (Lib.
2787 3865 2851 3919 de

2944 3863 3240 3936 τίτθαι-ιρι).
3291 3862 3486 3936 Reipsa

1904 3945 2239 4006 compertum
2290 3947 2399 4000 est,
2448 3952 2545 3991 eos
2583 3934 2819 4006 instatu
2859 3934 3168 4004 quaestionis
3196 3934 3487 4006 proposita:

1904 4022 2172 4075 nunquam
2203 4009 2499 4075 consiaere
2532 4023 2543 4058 :
2576 4005 2671 4062 sed
2710 4022 2808 4075 pro
2847 4006 3121 4074 vertiginis
3149 4005 3342 4075 spiritu
3378 4020 3489 4073 quo

1907 4074 2119 4146 semper
2146 4074 2434 4143 agitantur,
2480 4076 2640 4129 aliam
2682 4074 2951 4145 aliamque
2978 4074 3202 4146 subinde
3241 4082 3295 4128 et
3322 4088 3486 4146 quar-

1908 4142 2394 4215 tam'quintamque
2419 4146 2695 4202 cumulare
2716 4142 3191 4215 importunissime,
3220 4152 3279 4197 ut
3301 4142 3490 4215 ordine

1908 4212 2217 4286 disputandi
2254 4212 2489 4281 turbato,
2514 4216 2664 4269 velut
2701 4212 2909 4269 colubri
2948 4214 3232 4281 gliscentes
3271 4212 3491 4286 elaban—

1908 4282 2024 4352 tur;
2054 4303 2152 4341 ceu
2198 4286 2466 4355 sepiarum
2513 4299 2685 4355 more,
2729 4299 2849 4355 qua:
2887 4291 3242 4355 atramentum
3277 4282 3491 4355 habent

1907 4349 2019 4427 pro
2036 4349 2293 4424 sanguine
2322 4354 2509 4427 effusa
2535 4349 2778 4427 veritatis
2805 4354 2940 4427 luce
2982 4353 3036 4407 in
3083 4352 3319 4427 tenebris
3353 4349 3489 4427 etfu-

1910 4421 2079 4496 giant,
2109 4421 2164 4480 et
2188 4426 2309 4496 victi
2335 4440 2442 4479 non
2462 4426 2767 4496 videantur.
2792 4423 3087 4496 (Steterunt,
3103 4422 3201 4477 Ubi
3222 4421 3490 4496 vergﬁdes

1910 4490 2005 4557 Est,
2058 4490 2134 4550 ait
2172 4494 2585 4567 Chrysostomus
2616 4494 2796 4565 (Hom.
2831 4494 2856 4547 1
2905 4496 2960 4548 in
2990 4492 3158 4567 Epist.
3197 4492 3265 4545 ad
3309 4490 3489 4567 Τίτῳ),

1912 4567 2055 4641 nulla
2077 4561 2413 4641 qnazstionum
2443 4561 2721 4641 necessitas
2740 4575 2855 4641 est;
2888 4561 3103 4641 quaestio
3132 4578 3311 4641 nernpe
3337 4561 3491 4641 ﬁdem

1913 4638 2070 4692 tollit.
2091 4631 2206 4701 'Qui
2234 4638 2370 4708 enim
2396 4638 2612 4708 quierit,
2648 4631 2874 4708 non'dum
2900 4631 3121 4708 invenit;
3152 4634 3238 4703 qui
3266 4631 3496 4708 nondum

1914 4708 2124 4771 invenit,
2153 4706 2380 4762 nondum
2405 4704 2600 4770 credit;
2629 4706 2762 4776 ﬁdes
2785 4712 2954 4758 autem
2975 4706 3204 4758 animum
3225 4704 3496 4776 cogitatio-

1917 4794 2132 4847 nemque
2161 4780 2284 4848 facit
2314 4780 2682 4850 conquiescere.

1996 4858 2019 4887 ο
2059 4846 2198 4913 Quid
2225 4848 2269 4901 si
2298 4847 2601 4915 legerimus,
2632 4862 2745 4916 qua:
2771 4844 2945 4898 decem
2974 4844 3182 4916 plagis?

1993 4915 2018 4955 ά
2064 4917 2272 4972 Lubens
2300 4918 2550 4986 legerem,
2582 4915 2713 4971 nihil
2739 4916 2820 4968 hic
2846 4916 3030 4985 egisse.

1998 4997 2021 5026 ο
2059 4986 2223 5041 Jud.ei
2270 4982 2539 5041 sexcentis
2579 4982 2962 5054 prophetarum
3010 4982 3330 5054 testimoniis
3371 4998 3497 5054 con-

1916 5058 2075 5120 victi,
2109 5057 2273 5110 Deum
2296 5056 2510 5125 quidem
2541 5052 2751 5110 Patrem
2779 5070 2899 5111 esse
2928 5053 3192 5118 fatentur;
3221 5053 3317 5109 sed
3346 5052 3502 5121 hujus

1921 5128 2106 5181 mundi
2135 5142 2197 5180 ac
2234 5136 2548 5181 cunctorum
2577 5126 2853 5182 hominum
2897 5124 3193 5186 creatione,
3230 5138 3501 5191 nunquam

1920 5213 2052 5273 vero
2093 5197 2349 5273 coceterni
2395 5204 2555 5273 atque
2594 5195 3064 5273 consubstantialis
3106 5193 3506 5273 Filiigenteraf

1923 5267 2089 5321 tione.
2123 5266 2431 5333 Quinimmo
2469 5262 2618 5322 istud
2659 5267 2931 5323 ascribunt
2958 5264 3329 5333 blasphemiae,
3355 5262 3514 5315 Chri-

1924 5345 2066 5390 stum
2117 5337 2378 5407 lapidibus
2424 5345 2691 5405 petentes,
2741 5336 2885 5407 quod
2931 5334 3504 5407 seipsumaﬂirtnaret

1924 5421 2045 5461 csse
2088 5402 2283 5477 Filium
2330 5402 2473 5461 Dei':
2516 5409 2699 5477 sicque
2747 5402 3097 5477 personarum
3142 5402 3501 5472 pluralitatem

1928 5492 2048 5551 cum
2067 5476 2300 5551 Deitatis
2328 5478 2531 5551 unitate
2554 5476 2812 5551 docentes
2840 5476 2983 5551 ferre
3011 5489 3117 5527 non
3147 5478 3392 5551 possunt.

2005 5545 2023 5584 τ
2066 5546 2140 5599 De
2177 5555 2378 5617 mterna
2422 5547 2675 5617 loquitur,
2704 5563 2809 5616 qua
2835 5546 2911 5600 sic
2940 5557 3070 5617 vere
3097 5556 3127 5595 a
3147 5538 3328 5617 'Ifatre
3357 5540 3506 5605 inge-

1929 5616 2062 5681 nito,
2089 5624 2144 5670 et
2169 5633 2198 5671 a
2227 5616 2427 5687 Spiritu
2457 5609 2526 5674 ab
2556 5609 2779 5688 utroque
2801 5613 3125 5688 procedente
3154 5609 3257 5665 alia
3278 5618 3361 5665 est
3383 5623 3506 5688 per-

1928 5678 2079 5748 sona,
2113 5694 2170 5740 ut
2217 5678 2394 5743 tamen
2444 5689 2629 5744 unicus
2658 5678 2710 5742 ei
2740 5678 2897 5741 verus
2926 5684 3065 5739 Deus
3107 5696 3227 5739 esse
3256 5678 3503 5739 cumbis-

1928 5756 2047 5810 dem
2077 5772 2182 5811 non
2211 5757 2437 5813 desinat.
