  <div class='ocr_page' id='page_1' title='image "/cluster/home/n/w/nwhite01/storage/ocr_20150623/53/hvd.32044073505091/129.png"; bbox 0 0 3866 6178; ppageno 0'>
   <div class='ocr_carea' id='block_1_1' title="bbox 410 259 510 313">
    <p class='ocr_par' dir='ltr' id='par_1_1' title="bbox 410 259 510 313">
     <span class='ocr_line' id='line_1_1' title="bbox 410 259 510 313; baseline -0.01 0"><span class='ocrx_word' id='word_1_1' title='bbox 410 259 510 313; x_wconf 72' lang='grc' dir='ltr'><strong>2ιὸ</strong></span> 
     </span>
    </p>
   </div>
   <div class='ocr_carea' id='block_1_2' title="bbox 1731 254 3607 324">
    <p class='ocr_par' dir='ltr' id='par_1_2' title="bbox 1731 254 3607 324">
     <span class='ocr_line' id='line_1_2' title="bbox 1731 254 3607 324; baseline 0.006 -13"><span class='ocrx_word' id='word_1_2' title='bbox 1731 256 1999 313; x_wconf 70' lang='lat' dir='ltr'><strong>ARNOBII</strong></span> <span class='ocrx_word' id='word_1_3' title='bbox 2037 254 2339 315; x_wconf 76' lang='lat' dir='ltr'><strong>JUNIORIS</strong></span> <span class='ocrx_word' id='word_1_4' title='bbox 3522 268 3607 324; x_wconf 72' lang='lat' dir='ltr'><strong>9M</strong></span> 
     </span>
    </p>
   </div>
   <div class='ocr_carea' id='block_1_3' title="bbox 407 364 3610 446">
    <p class='ocr_par' dir='ltr' id='par_1_3' title="bbox 407 364 3610 446">
     <span class='ocr_line' id='line_1_3' title="bbox 407 364 3610 446; baseline 0.006 -28"><span class='ocrx_word' id='word_1_5' title='bbox 407 365 451 420; x_wconf 88' lang='lat' dir='ltr'><strong>si</strong></span> <span class='ocrx_word' id='word_1_6' title='bbox 482 364 641 421; x_wconf 75' lang='lat' dir='ltr'><strong>Pater</strong></span> <span class='ocrx_word' id='word_1_7' title='bbox 666 383 787 424; x_wconf 91' lang='lat' dir='ltr'><strong>cum</strong></span> <span class='ocrx_word' id='word_1_8' title='bbox 817 365 953 425; x_wconf 83' lang='lat' dir='ltr'><strong>Filio</strong></span> <span class='ocrx_word' id='word_1_9' title='bbox 983 378 1036 425; x_wconf 93' lang='lat' dir='ltr'><strong>et</strong></span> <span class='ocrx_word' id='word_1_10' title='bbox 1059 365 1259 440; x_wconf 86' lang='lat' dir='ltr'><strong>Spiritu</strong></span> <span class='ocrx_word' id='word_1_11' title='bbox 1281 378 1466 424; x_wconf 88' lang='lat' dir='ltr'><strong>sancto</strong></span> <span class='ocrx_word' id='word_1_12' title='bbox 1495 366 1635 425; x_wconf 88' lang='lat' dir='ltr'><strong>Deus</strong></span> <span class='ocrx_word' id='word_1_13' title='bbox 1663 380 1800 423; x_wconf 86' lang='lat' dir='ltr'><strong>unns</strong></span> <span class='ocrx_word' id='word_1_14' title='bbox 1828 369 1975 441; x_wconf 83' lang='lat' dir='ltr'><strong>peni-</strong></span> <span class='ocrx_word' id='word_1_15' title='bbox 2009 373 2055 431; x_wconf 80' lang='grc' dir='ltr'><strong>Α</strong></span> <span class='ocrx_word' id='word_1_16' title='bbox 2085 367 2137 425; x_wconf 88' lang='lat' dir='ltr'><strong>in</strong></span> <span class='ocrx_word' id='word_1_17' title='bbox 2168 371 2276 426; x_wconf 91' lang='lat' dir='ltr'><strong>Deo</strong></span> <span class='ocrx_word' id='word_1_18' title='bbox 2307 366 2466 428; x_wconf 79' lang='lat' dir='ltr'><strong>Patre</strong></span> <span class='ocrx_word' id='word_1_19' title='bbox 2494 380 2548 428; x_wconf 88' lang='lat' dir='ltr'><strong>et</strong></span> <span class='ocrx_word' id='word_1_20' title='bbox 2576 373 2710 429; x_wconf 82' lang='lat' dir='ltr'><strong>Filio</strong></span> <span class='ocrx_word' id='word_1_21' title='bbox 2732 389 2857 431; x_wconf 83' lang='lat' dir='ltr'><strong>vere</strong></span> <span class='ocrx_word' id='word_1_22' title='bbox 2878 375 3012 432; x_wconf 90' lang='lat' dir='ltr'><strong>duas</strong></span> <span class='ocrx_word' id='word_1_23' title='bbox 3039 393 3293 446; x_wconf 80' lang='lat' dir='ltr'><strong>personas</strong></span> <span class='ocrx_word' id='word_1_24' title='bbox 3321 390 3343 417; x_wconf 76' lang='grc' dir='ltr'><strong>ε</strong></span> <span class='ocrx_word' id='word_1_25' title='bbox 3364 398 3508 437; x_wconf 88' lang='lat' dir='ltr'><strong>unam</strong></span> <span class='ocrx_word' id='word_1_26' title='bbox 3528 382 3610 437; x_wconf 84' lang='lat' dir='ltr'><strong>ba-</strong></span> 
     </span>
    </p>
   </div>
   <div class='ocr_carea' id='block_1_4' title="bbox 408 451 1985 531">
    <p class='ocr_par' dir='ltr' id='par_1_4' title="bbox 408 451 1985 531">
     <span class='ocr_line' id='line_1_4' title="bbox 408 451 1985 531; baseline 0.004 -21"><span class='ocrx_word' id='word_1_27' title='bbox 408 466 496 514; x_wconf 91' lang='lat' dir='ltr'><strong>tus</strong></span> <span class='ocrx_word' id='word_1_28' title='bbox 537 476 643 515; x_wconf 93' lang='lat' dir='ltr'><strong>non</strong></span> <span class='ocrx_word' id='word_1_29' title='bbox 681 471 919 530; x_wconf 85' lang='lat' dir='ltr'><strong>negatur.</strong></span> <span class='ocrx_word' id='word_1_30' title='bbox 951 493 1023 505; x_wconf 92' lang='lat'><strong>-—</strong></span> <span class='ocrx_word' id='word_1_31' title='bbox 1043 451 1304 531; x_wconf 82' lang='lat' dir='ltr'><strong>Serapion</strong></span> <span class='ocrx_word' id='word_1_32' title='bbox 1332 460 1467 516; x_wconf 91' lang='lat' dir='ltr'><strong>dixit</strong></span> <span class='ocrx_word' id='word_1_33' title='bbox 1506 479 1518 514; x_wconf 90' lang='lat'><strong>:</strong></span> <span class='ocrx_word' id='word_1_34' title='bbox 1552 460 1782 517; x_wconf 89' lang='lat' dir='ltr'><strong>Eliciens</strong></span> <span class='ocrx_word' id='word_1_35' title='bbox 1808 476 1895 516; x_wconf 90' lang='lat' dir='ltr'><strong>me</strong></span> <span class='ocrx_word' id='word_1_36' title='bbox 1917 463 1985 517; x_wconf 86' lang='lat' dir='ltr'><strong>de</strong></span> 
     </span>
    </p>
   </div>
   <div class='ocr_carea' id='block_1_5' title="bbox 408 551 1984 623">
    <p class='ocr_par' dir='ltr' id='par_1_5' title="bbox 408 551 1984 623">
     <span class='ocr_line' id='line_1_5' title="bbox 408 551 1984 623; baseline 0.004 -21"><span class='ocrx_word' id='word_1_37' title='bbox 408 565 693 620; x_wconf 79' lang='lat' dir='ltr'><strong>synagoga:</strong></span> <span class='ocrx_word' id='word_1_38' title='bbox 714 552 982 623; x_wconf 87' lang='lat' dir='ltr'><strong>synedrio,</strong></span> <span class='ocrx_word' id='word_1_39' title='bbox 1009 562 1034 590; x_wconf 82' lang='grc'><strong><em>⁸·</em></strong></span> <span class='ocrx_word' id='word_1_40' title='bbox 1056 553 1109 607; x_wconf 91' lang='lat' dir='ltr'><strong>in</strong></span> <span class='ocrx_word' id='word_1_41' title='bbox 1129 551 1347 608; x_wconf 87' lang='lat' dir='ltr'><strong>Sabellii</strong></span> <span class='ocrx_word' id='word_1_42' title='bbox 1377 568 1463 608; x_wconf 90' lang='lat' dir='ltr'><strong>me</strong></span> <span class='ocrx_word' id='word_1_43' title='bbox 1484 553 1747 608; x_wconf 84' lang='lat' dir='ltr'><strong>insaniam</strong></span> <span class='ocrx_word' id='word_1_44' title='bbox 1771 554 1984 609; x_wconf 85' lang='lat' dir='ltr'><strong>induxi-</strong></span> 
     </span>
    </p>
   </div>
   <div class='ocr_carea' id='block_1_6' title="bbox 409 640 1986 715">
    <p class='ocr_par' dir='ltr' id='par_1_6' title="bbox 409 640 1986 715">
     <span class='ocr_line' id='line_1_6' title="bbox 409 640 1986 715; baseline 0.004 -23"><span class='ocrx_word' id='word_1_45' title='bbox 409 640 518 693; x_wconf 88' lang='lat' dir='ltr'><strong>sti:</strong></span> <span class='ocrx_word' id='word_1_46' title='bbox 545 643 635 709; x_wconf 88' lang='lat' dir='ltr'><strong>qui</strong></span> <span class='ocrx_word' id='word_1_47' title='bbox 678 657 841 696; x_wconf 90' lang='lat' dir='ltr'><strong>unum</strong></span> <span class='ocrx_word' id='word_1_48' title='bbox 883 643 1049 699; x_wconf 90' lang='lat' dir='ltr'><strong>Deum</strong></span> <span class='ocrx_word' id='word_1_49' title='bbox 1090 642 1303 699; x_wconf 88' lang='lat' dir='ltr'><strong>Patrem</strong></span> <span class='ocrx_word' id='word_1_50' title='bbox 1328 653 1384 699; x_wconf 89' lang='lat' dir='ltr'><strong>et</strong></span> <span class='ocrx_word' id='word_1_51' title='bbox 1427 644 1620 699; x_wconf 82' lang='lat' dir='ltr'><strong>Filium</strong></span> <span class='ocrx_word' id='word_1_52' title='bbox 1649 653 1704 700; x_wconf 92' lang='lat' dir='ltr'><strong>et</strong></span> <span class='ocrx_word' id='word_1_53' title='bbox 1730 644 1986 715; x_wconf 87' lang='lat' dir='ltr'><strong>Spiritum</strong></span> 
     </span>
    </p>
   </div>
   <div class='ocr_carea' id='block_1_7' title="bbox 409 732 1986 790">
    <p class='ocr_par' dir='ltr' id='par_1_7' title="bbox 409 732 1986 790">
     <span class='ocr_line' id='line_1_7' title="bbox 409 732 1986 790; baseline 0.003 -7"><span class='ocrx_word' id='word_1_54' title='bbox 409 738 653 786; x_wconf 89' lang='lat' dir='ltr'><strong>sanctum</strong></span> <span class='ocrx_word' id='word_1_55' title='bbox 681 732 984 788; x_wconf 73' lang='lat' dir='ltr'><strong>confitetur.</strong></span> <span class='ocrx_word' id='word_1_56' title='bbox 1007 762 1080 776; x_wconf 91' lang='lat'><strong>—-</strong></span> <span class='ocrx_word' id='word_1_57' title='bbox 1101 734 1368 789; x_wconf 82' lang='lat' dir='ltr'><strong>Arnobius</strong></span> <span class='ocrx_word' id='word_1_58' title='bbox 1390 734 1525 788; x_wconf 81' lang='lat' dir='ltr'><strong>dixit</strong></span> <span class='ocrx_word' id='word_1_59' title='bbox 1550 753 1562 787; x_wconf 92' lang='lat'><strong>:</strong></span> <span class='ocrx_word' id='word_1_60' title='bbox 1586 734 1645 790; x_wconf 88' lang='lat' dir='ltr'><strong>Si</strong></span> <span class='ocrx_word' id='word_1_61' title='bbox 1676 750 1800 790; x_wconf 86' lang='lat' dir='ltr'><strong>vere</strong></span> <span class='ocrx_word' id='word_1_62' title='bbox 1824 751 1986 789; x_wconf 90' lang='lat' dir='ltr'><strong>unum</strong></span> 
     </span>
    </p>
   </div>
   <div class='ocr_carea' id='block_1_8' title="bbox 410 820 1989 896">
    <p class='ocr_par' dir='ltr' id='par_1_8' title="bbox 410 820 1989 896">
     <span class='ocr_line' id='line_1_8' title="bbox 410 820 1989 896; baseline 0.003 -22"><span class='ocrx_word' id='word_1_63' title='bbox 410 820 578 875; x_wconf 91' lang='lat' dir='ltr'><strong>Deum</strong></span> <span class='ocrx_word' id='word_1_64' title='bbox 605 823 809 878; x_wconf 89' lang='lat' dir='ltr'><strong>diceret</strong></span> <span class='ocrx_word' id='word_1_65' title='bbox 835 823 1114 889; x_wconf 85' lang='lat' dir='ltr'><strong>Sabellius,</strong></span> <span class='ocrx_word' id='word_1_66' title='bbox 1144 826 1336 880; x_wconf 88' lang='lat' dir='ltr'><strong>Filium</strong></span> <span class='ocrx_word' id='word_1_67' title='bbox 1357 824 1472 894; x_wconf 84' lang='lat' dir='ltr'><strong>ejus</strong></span> <span class='ocrx_word' id='word_1_68' title='bbox 1497 836 1553 881; x_wconf 91' lang='lat' dir='ltr'><strong>et</strong></span> <span class='ocrx_word' id='word_1_69' title='bbox 1579 826 1835 896; x_wconf 85' lang='lat' dir='ltr'><strong>Spiritum</strong></span> <span class='ocrx_word' id='word_1_70' title='bbox 1865 841 1989 879; x_wconf 86' lang='lat' dir='ltr'><strong>san-</strong></span> 
     </span>
    </p>
   </div>
   <div class='ocr_carea' id='block_1_9' title="bbox 409 914 1987 986">
    <p class='ocr_par' dir='ltr' id='par_1_9' title="bbox 409 914 1987 986">
     <span class='ocr_line' id='line_1_9' title="bbox 409 914 1987 986; baseline 0.003 -21"><span class='ocrx_word' id='word_1_71' title='bbox 409 921 556 967; x_wconf 88' lang='lat' dir='ltr'><strong>ctum</strong></span> <span class='ocrx_word' id='word_1_72' title='bbox 586 930 690 969; x_wconf 92' lang='lat' dir='ltr'><strong>non</strong></span> <span class='ocrx_word' id='word_1_73' title='bbox 721 923 960 982; x_wconf 79' lang='lat' dir='ltr'><strong>negaret.</strong></span> <span class='ocrx_word' id='word_1_74' title='bbox 1008 915 1178 985; x_wconf 76' lang='lat' dir='ltr'><strong>Negat</strong></span> <span class='ocrx_word' id='word_1_75' title='bbox 1214 916 1357 971; x_wconf 90' lang='lat' dir='ltr'><strong>enim</strong></span> <span class='ocrx_word' id='word_1_76' title='bbox 1403 931 1588 971; x_wconf 89' lang='lat' dir='ltr'><strong>verum</strong></span> <span class='ocrx_word' id='word_1_77' title='bbox 1632 914 1865 981; x_wconf 85' lang='lat' dir='ltr'><strong>Patrem,</strong></span> <span class='ocrx_word' id='word_1_78' title='bbox 1895 916 1987 986; x_wconf 88' lang='lat' dir='ltr'><strong>qui</strong></span> 
     </span>
    </p>
   </div>
   <div class='ocr_carea' id='block_1_10' title="bbox 408 992 1986 1079">
    <p class='ocr_par' dir='ltr' id='par_1_10' title="bbox 408 992 1986 1079">
     <span class='ocr_line' id='line_1_10' title="bbox 408 992 1986 1079; baseline 0.004 -23"><span class='ocrx_word' id='word_1_79' title='bbox 408 1019 594 1058; x_wconf 91' lang='lat' dir='ltr'><strong>verum</strong></span> <span class='ocrx_word' id='word_1_80' title='bbox 623 1005 814 1059; x_wconf 87' lang='lat' dir='ltr'><strong>Filium</strong></span> <span class='ocrx_word' id='word_1_81' title='bbox 841 1021 947 1060; x_wconf 94' lang='lat' dir='ltr'><strong>non</strong></span> <span class='ocrx_word' id='word_1_82' title='bbox 968 1006 1120 1072; x_wconf 86' lang='lat' dir='ltr'><strong>dicit,</strong></span> <span class='ocrx_word' id='word_1_83' title='bbox 1143 1015 1300 1076; x_wconf 85' lang='lat' dir='ltr'><strong>negat</strong></span> <span class='ocrx_word' id='word_1_84' title='bbox 1320 1006 1578 1077; x_wconf 77' lang='lat' dir='ltr'><strong>Spiritum</strong></span> <span class='ocrx_word' id='word_1_85' title='bbox 1608 992 1872 1073; x_wconf 82' lang='lat' dir='ltr'><strong>sanctum,</strong></span> <span class='ocrx_word' id='word_1_86' title='bbox 1896 1008 1986 1079; x_wconf 89' lang='lat' dir='ltr'><strong>qui</strong></span> 
     </span>
    </p>
   </div>
   <div class='ocr_carea' id='block_1_11' title="bbox 412 1093 1991 1164">
    <p class='ocr_par' dir='ltr' id='par_1_11' title="bbox 412 1093 1991 1164">
     <span class='ocr_line' id='line_1_11' title="bbox 412 1093 1991 1164; baseline 0.003 -18"><span class='ocrx_word' id='word_1_87' title='bbox 412 1093 617 1160; x_wconf 89' lang='lat' dir='ltr'><strong>integra</strong></span> <span class='ocrx_word' id='word_1_88' title='bbox 646 1093 905 1148; x_wconf 86' lang='lat' dir='ltr'><strong>Trinitate</strong></span> <span class='ocrx_word' id='word_1_89' title='bbox 935 1094 1102 1150; x_wconf 90' lang='lat' dir='ltr'><strong>Deum</strong></span> <span class='ocrx_word' id='word_1_90' title='bbox 1127 1096 1388 1164; x_wconf 86' lang='lat' dir='ltr'><strong>integrum</strong></span> <span class='ocrx_word' id='word_1_91' title='bbox 1414 1111 1533 1151; x_wconf 81' lang='lat' dir='ltr'><strong>esse</strong></span> <span class='ocrx_word' id='word_1_92' title='bbox 1571 1112 1681 1152; x_wconf 91' lang='lat' dir='ltr'><strong>non</strong></span> <span class='ocrx_word' id='word_1_93' title='bbox 1705 1097 1895 1152; x_wconf 84' lang='lat' dir='ltr'><strong>credit.</strong></span> <span class='ocrx_word' id='word_1_94' title='bbox 1916 1127 1991 1140; x_wconf 89' lang='lat'><strong>-—</strong></span> 
     </span>
    </p>
   </div>
   <div class='ocr_carea' id='block_1_12' title="bbox 412 1184 1988 1256">
    <p class='ocr_par' dir='ltr' id='par_1_12' title="bbox 412 1184 1988 1256">
     <span class='ocr_line' id='line_1_12' title="bbox 412 1184 1988 1256; baseline 0.004 -21"><span class='ocrx_word' id='word_1_95' title='bbox 412 1184 674 1254; x_wconf 84' lang='lat' dir='ltr'><strong>Serapion</strong></span> <span class='ocrx_word' id='word_1_96' title='bbox 701 1184 838 1239; x_wconf 84' lang='lat' dir='ltr'><strong>dixit</strong></span> <span class='ocrx_word' id='word_1_97' title='bbox 874 1203 885 1237; x_wconf 93' lang='lat'><strong>:</strong></span> <span class='ocrx_word' id='word_1_98' title='bbox 915 1184 1029 1253; x_wconf 86' lang='lat' dir='ltr'><strong>Ego</strong></span> <span class='ocrx_word' id='word_1_99' title='bbox 1076 1187 1170 1240; x_wconf 84' lang='lat' dir='ltr'><strong>tibi</strong></span> <span class='ocrx_word' id='word_1_100' title='bbox 1204 1186 1493 1241; x_wconf 89' lang='lat' dir='ltr'><strong>Sabellium</strong></span> <span class='ocrx_word' id='word_1_101' title='bbox 1537 1189 1657 1256; x_wconf 85' lang='lat' dir='ltr'><strong>lego</strong></span> <span class='ocrx_word' id='word_1_102' title='bbox 1703 1188 1988 1243; x_wconf 83' lang='lat' dir='ltr'><strong>anathema</strong></span> 
     </span>
    </p>
   </div>
   <div class='ocr_carea' id='block_1_13' title="bbox 412 1274 1987 1347">
    <p class='ocr_par' dir='ltr' id='par_1_13' title="bbox 412 1274 1987 1347">
     <span class='ocr_line' id='line_1_13' title="bbox 412 1274 1987 1347; baseline 0.003 -20"><span class='ocrx_word' id='word_1_103' title='bbox 412 1275 680 1328; x_wconf 84' lang='lat' dir='ltr'><strong>dicentem</strong></span> <span class='ocrx_word' id='word_1_104' title='bbox 731 1274 815 1328; x_wconf 85' lang='lat' dir='ltr'><strong>his</strong></span> <span class='ocrx_word' id='word_1_105' title='bbox 854 1276 943 1342; x_wconf 90' lang='lat' dir='ltr'><strong>qui</strong></span> <span class='ocrx_word' id='word_1_106' title='bbox 991 1274 1225 1339; x_wconf 89' lang='lat' dir='ltr'><strong>Patrem,</strong></span> <span class='ocrx_word' id='word_1_107' title='bbox 1273 1285 1329 1331; x_wconf 89' lang='lat' dir='ltr'><strong>et</strong></span> <span class='ocrx_word' id='word_1_108' title='bbox 1372 1276 1585 1339; x_wconf 85' lang='lat' dir='ltr'><strong>Filium,</strong></span> <span class='ocrx_word' id='word_1_109' title='bbox 1632 1287 1688 1332; x_wconf 91' lang='lat' dir='ltr'><strong>et</strong></span> <span class='ocrx_word' id='word_1_110' title='bbox 1732 1277 1987 1347; x_wconf 86' lang='lat' dir='ltr'><strong>Spiritum</strong></span> 
     </span>
    </p>
   </div>
   <div class='ocr_carea' id='block_1_14' title="bbox 412 1364 1989 1436">
    <p class='ocr_par' dir='ltr' id='par_1_14' title="bbox 412 1364 1989 1436">
     <span class='ocr_line' id='line_1_14' title="bbox 412 1364 1989 1436; baseline 0.006 -20"><span class='ocrx_word' id='word_1_111' title='bbox 412 1372 656 1418; x_wconf 82' lang='lat' dir='ltr'><strong>sanctum</strong></span> <span class='ocrx_word' id='word_1_112' title='bbox 684 1364 801 1418; x_wconf 87' lang='lat' dir='ltr'><strong>ausi</strong></span> <span class='ocrx_word' id='word_1_113' title='bbox 830 1372 955 1419; x_wconf 88' lang='lat' dir='ltr'><strong>sunt</strong></span> <span class='ocrx_word' id='word_1_114' title='bbox 973 1365 1238 1436; x_wconf 72' lang='lat' dir='ltr'><strong>denegare</strong></span> <span class='ocrx_word' id='word_1_115' title='bbox 1265 1367 1332 1421; x_wconf 89' lang='lat' dir='ltr'><strong>ad</strong></span> <span class='ocrx_word' id='word_1_116' title='bbox 1369 1368 1788 1423; x_wconf 64' lang='lat' dir='ltr'><strong>convincendum</strong></span> <span class='ocrx_word' id='word_1_117' title='bbox 1814 1368 1989 1424; x_wconf 88' lang='lat' dir='ltr'><strong>Trini-</strong></span> 
     </span>
    </p>
   </div>
   <div class='ocr_carea' id='block_1_15' title="bbox 413 1453 1985 1528">
    <p class='ocr_par' dir='ltr' id='par_1_15' title="bbox 413 1453 1985 1528">
     <span class='ocr_line' id='line_1_15' title="bbox 413 1453 1985 1528; baseline 0.004 -22"><span class='ocrx_word' id='word_1_118' title='bbox 413 1461 599 1508; x_wconf 81' lang='lat' dir='ltr'><strong>tatem.</strong></span> <span class='ocrx_word' id='word_1_119' title='bbox 628 1484 702 1498; x_wconf 85' lang='lat'><strong>—-</strong></span> <span class='ocrx_word' id='word_1_120' title='bbox 728 1453 996 1510; x_wconf 82' lang='lat' dir='ltr'><strong>Arnobius</strong></span> <span class='ocrx_word' id='word_1_121' title='bbox 1036 1455 1172 1510; x_wconf 87' lang='lat' dir='ltr'><strong>dixit</strong></span> <span class='ocrx_word' id='word_1_122' title='bbox 1204 1474 1217 1509; x_wconf 89' lang='lat'><strong>:</strong></span> <span class='ocrx_word' id='word_1_123' title='bbox 1247 1456 1272 1495; x_wconf 68' lang='grc' dir='ltr'>δ</span> <span class='ocrx_word' id='word_1_124' title='bbox 1301 1455 1407 1511; x_wconf 85' lang='lat' dir='ltr'><strong>Sed</strong></span> <span class='ocrx_word' id='word_1_125' title='bbox 1445 1457 1615 1528; x_wconf 90' lang='lat' dir='ltr'><strong>ipsum</strong></span> <span class='ocrx_word' id='word_1_126' title='bbox 1653 1473 1712 1513; x_wconf 92' lang='lat' dir='ltr'><strong>se</strong></span> <span class='ocrx_word' id='word_1_127' title='bbox 1752 1458 1985 1525; x_wconf 82' lang='lat' dir='ltr'><strong>Patrem,</strong></span> 
     </span>
    </p>
   </div>
   <div class='ocr_carea' id='block_1_16' title="bbox 414 1543 1987 1617">
    <p class='ocr_par' dir='ltr' id='par_1_16' title="bbox 414 1543 1987 1617">
     <span class='ocr_line' id='line_1_16' title="bbox 414 1543 1987 1617; baseline 0.003 -20"><span class='ocrx_word' id='word_1_128' title='bbox 414 1544 586 1611; x_wconf 87' lang='lat' dir='ltr'><strong>ipsmn</strong></span> <span class='ocrx_word' id='word_1_129' title='bbox 614 1558 674 1598; x_wconf 88' lang='lat' dir='ltr'><strong>se</strong></span> <span class='ocrx_word' id='word_1_130' title='bbox 696 1543 911 1609; x_wconf 80' lang='lat' dir='ltr'><strong>Filium,</strong></span> <span class='ocrx_word' id='word_1_131' title='bbox 942 1544 1114 1615; x_wconf 82' lang='lat' dir='ltr'><strong>ipsum</strong></span> <span class='ocrx_word' id='word_1_132' title='bbox 1138 1560 1198 1599; x_wconf 91' lang='lat' dir='ltr'><strong>se</strong></span> <span class='ocrx_word' id='word_1_133' title='bbox 1227 1544 1486 1615; x_wconf 88' lang='lat' dir='ltr'><strong>Spiritum</strong></span> <span class='ocrx_word' id='word_1_134' title='bbox 1513 1553 1754 1601; x_wconf 89' lang='lat' dir='ltr'><strong>sanctum</strong></span> <span class='ocrx_word' id='word_1_135' title='bbox 1782 1547 1987 1617; x_wconf 90' lang='lat' dir='ltr'><strong>impiis-</strong></span> 
     </span>
    </p>
   </div>
   <div class='ocr_carea' id='block_1_17' title="bbox 414 1634 1989 1695">
    <p class='ocr_par' dir='ltr' id='par_1_17' title="bbox 414 1634 1989 1695">
     <span class='ocr_line' id='line_1_17' title="bbox 414 1634 1989 1695; baseline 0.004 -6"><span class='ocrx_word' id='word_1_136' title='bbox 414 1637 547 1690; x_wconf 88' lang='lat' dir='ltr'><strong>sima</strong></span> <span class='ocrx_word' id='word_1_137' title='bbox 576 1634 884 1692; x_wconf 88' lang='lat' dir='ltr'><strong>defensione</strong></span> <span class='ocrx_word' id='word_1_138' title='bbox 910 1636 1203 1692; x_wconf 85' lang='lat' dir='ltr'><strong>contendit.</strong></span> <span class='ocrx_word' id='word_1_139' title='bbox 1246 1637 1357 1692; x_wconf 87' lang='lat' dir='ltr'><strong>Nos</strong></span> <span class='ocrx_word' id='word_1_140' title='bbox 1383 1646 1560 1692; x_wconf 87' lang='lat' dir='ltr'><strong>autem</strong></span> <span class='ocrx_word' id='word_1_141' title='bbox 1606 1637 1820 1694; x_wconf 85' lang='lat' dir='ltr'><strong>Patrem</strong></span> <span class='ocrx_word' id='word_1_142' title='bbox 1857 1639 1989 1695; x_wconf 89' lang='lat' dir='ltr'><strong>dici-</strong></span> 
     </span>
    </p>
   </div>
   <div class='ocr_carea' id='block_1_18' title="bbox 2084 463 3613 538">
    <p class='ocr_par' dir='ltr' id='par_1_18' title="bbox 2084 463 3613 538">
     <span class='ocr_line' id='line_1_18' title="bbox 2084 463 3613 538; baseline 0.007 -21"><span class='ocrx_word' id='word_1_143' title='bbox 2084 463 2215 517; x_wconf 85' lang='lat' dir='ltr'><strong>bere</strong></span> <span class='ocrx_word' id='word_1_144' title='bbox 2241 463 2591 518; x_wconf 82' lang='lat' dir='ltr'><strong>substantiam</strong></span> <span class='ocrx_word' id='word_1_145' title='bbox 2608 464 2962 537; x_wconf 71' lang='lat' dir='ltr'><strong>l—Serapion</strong></span> <span class='ocrx_word' id='word_1_146' title='bbox 2987 467 3156 525; x_wconf 78' lang='lat' dir='ltr'><strong>dixit:</strong></span> <span class='ocrx_word' id='word_1_147' title='bbox 3187 468 3463 538; x_wconf 88' lang='lat' dir='ltr'><strong>incongrua</strong></span> <span class='ocrx_word' id='word_1_148' title='bbox 3486 488 3613 527; x_wconf 80' lang='lat' dir='ltr'><strong>com-</strong></span> 
     </span>
    </p>
   </div>
   <div class='ocr_carea' id='block_1_19' title="bbox 2086 552 3614 630">
    <p class='ocr_par' dir='ltr' id='par_1_19' title="bbox 2086 552 3614 630">
     <span class='ocr_line' id='line_1_19' title="bbox 2086 552 3614 630; baseline 0.006 -25"><span class='ocrx_word' id='word_1_149' title='bbox 2086 552 2297 622; x_wconf 84' lang='lat' dir='ltr'><strong>paratio</strong></span> <span class='ocrx_word' id='word_1_150' title='bbox 2326 568 2443 607; x_wconf 88' lang='lat' dir='ltr'><strong>esse</strong></span> <span class='ocrx_word' id='word_1_151' title='bbox 2470 552 2816 621; x_wconf 81' lang='lat' dir='ltr'><strong>dignoscitur,</strong></span> <span class='ocrx_word' id='word_1_152' title='bbox 2848 564 2907 608; x_wconf 92' lang='lat' dir='ltr'><strong>ut</strong></span> <span class='ocrx_word' id='word_1_153' title='bbox 2947 555 3015 610; x_wconf 90' lang='lat' dir='ltr'><strong>de</strong></span> <span class='ocrx_word' id='word_1_154' title='bbox 3053 557 3365 627; x_wconf 89' lang='lat' dir='ltr'><strong>incorporeo</strong></span> <span class='ocrx_word' id='word_1_155' title='bbox 3390 576 3614 630; x_wconf 82' lang='lat' dir='ltr'><strong>corporea</strong></span> 
     </span>
    </p>
   </div>
   <div class='ocr_carea' id='block_1_20' title="bbox 2088 642 3613 716">
    <p class='ocr_par' dir='ltr' id='par_1_20' title="bbox 2088 642 3613 716">
     <span class='ocr_line' id='line_1_20' title="bbox 2088 642 3613 716; baseline 0.005 -19"><span class='ocrx_word' id='word_1_156' title='bbox 2088 642 2328 699; x_wconf 87' lang='lat' dir='ltr'><strong>membra</strong></span> <span class='ocrx_word' id='word_1_157' title='bbox 2364 644 2419 697; x_wconf 92' lang='lat' dir='ltr'><strong>in</strong></span> <span class='ocrx_word' id='word_1_158' title='bbox 2450 646 2751 716; x_wconf 88' lang='lat' dir='ltr'><strong>exemplum</strong></span> <span class='ocrx_word' id='word_1_159' title='bbox 2780 646 3339 703; x_wconf 66' lang='lat' dir='ltr'><strong>assumas—Iudices</strong></span> <span class='ocrx_word' id='word_1_160' title='bbox 3360 649 3613 705; x_wconf 78' lang='lat' dir='ltr'><strong>dixerunt:</strong></span> 
     </span>
    </p>
   </div>
   <div class='ocr_carea' id='block_1_21' title="bbox 2088 734 3619 807">
    <p class='ocr_par' dir='ltr' id='par_1_21' title="bbox 2088 734 3619 807">
     <span class='ocr_line' id='line_1_21' title="bbox 2088 734 3619 807; baseline 0.005 -18"><span class='ocrx_word' id='word_1_161' title='bbox 2088 734 2306 790; x_wconf 83' lang='lat' dir='ltr'><strong>Frustra</strong></span> <span class='ocrx_word' id='word_1_162' title='bbox 2351 736 2685 805; x_wconf 73' lang='lat' dir='ltr'><strong>quereris&#39;de</strong></span> <span class='ocrx_word' id='word_1_163' title='bbox 2713 738 2988 807; x_wconf 86' lang='lat' dir='ltr'><strong>corporeis</strong></span> <span class='ocrx_word' id='word_1_164' title='bbox 3024 739 3273 794; x_wconf 89' lang='lat' dir='ltr'><strong>membris</strong></span> <span class='ocrx_word' id='word_1_165' title='bbox 3307 740 3371 795; x_wconf 92' lang='lat' dir='ltr'><strong>ab</strong></span> <span class='ocrx_word' id='word_1_166' title='bbox 3414 741 3619 796; x_wconf 71' lang='lat' dir='ltr'><strong>Aruobio</strong></span> 
     </span>
    </p>
   </div>
   <div class='ocr_carea' id='block_1_22' title="bbox 2088 825 3623 899">
    <p class='ocr_par' dir='ltr' id='par_1_22' title="bbox 2088 825 3623 899">
     <span class='ocr_line' id='line_1_22' title="bbox 2088 825 3623 899; baseline 0.005 -22"><span class='ocrx_word' id='word_1_167' title='bbox 2088 832 2356 893; x_wconf 89' lang='lat' dir='ltr'><strong>sumptum</strong></span> <span class='ocrx_word' id='word_1_168' title='bbox 2377 826 2698 895; x_wconf 88' lang='lat' dir='ltr'><strong>exemplum.</strong></span> <span class='ocrx_word' id='word_1_169' title='bbox 2724 825 2785 899; x_wconf 87' lang='lat' dir='ltr'><strong>Si</strong></span> <span class='ocrx_word' id='word_1_170' title='bbox 2809 827 2953 880; x_wconf 91' lang='lat' dir='ltr'><strong>enim</strong></span> <span class='ocrx_word' id='word_1_171' title='bbox 2982 843 3240 897; x_wconf 89' lang='lat' dir='ltr'><strong>corporea</strong></span> <span class='ocrx_word' id='word_1_172' title='bbox 3272 829 3494 883; x_wconf 88' lang='lat' dir='ltr'><strong>membra</strong></span> <span class='ocrx_word' id='word_1_173' title='bbox 3512 846 3623 886; x_wconf 87' lang='lat' dir='ltr'><strong>ocu-</strong></span> 
     </span>
    </p>
   </div>
   <div class='ocr_carea' id='block_1_23' title="bbox 2090 914 3621 981">
    <p class='ocr_par' dir='ltr' id='par_1_23' title="bbox 2090 914 3621 981">
     <span class='ocr_line' id='line_1_23' title="bbox 2090 914 3621 981; baseline 0.004 -14"><span class='ocrx_word' id='word_1_174' title='bbox 2090 914 2282 978; x_wconf 90' lang='lat' dir='ltr'><strong>lorum,</strong></span> <span class='ocrx_word' id='word_1_175' title='bbox 2315 914 2518 968; x_wconf 86' lang='lat' dir='ltr'><strong>narium</strong></span> <span class='ocrx_word' id='word_1_176' title='bbox 2548 923 2603 969; x_wconf 89' lang='lat' dir='ltr'><strong>et</strong></span> <span class='ocrx_word' id='word_1_177' title='bbox 2631 916 2836 970; x_wconf 79' lang='lat' dir='ltr'><strong>aurium</strong></span> <span class='ocrx_word' id='word_1_178' title='bbox 2867 917 2919 970; x_wconf 92' lang='lat' dir='ltr'><strong>in</strong></span> <span class='ocrx_word' id='word_1_179' title='bbox 2948 917 3056 970; x_wconf 91' lang='lat' dir='ltr'><strong>suis</strong></span> <span class='ocrx_word' id='word_1_180' title='bbox 3085 916 3267 971; x_wconf 88' lang='lat' dir='ltr'><strong>formis</strong></span> <span class='ocrx_word' id='word_1_181' title='bbox 3300 917 3475 981; x_wconf 88' lang='lat' dir='ltr'><strong>divisa,</strong></span> <span class='ocrx_word' id='word_1_182' title='bbox 3511 927 3559 973; x_wconf 92' lang='lat' dir='ltr'><strong>et</strong></span> <span class='ocrx_word' id='word_1_183' title='bbox 3595 936 3621 973; x_wconf 87' lang='lat' dir='ltr'><strong>a</strong></span> 
     </span>
    </p>
   </div>
   <div class='ocr_carea' id='block_1_24' title="bbox 2090 1002 3622 1072">
    <p class='ocr_par' dir='ltr' id='par_1_24' title="bbox 2090 1002 3622 1072">
     <span class='ocr_line' id='line_1_24' title="bbox 2090 1002 3622 1072; baseline 0.001 -13"><span class='ocrx_word' id='word_1_184' title='bbox 2090 1016 2149 1059; x_wconf 86' lang='lat' dir='ltr'><strong>se</strong></span> <span class='ocrx_word' id='word_1_185' title='bbox 2194 1002 2419 1058; x_wconf 81' lang='lat' dir='ltr'><strong>invicem</strong></span> <span class='ocrx_word' id='word_1_186' title='bbox 2448 1005 2598 1072; x_wconf 88' lang='lat' dir='ltr'><strong>quasi</strong></span> <span class='ocrx_word' id='word_1_187' title='bbox 2647 1004 2699 1058; x_wconf 93' lang='lat' dir='ltr'><strong>in</strong></span> <span class='ocrx_word' id='word_1_188' title='bbox 2751 1005 2862 1059; x_wconf 89' lang='lat' dir='ltr'><strong>suis</strong></span> <span class='ocrx_word' id='word_1_189' title='bbox 2901 1004 3160 1061; x_wconf 86' lang='lat' dir='ltr'><strong>cubiculis</strong></span> <span class='ocrx_word' id='word_1_190' title='bbox 3192 1006 3467 1070; x_wconf 90' lang='lat' dir='ltr'><strong>manentia,</strong></span> <span class='ocrx_word' id='word_1_191' title='bbox 3502 1006 3622 1061; x_wconf 87' lang='lat' dir='ltr'><strong>hanc</strong></span> 
     </span>
    </p>
   </div>
   <div class='ocr_carea' id='block_1_25' title="bbox 2091 1094 3623 1163">
    <p class='ocr_par' dir='ltr' id='par_1_25' title="bbox 2091 1094 3623 1163">
     <span class='ocr_line' id='line_1_25' title="bbox 2091 1094 3623 1163; baseline 0.002 -13"><span class='ocrx_word' id='word_1_192' title='bbox 2091 1094 2335 1151; x_wconf 87' lang='lat' dir='ltr'><strong>obtinent</strong></span> <span class='ocrx_word' id='word_1_193' title='bbox 2358 1096 2615 1150; x_wconf 87' lang='lat' dir='ltr'><strong>unitatem</strong></span> <span class='ocrx_word' id='word_1_194' title='bbox 2645 1096 2969 1161; x_wconf 64' lang='lat' dir='ltr'><strong>substantiae,</strong></span> <span class='ocrx_word' id='word_1_195' title='bbox 3020 1104 3081 1151; x_wconf 92' lang='lat' dir='ltr'><strong>ut</strong></span> <span class='ocrx_word' id='word_1_196' title='bbox 3128 1113 3237 1157; x_wconf 89' lang='lat' dir='ltr'><strong>uno</strong></span> <span class='ocrx_word' id='word_1_197' title='bbox 3282 1097 3489 1163; x_wconf 91' lang='lat' dir='ltr'><strong>lumine,</strong></span> <span class='ocrx_word' id='word_1_198' title='bbox 3532 1114 3623 1153; x_wconf 88' lang='lat' dir='ltr'><strong>uno</strong></span> 
     </span>
    </p>
   </div>
   <div class='ocr_carea' id='block_1_26' title="bbox 2090 1185 3621 1256">
    <p class='ocr_par' dir='ltr' id='par_1_26' title="bbox 2090 1185 3621 1256">
     <span class='ocr_line' id='line_1_26' title="bbox 2090 1185 3621 1256; baseline 0 -16"><span class='ocrx_word' id='word_1_199' title='bbox 2090 1185 2336 1249; x_wconf 85' lang='lat' dir='ltr'><strong>odoratu,</strong></span> <span class='ocrx_word' id='word_1_200' title='bbox 2385 1202 2493 1240; x_wconf 90' lang='lat' dir='ltr'><strong>uno</strong></span> <span class='ocrx_word' id='word_1_201' title='bbox 2519 1185 2761 1240; x_wconf 84' lang='lat' dir='ltr'><strong>fruantur</strong></span> <span class='ocrx_word' id='word_1_202' title='bbox 2788 1186 3009 1241; x_wconf 88' lang='lat' dir='ltr'><strong>auditu:</strong></span> <span class='ocrx_word' id='word_1_203' title='bbox 3049 1194 3250 1256; x_wconf 89' lang='lat' dir='ltr'><strong>quanto</strong></span> <span class='ocrx_word' id='word_1_204' title='bbox 3278 1187 3438 1255; x_wconf 84' lang='lat' dir='ltr'><strong>magis</strong></span> <span class='ocrx_word' id='word_1_205' title='bbox 3480 1187 3621 1250; x_wconf 82' lang='lat' dir='ltr'><strong>Deus.</strong></span> 
     </span>
    </p>
   </div>
   <div class='ocr_carea' id='block_1_27' title="bbox 2090 1275 3625 1347">
    <p class='ocr_par' dir='ltr' id='par_1_27' title="bbox 2090 1275 3625 1347">
     <span class='ocr_line' id='line_1_27' title="bbox 2090 1275 3625 1347; baseline 0.001 -17"><span class='ocrx_word' id='word_1_206' title='bbox 2090 1276 2182 1345; x_wconf 93' lang='lat' dir='ltr'><strong>qui</strong></span> <span class='ocrx_word' id='word_1_207' title='bbox 2210 1277 2557 1347; x_wconf 86' lang='lat' dir='ltr'><strong>incorporeus</strong></span> <span class='ocrx_word' id='word_1_208' title='bbox 2586 1292 2703 1331; x_wconf 88' lang='lat' dir='ltr'><strong>esse</strong></span> <span class='ocrx_word' id='word_1_209' title='bbox 2733 1275 2979 1331; x_wconf 90' lang='lat' dir='ltr'><strong>fatendus</strong></span> <span class='ocrx_word' id='word_1_210' title='bbox 3016 1287 3118 1340; x_wconf 88' lang='lat' dir='ltr'><strong>est,</strong></span> <span class='ocrx_word' id='word_1_211' title='bbox 3168 1293 3323 1331; x_wconf 89' lang='lat' dir='ltr'><strong>unam</strong></span> <span class='ocrx_word' id='word_1_212' title='bbox 3359 1293 3472 1332; x_wconf 92' lang='lat' dir='ltr'><strong>cum</strong></span> <span class='ocrx_word' id='word_1_213' title='bbox 3510 1278 3625 1331; x_wconf 87' lang='lat' dir='ltr'><strong>Filio</strong></span> 
     </span>
    </p>
   </div>
   <div class='ocr_carea' id='block_1_28' title="bbox 2090 1369 3625 1435">
    <p class='ocr_par' dir='ltr' id='par_1_28' title="bbox 2090 1369 3625 1435">
     <span class='ocr_line' id='line_1_28' title="bbox 2090 1369 3625 1435; baseline 0.001 -13"><span class='ocrx_word' id='word_1_214' title='bbox 2090 1383 2189 1424; x_wconf 87' lang='lat' dir='ltr'><strong>suo</strong></span> <span class='ocrx_word' id='word_1_215' title='bbox 2217 1369 2568 1423; x_wconf 86' lang='lat' dir='ltr'><strong>substantiam</strong></span> <span class='ocrx_word' id='word_1_216' title='bbox 2599 1369 2819 1435; x_wconf 84' lang='lat' dir='ltr'><strong>habens,</strong></span> <span class='ocrx_word' id='word_1_217' title='bbox 2867 1385 3029 1423; x_wconf 90' lang='lat' dir='ltr'><strong>unam</strong></span> <span class='ocrx_word' id='word_1_218' title='bbox 3072 1370 3235 1424; x_wconf 90' lang='lat' dir='ltr'><strong>etiam</strong></span> <span class='ocrx_word' id='word_1_219' title='bbox 3276 1384 3392 1424; x_wconf 91' lang='lat' dir='ltr'><strong>cum</strong></span> <span class='ocrx_word' id='word_1_220' title='bbox 3418 1385 3480 1424; x_wconf 91' lang='lat' dir='ltr'><strong>eo</strong></span> <span class='ocrx_word' id='word_1_221' title='bbox 3503 1370 3625 1425; x_wconf 85' lang='lat' dir='ltr'><strong>obti-</strong></span> 
     </span>
    </p>
   </div>
   <div class='ocr_carea' id='block_1_29' title="bbox 2089 1446 3623 1530">
    <p class='ocr_par' dir='ltr' id='par_1_29' title="bbox 2089 1446 3623 1530">
     <span class='ocr_line' id='line_1_29' title="bbox 2089 1446 3623 1530; baseline -0.001 -17"><span class='ocrx_word' id='word_1_222' title='bbox 2089 1467 2217 1514; x_wconf 89' lang='lat' dir='ltr'><strong>neat</strong></span> <span class='ocrx_word' id='word_1_223' title='bbox 2254 1446 2653 1530; x_wconf 59' lang='lat' dir='ltr'><strong>omnipotentiae</strong></span> <span class='ocrx_word' id='word_1_224' title='bbox 2699 1459 3162 1528; x_wconf 77' lang='lat' dir='ltr'><strong>majestatem‘l—</strong></span> <span class='ocrx_word' id='word_1_225' title='bbox 3180 1456 3431 1529; x_wconf 83' lang='lat' dir='ltr'><strong>Serapion</strong></span> <span class='ocrx_word' id='word_1_226' title='bbox 3474 1459 3623 1515; x_wconf 82' lang='lat' dir='ltr'><strong>dixit:</strong></span> 
     </span>
    </p>
   </div>
   <div class='ocr_carea' id='block_1_30' title="bbox 2089 1549 3625 1620">
    <p class='ocr_par' dir='ltr' id='par_1_30' title="bbox 2089 1549 3625 1620">
     <span class='ocr_line' id='line_1_30' title="bbox 2089 1549 3625 1620; baseline -0.001 -16"><span class='ocrx_word' id='word_1_227' title='bbox 2089 1550 2388 1619; x_wconf 84' lang='lat' dir='ltr'><strong>Aequieseo</strong></span> <span class='ocrx_word' id='word_1_228' title='bbox 2409 1549 2621 1620; x_wconf 81' lang='lat' dir='ltr'><strong>quidem</strong></span> <span class='ocrx_word' id='word_1_229' title='bbox 2651 1549 2845 1604; x_wconf 91' lang='lat' dir='ltr'><strong>rationi</strong></span> <span class='ocrx_word' id='word_1_230' title='bbox 2869 1564 3145 1619; x_wconf 71' lang='lat' dir='ltr'><strong>corporea:</strong></span> <span class='ocrx_word' id='word_1_231' title='bbox 3174 1567 3188 1602; x_wconf 93' lang='lat'><strong>:</strong></span> <span class='ocrx_word' id='word_1_232' title='bbox 3224 1549 3315 1603; x_wconf 88' lang='lat' dir='ltr'><strong>sed</strong></span> <span class='ocrx_word' id='word_1_233' title='bbox 3343 1549 3435 1603; x_wconf 89' lang='lat' dir='ltr'><strong>nisi</strong></span> <span class='ocrx_word' id='word_1_234' title='bbox 3472 1550 3625 1604; x_wconf 90' lang='lat' dir='ltr'><strong>incor-</strong></span> 
     </span>
    </p>
   </div>
   <div class='ocr_carea' id='block_1_31' title="bbox 2090 1639 3626 1711">
    <p class='ocr_par' dir='ltr' id='par_1_31' title="bbox 2090 1639 3626 1711">
     <span class='ocr_line' id='line_1_31' title="bbox 2090 1639 3626 1711; baseline -0.001 -15"><span class='ocrx_word' id='word_1_235' title='bbox 2090 1654 2254 1711; x_wconf 88' lang='lat' dir='ltr'><strong>porea</strong></span> <span class='ocrx_word' id='word_1_236' title='bbox 2284 1639 2480 1695; x_wconf 90' lang='lat' dir='ltr'><strong>fuerint</strong></span> <span class='ocrx_word' id='word_1_237' title='bbox 2505 1641 2769 1710; x_wconf 83' lang='lat' dir='ltr'><strong>exempla,</strong></span> <span class='ocrx_word' id='word_1_238' title='bbox 2798 1640 2863 1694; x_wconf 91' lang='lat' dir='ltr'><strong>ad</strong></span> <span class='ocrx_word' id='word_1_239' title='bbox 2886 1641 3258 1711; x_wconf 83' lang='lat' dir='ltr'><strong>incorporeum</strong></span> <span class='ocrx_word' id='word_1_240' title='bbox 3288 1641 3373 1694; x_wconf 90' lang='lat' dir='ltr'><strong>illa</strong></span> <span class='ocrx_word' id='word_1_241' title='bbox 3400 1640 3512 1695; x_wconf 88' lang='lat' dir='ltr'><strong>duci</strong></span> <span class='ocrx_word' id='word_1_242' title='bbox 3538 1656 3626 1694; x_wconf 92' lang='lat' dir='ltr'><strong>non</strong></span> 
     </span>
    </p>
   </div>
   <div class='ocr_carea' id='block_1_32' title="bbox 414 1725 3628 1811">
    <p class='ocr_par' dir='ltr' id='par_1_32' title="bbox 414 1725 3628 1811">
     <span class='ocr_line' id='line_1_32' title="bbox 414 1725 3628 1811; baseline 0.002 -35"><span class='ocrx_word' id='word_1_243' title='bbox 414 1739 535 1777; x_wconf 89' lang='lat' dir='ltr'><strong>mus</strong></span> <span class='ocrx_word' id='word_1_244' title='bbox 574 1732 631 1778; x_wconf 89' lang='lat' dir='ltr'><strong>et</strong></span> <span class='ocrx_word' id='word_1_245' title='bbox 674 1725 939 1781; x_wconf 83' lang='lat' dir='ltr'><strong>credimus</strong></span> <span class='ocrx_word' id='word_1_246' title='bbox 974 1727 1066 1797; x_wconf 93' lang='lat' dir='ltr'><strong>qui</strong></span> <span class='ocrx_word' id='word_1_247' title='bbox 1113 1728 1296 1796; x_wconf 79' lang='lat' dir='ltr'><strong>genuit</strong></span> <span class='ocrx_word' id='word_1_248' title='bbox 1335 1727 1526 1782; x_wconf 85' lang='lat' dir='ltr'><strong>Filium</strong></span> <span class='ocrx_word' id='word_1_249' title='bbox 1558 1746 1569 1781; x_wconf 92' lang='lat'><strong>:</strong></span> <span class='ocrx_word' id='word_1_250' title='bbox 1602 1737 1659 1783; x_wconf 89' lang='lat' dir='ltr'><strong>et</strong></span> <span class='ocrx_word' id='word_1_251' title='bbox 1697 1737 1779 1784; x_wconf 86' lang='lat' dir='ltr'><strong>est</strong></span> <span class='ocrx_word' id='word_1_252' title='bbox 1824 1729 1981 1784; x_wconf 88' lang='lat' dir='ltr'><strong>Pater</strong></span> <span class='ocrx_word' id='word_1_253' title='bbox 2012 1733 2056 1792; x_wconf 86' lang='lat' dir='ltr'><strong>B</strong></span> <span class='ocrx_word' id='word_1_254' title='bbox 2082 1731 2618 1804; x_wconf 85' lang='lat' dir='ltr'><strong>patior.—Arnobius</strong></span> <span class='ocrx_word' id='word_1_255' title='bbox 2639 1733 2801 1788; x_wconf 81' lang='lat' dir='ltr'><strong>dixit:</strong></span> <span class='ocrx_word' id='word_1_256' title='bbox 2825 1733 3108 1803; x_wconf 88' lang='lat' dir='ltr'><strong>Deprecor,</strong></span> <span class='ocrx_word' id='word_1_257' title='bbox 3140 1731 3378 1794; x_wconf 73' lang='lat' dir='ltr'><strong>Iudices.</strong></span> <span class='ocrx_word' id='word_1_258' title='bbox 3400 1742 3456 1786; x_wconf 91' lang='lat' dir='ltr'><strong>ut</strong></span> <span class='ocrx_word' id='word_1_259' title='bbox 3482 1732 3628 1811; x_wconf 85' lang='lat' dir='ltr'><strong>indul-</strong></span> 
     </span>
    </p>
   </div>
   <div class='ocr_carea' id='block_1_33' title="bbox 417 1814 1448 1889">
    <p class='ocr_par' dir='ltr' id='par_1_33' title="bbox 417 1814 1448 1889">
     <span class='ocr_line' id='line_1_33' title="bbox 417 1814 1448 1889; baseline 0.007 -21"><span class='ocrx_word' id='word_1_260' title='bbox 417 1816 560 1870; x_wconf 86' lang='lat' dir='ltr'><strong>unici</strong></span> <span class='ocrx_word' id='word_1_261' title='bbox 588 1814 707 1870; x_wconf 80' lang='lat' dir='ltr'><strong>Filii</strong></span> <span class='ocrx_word' id='word_1_262' title='bbox 736 1817 817 1871; x_wconf 88' lang='lat' dir='ltr'><strong>sui</strong></span> <span class='ocrx_word' id='word_1_263' title='bbox 846 1825 970 1873; x_wconf 89' lang='lat' dir='ltr'><strong>ante</strong></span> <span class='ocrx_word' id='word_1_264' title='bbox 994 1827 1237 1889; x_wconf 89' lang='lat' dir='ltr'><strong>tempora</strong></span> <span class='ocrx_word' id='word_1_265' title='bbox 1261 1820 1448 1887; x_wconf 90' lang='lat' dir='ltr'><strong>geniti.</strong></span> 
     </span>
    </p>
   </div>
   <div class='ocr_carea' id='block_1_34' title="bbox 440 1896 1991 1976">
    <p class='ocr_par' dir='ltr' id='par_1_34' title="bbox 440 1896 1991 1976">
     <span class='ocr_line' id='line_1_34' title="bbox 440 1896 1991 1976; baseline 0.006 -20"><span class='ocrx_word' id='word_1_266' title='bbox 440 1896 445 1901; x_wconf 32' lang='grc' dir='ltr'><strong><em>δ</em></strong></span> <span class='ocrx_word' id='word_1_267' title='bbox 486 1905 575 1957; x_wconf 85' lang='lat' dir='ltr'><strong>1V.</strong></span> <span class='ocrx_word' id='word_1_268' title='bbox 594 1934 665 1946; x_wconf 93' lang='lat'><strong>—</strong></span> <span class='ocrx_word' id='word_1_269' title='bbox 686 1903 947 1975; x_wconf 89' lang='lat' dir='ltr'><strong>Serapion</strong></span> <span class='ocrx_word' id='word_1_270' title='bbox 973 1908 1107 1961; x_wconf 80' lang='lat' dir='ltr'><strong>dixit</strong></span> <span class='ocrx_word' id='word_1_271' title='bbox 1131 1926 1143 1960; x_wconf 94' lang='lat'><strong>:</strong></span> <span class='ocrx_word' id='word_1_272' title='bbox 1175 1907 1312 1964; x_wconf 83' lang='lat' dir='ltr'><strong>Nolo</strong></span> <span class='ocrx_word' id='word_1_273' title='bbox 1340 1924 1425 1962; x_wconf 91' lang='lat' dir='ltr'><strong>me</strong></span> <span class='ocrx_word' id='word_1_274' title='bbox 1450 1910 1501 1963; x_wconf 93' lang='lat' dir='ltr'><strong>in</strong></span> <span class='ocrx_word' id='word_1_275' title='bbox 1523 1910 1685 1965; x_wconf 86' lang='lat' dir='ltr'><strong>altum</strong></span> <span class='ocrx_word' id='word_1_276' title='bbox 1708 1911 1900 1976; x_wconf 90' lang='lat' dir='ltr'><strong>ducas;</strong></span> <span class='ocrx_word' id='word_1_277' title='bbox 1935 1920 1991 1966; x_wconf 93' lang='lat' dir='ltr'><strong>et</strong></span> 
     </span>
    </p>
   </div>
   <div class='ocr_carea' id='block_1_35' title="bbox 417 1997 1990 2070">
    <p class='ocr_par' dir='ltr' id='par_1_35' title="bbox 417 1997 1990 2070">
     <span class='ocr_line' id='line_1_35' title="bbox 417 1997 1990 2070; baseline 0.004 -19"><span class='ocrx_word' id='word_1_278' title='bbox 417 1998 486 2051; x_wconf 91' lang='lat' dir='ltr'><strong>de</strong></span> <span class='ocrx_word' id='word_1_279' title='bbox 504 1997 609 2052; x_wconf 88' lang='lat' dir='ltr'><strong>hoc</strong></span> <span class='ocrx_word' id='word_1_280' title='bbox 621 1997 732 2066; x_wconf 87' lang='lat' dir='ltr'><strong>jam</strong></span> <span class='ocrx_word' id='word_1_281' title='bbox 759 2010 903 2067; x_wconf 82' lang='lat' dir='ltr'><strong>agas,</strong></span> <span class='ocrx_word' id='word_1_282' title='bbox 928 1998 1073 2067; x_wconf 85' lang='lat' dir='ltr'><strong>quod</strong></span> <span class='ocrx_word' id='word_1_283' title='bbox 1097 2007 1222 2054; x_wconf 89' lang='lat' dir='ltr'><strong>ante</strong></span> <span class='ocrx_word' id='word_1_284' title='bbox 1244 2006 1483 2070; x_wconf 83' lang='lat' dir='ltr'><strong>ternpora</strong></span> <span class='ocrx_word' id='word_1_285' title='bbox 1513 2002 1715 2069; x_wconf 87' lang='lat' dir='ltr'><strong>genuit.</strong></span> <span class='ocrx_word' id='word_1_286' title='bbox 1741 2002 1877 2057; x_wconf 88' lang='lat' dir='ltr'><strong>llinc</strong></span> <span class='ocrx_word' id='word_1_287' title='bbox 1903 2017 1990 2057; x_wconf 90' lang='lat' dir='ltr'><strong>me</strong></span> 
     </span>
    </p>
   </div>
   <div class='ocr_carea' id='block_1_36' title="bbox 415 2087 1983 2162">
    <p class='ocr_par' dir='ltr' id='par_1_36' title="bbox 415 2087 1983 2162">
     <span class='ocr_line' id='line_1_36' title="bbox 415 2087 1983 2162; baseline 0.004 -21"><span class='ocrx_word' id='word_1_288' title='bbox 415 2088 564 2157; x_wconf 89' lang='lat' dir='ltr'><strong>prius</strong></span> <span class='ocrx_word' id='word_1_289' title='bbox 590 2087 771 2156; x_wconf 86' lang='lat' dir='ltr'><strong>egredi</strong></span> <span class='ocrx_word' id='word_1_290' title='bbox 795 2087 975 2154; x_wconf 87' lang='lat' dir='ltr'><strong>facito,</strong></span> <span class='ocrx_word' id='word_1_291' title='bbox 1004 2090 1129 2159; x_wconf 84' lang='lat' dir='ltr'><strong>quia</strong></span> <span class='ocrx_word' id='word_1_292' title='bbox 1170 2097 1223 2144; x_wconf 92' lang='lat' dir='ltr'><strong>te</strong></span> <span class='ocrx_word' id='word_1_293' title='bbox 1245 2098 1355 2145; x_wconf 87' lang='lat' dir='ltr'><strong>tres</strong></span> <span class='ocrx_word' id='word_1_294' title='bbox 1374 2091 1504 2146; x_wconf 89' lang='lat' dir='ltr'><strong>deos</strong></span> <span class='ocrx_word' id='word_1_295' title='bbox 1530 2092 1708 2147; x_wconf 86' lang='lat' dir='ltr'><strong>dicere</strong></span> <span class='ocrx_word' id='word_1_296' title='bbox 1728 2092 1983 2162; x_wconf 80' lang='lat' dir='ltr'><strong>intelligo.</strong></span> 
     </span>
    </p>
   </div>
   <div class='ocr_carea' id='block_1_37' title="bbox 415 2176 1987 2252">
    <p class='ocr_par' dir='ltr' id='par_1_37' title="bbox 415 2176 1987 2252">
     <span class='ocr_line' id='line_1_37' title="bbox 415 2176 1987 2252; baseline 0.003 -22"><span class='ocrx_word' id='word_1_297' title='bbox 415 2208 490 2219; x_wconf 85' lang='lat'><strong>—-</strong></span> <span class='ocrx_word' id='word_1_298' title='bbox 508 2176 773 2233; x_wconf 81' lang='lat' dir='ltr'><strong>Arnobius</strong></span> <span class='ocrx_word' id='word_1_299' title='bbox 796 2177 932 2232; x_wconf 80' lang='lat' dir='ltr'><strong>dixit</strong></span> <span class='ocrx_word' id='word_1_300' title='bbox 962 2195 975 2231; x_wconf 94' lang='lat'><strong>:</strong></span> <span class='ocrx_word' id='word_1_301' title='bbox 1022 2178 1326 2235; x_wconf 84' lang='lat' dir='ltr'><strong>Intellectus</strong></span> <span class='ocrx_word' id='word_1_302' title='bbox 1354 2187 1477 2235; x_wconf 91' lang='lat' dir='ltr'><strong>tuus</strong></span> <span class='ocrx_word' id='word_1_303' title='bbox 1503 2196 1740 2236; x_wconf 89' lang='lat' dir='ltr'><strong>errorem</strong></span> <span class='ocrx_word' id='word_1_304' title='bbox 1766 2190 1987 2252; x_wconf 78' lang='lat' dir='ltr'><strong>patitur.</strong></span> 
     </span>
    </p>
   </div>
   <div class='ocr_carea' id='block_1_38' title="bbox 421 2266 1990 2334">
    <p class='ocr_par' dir='ltr' id='par_1_38' title="bbox 421 2266 1990 2334">
     <span class='ocr_line' id='line_1_38' title="bbox 421 2266 1990 2334; baseline 0.004 -13"><span class='ocrx_word' id='word_1_305' title='bbox 421 2279 446 2303; x_wconf 73' lang='grc' dir='ltr'><strong>θ</strong></span> <span class='ocrx_word' id='word_1_306' title='bbox 474 2266 606 2322; x_wconf 84' lang='lat' dir='ltr'><strong>Nam</strong></span> <span class='ocrx_word' id='word_1_307' title='bbox 646 2267 809 2324; x_wconf 87' lang='lat' dir='ltr'><strong>debes</strong></span> <span class='ocrx_word' id='word_1_308' title='bbox 838 2282 925 2323; x_wconf 83' lang='lat' dir='ltr'><strong>me</strong></span> <span class='ocrx_word' id='word_1_309' title='bbox 960 2269 1268 2325; x_wconf 85' lang='lat' dir='ltr'><strong>meminisse</strong></span> <span class='ocrx_word' id='word_1_310' title='bbox 1309 2269 1527 2334; x_wconf 87' lang='lat' dir='ltr'><strong>dixisse,</strong></span> <span class='ocrx_word' id='word_1_311' title='bbox 1566 2280 1619 2326; x_wconf 90' lang='lat' dir='ltr'><strong>te</strong></span> <span class='ocrx_word' id='word_1_312' title='bbox 1659 2287 1783 2326; x_wconf 87' lang='lat' dir='ltr'><strong>vere</strong></span> <span class='ocrx_word' id='word_1_313' title='bbox 1829 2289 1990 2327; x_wconf 91' lang='lat' dir='ltr'><strong>unum</strong></span> 
     </span>
    </p>
   </div>
   <div class='ocr_carea' id='block_1_39' title="bbox 419 2358 1993 2428">
    <p class='ocr_par' dir='ltr' id='par_1_39' title="bbox 419 2358 1993 2428">
     <span class='ocr_line' id='line_1_39' title="bbox 419 2358 1993 2428; baseline 0.003 -16"><span class='ocrx_word' id='word_1_314' title='bbox 419 2359 586 2413; x_wconf 88' lang='lat' dir='ltr'><strong>Deum</strong></span> <span class='ocrx_word' id='word_1_315' title='bbox 635 2360 898 2428; x_wconf 84' lang='lat' dir='ltr'><strong>integrum</strong></span> <span class='ocrx_word' id='word_1_316' title='bbox 942 2358 1205 2426; x_wconf 88' lang='lat' dir='ltr'><strong>confiteri,</strong></span> <span class='ocrx_word' id='word_1_317' title='bbox 1245 2376 1364 2416; x_wconf 89' lang='lat' dir='ltr'><strong>cum</strong></span> <span class='ocrx_word' id='word_1_318' title='bbox 1395 2360 1607 2417; x_wconf 82' lang='lat' dir='ltr'><strong>Patrem</strong></span> <span class='ocrx_word' id='word_1_319' title='bbox 1637 2371 1692 2417; x_wconf 90' lang='lat' dir='ltr'><strong>et</strong></span> <span class='ocrx_word' id='word_1_320' title='bbox 1718 2362 1909 2418; x_wconf 88' lang='lat' dir='ltr'><strong>Filium</strong></span> <span class='ocrx_word' id='word_1_321' title='bbox 1938 2372 1993 2419; x_wconf 92' lang='lat' dir='ltr'><strong>et</strong></span> 
     </span>
    </p>
   </div>
   <div class='ocr_carea' id='block_1_40' title="bbox 419 2450 1991 2521">
    <p class='ocr_par' dir='ltr' id='par_1_40' title="bbox 419 2450 1991 2521">
     <span class='ocr_line' id='line_1_40' title="bbox 419 2450 1991 2521; baseline 0.004 -17"><span class='ocrx_word' id='word_1_322' title='bbox 419 2450 674 2521; x_wconf 85' lang='lat' dir='ltr'><strong>Spiritum</strong></span> <span class='ocrx_word' id='word_1_323' title='bbox 702 2460 944 2507; x_wconf 88' lang='lat' dir='ltr'><strong>sanctum</strong></span> <span class='ocrx_word' id='word_1_324' title='bbox 966 2468 1129 2506; x_wconf 88' lang='lat' dir='ltr'><strong>unum</strong></span> <span class='ocrx_word' id='word_1_325' title='bbox 1158 2452 1326 2507; x_wconf 84' lang='lat' dir='ltr'><strong>Deum</strong></span> <span class='ocrx_word' id='word_1_326' title='bbox 1355 2453 1426 2507; x_wconf 89' lang='lat' dir='ltr'><strong>ita</strong></span> <span class='ocrx_word' id='word_1_327' title='bbox 1449 2455 1757 2519; x_wconf 87' lang='lat' dir='ltr'><strong>credideris,</strong></span> <span class='ocrx_word' id='word_1_328' title='bbox 1804 2465 1862 2510; x_wconf 91' lang='lat' dir='ltr'><strong>ut</strong></span> <span class='ocrx_word' id='word_1_329' title='bbox 1891 2457 1991 2510; x_wconf 89' lang='lat' dir='ltr'><strong>nisi</strong></span> 
     </span>
    </p>
   </div>
   <div class='ocr_carea' id='block_1_41' title="bbox 420 2542 1993 2614">
    <p class='ocr_par' dir='ltr' id='par_1_41' title="bbox 420 2542 1993 2614">
     <span class='ocr_line' id='line_1_41' title="bbox 420 2542 1993 2614; baseline 0.001 -16"><span class='ocrx_word' id='word_1_330' title='bbox 420 2544 655 2612; x_wconf 82' lang='lat' dir='ltr'><strong>putative</strong></span> <span class='ocrx_word' id='word_1_331' title='bbox 681 2543 826 2598; x_wconf 89' lang='lat' dir='ltr'><strong>dicas</strong></span> <span class='ocrx_word' id='word_1_332' title='bbox 852 2542 1082 2607; x_wconf 82' lang='lat' dir='ltr'><strong>Patrem,</strong></span> <span class='ocrx_word' id='word_1_333' title='bbox 1113 2544 1208 2598; x_wconf 88' lang='lat' dir='ltr'><strong>sed</strong></span> <span class='ocrx_word' id='word_1_334' title='bbox 1229 2559 1412 2598; x_wconf 88' lang='lat' dir='ltr'><strong>verum</strong></span> <span class='ocrx_word' id='word_1_335' title='bbox 1436 2543 1667 2609; x_wconf 88' lang='lat' dir='ltr'><strong>Patrem.</strong></span> <span class='ocrx_word' id='word_1_336' title='bbox 1698 2547 1787 2614; x_wconf 92' lang='lat' dir='ltr'><strong>qui</strong></span> <span class='ocrx_word' id='word_1_337' title='bbox 1808 2546 1993 2614; x_wconf 81' lang='lat' dir='ltr'><strong>genuit</strong></span> 
     </span>
    </p>
   </div>
   <div class='ocr_carea' id='block_1_42' title="bbox 419 2633 1991 2705">
    <p class='ocr_par' dir='ltr' id='par_1_42' title="bbox 419 2633 1991 2705">
     <span class='ocr_line' id='line_1_42' title="bbox 419 2633 1991 2705; baseline 0.004 -20"><span class='ocrx_word' id='word_1_338' title='bbox 419 2649 604 2688; x_wconf 88' lang='lat' dir='ltr'><strong>verum</strong></span> <span class='ocrx_word' id='word_1_339' title='bbox 657 2633 1204 2702; x_wconf 69' lang='lat' dir='ltr'><strong>Filium—Serapion</strong></span> <span class='ocrx_word' id='word_1_340' title='bbox 1252 2634 1421 2689; x_wconf 81' lang='lat' dir='ltr'><strong>dixit:</strong></span> <span class='ocrx_word' id='word_1_341' title='bbox 1456 2635 1596 2705; x_wconf 81' lang='lat' dir='ltr'><strong>Ergo</strong></span> <span class='ocrx_word' id='word_1_342' title='bbox 1643 2645 1697 2691; x_wconf 89' lang='lat' dir='ltr'><strong>et</strong></span> <span class='ocrx_word' id='word_1_343' title='bbox 1742 2638 1897 2701; x_wconf 90' lang='lat' dir='ltr'><strong>alius,</strong></span> <span class='ocrx_word' id='word_1_344' title='bbox 1937 2647 1991 2692; x_wconf 93' lang='lat' dir='ltr'><strong>et</strong></span> 
     </span>
    </p>
   </div>
   <div class='ocr_carea' id='block_1_43' title="bbox 423 2724 1992 2793">
    <p class='ocr_par' dir='ltr' id='par_1_43' title="bbox 423 2724 1992 2793">
     <span class='ocr_line' id='line_1_43' title="bbox 423 2724 1992 2793; baseline 0.006 -18"><span class='ocrx_word' id='word_1_345' title='bbox 423 2724 579 2789; x_wconf 87' lang='lat' dir='ltr'><strong>alius,</strong></span> <span class='ocrx_word' id='word_1_346' title='bbox 615 2732 670 2779; x_wconf 88' lang='lat' dir='ltr'><strong>et</strong></span> <span class='ocrx_word' id='word_1_347' title='bbox 702 2726 836 2780; x_wconf 89' lang='lat' dir='ltr'><strong>alius</strong></span> <span class='ocrx_word' id='word_1_348' title='bbox 875 2725 1321 2781; x_wconf 78' lang='lat' dir='ltr'><strong>est.——Arnobius</strong></span> <span class='ocrx_word' id='word_1_349' title='bbox 1349 2726 1484 2781; x_wconf 72' lang='lat' dir='ltr'><strong>dixit</strong></span> <span class='ocrx_word' id='word_1_350' title='bbox 1514 2746 1528 2779; x_wconf 95' lang='lat'><strong>:</strong></span> <span class='ocrx_word' id='word_1_351' title='bbox 1560 2729 1725 2793; x_wconf 83' lang='lat' dir='ltr'><strong>Alius,</strong></span> <span class='ocrx_word' id='word_1_352' title='bbox 1758 2737 1813 2783; x_wconf 89' lang='lat' dir='ltr'><strong>et</strong></span> <span class='ocrx_word' id='word_1_353' title='bbox 1857 2730 1992 2785; x_wconf 89' lang='lat' dir='ltr'><strong>alius</strong></span> 
     </span>
    </p>
   </div>
   <div class='ocr_carea' id='block_1_44' title="bbox 423 2813 1991 2887">
    <p class='ocr_par' dir='ltr' id='par_1_44' title="bbox 423 2813 1991 2887">
     <span class='ocr_line' id='line_1_44' title="bbox 423 2813 1991 2887; baseline 0.006 -22"><span class='ocrx_word' id='word_1_354' title='bbox 423 2819 537 2877; x_wconf 86' lang='lat' dir='ltr'><strong>est;</strong></span> <span class='ocrx_word' id='word_1_355' title='bbox 571 2822 626 2867; x_wconf 90' lang='lat' dir='ltr'><strong>et</strong></span> <span class='ocrx_word' id='word_1_356' title='bbox 654 2820 832 2867; x_wconf 89' lang='lat' dir='ltr'><strong>tamen</strong></span> <span class='ocrx_word' id='word_1_357' title='bbox 862 2828 995 2867; x_wconf 91' lang='lat' dir='ltr'><strong>unus</strong></span> <span class='ocrx_word' id='word_1_358' title='bbox 1017 2813 1156 2868; x_wconf 86' lang='lat' dir='ltr'><strong>Deus</strong></span> <span class='ocrx_word' id='word_1_359' title='bbox 1182 2823 1283 2869; x_wconf 91' lang='lat' dir='ltr'><strong>est.</strong></span> <span class='ocrx_word' id='word_1_360' title='bbox 1306 2842 1379 2853; x_wconf 94' lang='lat'><strong><em>—</em></strong></span> <span class='ocrx_word' id='word_1_361' title='bbox 1395 2814 1653 2887; x_wconf 89' lang='lat' dir='ltr'><strong>Serapion</strong></span> <span class='ocrx_word' id='word_1_362' title='bbox 1674 2817 1846 2872; x_wconf 89' lang='lat' dir='ltr'><strong>dixit:</strong></span> <span class='ocrx_word' id='word_1_363' title='bbox 1879 2818 1991 2875; x_wconf 86' lang='lat' dir='ltr'><strong>Hoc</strong></span> 
     </span>
    </p>
   </div>
   <div class='ocr_carea' id='block_1_45' title="bbox 422 2904 1995 2980">
    <p class='ocr_par' dir='ltr' id='par_1_45' title="bbox 422 2904 1995 2980">
     <span class='ocr_line' id='line_1_45' title="bbox 422 2904 1995 2980; baseline 0.004 -23"><span class='ocrx_word' id='word_1_364' title='bbox 422 2913 567 2959; x_wconf 88' lang='lat' dir='ltr'><strong>stare</strong></span> <span class='ocrx_word' id='word_1_365' title='bbox 605 2919 710 2958; x_wconf 88' lang='lat' dir='ltr'><strong>non</strong></span> <span class='ocrx_word' id='word_1_366' title='bbox 752 2911 950 2973; x_wconf 86' lang='lat' dir='ltr'><strong>potest,</strong></span> <span class='ocrx_word' id='word_1_367' title='bbox 979 2911 1040 2959; x_wconf 83' lang='lat' dir='ltr'><strong>ut</strong></span> <span class='ocrx_word' id='word_1_368' title='bbox 1080 2905 1218 2961; x_wconf 87' lang='lat' dir='ltr'><strong>alius</strong></span> <span class='ocrx_word' id='word_1_369' title='bbox 1241 2906 1312 2960; x_wconf 87' lang='lat' dir='ltr'><strong>sit</strong></span> <span class='ocrx_word' id='word_1_370' title='bbox 1349 2904 1528 2974; x_wconf 89' lang='lat' dir='ltr'><strong>Pater,</strong></span> <span class='ocrx_word' id='word_1_371' title='bbox 1572 2909 1662 2980; x_wconf 89' lang='lat' dir='ltr'><strong>qui</strong></span> <span class='ocrx_word' id='word_1_372' title='bbox 1697 2910 1909 2977; x_wconf 90' lang='lat' dir='ltr'><strong>genuit;</strong></span> <span class='ocrx_word' id='word_1_373' title='bbox 1940 2919 1995 2964; x_wconf 93' lang='lat' dir='ltr'><strong>et</strong></span> 
     </span>
    </p>
   </div>
   <div class='ocr_carea' id='block_1_46' title="bbox 425 2995 1994 3073">
    <p class='ocr_par' dir='ltr' id='par_1_46' title="bbox 425 2995 1994 3073">
     <span class='ocr_line' id='line_1_46' title="bbox 425 2995 1994 3073; baseline 0.008 -27"><span class='ocrx_word' id='word_1_374' title='bbox 425 2996 560 3051; x_wconf 87' lang='lat' dir='ltr'><strong>alius</strong></span> <span class='ocrx_word' id='word_1_375' title='bbox 590 2997 658 3051; x_wconf 87' lang='lat' dir='ltr'><strong>sit</strong></span> <span class='ocrx_word' id='word_1_376' title='bbox 684 2995 866 3061; x_wconf 79' lang='lat' dir='ltr'><strong>Filius,</strong></span> <span class='ocrx_word' id='word_1_377' title='bbox 909 2997 1001 3065; x_wconf 87' lang='lat' dir='ltr'><strong>qui</strong></span> <span class='ocrx_word' id='word_1_378' title='bbox 1027 2998 1238 3066; x_wconf 87' lang='lat' dir='ltr'><strong>genitus</strong></span> <span class='ocrx_word' id='word_1_379' title='bbox 1273 3006 1358 3053; x_wconf 89' lang='lat' dir='ltr'><strong>est</strong></span> <span class='ocrx_word' id='word_1_380' title='bbox 1388 3016 1400 3052; x_wconf 91' lang='lat'><strong>:</strong></span> <span class='ocrx_word' id='word_1_381' title='bbox 1436 2999 1505 3054; x_wconf 92' lang='lat' dir='ltr'><strong>ita</strong></span> <span class='ocrx_word' id='word_1_382' title='bbox 1554 3009 1611 3054; x_wconf 93' lang='lat' dir='ltr'><strong>ut</strong></span> <span class='ocrx_word' id='word_1_383' title='bbox 1644 3017 1748 3057; x_wconf 91' lang='lat' dir='ltr'><strong>non</strong></span> <span class='ocrx_word' id='word_1_384' title='bbox 1783 3003 1852 3058; x_wconf 91' lang='lat' dir='ltr'><strong>sit</strong></span> <span class='ocrx_word' id='word_1_385' title='bbox 1881 3003 1994 3073; x_wconf 88' lang='lat' dir='ltr'><strong>ipse</strong></span> 
     </span>
    </p>
   </div>
   <div class='ocr_carea' id='block_1_47' title="bbox 2090 1822 3627 1892">
    <p class='ocr_par' dir='ltr' id='par_1_47' title="bbox 2090 1822 3627 1892">
     <span class='ocr_line' id='line_1_47' title="bbox 2090 1822 3627 1892; baseline -0.001 -13"><span class='ocrx_word' id='word_1_386' title='bbox 2090 1831 2281 1892; x_wconf 91' lang='lat' dir='ltr'><strong>genter</strong></span> <span class='ocrx_word' id='word_1_387' title='bbox 2325 1822 2504 1879; x_wconf 79' lang='lat' dir='ltr'><strong>feratis</strong></span> <span class='ocrx_word' id='word_1_388' title='bbox 2530 1833 2764 1879; x_wconf 87' lang='lat' dir='ltr'><strong>vestram</strong></span> <span class='ocrx_word' id='word_1_389' title='bbox 2803 1830 3118 1879; x_wconf 88' lang='lat' dir='ltr'><strong>renuentem</strong></span> <span class='ocrx_word' id='word_1_390' title='bbox 3164 1826 3492 1879; x_wconf 88' lang='lat' dir='ltr'><strong>sententiam.</strong></span> <span class='ocrx_word' id='word_1_391' title='bbox 3532 1824 3627 1878; x_wconf 74' lang='lat' dir='ltr'><strong>Non</strong></span> 
     </span>
    </p>
   </div>
   <div class='ocr_carea' id='block_1_48' title="bbox 2091 1913 3626 1984">
    <p class='ocr_par' dir='ltr' id='par_1_48' title="bbox 2091 1913 3626 1984">
     <span class='ocr_line' id='line_1_48' title="bbox 2091 1913 3626 1984; baseline -0.001 -17"><span class='ocrx_word' id='word_1_392' title='bbox 2091 1913 2233 1967; x_wconf 92' lang='lat' dir='ltr'><strong>enim</strong></span> <span class='ocrx_word' id='word_1_393' title='bbox 2259 1928 2558 1983; x_wconf 77' lang='lat' dir='ltr'><strong>expavesco</strong></span> <span class='ocrx_word' id='word_1_394' title='bbox 2588 1913 2674 1969; x_wconf 85' lang='lat' dir='ltr'><strong>illa</strong></span> <span class='ocrx_word' id='word_1_395' title='bbox 2703 1913 3016 1984; x_wconf 84' lang='lat' dir='ltr'><strong>incorporea</strong></span> <span class='ocrx_word' id='word_1_396' title='bbox 3047 1914 3295 1984; x_wconf 82' lang='lat' dir='ltr'><strong>exempla</strong></span> <span class='ocrx_word' id='word_1_397' title='bbox 3315 1922 3626 1982; x_wconf 70' lang='lat' dir='ltr'><strong>quzcrenlem,</strong></span> 
     </span>
    </p>
   </div>
   <div class='ocr_carea' id='block_1_49' title="bbox 2091 2001 3630 2073">
    <p class='ocr_par' dir='ltr' id='par_1_49' title="bbox 2091 2001 3630 2073">
     <span class='ocr_line' id='line_1_49' title="bbox 2091 2001 3630 2073; baseline -0.001 -14"><span class='ocrx_word' id='word_1_398' title='bbox 2091 2019 2214 2059; x_wconf 92' lang='lat' dir='ltr'><strong>cum</strong></span> <span class='ocrx_word' id='word_1_399' title='bbox 2246 2018 2429 2058; x_wconf 89' lang='lat' dir='ltr'><strong>verum</strong></span> <span class='ocrx_word' id='word_1_400' title='bbox 2458 2001 2691 2069; x_wconf 86' lang='lat' dir='ltr'><strong>Patrem,</strong></span> <span class='ocrx_word' id='word_1_401' title='bbox 2720 2018 2903 2058; x_wconf 78' lang='lat' dir='ltr'><strong>verum</strong></span> <span class='ocrx_word' id='word_1_402' title='bbox 2945 2001 3159 2065; x_wconf 84' lang='lat' dir='ltr'><strong>Filium,</strong></span> <span class='ocrx_word' id='word_1_403' title='bbox 3186 2019 3368 2058; x_wconf 83' lang='lat' dir='ltr'><strong>verum</strong></span> <span class='ocrx_word' id='word_1_404' title='bbox 3407 2002 3630 2073; x_wconf 88' lang='lat' dir='ltr'><strong>Spiritum</strong></span> 
     </span>
    </p>
   </div>
   <div class='ocr_carea' id='block_1_50' title="bbox 2090 2090 3635 2162">
    <p class='ocr_par' dir='ltr' id='par_1_50' title="bbox 2090 2090 3635 2162">
     <span class='ocr_line' id='line_1_50' title="bbox 2090 2090 3635 2162; baseline -0.003 -13"><span class='ocrx_word' id='word_1_405' title='bbox 2090 2101 2352 2159; x_wconf 89' lang='lat' dir='ltr'><strong>sanetum,</strong></span> <span class='ocrx_word' id='word_1_406' title='bbox 2381 2107 2510 2149; x_wconf 81' lang='lat' dir='ltr'><strong>vere</strong></span> <span class='ocrx_word' id='word_1_407' title='bbox 2530 2100 2641 2148; x_wconf 88' lang='lat' dir='ltr'><strong>tres</strong></span> <span class='ocrx_word' id='word_1_408' title='bbox 2666 2109 2679 2145; x_wconf 91' lang='lat'><strong>:</strong></span> <span class='ocrx_word' id='word_1_409' title='bbox 2711 2107 2839 2148; x_wconf 86' lang='lat' dir='ltr'><strong>vere</strong></span> <span class='ocrx_word' id='word_1_410' title='bbox 2859 2107 3022 2147; x_wconf 89' lang='lat' dir='ltr'><strong>unum</strong></span> <span class='ocrx_word' id='word_1_411' title='bbox 3044 2090 3306 2148; x_wconf 79' lang='lat' dir='ltr'><strong>conﬁteor</strong></span> <span class='ocrx_word' id='word_1_412' title='bbox 3331 2093 3635 2162; x_wconf 83' lang='lat' dir='ltr'><strong>omnipoten-</strong></span> 
     </span>
    </p>
   </div>
   <div class='ocr_carea' id='block_1_51' title="bbox 2090 2179 3634 2252">
    <p class='ocr_par' dir='ltr' id='par_1_51' title="bbox 2090 2179 3634 2252">
     <span class='ocr_line' id='line_1_51' title="bbox 2090 2179 3634 2252; baseline -0.002 -14"><span class='ocrx_word' id='word_1_413' title='bbox 2090 2189 2200 2238; x_wconf 90' lang='lat' dir='ltr'><strong>tem</strong></span> <span class='ocrx_word' id='word_1_414' title='bbox 2227 2191 2284 2238; x_wconf 92' lang='lat' dir='ltr'><strong>et</strong></span> <span class='ocrx_word' id='word_1_415' title='bbox 2324 2182 2559 2237; x_wconf 89' lang='lat' dir='ltr'><strong>credam.</strong></span> <span class='ocrx_word' id='word_1_416' title='bbox 2591 2179 2961 2251; x_wconf 87' lang='lat' dir='ltr'><strong>Compellatur</strong></span> <span class='ocrx_word' id='word_1_417' title='bbox 3002 2196 3135 2237; x_wconf 85' lang='lat' dir='ltr'><strong>sane</strong></span> <span class='ocrx_word' id='word_1_418' title='bbox 3175 2179 3429 2252; x_wconf 88' lang='lat' dir='ltr'><strong>Serapion</strong></span> <span class='ocrx_word' id='word_1_419' title='bbox 3468 2181 3527 2237; x_wconf 88' lang='lat' dir='ltr'><strong>de</strong></span> <span class='ocrx_word' id='word_1_420' title='bbox 3548 2182 3634 2235; x_wconf 89' lang='lat' dir='ltr'><strong>hac</strong></span> 
     </span>
    </p>
   </div>
   <div class='ocr_carea' id='block_1_52' title="bbox 2092 2277 3633 2350">
    <p class='ocr_par' dir='ltr' id='par_1_52' title="bbox 2092 2277 3633 2350">
     <span class='ocr_line' id='line_1_52' title="bbox 2092 2277 3633 2350; baseline -0.004 -13"><span class='ocrx_word' id='word_1_421' title='bbox 2092 2281 2509 2350; x_wconf 89' lang='lat' dir='ltr'><strong>interrogatione</strong></span> <span class='ocrx_word' id='word_1_422' title='bbox 2535 2278 2773 2350; x_wconf 83' lang='lat' dir='ltr'><strong>proﬁteri</strong></span> <span class='ocrx_word' id='word_1_423' title='bbox 2801 2278 3091 2341; x_wconf 88' lang='lat' dir='ltr'><strong>silentium,</strong></span> <span class='ocrx_word' id='word_1_424' title='bbox 3128 2294 3249 2335; x_wconf 90' lang='lat' dir='ltr'><strong>cum</strong></span> <span class='ocrx_word' id='word_1_425' title='bbox 3287 2279 3423 2333; x_wconf 88' lang='lat' dir='ltr'><strong>sicut</strong></span> <span class='ocrx_word' id='word_1_426' title='bbox 3444 2277 3506 2333; x_wconf 87' lang='lat' dir='ltr'><strong>de</strong></span> <span class='ocrx_word' id='word_1_427' title='bbox 3528 2292 3633 2332; x_wconf 79' lang='lat' dir='ltr'><strong>cor-</strong></span> 
     </span>
    </p>
   </div>
   <div class='ocr_carea' id='block_1_53' title="bbox 2090 2366 3632 2443">
    <p class='ocr_par' dir='ltr' id='par_1_53' title="bbox 2090 2366 3632 2443">
     <span class='ocr_line' id='line_1_53' title="bbox 2090 2366 3632 2443; baseline -0.004 -17"><span class='ocrx_word' id='word_1_428' title='bbox 2090 2372 2289 2443; x_wconf 89' lang='lat' dir='ltr'><strong>poreis,</strong></span> <span class='ocrx_word' id='word_1_429' title='bbox 2314 2372 2385 2425; x_wconf 89' lang='lat' dir='ltr'><strong>ita</strong></span> <span class='ocrx_word' id='word_1_430' title='bbox 2407 2379 2461 2425; x_wconf 90' lang='lat' dir='ltr'><strong>et</strong></span> <span class='ocrx_word' id='word_1_431' title='bbox 2480 2370 2546 2425; x_wconf 91' lang='lat' dir='ltr'><strong>de</strong></span> <span class='ocrx_word' id='word_1_432' title='bbox 2574 2369 2922 2439; x_wconf 82' lang='lat' dir='ltr'><strong>incorporeis,</strong></span> <span class='ocrx_word' id='word_1_433' title='bbox 2947 2368 3193 2439; x_wconf 83' lang='lat' dir='ltr'><strong>exempla</strong></span> <span class='ocrx_word' id='word_1_434' title='bbox 3224 2369 3506 2440; x_wconf 89' lang='lat' dir='ltr'><strong>protulero.</strong></span> <span class='ocrx_word' id='word_1_435' title='bbox 3528 2366 3632 2436; x_wconf 85' lang='lat' dir='ltr'><strong>qui-</strong></span> 
     </span>
    </p>
   </div>
   <div class='ocr_carea' id='block_1_54' title="bbox 2089 2458 3637 2530">
    <p class='ocr_par' dir='ltr' id='par_1_54' title="bbox 2089 2458 3637 2530">
     <span class='ocr_line' id='line_1_54' title="bbox 2089 2458 3637 2530; baseline -0.006 -13"><span class='ocrx_word' id='word_1_436' title='bbox 2089 2463 2191 2517; x_wconf 89' lang='lat' dir='ltr'><strong>bus</strong></span> <span class='ocrx_word' id='word_1_437' title='bbox 2234 2471 2465 2517; x_wconf 87' lang='lat' dir='ltr'><strong>astruam</strong></span> <span class='ocrx_word' id='word_1_438' title='bbox 2495 2469 2604 2515; x_wconf 91' lang='lat' dir='ltr'><strong>tres</strong></span> <span class='ocrx_word' id='word_1_439' title='bbox 2626 2476 2885 2530; x_wconf 88' lang='lat' dir='ltr'><strong>personas</strong></span> <span class='ocrx_word' id='word_1_440' title='bbox 2918 2460 2969 2513; x_wconf 93' lang='lat' dir='ltr'><strong>in</strong></span> <span class='ocrx_word' id='word_1_441' title='bbox 3000 2476 3103 2514; x_wconf 87' lang='lat' dir='ltr'><strong>una</strong></span> <span class='ocrx_word' id='word_1_442' title='bbox 3136 2475 3255 2516; x_wconf 90' lang='lat' dir='ltr'><strong>esse</strong></span> <span class='ocrx_word' id='word_1_443' title='bbox 3280 2458 3637 2516; x_wconf 72' lang='lat' dir='ltr'><strong>substantia.-</strong></span> 
     </span>
    </p>
   </div>
   <div class='ocr_carea' id='block_1_55' title="bbox 2090 2544 3636 2621">
    <p class='ocr_par' dir='ltr' id='par_1_55' title="bbox 2090 2544 3636 2621">
     <span class='ocr_line' id='line_1_55' title="bbox 2090 2544 3636 2621; baseline -0.007 -12"><span class='ocrx_word' id='word_1_444' title='bbox 2090 2553 2303 2610; x_wconf 69' lang='lat' dir='ltr'><strong>Iudices</strong></span> <span class='ocrx_word' id='word_1_445' title='bbox 2346 2554 2637 2608; x_wconf 79' lang='lat' dir='ltr'><strong>dixerunt:</strong></span> <span class='ocrx_word' id='word_1_446' title='bbox 2688 2548 2927 2607; x_wconf 70' lang='lat' dir='ltr'><strong>tEdicat</strong></span> <span class='ocrx_word' id='word_1_447' title='bbox 2971 2550 3235 2621; x_wconf 84' lang='lat' dir='ltr'><strong>Serapion</strong></span> <span class='ocrx_word' id='word_1_448' title='bbox 3277 2550 3343 2605; x_wconf 92' lang='lat' dir='ltr'><strong>ad</strong></span> <span class='ocrx_word' id='word_1_449' title='bbox 3386 2549 3532 2618; x_wconf 78' lang='lat' dir='ltr'><strong>hujus</strong></span> <span class='ocrx_word' id='word_1_450' title='bbox 3570 2544 3636 2602; x_wconf 85' lang='lat' dir='ltr'><strong>rei</strong></span> 
     </span>
    </p>
   </div>
   <div class='ocr_carea' id='block_1_56' title="bbox 2091 2638 3634 2717">
    <p class='ocr_par' dir='ltr' id='par_1_56' title="bbox 2091 2638 3634 2717">
     <span class='ocr_line' id='line_1_56' title="bbox 2091 2638 3634 2717; baseline -0.006 -17"><span class='ocrx_word' id='word_1_451' title='bbox 2091 2644 2463 2717; x_wconf 89' lang='lat' dir='ltr'><strong>probationem</strong></span> <span class='ocrx_word' id='word_1_452' title='bbox 2484 2643 2587 2697; x_wconf 93' lang='lat' dir='ltr'><strong>hoc</strong></span> <span class='ocrx_word' id='word_1_453' title='bbox 2616 2642 2785 2698; x_wconf 91' lang='lat' dir='ltr'><strong>solum</strong></span> <span class='ocrx_word' id='word_1_454' title='bbox 2806 2642 3012 2704; x_wconf 88' lang='lat' dir='ltr'><strong>deesse,</strong></span> <span class='ocrx_word' id='word_1_455' title='bbox 3046 2650 3104 2695; x_wconf 93' lang='lat' dir='ltr'><strong>ut</strong></span> <span class='ocrx_word' id='word_1_456' title='bbox 3132 2642 3201 2696; x_wconf 89' lang='lat' dir='ltr'><strong>ab</strong></span> <span class='ocrx_word' id='word_1_457' title='bbox 3231 2640 3461 2696; x_wconf 83' lang='lat' dir='ltr'><strong>Arnobio</strong></span> <span class='ocrx_word' id='word_1_458' title='bbox 3485 2638 3634 2692; x_wconf 83' lang='lat' dir='ltr'><strong>incor-</strong></span> 
     </span>
    </p>
   </div>
   <div class='ocr_carea' id='block_1_57' title="bbox 2092 2723 3640 2803">
    <p class='ocr_par' dir='ltr' id='par_1_57' title="bbox 2092 2723 3640 2803">
     <span class='ocr_line' id='line_1_57' title="bbox 2092 2723 3640 2803; baseline -0.006 -15"><span class='ocrx_word' id='word_1_459' title='bbox 2092 2748 2258 2803; x_wconf 89' lang='lat' dir='ltr'><strong>porea</strong></span> <span class='ocrx_word' id='word_1_460' title='bbox 2286 2731 2626 2803; x_wconf 76' lang='lat' dir='ltr'><strong>proferantur</strong></span> <span class='ocrx_word' id='word_1_461' title='bbox 2653 2731 2914 2801; x_wconf 87' lang='lat' dir='ltr'><strong>exempla.</strong></span> <span class='ocrx_word' id='word_1_462' title='bbox 2932 2723 3278 2799; x_wconf 83' lang='lat' dir='ltr'><strong>—Serapion</strong></span> <span class='ocrx_word' id='word_1_463' title='bbox 3309 2730 3472 2784; x_wconf 82' lang='lat' dir='ltr'><strong>dixit:</strong></span> <span class='ocrx_word' id='word_1_464' title='bbox 3502 2725 3640 2780; x_wconf 84' lang='lat' dir='ltr'><strong>Satis-</strong></span> 
     </span>
    </p>
   </div>
   <div class='ocr_carea' id='block_1_58' title="bbox 2093 2817 3636 2891">
    <p class='ocr_par' dir='ltr' id='par_1_58' title="bbox 2093 2817 3636 2891">
     <span class='ocr_line' id='line_1_58' title="bbox 2093 2817 3636 2891; baseline -0.006 -14"><span class='ocrx_word' id='word_1_465' title='bbox 2093 2823 2293 2879; x_wconf 92' lang='lat' dir='ltr'><strong>factum</strong></span> <span class='ocrx_word' id='word_1_466' title='bbox 2342 2822 2552 2878; x_wconf 89' lang='lat' dir='ltr'><strong>fatebor</strong></span> <span class='ocrx_word' id='word_1_467' title='bbox 2596 2836 2728 2878; x_wconf 91' lang='lat' dir='ltr'><strong>sane</strong></span> <span class='ocrx_word' id='word_1_468' title='bbox 2775 2838 2894 2877; x_wconf 91' lang='lat' dir='ltr'><strong>cum</strong></span> <span class='ocrx_word' id='word_1_469' title='bbox 2941 2822 3255 2891; x_wconf 89' lang='lat' dir='ltr'><strong>incorporea</strong></span> <span class='ocrx_word' id='word_1_470' title='bbox 3302 2818 3533 2889; x_wconf 89' lang='lat' dir='ltr'><strong>exempla</strong></span> <span class='ocrx_word' id='word_1_471' title='bbox 3577 2817 3636 2869; x_wconf 86' lang='lat' dir='ltr'><strong>ita</strong></span> 
     </span>
    </p>
   </div>
   <div class='ocr_carea' id='block_1_59' title="bbox 2092 2906 3639 2983">
    <p class='ocr_par' dir='ltr' id='par_1_59' title="bbox 2092 2906 3639 2983">
     <span class='ocr_line' id='line_1_59' title="bbox 2092 2906 3639 2983; baseline -0.007 -15"><span class='ocrx_word' id='word_1_472' title='bbox 2092 2912 2290 2969; x_wconf 90' lang='lat' dir='ltr'><strong>fuerint</strong></span> <span class='ocrx_word' id='word_1_473' title='bbox 2315 2914 2454 2970; x_wconf 89' lang='lat' dir='ltr'><strong>sicut</strong></span> <span class='ocrx_word' id='word_1_474' title='bbox 2485 2927 2742 2983; x_wconf 84' lang='lat' dir='ltr'><strong>corporea</strong></span> <span class='ocrx_word' id='word_1_475' title='bbox 2764 2912 3037 2967; x_wconf 88' lang='lat' dir='ltr'><strong>evidenter</strong></span> <span class='ocrx_word' id='word_1_476' title='bbox 3056 2906 3639 2981; x_wconf 84' lang='lat' dir='ltr'><strong>expressa.—-Arnobius</strong></span> 
     </span>
    </p>
   </div>
   <div class='ocr_carea' id='block_1_60' title="bbox 2094 3001 3640 3074">
    <p class='ocr_par' dir='ltr' id='par_1_60' title="bbox 2094 3001 3640 3074">
     <span class='ocr_line' id='line_1_60' title="bbox 2094 3001 3640 3074; baseline -0.006 -16"><span class='ocrx_word' id='word_1_477' title='bbox 2094 3003 2230 3061; x_wconf 80' lang='lat' dir='ltr'><strong>dixit</strong></span> <span class='ocrx_word' id='word_1_478' title='bbox 2263 3023 2274 3058; x_wconf 93' lang='lat'><strong>:</strong></span> <span class='ocrx_word' id='word_1_479' title='bbox 2305 3004 2549 3074; x_wconf 83' lang='lat' dir='ltr'><strong>Nunquid</strong></span> <span class='ocrx_word' id='word_1_480' title='bbox 2576 3018 2860 3074; x_wconf 88' lang='lat' dir='ltr'><strong>possumus</strong></span> <span class='ocrx_word' id='word_1_481' title='bbox 2890 3003 2940 3055; x_wconf 93' lang='lat' dir='ltr'><strong>in</strong></span> <span class='ocrx_word' id='word_1_482' title='bbox 2972 3017 3078 3056; x_wconf 92' lang='lat' dir='ltr'><strong>uno</strong></span> <span class='ocrx_word' id='word_1_483' title='bbox 3098 3002 3317 3056; x_wconf 90' lang='lat' dir='ltr'><strong>homine</strong></span> <span class='ocrx_word' id='word_1_484' title='bbox 3343 3001 3512 3070; x_wconf 89' lang='lat' dir='ltr'><strong>aliquo</strong></span> <span class='ocrx_word' id='word_1_485' title='bbox 3536 3012 3640 3067; x_wconf 81' lang='lat' dir='ltr'><strong>pcr-</strong></span> 
     </span>
    </p>
   </div>
   <div class='ocr_carea' id='block_1_61' title="bbox 426 3085 3640 3163">
    <p class='ocr_par' dir='ltr' id='par_1_61' title="bbox 426 3085 3640 3163">
     <span class='ocr_line' id='line_1_61' title="bbox 426 3085 3640 3163; baseline -0.001 -24"><span class='ocrx_word' id='word_1_486' title='bbox 426 3086 604 3150; x_wconf 76' lang='lat' dir='ltr'><strong>Pater,</strong></span> <span class='ocrx_word' id='word_1_487' title='bbox 634 3088 724 3158; x_wconf 84' lang='lat' dir='ltr'><strong>qui</strong></span> <span class='ocrx_word' id='word_1_488' title='bbox 745 3096 827 3143; x_wconf 86' lang='lat' dir='ltr'><strong>est</strong></span> <span class='ocrx_word' id='word_1_489' title='bbox 855 3088 1038 3154; x_wconf 81' lang='lat' dir='ltr'><strong>Filius,</strong></span> <span class='ocrx_word' id='word_1_490' title='bbox 1069 3098 1124 3144; x_wconf 87' lang='lat' dir='ltr'><strong>et</strong></span> <span class='ocrx_word' id='word_1_491' title='bbox 1145 3097 1319 3145; x_wconf 90' lang='lat' dir='ltr'><strong>tamen</strong></span> <span class='ocrx_word' id='word_1_492' title='bbox 1342 3107 1480 3146; x_wconf 87' lang='lat' dir='ltr'><strong>unus</strong></span> <span class='ocrx_word' id='word_1_493' title='bbox 1499 3091 1638 3146; x_wconf 86' lang='lat' dir='ltr'><strong>Deus</strong></span> <span class='ocrx_word' id='word_1_494' title='bbox 1660 3093 1997 3149; x_wconf 82' lang='lat' dir='ltr'><strong>sit.—Arno-</strong></span> <span class='ocrx_word' id='word_1_495' title='bbox 2024 3095 2069 3159; x_wconf 85' lang='lat' dir='ltr'><strong>C</strong></span> <span class='ocrx_word' id='word_1_496' title='bbox 2100 3097 2290 3152; x_wconf 84' lang='lat' dir='ltr'><strong>fectam</strong></span> <span class='ocrx_word' id='word_1_497' title='bbox 2343 3094 2522 3149; x_wconf 90' lang='lat' dir='ltr'><strong>dicere</strong></span> <span class='ocrx_word' id='word_1_498' title='bbox 2573 3092 2887 3163; x_wconf 84' lang='lat' dir='ltr'><strong>sapientiam</strong></span> <span class='ocrx_word' id='word_1_499' title='bbox 2930 3106 3066 3155; x_wconf 87' lang='lat' dir='ltr'><strong>esse,</strong></span> <span class='ocrx_word' id='word_1_500' title='bbox 3111 3090 3165 3144; x_wconf 91' lang='lat' dir='ltr'><strong>in</strong></span> <span class='ocrx_word' id='word_1_501' title='bbox 3206 3106 3312 3160; x_wconf 90' lang='lat' dir='ltr'><strong>quo</strong></span> <span class='ocrx_word' id='word_1_502' title='bbox 3355 3089 3559 3143; x_wconf 90' lang='lat' dir='ltr'><strong>minime</strong></span> <span class='ocrx_word' id='word_1_503' title='bbox 3583 3085 3640 3138; x_wconf 85' lang='lat' dir='ltr'><strong>sit</strong></span> 
     </span>
    </p>
   </div>
   <div class='ocr_carea' id='block_1_62' title="bbox 427 3176 1996 3254">
    <p class='ocr_par' dir='ltr' id='par_1_62' title="bbox 427 3176 1996 3254">
     <span class='ocr_line' id='line_1_62' title="bbox 427 3176 1996 3254; baseline 0.006 -23"><span class='ocrx_word' id='word_1_504' title='bbox 427 3179 544 3232; x_wconf 84' lang='lat' dir='ltr'><strong>bius</strong></span> <span class='ocrx_word' id='word_1_505' title='bbox 564 3178 695 3233; x_wconf 82' lang='lat' dir='ltr'><strong>dixit</strong></span> <span class='ocrx_word' id='word_1_506' title='bbox 719 3196 733 3232; x_wconf 93' lang='lat'><strong>:</strong></span> <span class='ocrx_word' id='word_1_507' title='bbox 756 3176 871 3246; x_wconf 82' lang='lat' dir='ltr'><strong>Ego</strong></span> <span class='ocrx_word' id='word_1_508' title='bbox 892 3179 943 3233; x_wconf 92' lang='lat' dir='ltr'><strong>in</strong></span> <span class='ocrx_word' id='word_1_509' title='bbox 965 3180 1139 3249; x_wconf 89' lang='lat' dir='ltr'><strong>teipso</strong></span> <span class='ocrx_word' id='word_1_510' title='bbox 1162 3180 1443 3249; x_wconf 88' lang='lat' dir='ltr'><strong>assignabo</strong></span> <span class='ocrx_word' id='word_1_511' title='bbox 1466 3182 1557 3237; x_wconf 91' lang='lat' dir='ltr'><strong>tibi</strong></span> <span class='ocrx_word' id='word_1_512' title='bbox 1583 3182 1716 3238; x_wconf 90' lang='lat' dir='ltr'><strong>duas</strong></span> <span class='ocrx_word' id='word_1_513' title='bbox 1737 3200 1996 3254; x_wconf 88' lang='lat' dir='ltr'><strong>personas</strong></span> 
     </span>
    </p>
   </div>
   <div class='ocr_carea' id='block_1_63' title="bbox 428 3269 1998 3340">
    <p class='ocr_par' dir='ltr' id='par_1_63' title="bbox 428 3269 1998 3340">
     <span class='ocr_line' id='line_1_63' title="bbox 428 3269 1998 3340; baseline 0.005 -17"><span class='ocrx_word' id='word_1_514' title='bbox 428 3269 623 3324; x_wconf 82' lang='lat' dir='ltr'><strong>habere</strong></span> <span class='ocrx_word' id='word_1_515' title='bbox 652 3283 809 3323; x_wconf 88' lang='lat' dir='ltr'><strong>unam</strong></span> <span class='ocrx_word' id='word_1_516' title='bbox 836 3269 1538 3340; x_wconf 68' lang='lat' dir='ltr'><strong>substantiam—Serapion</strong></span> <span class='ocrx_word' id='word_1_517' title='bbox 1564 3272 1695 3327; x_wconf 80' lang='lat' dir='ltr'><strong>dixit</strong></span> <span class='ocrx_word' id='word_1_518' title='bbox 1719 3292 1730 3326; x_wconf 96' lang='lat'><strong>:</strong></span> <span class='ocrx_word' id='word_1_519' title='bbox 1756 3272 1781 3311; x_wconf 76' lang='grc' dir='ltr'>ἀ</span> <span class='ocrx_word' id='word_1_520' title='bbox 1811 3274 1998 3330; x_wconf 88' lang='lat' dir='ltr'><strong>Cesset</strong></span> 
     </span>
    </p>
   </div>
   <div class='ocr_carea' id='block_1_64' title="bbox 427 3360 1997 3421">
    <p class='ocr_par' dir='ltr' id='par_1_64' title="bbox 427 3360 1997 3421">
     <span class='ocr_line' id='line_1_64' title="bbox 427 3360 1997 3421; baseline 0.004 -7"><span class='ocrx_word' id='word_1_521' title='bbox 427 3377 516 3416; x_wconf 84' lang='lat' dir='ltr'><strong>ars</strong></span> <span class='ocrx_word' id='word_1_522' title='bbox 540 3360 1177 3416; x_wconf 85' lang='lat' dir='ltr'><strong>dialectica.—Arnobius</strong></span> <span class='ocrx_word' id='word_1_523' title='bbox 1196 3361 1332 3417; x_wconf 91' lang='lat' dir='ltr'><strong>dixit</strong></span> <span class='ocrx_word' id='word_1_524' title='bbox 1362 3378 1375 3415; x_wconf 89' lang='lat'><strong>:</strong></span> <span class='ocrx_word' id='word_1_525' title='bbox 1407 3362 1507 3417; x_wconf 83' lang='lat' dir='ltr'><strong>Ars</strong></span> <span class='ocrx_word' id='word_1_526' title='bbox 1534 3363 1811 3420; x_wconf 89' lang='lat' dir='ltr'><strong>dialectica</strong></span> <span class='ocrx_word' id='word_1_527' title='bbox 1836 3366 1889 3419; x_wconf 93' lang='lat' dir='ltr'><strong>in</strong></span> <span class='ocrx_word' id='word_1_528' title='bbox 1911 3382 1997 3421; x_wconf 88' lang='lat' dir='ltr'><strong>re-</strong></span> 
     </span>
    </p>
   </div>
   <div class='ocr_carea' id='block_1_65' title="bbox 429 3451 1995 3528">
    <p class='ocr_par' dir='ltr' id='par_1_65' title="bbox 429 3451 1995 3528">
     <span class='ocr_line' id='line_1_65' title="bbox 429 3451 1995 3528; baseline 0.004 -24"><span class='ocrx_word' id='word_1_529' title='bbox 429 3453 527 3505; x_wconf 86' lang='lat' dir='ltr'><strong>bus</strong></span> <span class='ocrx_word' id='word_1_530' title='bbox 553 3451 790 3507; x_wconf 88' lang='lat' dir='ltr'><strong>obscuris</strong></span> <span class='ocrx_word' id='word_1_531' title='bbox 815 3451 1127 3519; x_wconf 86' lang='lat' dir='ltr'><strong>ingreditur,</strong></span> <span class='ocrx_word' id='word_1_532' title='bbox 1156 3459 1215 3506; x_wconf 93' lang='lat' dir='ltr'><strong>ut</strong></span> <span class='ocrx_word' id='word_1_533' title='bbox 1234 3451 1476 3507; x_wconf 84' lang='lat' dir='ltr'><strong>videatur</strong></span> <span class='ocrx_word' id='word_1_534' title='bbox 1496 3468 1614 3509; x_wconf 89' lang='lat' dir='ltr'><strong>esse</strong></span> <span class='ocrx_word' id='word_1_535' title='bbox 1645 3470 1826 3528; x_wconf 83' lang='lat' dir='ltr'><strong>verum</strong></span> <span class='ocrx_word' id='word_1_536' title='bbox 1851 3457 1995 3525; x_wconf 92' lang='lat' dir='ltr'><strong>quod</strong></span> 
     </span>
    </p>
   </div>
   <div class='ocr_carea' id='block_1_66' title="bbox 429 3540 1995 3615">
    <p class='ocr_par' dir='ltr' id='par_1_66' title="bbox 429 3540 1995 3615">
     <span class='ocr_line' id='line_1_66' title="bbox 429 3540 1995 3615; baseline 0.006 -22"><span class='ocrx_word' id='word_1_537' title='bbox 429 3556 612 3595; x_wconf 81' lang='lat' dir='ltr'><strong>verum</strong></span> <span class='ocrx_word' id='word_1_538' title='bbox 653 3549 753 3596; x_wconf 89' lang='lat' dir='ltr'><strong>est.</strong></span> <span class='ocrx_word' id='word_1_539' title='bbox 785 3540 897 3611; x_wconf 85' lang='lat' dir='ltr'><strong>Ego</strong></span> <span class='ocrx_word' id='word_1_540' title='bbox 941 3550 1121 3597; x_wconf 88' lang='lat' dir='ltr'><strong>autem</strong></span> <span class='ocrx_word' id='word_1_541' title='bbox 1148 3543 1402 3612; x_wconf 88' lang='lat' dir='ltr'><strong>promitto</strong></span> <span class='ocrx_word' id='word_1_542' title='bbox 1430 3558 1517 3597; x_wconf 90' lang='lat' dir='ltr'><strong>me</strong></span> <span class='ocrx_word' id='word_1_543' title='bbox 1538 3544 1590 3598; x_wconf 91' lang='lat' dir='ltr'><strong>in</strong></span> <span class='ocrx_word' id='word_1_544' title='bbox 1622 3546 1790 3615; x_wconf 90' lang='lat' dir='ltr'><strong>teipso</strong></span> <span class='ocrx_word' id='word_1_545' title='bbox 1811 3556 1995 3603; x_wconf 84' lang='lat' dir='ltr'><strong>osten-</strong></span> 
     </span>
    </p>
   </div>
   <div class='ocr_carea' id='block_1_67' title="bbox 430 3630 1998 3699">
    <p class='ocr_par' dir='ltr' id='par_1_67' title="bbox 430 3630 1998 3699">
     <span class='ocr_line' id='line_1_67' title="bbox 430 3630 1998 3699; baseline 0.006 -17"><span class='ocrx_word' id='word_1_546' title='bbox 430 3645 608 3683; x_wconf 82' lang='lat' dir='ltr'><strong>surum</strong></span> <span class='ocrx_word' id='word_1_547' title='bbox 636 3645 892 3699; x_wconf 77' lang='lat' dir='ltr'><strong>personas</strong></span> <span class='ocrx_word' id='word_1_548' title='bbox 917 3630 1048 3685; x_wconf 90' lang='lat' dir='ltr'><strong>dnas</strong></span> <span class='ocrx_word' id='word_1_549' title='bbox 1077 3634 1234 3685; x_wconf 81' lang='lat' dir='ltr'><strong>unam</strong></span> <span class='ocrx_word' id='word_1_550' title='bbox 1276 3631 1474 3686; x_wconf 89' lang='lat' dir='ltr'><strong>habere</strong></span> <span class='ocrx_word' id='word_1_551' title='bbox 1512 3634 1900 3690; x_wconf 86' lang='lat' dir='ltr'><strong>substantiam:</strong></span> <span class='ocrx_word' id='word_1_552' title='bbox 1944 3639 1998 3692; x_wconf 94' lang='lat' dir='ltr'><strong>in</strong></span> 
     </span>
    </p>
   </div>
   <div class='ocr_carea' id='block_1_68' title="bbox 431 3721 1998 3798">
    <p class='ocr_par' dir='ltr' id='par_1_68' title="bbox 431 3721 1998 3798">
     <span class='ocr_line' id='line_1_68' title="bbox 431 3721 1998 3798; baseline 0.008 -27"><span class='ocrx_word' id='word_1_553' title='bbox 431 3731 504 3783; x_wconf 78' lang='lat' dir='ltr'><strong>te,</strong></span> <span class='ocrx_word' id='word_1_554' title='bbox 552 3721 785 3790; x_wconf 85' lang='lat' dir='ltr'><strong>inquam,</strong></span> <span class='ocrx_word' id='word_1_555' title='bbox 839 3722 961 3790; x_wconf 87' lang='lat' dir='ltr'><strong>quia</strong></span> <span class='ocrx_word' id='word_1_556' title='bbox 1011 3721 1283 3776; x_wconf 88' lang='lat' dir='ltr'><strong>dialexeos</strong></span> <span class='ocrx_word' id='word_1_557' title='bbox 1311 3721 1503 3793; x_wconf 81' lang='lat' dir='ltr'><strong>[Forte</strong></span> <span class='ocrx_word' id='word_1_558' title='bbox 1530 3722 1876 3798; x_wconf 74' lang='grc' dir='ltr'><strong>διαλικτικῶς]</strong></span> <span class='ocrx_word' id='word_1_559' title='bbox 1912 3744 1998 3783; x_wconf 84' lang='lat' dir='ltr'><strong>me</strong></span> 
     </span>
    </p>
   </div>
   <div class='ocr_carea' id='block_1_69' title="bbox 432 3804 1997 3888">
    <p class='ocr_par' dir='ltr' id='par_1_69' title="bbox 432 3804 1997 3888">
     <span class='ocr_line' id='line_1_69' title="bbox 432 3804 1997 3888; baseline 0.006 -25"><span class='ocrx_word' id='word_1_560' title='bbox 432 3804 606 3877; x_wconf 79' lang='lat' dir='ltr'><strong>agere,</strong></span> <span class='ocrx_word' id='word_1_561' title='bbox 639 3820 694 3866; x_wconf 91' lang='lat' dir='ltr'><strong>et</strong></span> <span class='ocrx_word' id='word_1_562' title='bbox 730 3826 837 3865; x_wconf 90' lang='lat' dir='ltr'><strong>non</strong></span> <span class='ocrx_word' id='word_1_563' title='bbox 865 3811 1178 3880; x_wconf 87' lang='lat' dir='ltr'><strong>simpliciter</strong></span> <span class='ocrx_word' id='word_1_564' title='bbox 1204 3814 1798 3888; x_wconf 65' lang='lat' dir='ltr'><strong>autumas—Serapion</strong></span> <span class='ocrx_word' id='word_1_565' title='bbox 1826 3819 1960 3874; x_wconf 79' lang='lat' dir='ltr'><strong>dixit</strong></span> <span class='ocrx_word' id='word_1_566' title='bbox 1984 3838 1997 3873; x_wconf 95' lang='lat'><strong>:</strong></span> 
     </span>
    </p>
   </div>
   <div class='ocr_carea' id='block_1_70' title="bbox 433 3902 2000 3979">
    <p class='ocr_par' dir='ltr' id='par_1_70' title="bbox 433 3902 2000 3979">
     <span class='ocr_line' id='line_1_70' title="bbox 433 3902 2000 3979; baseline 0.006 -22"><span class='ocrx_word' id='word_1_567' title='bbox 433 3902 574 3958; x_wconf 80' lang='lat' dir='ltr'><strong>Doce</strong></span> <span class='ocrx_word' id='word_1_568' title='bbox 618 3917 747 3971; x_wconf 90' lang='lat' dir='ltr'><strong>ergo</strong></span> <span class='ocrx_word' id='word_1_569' title='bbox 790 3903 1101 3972; x_wconf 86' lang='lat' dir='ltr'><strong>simpliciter</strong></span> <span class='ocrx_word' id='word_1_570' title='bbox 1145 3904 1351 3972; x_wconf 82' lang='lat' dir='ltr'><strong>aliquas</strong></span> <span class='ocrx_word' id='word_1_571' title='bbox 1390 3906 1440 3958; x_wconf 92' lang='lat' dir='ltr'><strong>iu</strong></span> <span class='ocrx_word' id='word_1_572' title='bbox 1472 3921 1557 3961; x_wconf 91' lang='lat' dir='ltr'><strong>me</strong></span> <span class='ocrx_word' id='word_1_573' title='bbox 1579 3907 1711 3962; x_wconf 90' lang='lat' dir='ltr'><strong>duas</strong></span> <span class='ocrx_word' id='word_1_574' title='bbox 1741 3925 2000 3979; x_wconf 90' lang='lat' dir='ltr'><strong>personas</strong></span> 
     </span>
    </p>
   </div>
   <div class='ocr_carea' id='block_1_71' title="bbox 434 3992 1999 4056">
    <p class='ocr_par' dir='ltr' id='par_1_71' title="bbox 434 3992 1999 4056">
     <span class='ocr_line' id='line_1_71' title="bbox 434 3992 1999 4056; baseline 0.007 -11"><span class='ocrx_word' id='word_1_575' title='bbox 434 4008 591 4045; x_wconf 71' lang='lat' dir='ltr'><strong>uuam</strong></span> <span class='ocrx_word' id='word_1_576' title='bbox 620 3992 818 4046; x_wconf 90' lang='lat' dir='ltr'><strong>habere</strong></span> <span class='ocrx_word' id='word_1_577' title='bbox 845 3992 1555 4051; x_wconf 81' lang='lat' dir='ltr'><strong>substantiam.—-—Amobius</strong></span> <span class='ocrx_word' id='word_1_578' title='bbox 1574 3997 1707 4053; x_wconf 89' lang='lat' dir='ltr'><strong>dixit</strong></span> <span class='ocrx_word' id='word_1_579' title='bbox 1735 4018 1747 4052; x_wconf 94' lang='lat'><strong>:</strong></span> <span class='ocrx_word' id='word_1_580' title='bbox 1788 3999 1924 4056; x_wconf 85' lang='lat' dir='ltr'><strong>Ecce</strong></span> <span class='ocrx_word' id='word_1_581' title='bbox 1948 4002 1999 4055; x_wconf 89' lang='lat' dir='ltr'><strong>in</strong></span> 
     </span>
    </p>
   </div>
   <div class='ocr_carea' id='block_1_72' title="bbox 435 4082 2001 4155">
    <p class='ocr_par' dir='ltr' id='par_1_72' title="bbox 435 4082 2001 4155">
     <span class='ocr_line' id='line_1_72' title="bbox 435 4082 2001 4155; baseline 0.006 -19"><span class='ocrx_word' id='word_1_582' title='bbox 435 4098 541 4138; x_wconf 88' lang='lat' dir='ltr'><strong>uno</strong></span> <span class='ocrx_word' id='word_1_583' title='bbox 590 4083 765 4155; x_wconf 87' lang='lat' dir='ltr'><strong>capite</strong></span> <span class='ocrx_word' id='word_1_584' title='bbox 812 4092 902 4138; x_wconf 90' lang='lat' dir='ltr'><strong>tuo</strong></span> <span class='ocrx_word' id='word_1_585' title='bbox 946 4082 1054 4139; x_wconf 93' lang='lat' dir='ltr'><strong>duo</strong></span> <span class='ocrx_word' id='word_1_586' title='bbox 1101 4093 1225 4141; x_wconf 86' lang='lat' dir='ltr'><strong>sunt</strong></span> <span class='ocrx_word' id='word_1_587' title='bbox 1260 4086 1421 4150; x_wconf 89' lang='lat' dir='ltr'><strong>oculi,</strong></span> <span class='ocrx_word' id='word_1_588' title='bbox 1470 4086 1563 4142; x_wconf 89' lang='lat' dir='ltr'><strong>sed</strong></span> <span class='ocrx_word' id='word_1_589' title='bbox 1602 4097 1686 4143; x_wconf 91' lang='lat' dir='ltr'><strong>est</strong></span> <span class='ocrx_word' id='word_1_590' title='bbox 1708 4091 2001 4146; x_wconf 80' lang='lat' dir='ltr'><strong>substantia</strong></span> 
     </span>
    </p>
   </div>
   <div class='ocr_carea' id='block_1_73' title="bbox 435 4174 2005 4246">
    <p class='ocr_par' dir='ltr' id='par_1_73' title="bbox 435 4174 2005 4246">
     <span class='ocr_line' id='line_1_73' title="bbox 435 4174 2005 4246; baseline 0.008 -20"><span class='ocrx_word' id='word_1_591' title='bbox 435 4191 621 4229; x_wconf 84' lang='lat' dir='ltr'><strong>eorum</strong></span> <span class='ocrx_word' id='word_1_592' title='bbox 649 4191 784 4230; x_wconf 89' lang='lat' dir='ltr'><strong>unus</strong></span> <span class='ocrx_word' id='word_1_593' title='bbox 812 4182 1058 4246; x_wconf 89' lang='lat' dir='ltr'><strong>aspectus</strong></span> <span class='ocrx_word' id='word_1_594' title='bbox 1082 4193 1096 4229; x_wconf 93' lang='lat'><strong>:</strong></span> <span class='ocrx_word' id='word_1_595' title='bbox 1126 4174 1245 4230; x_wconf 70' lang='lat' dir='ltr'><strong>dna:</strong></span> <span class='ocrx_word' id='word_1_596' title='bbox 1265 4192 1441 4243; x_wconf 89' lang='lat' dir='ltr'><strong>nares,</strong></span> <span class='ocrx_word' id='word_1_597' title='bbox 1472 4178 1565 4234; x_wconf 87' lang='lat' dir='ltr'><strong>sed</strong></span> <span class='ocrx_word' id='word_1_598' title='bbox 1589 4195 1723 4235; x_wconf 90' lang='lat' dir='ltr'><strong>unus</strong></span> <span class='ocrx_word' id='word_1_599' title='bbox 1751 4182 2005 4238; x_wconf 88' lang='lat' dir='ltr'><strong>odoratus</strong></span> 
     </span>
    </p>
   </div>
   <div class='ocr_carea' id='block_1_74' title="bbox 437 4263 2008 4337">
    <p class='ocr_par' dir='ltr' id='par_1_74' title="bbox 437 4263 2008 4337">
     <span class='ocr_line' id='line_1_74' title="bbox 437 4263 2008 4337; baseline 0.008 -20"><span class='ocrx_word' id='word_1_600' title='bbox 437 4273 519 4318; x_wconf 79' lang='lat' dir='ltr'><strong>est</strong></span> <span class='ocrx_word' id='word_1_601' title='bbox 551 4282 563 4317; x_wconf 94' lang='lat'><strong>:</strong></span> <span class='ocrx_word' id='word_1_602' title='bbox 593 4263 710 4318; x_wconf 79' lang='lat' dir='ltr'><strong>dua:</strong></span> <span class='ocrx_word' id='word_1_603' title='bbox 740 4280 914 4328; x_wconf 88' lang='lat' dir='ltr'><strong>aures,</strong></span> <span class='ocrx_word' id='word_1_604' title='bbox 946 4265 1040 4321; x_wconf 89' lang='lat' dir='ltr'><strong>sed</strong></span> <span class='ocrx_word' id='word_1_605' title='bbox 1064 4281 1200 4321; x_wconf 90' lang='lat' dir='ltr'><strong>unus</strong></span> <span class='ocrx_word' id='word_1_606' title='bbox 1226 4267 1439 4324; x_wconf 88' lang='lat' dir='ltr'><strong>auditus</strong></span> <span class='ocrx_word' id='word_1_607' title='bbox 1466 4278 1563 4325; x_wconf 92' lang='lat' dir='ltr'><strong>est.</strong></span> <span class='ocrx_word' id='word_1_608' title='bbox 1597 4270 1749 4337; x_wconf 87' lang='lat' dir='ltr'><strong>Quod</strong></span> <span class='ocrx_word' id='word_1_609' title='bbox 1778 4274 1821 4327; x_wconf 92' lang='lat' dir='ltr'><strong>si</strong></span> <span class='ocrx_word' id='word_1_610' title='bbox 1853 4276 2008 4329; x_wconf 89' lang='lat' dir='ltr'><strong>unius</strong></span> 
     </span>
    </p>
   </div>
   <div class='ocr_carea' id='block_1_75' title="bbox 2098 3177 3638 3252">
    <p class='ocr_par' dir='ltr' id='par_1_75' title="bbox 2098 3177 3638 3252">
     <span class='ocr_line' id='line_1_75' title="bbox 2098 3177 3638 3252; baseline -0.009 -11"><span class='ocrx_word' id='word_1_611' title='bbox 2098 3186 2477 3245; x_wconf 89' lang='lat' dir='ltr'><strong>memoria,aut</strong></span> <span class='ocrx_word' id='word_1_612' title='bbox 2505 3183 2791 3252; x_wconf 88' lang='lat' dir='ltr'><strong>ingenium,</strong></span> <span class='ocrx_word' id='word_1_613' title='bbox 2833 3190 2922 3236; x_wconf 90' lang='lat' dir='ltr'><strong>aut</strong></span> <span class='ocrx_word' id='word_1_614' title='bbox 2961 3181 3298 3237; x_wconf 81' lang='lat' dir='ltr'><strong>intellectus?</strong></span> <span class='ocrx_word' id='word_1_615' title='bbox 3318 3212 3384 3221; x_wconf 91' lang='lat'><strong><em>—</em></strong></span> <span class='ocrx_word' id='word_1_616' title='bbox 3404 3177 3638 3248; x_wconf 80' lang='lat' dir='ltr'><strong>Serapion</strong></span> 
     </span>
    </p>
   </div>
   <div class='ocr_carea' id='block_1_76' title="bbox 2058 3266 3640 3344">
    <p class='ocr_par' dir='ltr' id='par_1_76' title="bbox 2058 3266 3640 3344">
     <span class='ocr_line' id='line_1_76' title="bbox 2058 3266 3640 3344; baseline -0.004 -19"><span class='ocrx_word' id='word_1_617' title='bbox 2058 3312 2070 3325; x_wconf 47' lang='grc' dir='ltr'>κ</span> <span class='ocrx_word' id='word_1_618' title='bbox 2099 3291 2204 3344; x_wconf 76' lang='lat' dir='ltr'><strong>res;</strong></span> <span class='ocrx_word' id='word_1_619' title='bbox 2224 3274 2407 3330; x_wconf 87' lang='lat' dir='ltr'><strong>ondit:</strong></span> <span class='ocrx_word' id='word_1_620' title='bbox 2436 3271 2716 3338; x_wconf 84' lang='lat' dir='ltr'><strong>Quomodo</strong></span> <span class='ocrx_word' id='word_1_621' title='bbox 2746 3272 2976 3342; x_wconf 79' lang='lat' dir='ltr'><strong>perfecta</strong></span> <span class='ocrx_word' id='word_1_622' title='bbox 3008 3280 3189 3341; x_wconf 83' lang='lat' dir='ltr'><strong>potest</strong></span> <span class='ocrx_word' id='word_1_623' title='bbox 3216 3271 3469 3342; x_wconf 88' lang='lat' dir='ltr'><strong>sapientia</strong></span> <span class='ocrx_word' id='word_1_624' title='bbox 3497 3266 3640 3327; x_wconf 88' lang='lat' dir='ltr'><strong>credi,</strong></span> 
     </span>
    </p>
   </div>
   <div class='ocr_carea' id='block_1_77' title="bbox 2101 3355 3644 3428">
    <p class='ocr_par' dir='ltr' id='par_1_77' title="bbox 2101 3355 3644 3428">
     <span class='ocr_line' id='line_1_77' title="bbox 2101 3355 3644 3428; baseline -0.009 -8"><span class='ocrx_word' id='word_1_625' title='bbox 2101 3364 2185 3420; x_wconf 90' lang='lat' dir='ltr'><strong>cui</strong></span> <span class='ocrx_word' id='word_1_626' title='bbox 2214 3378 2378 3417; x_wconf 91' lang='lat' dir='ltr'><strong>unum</strong></span> <span class='ocrx_word' id='word_1_627' title='bbox 2406 3362 2472 3417; x_wconf 91' lang='lat' dir='ltr'><strong>de</strong></span> <span class='ocrx_word' id='word_1_628' title='bbox 2500 3361 2580 3415; x_wconf 68' lang='lat' dir='ltr'><strong>his</strong></span> <span class='ocrx_word' id='word_1_629' title='bbox 2609 3360 2779 3415; x_wconf 87' lang='lat' dir='ltr'><strong>tribus</strong></span> <span class='ocrx_word' id='word_1_630' title='bbox 2805 3359 2989 3414; x_wconf 83' lang='lat' dir='ltr'><strong>deesse</strong></span> <span class='ocrx_word' id='word_1_631' title='bbox 3032 3361 3301 3428; x_wconf 87' lang='lat' dir='ltr'><strong>potuerit?</strong></span> <span class='ocrx_word' id='word_1_632' title='bbox 3320 3355 3644 3412; x_wconf 83' lang='lat' dir='ltr'><strong>——Arnobius</strong></span> 
     </span>
    </p>
   </div>
   <div class='ocr_carea' id='block_1_78' title="bbox 2100 3448 3642 3527">
    <p class='ocr_par' dir='ltr' id='par_1_78' title="bbox 2100 3448 3642 3527">
     <span class='ocr_line' id='line_1_78' title="bbox 2100 3448 3642 3527; baseline -0.01 -17"><span class='ocrx_word' id='word_1_633' title='bbox 2100 3454 2235 3510; x_wconf 83' lang='lat' dir='ltr'><strong>dixit</strong></span> <span class='ocrx_word' id='word_1_634' title='bbox 2264 3472 2276 3507; x_wconf 94' lang='lat'><strong>:</strong></span> <span class='ocrx_word' id='word_1_635' title='bbox 2311 3452 2451 3523; x_wconf 86' lang='lat' dir='ltr'><strong>Ergo</strong></span> <span class='ocrx_word' id='word_1_636' title='bbox 2472 3452 2514 3507; x_wconf 89' lang='lat' dir='ltr'><strong>si</strong></span> <span class='ocrx_word' id='word_1_637' title='bbox 2543 3452 2611 3506; x_wconf 90' lang='lat' dir='ltr'><strong>ita</strong></span> <span class='ocrx_word' id='word_1_638' title='bbox 2642 3461 2743 3516; x_wconf 86' lang='lat' dir='ltr'><strong>est,</strong></span> <span class='ocrx_word' id='word_1_639' title='bbox 2762 3451 2930 3527; x_wconf 83' lang='lat' dir='ltr'><strong>immo</strong></span> <span class='ocrx_word' id='word_1_640' title='bbox 2955 3451 3077 3519; x_wconf 75' lang='lat' dir='ltr'><strong>quia</strong></span> <span class='ocrx_word' id='word_1_641' title='bbox 3102 3451 3173 3504; x_wconf 86' lang='lat' dir='ltr'><strong>ita</strong></span> <span class='ocrx_word' id='word_1_642' title='bbox 3198 3460 3306 3515; x_wconf 87' lang='lat' dir='ltr'><strong>est;</strong></span> <span class='ocrx_word' id='word_1_643' title='bbox 3330 3450 3463 3505; x_wconf 89' lang='lat' dir='ltr'><strong>sicut</strong></span> <span class='ocrx_word' id='word_1_644' title='bbox 3488 3448 3533 3501; x_wconf 87' lang='lat' dir='ltr'><strong>in</strong></span> <span class='ocrx_word' id='word_1_645' title='bbox 3556 3460 3642 3499; x_wconf 83' lang='lat' dir='ltr'><strong>una</strong></span> 
     </span>
    </p>
   </div>
   <div class='ocr_carea' id='block_1_79' title="bbox 2101 3534 3643 3614">
    <p class='ocr_par' dir='ltr' id='par_1_79' title="bbox 2101 3534 3643 3614">
     <span class='ocr_line' id='line_1_79' title="bbox 2101 3534 3643 3614; baseline -0.008 -14"><span class='ocrx_word' id='word_1_646' title='bbox 2101 3544 2359 3614; x_wconf 84' lang='lat' dir='ltr'><strong>sapientia</strong></span> <span class='ocrx_word' id='word_1_647' title='bbox 2389 3552 2498 3599; x_wconf 89' lang='lat' dir='ltr'><strong>tres</strong></span> <span class='ocrx_word' id='word_1_648' title='bbox 2521 3544 2632 3597; x_wconf 73' lang='lat' dir='ltr'><strong>istm</strong></span> <span class='ocrx_word' id='word_1_649' title='bbox 2662 3542 2989 3611; x_wconf 69' lang='lat' dir='ltr'><strong>incorpore-.2</strong></span> <span class='ocrx_word' id='word_1_650' title='bbox 3017 3556 3262 3609; x_wconf 70' lang='lat' dir='ltr'><strong>persona:</strong></span> <span class='ocrx_word' id='word_1_651' title='bbox 3289 3541 3580 3597; x_wconf 83' lang='lat' dir='ltr'><strong>subsistunt.</strong></span> <span class='ocrx_word' id='word_1_652' title='bbox 3604 3534 3643 3588; x_wconf 94' lang='lat' dir='ltr'><strong>id</strong></span> 
     </span>
    </p>
   </div>
   <div class='ocr_carea' id='block_1_80' title="bbox 2103 3632 3646 3701">
    <p class='ocr_par' dir='ltr' id='par_1_80' title="bbox 2103 3632 3646 3701">
     <span class='ocr_line' id='line_1_80' title="bbox 2103 3632 3646 3701; baseline -0.01 -9"><span class='ocrx_word' id='word_1_653' title='bbox 2103 3647 2186 3692; x_wconf 91' lang='lat' dir='ltr'><strong>est</strong></span> <span class='ocrx_word' id='word_1_654' title='bbox 2205 3636 2482 3700; x_wconf 86' lang='lat' dir='ltr'><strong>memoria,</strong></span> <span class='ocrx_word' id='word_1_655' title='bbox 2515 3643 2569 3688; x_wconf 87' lang='lat' dir='ltr'><strong>et</strong></span> <span class='ocrx_word' id='word_1_656' title='bbox 2598 3635 2885 3701; x_wconf 83' lang='lat' dir='ltr'><strong>ingenium,</strong></span> <span class='ocrx_word' id='word_1_657' title='bbox 2918 3642 2972 3686; x_wconf 90' lang='lat' dir='ltr'><strong>et</strong></span> <span class='ocrx_word' id='word_1_658' title='bbox 3001 3632 3321 3698; x_wconf 82' lang='lat' dir='ltr'><strong>intellectus,</strong></span> <span class='ocrx_word' id='word_1_659' title='bbox 3345 3642 3397 3687; x_wconf 89' lang='lat' dir='ltr'><strong>et</strong></span> <span class='ocrx_word' id='word_1_660' title='bbox 3422 3646 3535 3686; x_wconf 91' lang='lat' dir='ltr'><strong>cum</strong></span> <span class='ocrx_word' id='word_1_661' title='bbox 3556 3638 3646 3681; x_wconf 87' lang='lat' dir='ltr'><strong>tres</strong></span> 
     </span>
    </p>
   </div>
   <div class='ocr_carea' id='block_1_81' title="bbox 2102 3720 3645 3795">
    <p class='ocr_par' dir='ltr' id='par_1_81' title="bbox 2102 3720 3645 3795">
     <span class='ocr_line' id='line_1_81' title="bbox 2102 3720 3645 3795; baseline -0.007 -13"><span class='ocrx_word' id='word_1_662' title='bbox 2102 3729 2229 3790; x_wconf 88' lang='lat' dir='ltr'><strong>sint,</strong></span> <span class='ocrx_word' id='word_1_663' title='bbox 2262 3743 2365 3780; x_wconf 90' lang='lat' dir='ltr'><strong>nou</strong></span> <span class='ocrx_word' id='word_1_664' title='bbox 2394 3734 2504 3780; x_wconf 85' lang='lat' dir='ltr'><strong>tres</strong></span> <span class='ocrx_word' id='word_1_665' title='bbox 2534 3726 2747 3787; x_wconf 84' lang='lat' dir='ltr'><strong>faciunt,</strong></span> <span class='ocrx_word' id='word_1_666' title='bbox 2779 3724 2869 3778; x_wconf 87' lang='lat' dir='ltr'><strong>sed</strong></span> <span class='ocrx_word' id='word_1_667' title='bbox 2925 3739 3083 3777; x_wconf 90' lang='lat' dir='ltr'><strong>unam</strong></span> <span class='ocrx_word' id='word_1_668' title='bbox 3127 3725 3439 3795; x_wconf 89' lang='lat' dir='ltr'><strong>sapientiam</strong></span> <span class='ocrx_word' id='word_1_669' title='bbox 3490 3720 3645 3791; x_wconf 80' lang='lat' dir='ltr'><strong>perfe-</strong></span> 
     </span>
    </p>
   </div>
   <div class='ocr_carea' id='block_1_82' title="bbox 2103 3813 3648 3885">
    <p class='ocr_par' dir='ltr' id='par_1_82' title="bbox 2103 3813 3648 3885">
     <span class='ocr_line' id='line_1_82' title="bbox 2103 3813 3648 3885; baseline -0.008 -12"><span class='ocrx_word' id='word_1_670' title='bbox 2103 3831 2262 3884; x_wconf 85' lang='lat' dir='ltr'><strong>ctam,</strong></span> <span class='ocrx_word' id='word_1_671' title='bbox 2287 3818 2330 3871; x_wconf 87' lang='lat' dir='ltr'><strong>si</strong></span> <span class='ocrx_word' id='word_1_672' title='bbox 2361 3826 2468 3870; x_wconf 86' lang='lat' dir='ltr'><strong>tota</strong></span> <span class='ocrx_word' id='word_1_673' title='bbox 2501 3816 2599 3870; x_wconf 88' lang='lat' dir='ltr'><strong>tria</strong></span> <span class='ocrx_word' id='word_1_674' title='bbox 2621 3814 2852 3885; x_wconf 88' lang='lat' dir='ltr'><strong>perfecta</strong></span> <span class='ocrx_word' id='word_1_675' title='bbox 2874 3813 3070 3869; x_wconf 88' lang='lat' dir='ltr'><strong>fuerint</strong></span> <span class='ocrx_word' id='word_1_676' title='bbox 3094 3833 3105 3867; x_wconf 95' lang='lat'><strong>:</strong></span> <span class='ocrx_word' id='word_1_677' title='bbox 3139 3815 3211 3869; x_wconf 86' lang='lat' dir='ltr'><strong>ita</strong></span> <span class='ocrx_word' id='word_1_678' title='bbox 3238 3832 3340 3870; x_wconf 91' lang='lat' dir='ltr'><strong>una</strong></span> <span class='ocrx_word' id='word_1_679' title='bbox 3368 3814 3648 3879; x_wconf 83' lang='lat' dir='ltr'><strong>Deitasper-</strong></span> 
     </span>
    </p>
   </div>
   <div class='ocr_carea' id='block_1_83' title="bbox 2103 3904 3644 3972">
    <p class='ocr_par' dir='ltr' id='par_1_83' title="bbox 2103 3904 3644 3972">
     <span class='ocr_line' id='line_1_83' title="bbox 2103 3904 3644 3972; baseline -0.008 -7"><span class='ocrx_word' id='word_1_680' title='bbox 2103 3911 2242 3965; x_wconf 90' lang='lat' dir='ltr'><strong>fecta</strong></span> <span class='ocrx_word' id='word_1_681' title='bbox 2292 3908 2393 3961; x_wconf 83' lang='lat' dir='ltr'><strong>erit</strong></span> <span class='ocrx_word' id='word_1_682' title='bbox 2423 3908 2474 3961; x_wconf 92' lang='lat' dir='ltr'><strong>in</strong></span> <span class='ocrx_word' id='word_1_683' title='bbox 2506 3904 2607 3961; x_wconf 86' lang='lat' dir='ltr'><strong>fide</strong></span> <span class='ocrx_word' id='word_1_684' title='bbox 2635 3914 2835 3968; x_wconf 87' lang='lat' dir='ltr'><strong>nostra,</strong></span> <span class='ocrx_word' id='word_1_685' title='bbox 2885 3921 2948 3960; x_wconf 93' lang='lat' dir='ltr'><strong>cu</strong></span> <span class='ocrx_word' id='word_1_686' title='bbox 2972 3921 3003 3956; x_wconf 88' lang='grc' dir='ltr'><strong>ιι</strong></span> <span class='ocrx_word' id='word_1_687' title='bbox 3034 3905 3329 3972; x_wconf 80' lang='lat' dir='ltr'><strong>perfectum</strong></span> <span class='ocrx_word' id='word_1_688' title='bbox 3354 3904 3514 3958; x_wconf 91' lang='lat' dir='ltr'><strong>Deum</strong></span> <span class='ocrx_word' id='word_1_689' title='bbox 3539 3913 3644 3954; x_wconf 84' lang='lat' dir='ltr'><strong>cre-</strong></span> 
     </span>
    </p>
   </div>
   <div class='ocr_carea' id='block_1_84' title="bbox 2102 3993 3646 4064">
    <p class='ocr_par' dir='ltr' id='par_1_84' title="bbox 2102 3993 3646 4064">
     <span class='ocr_line' id='line_1_84' title="bbox 2102 3993 3646 4064; baseline -0.006 -10"><span class='ocrx_word' id='word_1_690' title='bbox 2102 4000 2290 4054; x_wconf 82' lang='lat' dir='ltr'><strong>damus</strong></span> <span class='ocrx_word' id='word_1_691' title='bbox 2320 3996 2551 4060; x_wconf 88' lang='lat' dir='ltr'><strong>Patrem,</strong></span> <span class='ocrx_word' id='word_1_692' title='bbox 2580 4005 2632 4051; x_wconf 90' lang='lat' dir='ltr'><strong>et</strong></span> <span class='ocrx_word' id='word_1_693' title='bbox 2656 3995 2863 4061; x_wconf 83' lang='lat' dir='ltr'><strong>Filium,</strong></span> <span class='ocrx_word' id='word_1_694' title='bbox 2890 4005 2943 4050; x_wconf 84' lang='lat' dir='ltr'><strong>et</strong></span> <span class='ocrx_word' id='word_1_695' title='bbox 2963 3993 3217 4064; x_wconf 89' lang='lat' dir='ltr'><strong>Spiritum</strong></span> <span class='ocrx_word' id='word_1_696' title='bbox 3247 4003 3481 4049; x_wconf 86' lang='lat' dir='ltr'><strong>sanctum</strong></span> <span class='ocrx_word' id='word_1_697' title='bbox 3509 4003 3646 4046; x_wconf 86' lang='lat' dir='ltr'><strong>unam</strong></span> 
     </span>
    </p>
   </div>
   <div class='ocr_carea' id='block_1_85' title="bbox 2105 4086 3648 4158">
    <p class='ocr_par' dir='ltr' id='par_1_85' title="bbox 2105 4086 3648 4158">
     <span class='ocr_line' id='line_1_85' title="bbox 2105 4086 3648 4158; baseline -0.008 -14"><span class='ocrx_word' id='word_1_698' title='bbox 2105 4090 2327 4155; x_wconf 80' lang='lat' dir='ltr'><strong>Deitatis</strong></span> <span class='ocrx_word' id='word_1_699' title='bbox 2353 4086 2793 4158; x_wconf 79' lang='lat' dir='ltr'><strong>omnipotentiam</strong></span> <span class='ocrx_word' id='word_1_700' title='bbox 2839 4087 3097 4140; x_wconf 89' lang='lat' dir='ltr'><strong>obtinere.</strong></span> <span class='ocrx_word' id='word_1_701' title='bbox 3144 4086 3213 4141; x_wconf 84' lang='lat' dir='ltr'><strong>Et</strong></span> <span class='ocrx_word' id='word_1_702' title='bbox 3257 4089 3393 4142; x_wconf 81' lang='lat' dir='ltr'><strong>sicut</strong></span> <span class='ocrx_word' id='word_1_703' title='bbox 3428 4100 3533 4145; x_wconf 89' lang='lat' dir='ltr'><strong>non</strong></span> <span class='ocrx_word' id='word_1_704' title='bbox 3577 4086 3648 4134; x_wconf 83' lang='lat' dir='ltr'><strong>est</strong></span> 
     </span>
    </p>
   </div>
   <div class='ocr_carea' id='block_1_86' title="bbox 2106 4170 3652 4250">
    <p class='ocr_par' dir='ltr' id='par_1_86' title="bbox 2106 4170 3652 4250">
     <span class='ocr_line' id='line_1_86' title="bbox 2106 4170 3652 4250; baseline -0.009 -13"><span class='ocrx_word' id='word_1_705' title='bbox 2106 4184 2309 4250; x_wconf 83' lang='lat' dir='ltr'><strong>integra</strong></span> <span class='ocrx_word' id='word_1_706' title='bbox 2338 4180 2617 4249; x_wconf 81' lang='lat' dir='ltr'><strong>sapientia,</strong></span> <span class='ocrx_word' id='word_1_707' title='bbox 2652 4178 2737 4232; x_wconf 86' lang='lat' dir='ltr'><strong>ubi</strong></span> <span class='ocrx_word' id='word_1_708' title='bbox 2764 4176 3032 4247; x_wconf 74' lang='lat' dir='ltr'><strong>quidpiam</strong></span> <span class='ocrx_word' id='word_1_709' title='bbox 3075 4177 3142 4232; x_wconf 88' lang='lat' dir='ltr'><strong>de</strong></span> <span class='ocrx_word' id='word_1_710' title='bbox 3189 4179 3422 4247; x_wconf 82' lang='lat' dir='ltr'><strong>ingenio,</strong></span> <span class='ocrx_word' id='word_1_711' title='bbox 3469 4183 3556 4229; x_wconf 87' lang='lat' dir='ltr'><strong>aut</strong></span> <span class='ocrx_word' id='word_1_712' title='bbox 3594 4170 3652 4225; x_wconf 86' lang='lat' dir='ltr'><strong>de</strong></span> 
     </span>
    </p>
   </div>
   <div class='ocr_carea' id='block_1_87' title="bbox 2106 4263 3653 4339">
    <p class='ocr_par' dir='ltr' id='par_1_87' title="bbox 2106 4263 3653 4339">
     <span class='ocr_line' id='line_1_87' title="bbox 2106 4263 3653 4339; baseline -0.011 -9"><span class='ocrx_word' id='word_1_713' title='bbox 2106 4275 2385 4339; x_wconf 88' lang='lat' dir='ltr'><strong>memoria,</strong></span> <span class='ocrx_word' id='word_1_714' title='bbox 2411 4281 2504 4327; x_wconf 88' lang='lat' dir='ltr'><strong>aut</strong></span> <span class='ocrx_word' id='word_1_715' title='bbox 2524 4272 2588 4325; x_wconf 92' lang='lat' dir='ltr'><strong>de</strong></span> <span class='ocrx_word' id='word_1_716' title='bbox 2617 4270 2961 4337; x_wconf 89' lang='lat' dir='ltr'><strong>intelligentia</strong></span> <span class='ocrx_word' id='word_1_717' title='bbox 2982 4268 3241 4335; x_wconf 83' lang='lat' dir='ltr'><strong>defuerit;</strong></span> <span class='ocrx_word' id='word_1_718' title='bbox 3273 4270 3349 4324; x_wconf 90' lang='lat' dir='ltr'><strong>sic</strong></span> <span class='ocrx_word' id='word_1_719' title='bbox 3371 4285 3464 4324; x_wconf 91' lang='lat' dir='ltr'><strong>nec</strong></span> <span class='ocrx_word' id='word_1_720' title='bbox 3492 4275 3567 4320; x_wconf 90' lang='lat' dir='ltr'><strong>est</strong></span> <span class='ocrx_word' id='word_1_721' title='bbox 3585 4263 3653 4315; x_wconf 86' lang='lat' dir='ltr'><strong>iu-</strong></span> 
     </span>
    </p>
   </div>
   <div class='ocr_carea' id='block_1_88' title="bbox 436 4356 3652 4433">
    <p class='ocr_par' dir='ltr' id='par_1_88' title="bbox 436 4356 3652 4433">
     <span class='ocr_line' id='line_1_88' title="bbox 436 4356 3652 4433; baseline -0.001 -24"><span class='ocrx_word' id='word_1_722' title='bbox 436 4356 744 4411; x_wconf 79' lang='lat' dir='ltr'><strong>substantia:</strong></span> <span class='ocrx_word' id='word_1_723' title='bbox 769 4356 819 4409; x_wconf 92' lang='lat' dir='ltr'><strong>in</strong></span> <span class='ocrx_word' id='word_1_724' title='bbox 844 4363 895 4411; x_wconf 91' lang='lat' dir='ltr'><strong>te</strong></span> <span class='ocrx_word' id='word_1_725' title='bbox 923 4356 1021 4411; x_wconf 89' lang='lat' dir='ltr'><strong>ista</strong></span> <span class='ocrx_word' id='word_1_726' title='bbox 1050 4357 1175 4412; x_wconf 86' lang='lat' dir='ltr'><strong>bina</strong></span> <span class='ocrx_word' id='word_1_727' title='bbox 1196 4359 1471 4414; x_wconf 90' lang='lat' dir='ltr'><strong>continent</strong></span> <span class='ocrx_word' id='word_1_728' title='bbox 1497 4361 1773 4424; x_wconf 88' lang='lat' dir='ltr'><strong>unitatem,</strong></span> <span class='ocrx_word' id='word_1_729' title='bbox 1802 4379 1907 4417; x_wconf 92' lang='lat' dir='ltr'><strong>non</strong></span> <span class='ocrx_word' id='word_1_730' title='bbox 1929 4365 2009 4420; x_wconf 91' lang='lat' dir='ltr'><strong>vis</strong></span> <span class='ocrx_word' id='word_1_731' title='bbox 2039 4359 2081 4415; x_wconf 92' lang='lat' dir='ltr'><strong>D</strong></span> <span class='ocrx_word' id='word_1_732' title='bbox 2109 4375 2257 4433; x_wconf 75' lang='lat' dir='ltr'><strong>tegra</strong></span> <span class='ocrx_word' id='word_1_733' title='bbox 2282 4363 2410 4418; x_wconf 85' lang='lat' dir='ltr'><strong>fides</strong></span> <span class='ocrx_word' id='word_1_734' title='bbox 2438 4362 2489 4417; x_wconf 92' lang='lat' dir='ltr'><strong>in</strong></span> <span class='ocrx_word' id='word_1_735' title='bbox 2514 4361 2725 4416; x_wconf 87' lang='lat' dir='ltr'><strong>homine</strong></span> <span class='ocrx_word' id='word_1_736' title='bbox 2753 4375 2838 4425; x_wconf 90' lang='lat' dir='ltr'><strong>eo,</strong></span> <span class='ocrx_word' id='word_1_737' title='bbox 2864 4358 2953 4429; x_wconf 89' lang='lat' dir='ltr'><strong>qui</strong></span> <span class='ocrx_word' id='word_1_738' title='bbox 2977 4359 3027 4412; x_wconf 92' lang='lat' dir='ltr'><strong>iu</strong></span> <span class='ocrx_word' id='word_1_739' title='bbox 3080 4358 3239 4416; x_wconf 79' lang='lat' dir='ltr'><strong>l‘atre</strong></span> <span class='ocrx_word' id='word_1_740' title='bbox 3267 4361 3546 4432; x_wconf 84' lang='lat' dir='ltr'><strong>quidpiam,</strong></span> <span class='ocrx_word' id='word_1_741' title='bbox 3576 4360 3652 4409; x_wconf 86' lang='lat' dir='ltr'><strong>aut</strong></span> 
     </span>
    </p>
   </div>
   <div class='ocr_carea' id='block_1_89' title="bbox 1593 4494 2488 4554">
    <p class='ocr_par' dir='ltr' id='par_1_89' title="bbox 1593 4494 2488 4554">
     <span class='ocr_line' id='line_1_89' title="bbox 1593 4494 2488 4554; baseline 0.002 -5"><span class='ocrx_word' id='word_1_742' title='bbox 1593 4494 1702 4551; x_wconf 81' lang='lat' dir='ltr'><strong>FR.</strong></span> <span class='ocrx_word' id='word_1_743' title='bbox 1746 4496 2222 4554; x_wconf 69' lang='lat' dir='ltr'><strong>FEU-ARDENTII</strong></span> <span class='ocrx_word' id='word_1_744' title='bbox 2261 4494 2488 4553; x_wconf 79' lang='grc' dir='ltr'><strong>ΝΟΤᾹΞ.</strong></span> 
     </span>
    </p>
   </div>
   <div class='ocr_carea' id='block_1_90' title="bbox 509 4602 2005 4671">
    <p class='ocr_par' dir='ltr' id='par_1_90' title="bbox 509 4602 2005 4671">
     <span class='ocr_line' id='line_1_90' title="bbox 509 4602 2005 4671; baseline 0.002 -12"><span class='ocrx_word' id='word_1_745' title='bbox 509 4614 532 4640; x_wconf 73' lang='grc' dir='ltr'><strong>ο</strong></span> <span class='ocrx_word' id='word_1_746' title='bbox 572 4602 834 4659; x_wconf 89' lang='lat' dir='ltr'><strong>Sabellius</strong></span> <span class='ocrx_word' id='word_1_747' title='bbox 853 4605 1041 4659; x_wconf 88' lang='lat' dir='ltr'><strong>nolens</strong></span> <span class='ocrx_word' id='word_1_748' title='bbox 1065 4603 1259 4660; x_wconf 70' lang='lat' dir='ltr'><strong>iud-.els</strong></span> <span class='ocrx_word' id='word_1_749' title='bbox 1279 4605 1495 4660; x_wconf 91' lang='lat' dir='ltr'><strong>omnino</strong></span> <span class='ocrx_word' id='word_1_750' title='bbox 1519 4606 1871 4671; x_wconf 79' lang='lat' dir='ltr'><strong>subscribere,</strong></span> <span class='ocrx_word' id='word_1_751' title='bbox 1893 4607 2005 4662; x_wconf 87' lang='lat' dir='ltr'><strong>Tri-</strong></span> 
     </span>
    </p>
   </div>
   <div class='ocr_carea' id='block_1_91' title="bbox 439 4675 2005 4740">
    <p class='ocr_par' dir='ltr' id='par_1_91' title="bbox 439 4675 2005 4740">
     <span class='ocr_line' id='line_1_91' title="bbox 439 4675 2005 4740; baseline 0.002 -13"><span class='ocrx_word' id='word_1_752' title='bbox 439 4676 659 4727; x_wconf 87' lang='lat' dir='ltr'><strong>nitatem</strong></span> <span class='ocrx_word' id='word_1_753' title='bbox 693 4677 742 4728; x_wconf 89' lang='lat' dir='ltr'><strong>in</strong></span> <span class='ocrx_word' id='word_1_754' title='bbox 774 4675 884 4729; x_wconf 86' lang='lat' dir='ltr'><strong>Deo</strong></span> <span class='ocrx_word' id='word_1_755' title='bbox 912 4675 1198 4740; x_wconf 78' lang='lat' dir='ltr'><strong>fatebatur,</strong></span> <span class='ocrx_word' id='word_1_756' title='bbox 1238 4675 1329 4729; x_wconf 85' lang='lat' dir='ltr'><strong>sed</strong></span> <span class='ocrx_word' id='word_1_757' title='bbox 1369 4677 1661 4736; x_wconf 88' lang='lat' dir='ltr'><strong>nominum,</strong></span> <span class='ocrx_word' id='word_1_758' title='bbox 1711 4676 2005 4731; x_wconf 75' lang='lat' dir='ltr'><strong>officiorum</strong></span> 
     </span>
    </p>
   </div>
   <div class='ocr_carea' id='block_1_92' title="bbox 440 4745 2006 4815">
    <p class='ocr_par' dir='ltr' id='par_1_92' title="bbox 440 4745 2006 4815">
     <span class='ocr_line' id='line_1_92' title="bbox 440 4745 2006 4815; baseline 0.001 -16"><span class='ocrx_word' id='word_1_759' title='bbox 440 4760 503 4815; x_wconf 75' lang='lat' dir='ltr'><strong>ne</strong></span> <span class='ocrx_word' id='word_1_760' title='bbox 554 4745 939 4812; x_wconf 90' lang='lat' dir='ltr'><strong>proprietatum</strong></span> <span class='ocrx_word' id='word_1_761' title='bbox 989 4745 1367 4815; x_wconf 88' lang='lat' dir='ltr'><strong>solummodo,</strong></span> <span class='ocrx_word' id='word_1_762' title='bbox 1404 4762 1507 4798; x_wconf 88' lang='lat' dir='ltr'><strong>non</strong></span> <span class='ocrx_word' id='word_1_763' title='bbox 1555 4755 1732 4799; x_wconf 84' lang='lat' dir='ltr'><strong>autem</strong></span> <span class='ocrx_word' id='word_1_764' title='bbox 1788 4748 2006 4815; x_wconf 84' lang='lat' dir='ltr'><strong>proprie</strong></span> 
     </span>
    </p>
   </div>
   <div class='ocr_carea' id='block_1_93' title="bbox 436 4814 2005 4881">
    <p class='ocr_par' dir='ltr' id='par_1_93' title="bbox 436 4814 2005 4881">
     <span class='ocr_line' id='line_1_93' title="bbox 436 4814 2005 4881; baseline 0.004 -17"><span class='ocrx_word' id='word_1_765' title='bbox 436 4814 696 4867; x_wconf 73' lang='lat' dir='ltr'><strong>dictarunt</strong></span> <span class='ocrx_word' id='word_1_766' title='bbox 728 4829 1096 4881; x_wconf 89' lang='lat' dir='ltr'><strong>personarum,</strong></span> <span class='ocrx_word' id='word_1_767' title='bbox 1139 4815 1298 4868; x_wconf 85' lang='lat' dir='ltr'><strong>veluti</strong></span> <span class='ocrx_word' id='word_1_768' title='bbox 1340 4814 1407 4869; x_wconf 88' lang='lat' dir='ltr'><strong>de</strong></span> <span class='ocrx_word' id='word_1_769' title='bbox 1451 4830 1517 4868; x_wconf 89' lang='lat' dir='ltr'><strong>eo</strong></span> <span class='ocrx_word' id='word_1_770' title='bbox 1558 4823 1613 4867; x_wconf 90' lang='lat' dir='ltr'><strong>et</strong></span> <span class='ocrx_word' id='word_1_771' title='bbox 1652 4814 2005 4870; x_wconf 77' lang='lat' dir='ltr'><strong>sectatoribus</strong></span> 
     </span>
    </p>
   </div>
   <div class='ocr_carea' id='block_1_94' title="bbox 440 4880 2004 4953">
    <p class='ocr_par' dir='ltr' id='par_1_94' title="bbox 440 4880 2004 4953">
     <span class='ocr_line' id='line_1_94' title="bbox 440 4880 2004 4953; baseline 0.004 -20"><span class='ocrx_word' id='word_1_772' title='bbox 440 4880 791 4953; x_wconf 57' lang='lat' dir='ltr'><strong>testificantur</strong></span> <span class='ocrx_word' id='word_1_773' title='bbox 846 4884 1125 4953; x_wconf 71' lang='lat' dir='ltr'><strong>Dionysius</strong></span> <span class='ocrx_word' id='word_1_774' title='bbox 1172 4884 1594 4946; x_wconf 74' lang='lat' dir='ltr'><strong>Alexandrinus,</strong></span> <span class='ocrx_word' id='word_1_775' title='bbox 1646 4880 2004 4953; x_wconf 80' lang='lat' dir='ltr'><strong>Epiphanius,</strong></span> 
     </span>
    </p>
   </div>
   <div class='ocr_carea' id='block_1_95' title="bbox 441 4952 2009 5019">
    <p class='ocr_par' dir='ltr' id='par_1_95' title="bbox 441 4952 2009 5019">
     <span class='ocr_line' id='line_1_95' title="bbox 441 4952 2009 5019; baseline 0.003 -14"><span class='ocrx_word' id='word_1_776' title='bbox 441 4952 672 5005; x_wconf 88' lang='lat' dir='ltr'><strong>llilarins</strong></span> <span class='ocrx_word' id='word_1_777' title='bbox 699 4960 858 5018; x_wconf 84' lang='lat' dir='ltr'><strong>atque</strong></span> <span class='ocrx_word' id='word_1_778' title='bbox 888 4953 1275 5019; x_wconf 88' lang='lat' dir='ltr'><strong>Theodoretus,</strong></span> <span class='ocrx_word' id='word_1_779' title='bbox 1310 4963 1407 5006; x_wconf 66' lang='grc' dir='ltr'><strong>σεε.</strong></span> <span class='ocrx_word' id='word_1_780' title='bbox 1444 4952 2009 5009; x_wconf 42' lang='grc' dir='ltr'><strong>νίειθι·ἰιιῐ“(ἷ;ιιινίειίίιτιὶ</strong></span> 
     </span>
    </p>
   </div>
   <div class='ocr_carea' id='block_1_96' title="bbox 442 5021 2009 5093">
    <p class='ocr_par' dir='ltr' id='par_1_96' title="bbox 442 5021 2009 5093">
     <span class='ocr_line' id='line_1_96' title="bbox 442 5021 2009 5093; baseline 0.004 -22"><span class='ocrx_word' id='word_1_781' title='bbox 442 5036 683 5090; x_wconf 76' lang='lat' dir='ltr'><strong>persona:</strong></span> <span class='ocrx_word' id='word_1_782' title='bbox 706 5036 884 5076; x_wconf 86' lang='lat' dir='ltr'><strong>veram</strong></span> <span class='ocrx_word' id='word_1_783' title='bbox 930 5021 1219 5093; x_wconf 73' lang='lat' dir='ltr'><strong>ﬁnitionem</strong></span> <span class='ocrx_word' id='word_1_784' title='bbox 1249 5040 1368 5079; x_wconf 89' lang='lat' dir='ltr'><strong>cum</strong></span> <span class='ocrx_word' id='word_1_785' title='bbox 1406 5041 1503 5078; x_wconf 87' lang='lat' dir='ltr'><strong>suo</strong></span> <span class='ocrx_word' id='word_1_786' title='bbox 1532 5025 1751 5078; x_wconf 79' lang='lat' dir='ltr'><strong>Calvino</strong></span> <span class='ocrx_word' id='word_1_787' title='bbox 1792 5039 2009 5093; x_wconf 82' lang='lat' dir='ltr'><strong>perver-</strong></span> 
     </span>
    </p>
   </div>
   <div class='ocr_carea' id='block_1_97' title="bbox 441 5091 1812 5159">
    <p class='ocr_par' dir='ltr' id='par_1_97' title="bbox 441 5091 1812 5159">
     <span class='ocr_line' id='line_1_97' title="bbox 441 5091 1812 5159; baseline 0 -13"><span class='ocrx_word' id='word_1_788' title='bbox 441 5099 634 5153; x_wconf 85' lang='lat' dir='ltr'><strong>tentes,</strong></span> <span class='ocrx_word' id='word_1_789' title='bbox 663 5104 821 5159; x_wconf 90' lang='lat' dir='ltr'><strong>quam</strong></span> <span class='ocrx_word' id='word_1_790' title='bbox 853 5091 1076 5159; x_wconf 86' lang='lat' dir='ltr'><strong>turpiter</strong></span> <span class='ocrx_word' id='word_1_791' title='bbox 1100 5093 1166 5146; x_wconf 89' lang='lat' dir='ltr'><strong>ad</strong></span> <span class='ocrx_word' id='word_1_792' title='bbox 1196 5093 1526 5149; x_wconf 86' lang='lat' dir='ltr'><strong>Sabellianos</strong></span> <span class='ocrx_word' id='word_1_793' title='bbox 1548 5091 1812 5149; x_wconf 79' lang='lat' dir='ltr'><strong>deficiant.</strong></span> 
     </span>
    </p>
   </div>
   <div class='ocr_carea' id='block_1_98' title="bbox 518 5161 2010 5226">
    <p class='ocr_par' dir='ltr' id='par_1_98' title="bbox 518 5161 2010 5226">
     <span class='ocr_line' id='line_1_98' title="bbox 518 5161 2010 5226; baseline 0.003 -14"><span class='ocrx_word' id='word_1_794' title='bbox 518 5161 543 5197; x_wconf 71' lang='grc' dir='ltr'>δ</span> <span class='ocrx_word' id='word_1_795' title='bbox 581 5161 763 5214; x_wconf 86' lang='lat' dir='ltr'><strong>Codex</strong></span> <span class='ocrx_word' id='word_1_796' title='bbox 791 5170 944 5214; x_wconf 86' lang='lat' dir='ltr'><strong>vetus</strong></span> <span class='ocrx_word' id='word_1_797' title='bbox 973 5161 1201 5217; x_wconf 88' lang='lat' dir='ltr'><strong>nominis</strong></span> <span class='ocrx_word' id='word_1_798' title='bbox 1233 5162 1453 5215; x_wconf 78' lang='lat' dir='ltr'><strong>Arnobii</strong></span> <span class='ocrx_word' id='word_1_799' title='bbox 1489 5164 1714 5226; x_wconf 84' lang='lat' dir='ltr'><strong>oblitus,</strong></span> <span class='ocrx_word' id='word_1_800' title='bbox 1745 5163 1880 5216; x_wconf 75' lang='lat' dir='ltr'><strong>istud</strong></span> <span class='ocrx_word' id='word_1_801' title='bbox 1910 5162 2010 5216; x_wconf 87' lang='lat' dir='ltr'><strong>Se-</strong></span> 
     </span>
    </p>
   </div>
   <div class='ocr_carea' id='block_1_99' title="bbox 444 5230 2011 5300">
    <p class='ocr_par' dir='ltr' id='par_1_99' title="bbox 444 5230 2011 5300">
     <span class='ocr_line' id='line_1_99' title="bbox 444 5230 2011 5300; baseline 0.001 -17"><span class='ocrx_word' id='word_1_802' title='bbox 444 5230 652 5300; x_wconf 68' lang='lat' dir='ltr'><strong>rapioni</strong></span> <span class='ocrx_word' id='word_1_803' title='bbox 684 5231 886 5284; x_wconf 85' lang='lat' dir='ltr'><strong>tribuit.</strong></span> <span class='ocrx_word' id='word_1_804' title='bbox 936 5230 1134 5284; x_wconf 92' lang='lat' dir='ltr'><strong>Deinde</strong></span> <span class='ocrx_word' id='word_1_805' title='bbox 1172 5234 1331 5285; x_wconf 88' lang='lat' dir='ltr'><strong>tertio</strong></span> <span class='ocrx_word' id='word_1_806' title='bbox 1370 5234 1593 5300; x_wconf 82' lang='lat' dir='ltr'><strong>repetit,</strong></span> <span class='ocrx_word' id='word_1_807' title='bbox 1625 5236 1669 5285; x_wconf 76' lang='lat' dir='ltr'><strong>si</strong></span> <span class='ocrx_word' id='word_1_808' title='bbox 1710 5233 1934 5293; x_wconf 77' lang='lat' dir='ltr'><strong>Patrem,</strong></span> <span class='ocrx_word' id='word_1_809' title='bbox 1966 5232 2011 5284; x_wconf 81' lang='lat' dir='ltr'><strong>si</strong></span> 
     </span>
    </p>
   </div>
   <div class='ocr_carea' id='block_1_100' title="bbox 446 5299 2006 5369">
    <p class='ocr_par' dir='ltr' id='par_1_100' title="bbox 446 5299 2006 5369">
     <span class='ocr_line' id='line_1_100' title="bbox 446 5299 2006 5369; baseline 0 -16"><span class='ocrx_word' id='word_1_810' title='bbox 446 5299 658 5362; x_wconf 81' lang='lat' dir='ltr'><strong>Filium,</strong></span> <span class='ocrx_word' id='word_1_811' title='bbox 685 5302 731 5354; x_wconf 76' lang='lat' dir='ltr'><strong>si</strong></span> <span class='ocrx_word' id='word_1_812' title='bbox 760 5300 1040 5369; x_wconf 82' lang='lat' dir='ltr'><strong>Spiritum;</strong></span> <span class='ocrx_word' id='word_1_813' title='bbox 1069 5315 1170 5354; x_wconf 90' lang='lat' dir='ltr'><strong>nos</strong></span> <span class='ocrx_word' id='word_1_814' title='bbox 1205 5316 1261 5354; x_wconf 78' lang='lat' dir='ltr'><strong>se</strong></span> <span class='ocrx_word' id='word_1_815' title='bbox 1308 5299 1662 5369; x_wconf 69' lang='lat' dir='ltr'><strong>reposuimus.</strong></span> <span class='ocrx_word' id='word_1_816' title='bbox 1708 5301 2006 5365; x_wconf 88' lang='lat' dir='ltr'><strong>Postremo,</strong></span> 
     </span>
    </p>
   </div>
   <div class='ocr_carea' id='block_1_101' title="bbox 445 5370 1491 5439">
    <p class='ocr_par' dir='ltr' id='par_1_101' title="bbox 445 5370 1491 5439">
     <span class='ocr_line' id='line_1_101' title="bbox 445 5370 1491 5439; baseline -0.001 -16"><span class='ocrx_word' id='word_1_817' title='bbox 445 5372 726 5433; x_wconf 71' lang='lat' dir='ltr'><strong>contendit,</strong></span> <span class='ocrx_word' id='word_1_818' title='bbox 752 5384 850 5439; x_wconf 88' lang='lat' dir='ltr'><strong>pro</strong></span> <span class='ocrx_word' id='word_1_819' title='bbox 876 5370 1140 5439; x_wconf 66' lang='lat' dir='ltr'><strong>contendis</strong></span> <span class='ocrx_word' id='word_1_820' title='bbox 1164 5370 1491 5439; x_wconf 88' lang='lat' dir='ltr'><strong>scripsimus.</strong></span> 
     </span>
    </p>
   </div>
   <div class='ocr_carea' id='block_1_102' title="bbox 521 5436 2012 5494">
    <p class='ocr_par' dir='ltr' id='par_1_102' title="bbox 521 5436 2012 5494">
     <span class='ocr_line' id='line_1_102' title="bbox 521 5436 2012 5494; baseline -0.002 0"><span class='ocrx_word' id='word_1_821' title='bbox 521 5451 543 5479; x_wconf 73' lang='grc' dir='ltr'><strong>ε</strong></span> <span class='ocrx_word' id='word_1_822' title='bbox 588 5436 944 5494; x_wconf 69' lang='grc' dir='ltr'><strong>νθιιιδ’(τοιὶθκ</strong></span> <span class='ocrx_word' id='word_1_823' title='bbox 967 5455 979 5490; x_wconf 94' lang='lat'><strong>:</strong></span> <span class='ocrx_word' id='word_1_824' title='bbox 1006 5436 1143 5492; x_wconf 84' lang='lat' dir='ltr'><strong>Nam</strong></span> <span class='ocrx_word' id='word_1_825' title='bbox 1166 5436 1313 5491; x_wconf 64' lang='lat' dir='ltr'><strong>debes</strong></span> <span class='ocrx_word' id='word_1_826' title='bbox 1341 5455 1419 5491; x_wconf 81' lang='lat' dir='ltr'><strong>me</strong></span> <span class='ocrx_word' id='word_1_827' title='bbox 1445 5440 1733 5493; x_wconf 77' lang='lat' dir='ltr'><strong>meminisse</strong></span> <span class='ocrx_word' id='word_1_828' title='bbox 1754 5440 1945 5493; x_wconf 70' lang='lat' dir='ltr'><strong>dixisse</strong></span> <span class='ocrx_word' id='word_1_829' title='bbox 1966 5446 2012 5491; x_wconf 77' lang='lat' dir='ltr'><strong>te</strong></span> 
     </span>
    </p>
   </div>
   <div class='ocr_carea' id='block_1_103' title="bbox 450 5508 2007 5577">
    <p class='ocr_par' dir='ltr' id='par_1_103' title="bbox 450 5508 2007 5577">
     <span class='ocr_line' id='line_1_103' title="bbox 450 5508 2007 5577; baseline 0.001 -18"><span class='ocrx_word' id='word_1_830' title='bbox 450 5523 561 5562; x_wconf 71' lang='lat' dir='ltr'><strong>nere</strong></span> <span class='ocrx_word' id='word_1_831' title='bbox 579 5527 733 5563; x_wconf 78' lang='lat' dir='ltr'><strong>unum</strong></span> <span class='ocrx_word' id='word_1_832' title='bbox 759 5508 918 5562; x_wconf 83' lang='lat' dir='ltr'><strong>Deum</strong></span> <span class='ocrx_word' id='word_1_833' title='bbox 938 5510 1185 5577; x_wconf 82' lang='lat' dir='ltr'><strong>integrum</strong></span> <span class='ocrx_word' id='word_1_834' title='bbox 1208 5509 1483 5576; x_wconf 75' lang='lat' dir='ltr'><strong>conﬁteris,</strong></span> <span class='ocrx_word' id='word_1_835' title='bbox 1501 5525 1609 5573; x_wconf 75' lang='lat' dir='ltr'><strong>etqn</strong></span> <span class='ocrx_word' id='word_1_836' title='bbox 1633 5509 1857 5569; x_wconf 80' lang='lat' dir='ltr'><strong>Patrem,</strong></span> <span class='ocrx_word' id='word_1_837' title='bbox 1882 5518 2007 5569; x_wconf 85' lang='lat' dir='ltr'><strong>etc..</strong></span> 
     </span>
    </p>
   </div>
   <div class='ocr_carea' id='block_1_104' title="bbox 453 5577 1900 5648">
    <p class='ocr_par' dir='ltr' id='par_1_104' title="bbox 453 5577 1900 5648">
     <span class='ocr_line' id='line_1_104' title="bbox 453 5577 1900 5648; baseline -0.001 -17"><span class='ocrx_word' id='word_1_838' title='bbox 453 5592 551 5632; x_wconf 60' lang='lat' dir='ltr'><strong>nos</strong></span> <span class='ocrx_word' id='word_1_839' title='bbox 576 5580 827 5648; x_wconf 73' lang='lat' dir='ltr'><strong>conﬁteri,</strong></span> <span class='ocrx_word' id='word_1_840' title='bbox 860 5594 971 5632; x_wconf 82' lang='lat' dir='ltr'><strong>cum</strong></span> <span class='ocrx_word' id='word_1_841' title='bbox 1006 5578 1208 5630; x_wconf 68' lang='lat' dir='ltr'><strong>Putrem</strong></span> <span class='ocrx_word' id='word_1_842' title='bbox 1230 5578 1506 5643; x_wconf 76' lang='lat' dir='ltr'><strong>legendum</strong></span> <span class='ocrx_word' id='word_1_843' title='bbox 1533 5577 1900 5643; x_wconf 63' lang='lat' dir='ltr'><strong>indicavimus.</strong></span> 
     </span>
    </p>
   </div>
   <div class='ocr_carea' id='block_1_105' title="bbox 521 5649 2007 5715">
    <p class='ocr_par' dir='ltr' id='par_1_105' title="bbox 521 5649 2007 5715">
     <span class='ocr_line' id='line_1_105' title="bbox 521 5649 2007 5715; baseline 0.001 -17"><span class='ocrx_word' id='word_1_844' title='bbox 521 5651 545 5687; x_wconf 61' lang='grc' dir='ltr'><strong>ι</strong></span> <span class='ocrx_word' id='word_1_845' title='bbox 585 5649 718 5701; x_wconf 77' lang='lat' dir='ltr'><strong>Cum</strong></span> <span class='ocrx_word' id='word_1_846' title='bbox 745 5651 971 5702; x_wconf 75' lang='lat' dir='ltr'><strong>lizerctiei</strong></span> <span class='ocrx_word' id='word_1_847' title='bbox 997 5649 1360 5715; x_wconf 57' lang='lat' dir='ltr'><strong>[iamllitf’ls‘lllls</strong></span> <span class='ocrx_word' id='word_1_848' title='bbox 1389 5658 1439 5698; x_wconf 85' lang='lat' dir='ltr'><strong>et</strong></span> <span class='ocrx_word' id='word_1_849' title='bbox 1462 5650 1620 5699; x_wconf 61' lang='lat' dir='ltr'><strong>nivi-is</strong></span> <span class='ocrx_word' id='word_1_850' title='bbox 1651 5649 1868 5699; x_wconf 59' lang='lat' dir='ltr'><strong>[.tilill&#39;ilb</strong></span> <span class='ocrx_word' id='word_1_851' title='bbox 1891 5658 2007 5715; x_wconf 84' lang='lat' dir='ltr'><strong>tau-</strong></span> 
     </span>
    </p>
   </div>
   <div class='ocr_carea' id='block_1_106' title="bbox 2106 4599 3652 4670">
    <p class='ocr_par' dir='ltr' id='par_1_106' title="bbox 2106 4599 3652 4670">
     <span class='ocr_line' id='line_1_106' title="bbox 2106 4599 3652 4670; baseline -0.004 -10"><span class='ocrx_word' id='word_1_852' title='bbox 2106 4616 2216 4661; x_wconf 87' lang='lat' dir='ltr'><strong>tnm</strong></span> <span class='ocrx_word' id='word_1_853' title='bbox 2257 4622 2383 4659; x_wconf 87' lang='lat' dir='ltr'><strong>suos</strong></span> <span class='ocrx_word' id='word_1_854' title='bbox 2424 4621 2633 4661; x_wconf 86' lang='lat' dir='ltr'><strong>errores</strong></span> <span class='ocrx_word' id='word_1_855' title='bbox 2653 4604 2889 4660; x_wconf 83' lang='lat' dir='ltr'><strong>stabilire</strong></span> <span class='ocrx_word' id='word_1_856' title='bbox 2909 4602 3188 4670; x_wconf 81' lang='lat' dir='ltr'><strong>conentur,</strong></span> <span class='ocrx_word' id='word_1_857' title='bbox 3224 4622 3327 4659; x_wconf 93' lang='lat' dir='ltr'><strong>non</strong></span> <span class='ocrx_word' id='word_1_858' title='bbox 3360 4605 3539 4657; x_wconf 89' lang='lat' dir='ltr'><strong>mirum</strong></span> <span class='ocrx_word' id='word_1_859' title='bbox 3565 4599 3601 4650; x_wconf 83' lang='lat' dir='ltr'><strong>si</strong></span> <span class='ocrx_word' id='word_1_860' title='bbox 3629 4612 3652 4647; x_wconf 71' lang='lat'><strong>.1</strong></span> 
     </span>
    </p>
   </div>
   <div class='ocr_carea' id='block_1_107' title="bbox 2104 4672 3651 4744">
    <p class='ocr_par' dir='ltr' id='par_1_107' title="bbox 2104 4672 3651 4744">
     <span class='ocr_line' id='line_1_107' title="bbox 2104 4672 3651 4744; baseline -0.004 -14"><span class='ocrx_word' id='word_1_861' title='bbox 2104 4678 2405 4739; x_wconf 85' lang='lat' dir='ltr'><strong>dialectica,</strong></span> <span class='ocrx_word' id='word_1_862' title='bbox 2429 4690 2545 4743; x_wconf 66' lang='lat' dir='ltr'><strong>qua:</strong></span> <span class='ocrx_word' id='word_1_863' title='bbox 2560 4676 2880 4744; x_wconf 78' lang='lat' dir='ltr'><strong>sophismata</strong></span> <span class='ocrx_word' id='word_1_864' title='bbox 2904 4675 3154 4742; x_wconf 83' lang='lat' dir='ltr'><strong>detegere</strong></span> <span class='ocrx_word' id='word_1_865' title='bbox 3172 4684 3227 4731; x_wconf 92' lang='lat' dir='ltr'><strong>et</strong></span> <span class='ocrx_word' id='word_1_866' title='bbox 3239 4674 3479 4728; x_wconf 83' lang='lat' dir='ltr'><strong>refellere</strong></span> <span class='ocrx_word' id='word_1_867' title='bbox 3496 4672 3651 4724; x_wconf 70' lang='lat' dir='ltr'><strong>docet.</strong></span> 
     </span>
    </p>
   </div>
   <div class='ocr_carea' id='block_1_108' title="bbox 2106 4744 3653 4816">
    <p class='ocr_par' dir='ltr' id='par_1_108' title="bbox 2106 4744 3653 4816">
     <span class='ocr_line' id='line_1_108' title="bbox 2106 4744 3653 4816; baseline -0.008 -15"><span class='ocrx_word' id='word_1_868' title='bbox 2106 4756 2163 4800; x_wconf 90' lang='lat' dir='ltr'><strong>ut</strong></span> <span class='ocrx_word' id='word_1_869' title='bbox 2200 4747 2484 4816; x_wconf 87' lang='lat' dir='ltr'><strong>plurimum</strong></span> <span class='ocrx_word' id='word_1_870' title='bbox 2515 4744 3025 4816; x_wconf 13' lang='lat' dir='ltr'><strong>abhorreant.rllinc</strong></span> <span class='ocrx_word' id='word_1_871' title='bbox 3050 4745 3191 4816; x_wconf 86' lang='lat' dir='ltr'><strong>enim</strong></span> <span class='ocrx_word' id='word_1_872' title='bbox 3234 4745 3512 4816; x_wconf 70' lang='lat' dir='ltr'><strong>Donatisnc</strong></span> <span class='ocrx_word' id='word_1_873' title='bbox 3548 4750 3653 4816; x_wconf 62' lang='lat' dir='ltr'><strong>cunt</strong></span> 
     </span>
    </p>
   </div>
   <div class='ocr_carea' id='block_1_109' title="bbox 2107 4804 3654 4887">
    <p class='ocr_par' dir='ltr' id='par_1_109' title="bbox 2107 4804 3654 4887">
     <span class='ocr_line' id='line_1_109' title="bbox 2107 4804 3654 4887; baseline -0.008 -18"><span class='ocrx_word' id='word_1_874' title='bbox 2107 4804 2401 4887; x_wconf 71' lang='lat' dir='ltr'><strong>Augustino</strong></span> <span class='ocrx_word' id='word_1_875' title='bbox 2447 4813 2705 4887; x_wconf 80' lang='lat' dir='ltr'><strong>congredi</strong></span> <span class='ocrx_word' id='word_1_876' title='bbox 2737 4815 3008 4876; x_wconf 88' lang='lat' dir='ltr'><strong>nolebant,</strong></span> <span class='ocrx_word' id='word_1_877' title='bbox 3035 4813 3194 4887; x_wconf 65' lang='lat' dir='ltr'><strong>quod</strong></span> <span class='ocrx_word' id='word_1_878' title='bbox 3239 4815 3341 4867; x_wconf 88' lang='lat' dir='ltr'><strong>hac</strong></span> <span class='ocrx_word' id='word_1_879' title='bbox 3388 4804 3654 4887; x_wconf 69' lang='lat' dir='ltr'><strong>disserendi</strong></span> 
     </span>
    </p>
   </div>
   <div class='ocr_carea' id='block_1_110' title="bbox 2108 4878 3655 4953">
    <p class='ocr_par' dir='ltr' id='par_1_110' title="bbox 2108 4878 3655 4953">
     <span class='ocr_line' id='line_1_110' title="bbox 2108 4878 3655 4953; baseline -0.006 -15"><span class='ocrx_word' id='word_1_880' title='bbox 2108 4878 2223 4938; x_wconf 72' lang='lat' dir='ltr'><strong>arte</strong></span> <span class='ocrx_word' id='word_1_881' title='bbox 2253 4886 2451 4953; x_wconf 84' lang='lat' dir='ltr'><strong>peritus</strong></span> <span class='ocrx_word' id='word_1_882' title='bbox 2482 4891 2536 4937; x_wconf 89' lang='lat' dir='ltr'><strong>et</strong></span> <span class='ocrx_word' id='word_1_883' title='bbox 2557 4878 2995 4953; x_wconf 62' lang='lat' dir='ltr'><strong>munitusesset.</strong></span> <span class='ocrx_word' id='word_1_884' title='bbox 3034 4878 3101 4935; x_wconf 77' lang='lat' dir='ltr'><strong>Et</strong></span> <span class='ocrx_word' id='word_1_885' title='bbox 3147 4896 3405 4953; x_wconf 85' lang='lat' dir='ltr'><strong>novorum</strong></span> <span class='ocrx_word' id='word_1_886' title='bbox 3455 4878 3655 4953; x_wconf 60' lang='lat' dir='ltr'><strong>Ubiqtli-</strong></span> 
     </span>
    </p>
   </div>
   <div class='ocr_carea' id='block_1_111' title="bbox 2107 4944 3657 5019">
    <p class='ocr_par' dir='ltr' id='par_1_111' title="bbox 2107 4944 3657 5019">
     <span class='ocr_line' id='line_1_111' title="bbox 2107 4944 3657 5019; baseline -0.006 -12"><span class='ocrx_word' id='word_1_887' title='bbox 2107 4944 2308 5008; x_wconf 73' lang='lat' dir='ltr'><strong>staruin</strong></span> <span class='ocrx_word' id='word_1_888' title='bbox 2354 4953 2488 5007; x_wconf 81' lang='lat' dir='ltr'><strong>alter</strong></span> <span class='ocrx_word' id='word_1_889' title='bbox 2536 4955 2759 5007; x_wconf 81' lang='lat' dir='ltr'><strong>antistes</strong></span> <span class='ocrx_word' id='word_1_890' title='bbox 2803 4950 3144 5013; x_wconf 83' lang='lat' dir='ltr'><strong>Smidelinus,</strong></span> <span class='ocrx_word' id='word_1_891' title='bbox 3187 4953 3239 5005; x_wconf 89' lang='lat' dir='ltr'><strong>in</strong></span> <span class='ocrx_word' id='word_1_892' title='bbox 3282 4949 3540 5019; x_wconf 88' lang='lat' dir='ltr'><strong>colloquio</strong></span> <span class='ocrx_word' id='word_1_893' title='bbox 3564 4944 3657 5019; x_wconf 54' lang='lat' dir='ltr'><strong>Ba;</strong></span> 
     </span>
    </p>
   </div>
   <div class='ocr_carea' id='block_1_112' title="bbox 2113 5009 3721 5091">
    <p class='ocr_par' dir='ltr' id='par_1_112' title="bbox 2113 5009 3721 5091">
     <span class='ocr_line' id='line_1_112' title="bbox 2113 5009 3721 5091; baseline -0.007 -15"><span class='ocrx_word' id='word_1_894' title='bbox 2113 5022 2281 5085; x_wconf 65' lang='lat' dir='ltr'><strong>densi,</strong></span> <span class='ocrx_word' id='word_1_895' title='bbox 2311 5022 2485 5091; x_wconf 77' lang='lat' dir='ltr'><strong>jussus</strong></span> <span class='ocrx_word' id='word_1_896' title='bbox 2519 5022 2827 5091; x_wconf 84' lang='lat' dir='ltr'><strong>(secundum</strong></span> <span class='ocrx_word' id='word_1_897' title='bbox 2850 5024 3024 5090; x_wconf 84' lang='lat' dir='ltr'><strong>pacta)</strong></span> <span class='ocrx_word' id='word_1_898' title='bbox 3057 5022 3107 5091; x_wconf 89' lang='lat' dir='ltr'><strong>in</strong></span> <span class='ocrx_word' id='word_1_899' title='bbox 3134 5009 3298 5074; x_wconf 80' lang='lat' dir='ltr'><strong>modo</strong></span> <span class='ocrx_word' id='word_1_900' title='bbox 3323 5028 3377 5075; x_wconf 90' lang='lat' dir='ltr'><strong>et</strong></span> <span class='ocrx_word' id='word_1_901' title='bbox 3399 5009 3551 5084; x_wconf 72' lang='lat' dir='ltr'><strong>figura</strong></span> <span class='ocrx_word' id='word_1_902' title='bbox 3571 5009 3682 5091; x_wconf 50' lang='lat'><strong>531-.</strong></span> <span class='ocrx_word' id='word_1_903' title='bbox 3716 5064 3721 5065; x_wconf 63' lang='lat'><strong><em>,</em></strong></span> 
     </span>
    </p>
   </div>
   <div class='ocr_carea' id='block_1_113' title="bbox 2113 5072 3659 5161">
    <p class='ocr_par' dir='ltr' id='par_1_113' title="bbox 2113 5072 3659 5161">
     <span class='ocr_line' id='line_1_113' title="bbox 2113 5072 3659 5161; baseline -0.004 -15"><span class='ocrx_word' id='word_1_904' title='bbox 2113 5072 2621 5161; x_wconf 60' lang='grc' dir='ltr'><strong>ιόέίςίἰιῖιέῆἑέιὲνρ,</strong></span> <span class='ocrx_word' id='word_1_905' title='bbox 2647 5100 2701 5143; x_wconf 89' lang='lat' dir='ltr'><strong>et</strong></span> <span class='ocrx_word' id='word_1_906' title='bbox 2733 5072 3022 5144; x_wconf 56' lang='lat' dir='ltr'><strong>securndum’</strong></span> <span class='ocrx_word' id='word_1_907' title='bbox 3050 5072 3459 5161; x_wconf 47' lang='lat' dir='ltr'><strong>dialecticorum&quot;</strong></span> <span class='ocrx_word' id='word_1_908' title='bbox 3473 5072 3659 5152; x_wconf 53' lang='lat' dir='ltr'><strong>regni”</strong></span> 
     </span>
    </p>
   </div>
   <div class='ocr_carea' id='block_1_114' title="bbox 2112 5158 3659 5236">
    <p class='ocr_par' dir='ltr' id='par_1_114' title="bbox 2112 5158 3659 5236">
     <span class='ocr_line' id='line_1_114' title="bbox 2112 5158 3659 5236; baseline -0.005 -21"><span class='ocrx_word' id='word_1_909' title='bbox 2112 5158 2413 5236; x_wconf 71' lang='lat' dir='ltr'><strong>disputare:</strong></span> <span class='ocrx_word' id='word_1_910' title='bbox 2445 5178 2563 5236; x_wconf 77' lang='lat' dir='ltr'><strong>eum</strong></span> <span class='ocrx_word' id='word_1_911' title='bbox 2597 5162 2644 5214; x_wconf 89' lang='lat' dir='ltr'><strong>id</strong></span> <span class='ocrx_word' id='word_1_912' title='bbox 2667 5168 2919 5236; x_wconf 73' lang='lat' dir='ltr'><strong>pnestare</strong></span> <span class='ocrx_word' id='word_1_913' title='bbox 2950 5175 3054 5212; x_wconf 90' lang='lat' dir='ltr'><strong>non</strong></span> <span class='ocrx_word' id='word_1_914' title='bbox 3081 5159 3363 5236; x_wconf 74' lang='lat' dir='ltr'><strong>posset,_in</strong></span> <span class='ocrx_word' id='word_1_915' title='bbox 3392 5158 3523 5236; x_wconf 73' lang='lat' dir='ltr'><strong>hanc</strong></span> 
     </span>
    </p>
   </div>
   <div class='ocr_carea' id='block_1_115' title="bbox 2112 5221 3659 5298">
    <p class='ocr_par' dir='ltr' id='par_1_115' title="bbox 2112 5221 3659 5298">
     <span class='ocr_line' id='line_1_115' title="bbox 2112 5221 3659 5298; baseline -0.01 -13"><span class='ocrx_word' id='word_1_916' title='bbox 2112 5221 2311 5285; x_wconf 73' lang='lat' dir='ltr'><strong>claram</strong></span> <span class='ocrx_word' id='word_1_917' title='bbox 2334 5221 2936 5298; x_wconf 56' lang='lat' dir='ltr'><strong>disciplinani&#39;invectus,</strong></span> <span class='ocrx_word' id='word_1_918' title='bbox 2955 5221 3335 5282; x_wconf 52' lang='lat' dir='ltr'><strong>cum&#39;fanaticis</strong></span> <span class='ocrx_word' id='word_1_919' title='bbox 3349 5221 3659 5296; x_wconf 87' lang='lat' dir='ltr'><strong>opinionibus</strong></span> 
     </span>
    </p>
   </div>
   <div class='ocr_carea' id='block_1_116' title="bbox 2111 5299 3656 5367">
    <p class='ocr_par' dir='ltr' id='par_1_116' title="bbox 2111 5299 3656 5367">
     <span class='ocr_line' id='line_1_116' title="bbox 2111 5299 3656 5367; baseline -0.006 -14"><span class='ocrx_word' id='word_1_920' title='bbox 2111 5301 2221 5355; x_wconf 83' lang='lat' dir='ltr'><strong>suis</strong></span> <span class='ocrx_word' id='word_1_921' title='bbox 2253 5300 2459 5353; x_wconf 77' lang='lat' dir='ltr'><strong>theatro</strong></span> <span class='ocrx_word' id='word_1_922' title='bbox 2482 5299 2790 5353; x_wconf 75' lang='lat' dir='ltr'><strong>exsibilatus</strong></span> <span class='ocrx_word' id='word_1_923' title='bbox 2812 5308 2865 5351; x_wconf 89' lang='lat' dir='ltr'><strong>et</strong></span> <span class='ocrx_word' id='word_1_924' title='bbox 2885 5299 3066 5366; x_wconf 88' lang='lat' dir='ltr'><strong>pulsus</strong></span> <span class='ocrx_word' id='word_1_925' title='bbox 3090 5316 3104 5350; x_wconf 92' lang='lat'><strong>:</strong></span> <span class='ocrx_word' id='word_1_926' title='bbox 3131 5299 3289 5367; x_wconf 89' lang='lat' dir='ltr'><strong>paulo</strong></span> <span class='ocrx_word' id='word_1_927' title='bbox 3308 5306 3429 5367; x_wconf 88' lang='lat' dir='ltr'><strong>post</strong></span> <span class='ocrx_word' id='word_1_928' title='bbox 3446 5299 3656 5347; x_wconf 64' lang='lat' dir='ltr'><strong>marrow</strong></span> 
     </span>
    </p>
   </div>
   <div class='ocr_carea' id='block_1_117' title="bbox 2111 5368 2963 5424">
    <p class='ocr_par' dir='ltr' id='par_1_117' title="bbox 2111 5368 2963 5424">
     <span class='ocr_line' id='line_1_117' title="bbox 2111 5368 2963 5424; baseline -0.006 0"><span class='ocrx_word' id='word_1_929' title='bbox 2111 5369 2383 5424; x_wconf 79' lang='lat' dir='ltr'><strong>confectus</strong></span> <span class='ocrx_word' id='word_1_930' title='bbox 2413 5370 2643 5422; x_wconf 87' lang='lat' dir='ltr'><strong>animam</strong></span> <span class='ocrx_word' id='word_1_931' title='bbox 2676 5368 2963 5421; x_wconf 77' lang='lat' dir='ltr'><strong>exhalavit.</strong></span> 
     </span>
    </p>
   </div>
   <div class='ocr_carea' id='block_1_118' title="bbox 2190 5436 2964 5500">
    <p class='ocr_par' dir='ltr' id='par_1_118' title="bbox 2190 5436 2964 5500">
     <span class='ocr_line' id='line_1_118' title="bbox 2190 5436 2964 5500; baseline -0.001 -12"><span class='ocrx_word' id='word_1_932' title='bbox 2190 5451 2212 5476; x_wconf 78' lang='grc' dir='ltr'><strong><em>ο</em></strong></span> <span class='ocrx_word' id='word_1_933' title='bbox 2255 5437 2447 5489; x_wconf 74' lang='lat' dir='ltr'><strong>Vocem</strong></span> <span class='ocrx_word' id='word_1_934' title='bbox 2479 5454 2633 5490; x_wconf 64' lang='lat' dir='ltr'><strong>unum</strong></span> <span class='ocrx_word' id='word_1_935' title='bbox 2656 5436 2964 5500; x_wconf 72' lang='lat' dir='ltr'><strong>adiecimus.</strong></span> 
     </span>
    </p>
   </div>
   <div class='ocr_carea' id='block_1_119' title="bbox 2194 5492 3655 5579">
    <p class='ocr_par' dir='ltr' id='par_1_119' title="bbox 2194 5492 3655 5579">
     <span class='ocr_line' id='line_1_119' title="bbox 2194 5492 3655 5579; baseline -0.003 -23"><span class='ocrx_word' id='word_1_936' title='bbox 2194 5508 2210 5543; x_wconf 70' lang='grc' dir='ltr'><strong>ί</strong></span> <span class='ocrx_word' id='word_1_937' title='bbox 2254 5507 2417 5557; x_wconf 80' lang='lat' dir='ltr'><strong>Vetus</strong></span> <span class='ocrx_word' id='word_1_938' title='bbox 2442 5506 2605 5557; x_wconf 63' lang='lat' dir='ltr'><strong>codex</strong></span> <span class='ocrx_word' id='word_1_939' title='bbox 2635 5524 2646 5579; x_wconf 83' lang='lat'><strong>:</strong></span> <span class='ocrx_word' id='word_1_940' title='bbox 2685 5492 2869 5579; x_wconf 38' lang='lat' dir='ltr'><strong>E‘rlirqt</strong></span> <span class='ocrx_word' id='word_1_941' title='bbox 2891 5506 3145 5579; x_wconf 68' lang='lat' dir='ltr'><strong>Serapion</strong></span> <span class='ocrx_word' id='word_1_942' title='bbox 3166 5505 3233 5558; x_wconf 80' lang='lat' dir='ltr'><strong>nd</strong></span> <span class='ocrx_word' id='word_1_943' title='bbox 3259 5504 3408 5579; x_wconf 63' lang='lat' dir='ltr'><strong>hujus</strong></span> <span class='ocrx_word' id='word_1_944' title='bbox 3435 5492 3655 5579; x_wconf 53' lang='lat' dir='ltr'><strong>reprogtt&#39;</strong></span> 
     </span>
    </p>
   </div>
   <div class='ocr_carea' id='block_1_120' title="bbox 2117 5562 3657 5645">
    <p class='ocr_par' dir='ltr' id='par_1_120' title="bbox 2117 5562 3657 5645">
     <span class='ocr_line' id='line_1_120' title="bbox 2117 5562 3657 5645; baseline -0.007 -16"><span class='ocrx_word' id='word_1_945' title='bbox 2117 5578 2301 5629; x_wconf 67' lang='lat' dir='ltr'><strong>tionem</strong></span> <span class='ocrx_word' id='word_1_946' title='bbox 2330 5576 2423 5627; x_wconf 64' lang='lat' dir='ltr'><strong>hoc</strong></span> <span class='ocrx_word' id='word_1_947' title='bbox 2446 5591 2543 5627; x_wconf 84' lang='lat' dir='ltr'><strong>non</strong></span> <span class='ocrx_word' id='word_1_948' title='bbox 2567 5577 2727 5627; x_wconf 73' lang='lat' dir='ltr'><strong>solum</strong></span> <span class='ocrx_word' id='word_1_949' title='bbox 2751 5566 2938 5635; x_wconf 45' lang='lat' dir='ltr'><strong>davisse,</strong></span> <span class='ocrx_word' id='word_1_950' title='bbox 2971 5562 3072 5627; x_wconf 29' lang='grc' dir='ltr'><strong>(ξύν’.</strong></span> <span class='ocrx_word' id='word_1_951' title='bbox 3109 5562 3527 5645; x_wconf 45' lang='lat' dir='ltr'><strong>Etpaulopost&#39;:</strong></span> <span class='ocrx_word' id='word_1_952' title='bbox 3569 5562 3657 5615; x_wconf 72' lang='lat' dir='ltr'><strong>Stt-</strong></span> 
     </span>
    </p>
   </div>
   <div class='ocr_carea' id='block_1_121' title="bbox 2116 5642 3657 5716">
    <p class='ocr_par' dir='ltr' id='par_1_121' title="bbox 2116 5642 3657 5716">
     <span class='ocr_line' id='line_1_121' title="bbox 2116 5642 3657 5716; baseline -0.005 -19"><span class='ocrx_word' id='word_1_953' title='bbox 2116 5649 2369 5714; x_wconf 70' lang='lat' dir='ltr'><strong>tfsfurtnm</strong></span> <span class='ocrx_word' id='word_1_954' title='bbox 2415 5648 2598 5710; x_wconf 70' lang='lat' dir='ltr'><strong>[un-ur,</strong></span> <span class='ocrx_word' id='word_1_955' title='bbox 2644 5659 2739 5712; x_wconf 67' lang='lat' dir='ltr'><strong>pro</strong></span> <span class='ocrx_word' id='word_1_956' title='bbox 2785 5657 2886 5710; x_wconf 79' lang='grc' dir='ltr'><strong>(ιῑιυ</strong></span> <span class='ocrx_word' id='word_1_957' title='bbox 2930 5662 3026 5697; x_wconf 83' lang='lat' dir='ltr'><strong>nos</strong></span> <span class='ocrx_word' id='word_1_958' title='bbox 3065 5644 3257 5716; x_wconf 71' lang='lat' dir='ltr'><strong>[utebar</strong></span> <span class='ocrx_word' id='word_1_959' title='bbox 3285 5642 3657 5696; x_wconf 61' lang='lat' dir='ltr'><strong>culloeat‘iluuso</strong></span> 
     </span>
    </p>
   </div>
  </div>
