3936 6176
207 326 291 381 illi
939 321 1363 381 CONFLICTUS
1400 325 1490 379 DE
1528 323 1664 378 ι)Εο
1703 324 1906 377 ’ΠυΝο
1947 323 2033 377 ΕΤ
2076 322 2232 391 UNO,
2273 324 2423 381 ETC.
2459 325 2587 381 [ΑΒ.
2627 325 2669 381 ι.

3328 324 3437 383 246

207 441 251 495 in
267 437 403 503 Filio,
426 445 517 492 aut
544 438 595 491 in
619 436 820 508 Spiritu
848 446 1059 505 sancto,
1089 445 1348 508 quantum
1388 445 1568 507 potest
1593 435 1750 490 unius
1780 443 1822 495 Α
1854 452 2050 507 sequar
2103 453 2213 507 quo
2258 435 2508 504 volueris,
2552 438 2663 507 jam
2715 412 2847 495 mihi
2893 441 2959 495 de
3006 440 3207 513 Spiritu
3253 454 3439 496 sancto

208 530 358 603 puncti
404 543 651 584 mensura
697 544 836 593 esse,
859 526 1163 583 olfenderit.
1187 527 1475 584 Oculorum
1504 528 1648 582 enim
1677 526 1757 579 in-

207 620 428 676 teriorum
456 618 636 672 lumen
660 626 742 672 est
764 615 925 684 ﬁdes;
964 626 1021 672 et
1046 618 1205 684 sicut,
1246 619 1291 673 si
1320 633 1420 672 acu
1449 625 1629 672 tenera
1660 617 1758 671 ali-

207 725 336 779 quam
360 717 563 779 partem
588 723 792 778 pungas
814 709 865 762 in
895 709 1071 775 oculo,
1096 716 1267 764 totum
1315 709 1493 763 lumen
1541 717 1758 764 contur-

207 801 280 854 bas
302 807 454 867 atque
474 798 740 862 debilitas,
765 800 838 852 ita
861 800 1023 854 etiam
1046 809 1070 836 τι
1101 815 1223 855 cum
1251 808 1487 856 erratum
1518 799 1678 855 fuerit
1702 801 1756 854 in

206 892 283 945 Lac
319 896 497 944 sancta
550 888 815 945 Trinitate
852 890 905 944 in
934 891 1112 959 aliqua
1157 898 1313 961 parte
1339 899 1597 960 quantum
1626 907 1758 947 con-

206 982 394 1035 cedetur
419 988 624 1046 atomo,
650 980 738 1034 vel
766 988 1062 1047 momento,
1082 980 1168 1035 vel
1197 993 1416 1050 puncto,
1451 990 1619 1035 totum
1663 996 1754 1036 se-

205 1087 309 1125 renu
330 1088 358 1123 n
401 1071 579 1125 lumen
635 1072 756 1126 tidei
797 1068 1064 1126 convertit
1110 1072 1165 1126 in
1194 1073 1434 1127 nubilum
1462 1091 1475 1124 :
1509 1081 1565 1127 et
1589 1073 1755 1127 semel

202 1162 287 1228 jam
311 1162 511 1216 animus
550 1162 882 1229 vulneratus,
915 1164 990 1218 nil
1015 1172 1212 1234 praeter
1240 1164 1489 1219 tenebras
1514 1164 1758 1220 videt.—

203 1250 383 1308 Ju-liccs
408 1252 657 1308 dixerunt
691 1271 703 1307 :
746 1252 1031 1323 Serapion,
1056 1256 1150 1324 qui
1186 1255 1307 1311 ideo
1336 1271 1443 1310 non
1489 1256 1756 1324 acquievit

202 1345 444 1414 corporeis
471 1346 735 1415 exemplis
763 1348 1070 1418 assumptis,
1100 1347 1224 1418 quia
1256 1348 1574 1403 videbantur
1594 1348 1645 1403 ei
1674 1349 1757 1403 in-

202 1436 442 1505 corporeis
460 1437 633 1506 aptari
662 1451 768 1490 non
792 1453 980 1508 posse;
1008 1438 1165 1492 cedat
1186 1439 1515 1509 iacorporeis
1536 1455 1758 1495 necesse

200 1535 268 1582 c-t
306 1528 524 1597 prolatis
564 1529 847 1598 exemplis,
892 1538 951 1584 ut
978 1544 1104 1584 vere
1133 1545 1291 1603 uaam
1320 1531 1582 1586 Deitatem
1612 1532 1756 1586 veris

200 1620 340 1674 tribus
394 1622 640 1689 personis
701 1619 932 1676 fateatur
994 1622 1385 1678 rationabiliter
1444 1638 1564 1680 esse
1615 1627 1754 1681 assi-

194 1719 407 1777 gnatam.

1859 529 2084 583 ostende
2123 529 2250 598 quid
2293 527 2876 584 sentiam—Arnobius
2902 526 3039 582 dixit
3070 545 3084 581 :
3117 526 3145 566 ι
3173 525 3328 582 Prius
3357 538 3439 581 est

1859 630 1918 674 ut
1945 618 2163 675 fatearis
2206 620 2273 675 de
2320 620 2456 675 Filio
2502 636 2601 676 suo
2647 619 2848 675 dixisse
2876 618 3140 676 Patrem:
3173 617 3437 673 Eructavi:
3482 620 3485 623 ’

1857 725 1948 762 cur
1995 725 2159 763 nicum
2202 708 2405 763 rerbum
2431 708 2618 764 bonum
2644 709 2812 781 (Psal.
2844 726 2988 775 xuv,
3015 708 3437 783 2).-—Serapion

1857 801 1992 856 dixit
2026 819 2038 853 :
2070 800 2246 855 Etiam
2275 802 2321 857 si
2351 816 2548 869 negare
2576 801 2855 865 voluerim,
2886 810 3179 872 praesentes
3206 815 3293 855 me
3321 816 3438 854 om-

1856 908 1953 947 nes
1993 892 2085 960 qui
2139 892 2382 959 audiunt,
2440 891 2814 947 confutabunt.
2846 889 3203 947 —Arnobius
3254 890 3388 946 dixit
3421 909 3433 943 :

1856 984 2048 1040 Sermo
2077 999 2198 1039 cum
2229 999 2296 1038 ex
2327 1000 2422 1039 ore
2451 982 2625 1038 Patris
2654 968 2982 1049 nasceretur,
3014 983 3107 1051 qui
3134 981 3315 1038 omnia
3366 981 3439 1035 vi-

1855 1076 2027 1130 sibilia
2058 1082 2112 1130 et
2157 1076 2441 1131 invisibilia
2484 1090 2581 1131 sua
2631 1077 2829 1130 virtute
2881 1076 3105 1142 creavit,
3163 1089 3435 1144 nunquam

1855 1166 2031 1235 potuit
2059 1180 2235 1220 sermo
2281 1165 2398 1219 sine
2437 1166 2608 1220 sancti
2637 1163 2870 1236 Spiritus
2897 1165 3027 1219 llatu
3051 1164 3439 1234 procedere.—

1855 1255 2117 1326 Serapion
2143 1256 2277 1311 dixit
2310 1273 2323 1309 :
2356 1255 2495 1325 Ergo
2523 1255 2630 1311 duo
2658 1264 2782 1310 sunt
2805 1255 2917 1319 lilii,
2939 1255 3031 1324 qui
3053 1269 3121 1309 ex
3149 1270 3245 1309 ore
3261 1252 3438 1310 Patris

1855 1348 2057 1417 egressi
2103 1355 2247 1413 sunt,
2291 1346 2482 1402 Serm‘o
2511 1348 2716 1403 scilicet
2742 1354 2799 1402 et
2824 1345 3436 1416 Spiritus.-—Arnobius

1854 1438 1989 1494 dixit
2022 1456 2034 1491 :
2067 1438 2228 1493 Erras
2254 1438 2307 1492 in
2337 1438 2541 1493 auditu.
2573 1436 2786 1493 Excidit
2825 1438 2967 1493 enim
3006 1437 3122 1502 tibi,
3153 1437 3277 1505 quia
3306 1435 3434 1491 duxi

1854 1539 1907 1586 te
1935 1531 2083 1601 prius
2110 1530 2178 1585 ad
2198 1529 2499 1599 exemplum
2528 1529 2671 1599 regis
2696 1529 2787 1598 qui
2817 1528 3100 1598 imperavit
3136 1525 3250 1583 fora
3295 1526 3431 1587 tieri,

1852 1628 1945 1676 aut
1972 1621 2190 1692 palatia,
2244 1629 2337 1675 aut
2365 1622 2633 1687 thermas;
2664 1627 2720 1676 et
2745 1620 2914 1690 adjeci
2940 1636 2953 1673 :
2984 1618 3176 1675 Sermo
3227 1618 3435 1689 imperii

1853 1713 1969 1783 ejus
1997 1721 2200 1768 tantam
2228 1713 2483 1768 virtutem
2530 1713 2763 1768 obtinuit
2802 1721 2861 1768 ut
2900 1710 3091 1768 fierent
3139 1728 3259 1781 qua:
3299 1728 3437 1766 nun-

251 1799 637 1872 V.—Serapion
666 1802 801 1857 dixit
832 1820 846 1857 :
879 1801 1180 1859 Permittite
1201 1820 1308 1871 me,
1338 1804 1570 1873 Iudices,
1596 1808 1662 1862 ab
1683 1823 1749 1863 eo
1782 1800 1830 1859 Β
1854 1823 2016 1877 quam
2043 1801 2275 1863 fuerant.
2306 1806 2435 1863 Haec
2454 1815 2512 1861 tu
2539 1821 2720 1863 coram
2748 1806 3058 1861 hominibus
3085 1804 3433 1862 confirmasti.

193 1892 436 1963 inquirere
473 1907 593 1962 qua:
621 1903 935 1963 sequuntur.
951 1894 1245 1951 —Judiccs
1285 1897 1532 1951 dixerunt
1559 1917 1571 1950 :
1602 1898 1752 1954 Sicut

195 1999 280 2038 ron
306 1985 628 2054 permitteris
655 2000 717 2040 ea
744 2001 864 2055 quae
886 1986 1030 2056 juste
1059 1986 1203 2042 [inita
1233 1996 1357 2043 sunt
1405 1990 1631 2055 iterare,
1677 1991 1750 2045 ita

193 2091 278 2130 non
304 2076 620 2147 prohiberis,
651 2091 770 2146 quae
798 2094 905 2133 non
934 2087 1059 2133 sunt
1086 2080 1330 2141 intiniata
1356 2097 1753 2151 proponere.—

192 2165 422 2237 Serapion
448 2168 621 2223 dixit:
655 2168 872 2224 Patrem
901 2178 956 2224 et
984 2169 1175 2226 Filium
1197 2172 1261 2227 ad
1291 2174 1751 2243 comparationem

194 2260 336 2327 primo
390 2275 746 2331 corpoream,
803 2263 1042 2319 secundo
1098 2263 1470 2335 incorporeum
1527 2266 1747 2333 ducens,

192 2366 321 2404 unam
342 2351 607 2407 D.itatem
628 2354 684 2408 in
706 2354 787 2410 bis
809 2355 1039 2421 duobus,
1066 2356 1117 2410 id
1140 2365 1240 2421 est,
1267 2358 1321 2410 in
1350 2356 1510 2413 Patre
1538 2367 1591 2413 et
1614 2359 1750 2415 Filio

190 2420 388 2497 docuisti
425 2461 438 2496 :
495 2445 661 2500 modo
696 2445 954 2516 Spiritum
996 2420 1243 2503 sanctum
1272 2464 1431 2504 nosse
1461 2450 1585 2506 volo
1621 2450 1750 2521 quid

189 2547 284 2586 esse
331 2549 725 2591 commemores
765 2555 778 2590 :
821 2538 1077 2607 quoniam
1131 2541 1305 2595 sentio
1356 2542 1504 2611 quod
1539 2552 1748 2612 patrem

187 2622 302 2678 duos
327 2623 460 2681 ﬁlios
490 2626 691 2682 habere
718 2628 927 2683 credas.
952 2656 1027 2667 —
1052 2629 1322 2687 Arnobius
1350 2631 1484 2687 dixit
1510 2650 1523 2686 :
1554 2632 1667 2688 Nisi
1696 2640 1751 2690 te

186 2716 239 2768 ad
263 2718 519 2773 rationem
550 2720 839 2774 humanam
861 2721 1088 2785 duxero,
1120 2738 1228 2778 non
1257 2732 1414 2795 potes
1442 2725 1750 2795 pertingere

187 2808 239 2859 ad
263 2810 514 2864 divinam.
536 2843 610 2855 —-
647 2811 911 2883 Serapion
939 2813 1073 2868 dixit
1101 2831 1115 2868 :
1151 2813 1264 2869 Duc
1291 2831 1615 2886 quocunque
1653 2833 1752 2872 vo—

187 2899 341 2966 lucris,
391 2911 602 2957 tantum
659 2911 716 2957 ut
759 2919 845 2959 me
880 2902 1045 2959 facias
1073 2905 1141 2959 ad
1170 2906 1433 2961 rationem
1464 2909 1748 2978 pervenire

185 2989 382 3060 Spiritus
416 2994 615 3048 sancti.
639 2993 1001 3051 ——Arnobius
1054 2996 1189 3050 dixit
1221 3014 1235 3049 :
1275 2996 1556 3067 Interrogo
1598 3007 1652 3054 te
1690 3009 1748 3055 ut

186 3082 305 3136 dicas
332 3086 481 3147 mihi,
515 3101 635 3139 cum
664 3084 860 3140 dixerit
905 3103 998 3141 rex
1030 3104 1042 3139 :
1079 3084 1398 3143 [Ediﬂcctur
1426 3088 1621 3155 forum,
1653 3099 1745 3145 aut

187 3173 425 3241 palatium,
480 3177 568 3229 vel
617 3176 816 3243 ali,uid
862 3176 1188 3245 hujusmodi,
1238 3179 1324 3232 hic
1352 3193 1529 3231 sermo
1559 3180 1647 3249 qni
1677 3195 1744 3235 ex
1771 3176 1813 3235 (Σ

186 3282 260 3320 ore
285 3271 417 3336 regis
447 3283 703 3346 egressus
725 3277 827 3334 est,
862 3282 961 3337 ego
992 3278 1121 3339 puto
1143 3269 1288 3340 quod
1311 3271 1423 3340 ipse
1453 3270 1577 3325 fecit
1627 3270 1740 3325 fieri

187 3360 300 3423 quod
329 3376 432 3415 non
463 3361 945 3430 erat.-Serapion
978 3362 1253 3431 respondit
1287 3380 1299 3414 :
1332 3361 1557 3418 Constat
1598 3364 1741 3432 quod

187 3448 252 3503 hic
272 3466 439 3505 sermo
472 3468 541 3507 ex
572 3467 669 3507 ore
698 3453 839 3520 regis
867 3464 1132 3519 egressus,
1166 3452 1294 3507 facit
1324 3452 1436 3508 fleri
1466 3454 1610 3523 quod
1636 3470 1741 3508 non

183 3550 292 3595 crat.
318 3572 387 3582 -—
413 3544 690 3599 Arnobius
729 3544 865 3599 dixit
897 3564 908 3599 :
954 3544 1093 3615 Ergo
1131 3562 1310 3601 sermo
1349 3545 1523 3602 Patris
1552 3563 1615 3602 ex
1647 3564 1742 3603 ore

183 3634 466 3701 procedens,
501 3635 703 3691 virtute
732 3636 921 3706 plenus
949 3636 1078 3692 facit
1107 3654 1295 3694 omnes
1324 3639 1560 3695 visibiles
1588 3656 1741 3696 crea-

183 3728 661 3811 turas—Serapion
682 3729 854 3783 dixit:
886 3728 1081 3785 lterum
1110 3746 1196 3786 tne
1225 3731 1290 3785 ad
1322 3729 1535 3786 Patrem
1566 3741 1615 3788 et
1649 3732 1740 3787 Fi-

182 3813 284 3870 lium
328 3819 618 3885 revocasti,
651 3836 770 3876 cum
802 3834 903 3889 ego
931 3820 1191 3892 Spiritum
1221 3833 1463 3877 sanctum
1492 3840 1521 3877 a
1555 3834 1607 3878 te
1647 3842 1741 3879 na-

180 3920 383 3966 scentem
414 3913 1083 3983 inquiram—Arnobius
1110 3916 1245 3970 dixit
1278 3934 1290 3968 :
1324 3915 1439 3970 Non
1470 3926 1626 3986 potes
1654 3919 1739 3972 in-

179 4004 331 4060 teaire
344 4014 658 4062 nascentem
674 4004 930 4076 Spiritum
949 4016 1209 4073 sanctum,
1227 4008 1318 4063 sed
1336 4008 1739 4078 procedentem.

182 4094 479 4169 —Serapion
511 4099 650 4153 dixit
677 4117 690 4152 :
721 4097 895 4168 Ipsam
921 4098 1032 4167 jam
1061 4102 1459 4170 processioncm
1490 4102 1733 4157 ostende.

179 4189 487 4249 -—Arnobius
518 4193 655 4249 dixit
687 4211 699 4245 :
732 4192 850 4247 Non
880 4193 976 4248 tibi
1004 4193 1134 4258 dixi,
1165 4195 1419 4265 quoniam
1450 4195 1749 4266 impatien-

179 4285 246 4332 ter
265 4283 406 4340 audis
451 4301 519 4339 ea
549 4300 669 4354 qum
712 4292 766 4338 te
795 4292 1082 4354 potuerunt
1111 4285 1405 4355 perducere
1435 4287 1499 4340 ad
1531 4289 1737 4357 indagi-

179 4385 278 4427 nem
303 4373 922 4445 veritatis.—Serapion
953 4375 1089 4431 dixit
1122 4393 1134 4427 :
1176 4373 1452 4431 Patienter
1500 4379 1733 4443 audiam,

1856 1900 2148 1971 Responde
2176 1915 2319 1956 nunc
2342 1900 2560 1964 iterum,
2593 1900 2638 1955 si
2669 1899 2741 1953 ita
2772 1907 2856 1954 est
2872 1898 3228 1968 ?—Serapion
3253 1898 3387 1953 dixit
3418 1918 3431 1952 :

1852 1994 1930 2048 lta
1952 1990 2403 2049 est.—.-Arnobius
2432 1991 2567 2045 dixit
2599 2009 2612 2044 :
2646 1990 2787 2059 Ergo
2814 1990 2860 2044 si
2888 1991 2963 2045 ita
2984 1998 3086 2055 est,
3120 1990 3283 2044 immo
3311 1989 3434 2057 quia

1853 2087 1926 2141 ita
1956 2092 2040 2141 est
2068 2103 2081 2137 τ
2123 2083 2391 2155 responde
2419 2083 2547 2137 mihi
2578 2101 2590 2135 :
2624 2081 2813 2137 Utrum
2835 2097 3140 2137 sermonem
3176 2081 3319 2135 hunc
3341 2094 3430 2132 na-

1853 2186 1965 2231 tum
1995 2191 2063 2231 ex
2092 2190 2189 2231 ore
2216 2174 2549 2245 imperantis,
2571 2172 2715 2242 justa
2743 2174 2952 2228 ratione
2979 2172 3438 2227 contirmetur?--

1852 2269 2112 2339 Serapion
2135 2267 2271 2323 dixit
2302 2284 2315 2319 :
2345 2264 2497 2321 Justa
2528 2265 2739 2320 ratione
2790 2271 2972 2319 natum
3020 2277 3323 2317 sermonem
3350 2277 3435 2317 as-

1851 2358 2418 2417 sentior.——Arnobius
2443 2355 2623 2410 dixit:
2668 2354 2912 2424 Nunquid
2952 2368 3074 2409 cum
3123 2361 3435 2408 nasceretur

1850 2467 2029 2508 sermo
2067 2449 2325 2520 jubentis,
2356 2447 2449 2517 qui
2479 2460 2727 2516 egressus
2755 2460 2824 2500 ex
2847 2459 2963 2509 ore,
2993 2458 3114 2513 qua:
3143 2458 3250 2499 non
3280 2452 3435 2498 erant

1851 2544 2092 2600 faceret?
2120 2541 2366 2611 Nunquid
2394 2548 2450 2596 et
2470 2538 2648 2605 flatus,
2677 2539 2769 2608 qui
2789 2537 3117 2608 procedebat
3142 2551 3213 2591 ex
3248 2549 3316 2590 eo
3339 2535 3432 2603 qui

1853 2636 2073 2691 verbum
2099 2633 2297 2698 emisit,
2323 2639 2480 2686 natus
2506 2630 2687 2701 potius
2708 2643 2870 2698 quam
2893 2626 3208 2698 procedens,
3239 2622 3434 2693 poterit

1850 2727 2029 2796 aliqua
2058 2724 2268 2780 ratione
2295 2721 2631 2778 monstrari?
2658 2719 2814 2787 Quod
2841 2718 2885 2774 si
2915 2716 2969 2772 id
2997 2717 3050 2772 in
3078 2716 3296 2772 homine
3328 2731 3435 2772 non

1849 2826 2030 2889 potest
2059 2816 2174 2871 lteri
2202 2816 2525 2885 imperante,
2576 2819 2779 2881 quanto
2825 2810 2997 2880 magis
3025 2809 3129 2864 hoc
3174 2808 3226 2862 in
3285 2805 3436 2860 Deo?

1849 2908 2086 2964 Verbum
2134 2922 2203 2962 ex
2236 2922 2332 2962 ore
2355 2911 2648 2974 generante
2669 2900 2862 2958 cadere
2887 2916 2995 2956 non
3026 2904 3207 2971 potest
3237 2904 3294 2951 ut
3322 2897 3433 2965 ἣρω

1849 3001 2007 3055 ﬂatus
2034 2997 2237 3069 Spiritu
2282 3004 2470 3052 sancto
2496 2995 2689 3065 plenus
2736 2991 2904 3047 Filius
2932 2990 3160 3046 dicatur.
3217 2986 3325 3043 Sed
3353 2996 3435 3041 est

1849 3093 2013 3148 Pater
2032 3091 2121 3161 qui
2149 3089 2411 3146 eructavit
2429 3086 2693 3151 Verbum;
2726 3091 2781 3139 et
2817 3080 3048 3153 Spiritus
3074 3087 3314 3143 sanctus,
3340 3078 3430 3145 qni

1848 3202 1878 3239 a
1909 3184 2069 3237 Patre
2106 3197 2210 3235 non
2241 3185 2417 3234 cessat
2444 3176 2759 3247 procedere,
2786 3173 2990 3229 habens
3018 3173 3155 3227 hanc
3182 3171 3430 3223 virtutem

1848 3291 2009 3346 quam
2039 3272 2224 3327 Filius.
2257 3270 2389 3326 Nam
2426 3267 2588 3327 Verbo
2614 3264 2785 3320 Patris
2812 3265 2922 3319 caeli
2960 3264 3154 3335 firmati
3195 3268 3331 3324 sunt,
3382 3268 3433 3311 et

1851 3368 2051 3438 Spiritu
2093 3365 2199 3419 oris
2244 3361 2355 3432 ejus
2377 3360 2553 3414 omnis
2570 3359 2732 3410 virtus
2758 3372 2931 3410 eorum
2964 3353 3134 3424 (Psal.
3160 3366 3324 3414 xxxn,
3349 3347 3381 3401 6
3389 3359 3425 3417 }.

1847 3458 1901 3513 Si
1932 3458 2004 3511 ita
2034 3453 2334 3511 recordaris
2354 3450 2612 3519 scriptum
2641 3447 2857 3502 edicito.
2876 3443 3217 3513 -—Serapion
3246 3441 3379 3495 dixit
3413 3457 3427 3492 :

1849 3560 1871 3588 ε
1900 3548 1976 3603 Ita
2022 3547 2277 3615 scripturn
2308 3557 2427 3597 esse
2452 3541 2505 3594 in
2556 3539 2689 3593 libro
2713 3535 3044 3591 Psalmorum
3067 3534 3240 3604 primo
3272 3545 3430 3585 nemo

1846 3650 1929 3697 est
1955 3640 2045 3710 qui
2081 3632 2617 3693 nesciat.—-—.ludices
2655 3630 2943 3684 dixerunt:
2985 3627 3061 3680 De
3094 3634 3281 3679 sancto
3308 3621 3431 3692 Spi-

1846 3737 1953 3791 ritu
1982 3730 2312 3788 satisfactum
2337 3727 2451 3794 tibi,
2479 3724 2698 3780 evidens
2722 3729 2805 3777 est
2833 3718 3079 3782 assertio,
3107 3731 3266 3786 quam
3305 3722 3428 3769 tuus

1811 3887 1820 3895 ,
1846 3828 2039 3898 probat
2061 3837 2311 3880 assensus
2333 3838 2347 3874 :
2371 3831 2513 3873 nunc
2533 3816 2597 3871 ad
2618 3829 2705 3881 ea,
2728 3827 2848 3884 qua:
2870 3809 3106 3867 nondum
3126 3809 3266 3864 dicta
3282 3814 3427 3871 sunt,

1844 3918 2180 3975 accedamus.

1913 4005 2341 4075 VL—Serapion
2368 3999 2708 4058 dixit:Ecce
2735 3998 2874 4054 sicut
2922 3998 2972 4051 in
3012 4010 3119 4051 una
3167 3992 3429 4063 sapientia

1845 4120 1963 4175 qua:
1991 4098 2224 4172 perfecta
2255 4103 2356 4161 est,
2379 4093 2716 4154 memoriam,
2749 4089 3020 4158 ingenium
3053 4094 3107 4141 et
3136 4085 3430 4151 intelligen-

1843 4199 1969 4251 tiam
1998 4188 2312 4253 consentio;
2343 4187 2420 4240 sic
2447 4192 2502 4238 et
2522 4180 2756 4247 Patrem,
2781 4189 2836 4235 et
2861 4178 3073 4243 Filium,
3098 4185 3151 4232 et
3171 4176 3427 4247 Spiritum

1842 4294 2088 4341 sanctum
2136 4282 2189 4336 in
2245 4293 2351 4334 una
2399 4277 2609 4331 Deitate
2644 4288 2764 4329 esse
2803 4270 3084 4326 conﬁteor.
3117 4268 3222 4324 Sed
3243 4284 3426 4337 qurere

1845 4381 1939 4434 abs
1960 4384 2012 4430 te
2039 4393 2050 4426 τ
2075 4374 2131 4428 Si
2155 4386 2280 4427 vere
2311 4369 2495 4439 genuit
2517 4365 2713 4421 Pater?
2736 4363 3003 4419 Arnobius
3027 4361 3159 4415 dixit
3185 4379 3197 4414 :
3229 4357 3257 4398 ἀ
3287 4358 3425 4413 Nihil

1329 4490 1438 4545 FR.
1480 4491 1959 4548 FEU-ARDENTII
1997 4487 2225 4546 NOTAE.

236 4580 361 4654 'Alta
383 4589 688 4654 etrmagnus
717 4580 943 4654 antistes
965 4580 1293 4654 Augustinus
1320 4580 1387 4637 de
1413 4582 1605 4637 eodem
1630 4600 1740 4654 my-
1771 4588 1813 4643 1)
1846 4582 2012 4636 Patri.
2039 4581 2117 4634 De
2140 4576 2375 4654 operibus
2396 4578 2601 4654 quidem
2627 4579 2700 4630 ait
2718 4591 2885 4654 seruio
2907 4574 3125 4654 divinas,
3155 4570 3272 4639 Ipse
3293 4571 3426 4625 dixit

179 4652 316 4722 sterio
334 4653 520 4706 scribit
550 4644 690 4722 (Lib.
722 4650 870 4722 rude
892 4644 1103 4720 Trin.)':
1148 4649 1258 4705 Nec
1279 4653 1612 4722 periculosius
1641 4644 1741 4707 aii-
1839 4655 2055 4722 et‘facta
2102 4644 2254 4713 sunt;
2305 4644 2534 4722 deFiIio
2565 4656 2772 4700 autent:
2817 4644 3213 4722 Emctarit__cor
3257 4658 3424 4697 meum

179 4718 270 4773 tabi
307 4731 527 4787 erratur,
558 4718 672 4793 ’πρε
727 4718 1051 4775 laboriosius
1077 4718 1288 4793 aliquid
1327 4724 1592 4792 quaeritur,
1645 4740 1738 4778 nec

177 4792 456 4858 fructuosius
478 4792 754 4845 invenitur.

232 4859 255 4896 δ
290 4860 435 4916 Hunc
459 4875 679 4930 quoque
707 4861 969 4930 psalmum
999 4860 1067 4915 de
1095 4859 1307 4915 Christo
1337 4861 1734 4929 intelligendum

175 4942 273 4984 esse
301 4947 400 4983 non
431 4932 599 4985 modo
640 4929 824 4984 Patres
854 4929 1024 4985 Latini
1053 4940 1109 4985 et
1154 4930 1324 4986 Graeci
1355 4932 1732 4995 consentiunt;

176 4999 250 5051 sed
275 5009 323 5073 et
345 4998 707 5069 Paraphastes
735 4999 1014 5073 Chaldaeus
1041 5001 1108 5057 de
1137 5016 1263 5071 rege
1286 5001 1492 5064 Messia,
1518 5004 1735 5073 etquod

176 5071 386 5141 pmnium
416 5073 711 5125 maximum
732 5080 831 5135 e..t,
865 5069 1060 5127 Paulos
1088 5069 1364 5141 apostolus
1391 5073 1457 5127 de
1505 5069 1730 5129 Domino

173 5134 278 5213 ειεξςο
303 5148 507 5197 :eterno
536 5140 672 5196 Filio
703 5134 1217 5213 Deipinterpreta'tur
1257 5142 1414 5213 (Heb.
1448 5161 1483 5213 ιγ,
1516 5143 1592 5213 8).
1640 5142 1732 5213 Jn-

174 5209 321 5283 stinus
343 5222 549 5283 martyr
576 5209 992 5283 contra_Jttd:eos
1021 5209 1279 5278 scribens,
1318 5215 1392 5267 ait
1420 5209 1680 5283 (Dialog.)
1715 5231 1727 5265 :

175 5274 300 5334 Certe
314 5284 364 5334 in
387 5274 510 5337 ιιιιῦ
532 5282 729 5352 psalmo
751 5281 981 5336 Christus
1002 5274 1317 5352 praedicatur
1336 5274 1441 5338 sic}
1469 5274 1734 5352 Eruc'ta'vit

174 5363 248 5423 {or
280 5350 675 5423 meum_rerbum
703 5352 925 5423 bonum.
943 5350 1264 5407 Athanasius
1288 5369 1417 5407 vero
1446 5351 1639 5423 (Epist.
1672 5352 1736 5406 de

174 5416 419 5475 Sententia
440 5420 684 5490 Dionys.)
712 5440 725 5473 :
752 5419 878 5484 Quis
906 5422 1167 5477 hominum
1187 5423 1375 5477 auditis
1404 5416 1481 5477 Itis
1506 5416 1599 5475 Dei
1624 5422 1732 5474 Pa-

176 5490 252 5543 tris
274 5492 454 5556 ret-bis,
484 5490 752 5545 Eructavit
789 5507 877 5545 cor
904 5510 1070 5546 meum
1110 5491 1311 5547 verbum
1361 5493 1564 5557 bonum,
1597 5493 1735 5546 ausit

174 5561 334 5626 dicere,
368 5562 592 5635 Verbum
613 5562 748 5635 quod
790 5579 855 5635 ex
882 5563 1035 5635 corde
1063 5561 1159 5616 Dei
1188 5580 1513 5635 progressum
1540 5572 1634 5635 est,
1666 5578 1731 5635 ea:

176 5644 258 5704 itan
280 5631 474 5704 rutilius
504 5631 754 5704 existere?
790 5632 855 5686 Et
883 5631 1260 5704 iilcmirnrsnm
1285 5631 1733 5704 '(Compeudia‘de

179 5697 349 5776 §pirita
382 5701 470 5771 S.)
508 5720 520 5776 ς
555 5701 612 5755 Si
640 5701 799 5757 Pater
820 5713 895 5757 est
924 5714 970 5757 et
993 5703 1180 5776 Filius,
1229 5697 1487 5757 necessum
1515 5714 1593 5776 est
1638 5702 1734 5756 Fi-

180 5768 281 5823 liam
309 5768 599 5826 naturalem
627 5782 672 5825 ct
700 5790 862 5826 rerum
912 5790 1038 5839 esse,
1072 5775 1165 5827 ltoc
1206 5784 1298 5839 est,
1350 5775 1733 5828 roessentialem

1838 4712 2041 4777 verbum
2064 4712 2270 4775 bonum.
2306 4719 2452 4773 Alios
2482 4720 2800 4785 interpretes
2823 4712 3191 4785 practermitto.

1914 4804 1935 4831 ε
1982 4792 2311 4861 Epiphanius
2358 4782 2663 4861 observavit
2709 4782 2961 4861 llebijacos
3005 4782 3317 4861 Psalterium
3371 4784 3422 4861 in

1838 4854 2261 4931 quinquelibros
2284 4859 2488 4931 partiri.
2516 4856 2558 4908 A
2578 4857 2752 4925 primo
2775 4856 2914 4909 enim
2939 4854 3142 4931 psalmo
3168 4868 3333 4931 usque
3357 4856 3423 4909 ad

1838 4924 1925 4996 it,
1942 4924 2102 4986 unum
2115 4924 2305 4984 librum
2320 4928 2520 4982 faciunt
2535 4944 2548 4992 ;
2564 4924 2593 4979 a
2606 4942 2692 4980 xu
2709 4940 2877 4994 usque
2893 4924 2957 4977 ad
2972 4940 3115 4987 Lxxr,
3130 4924 3421 4979 secundum

1836 5003 2060 5065 librum;
2093 5016 2122 5054 a
2146 5016 2288 5054 Lxxn
2316 5012 2483 5067 usque
2512 4996 2576 5049 ad
2606 5011 2858 5059 Lxxxvnt,
2892 4996 3141 5067 tertium;
3171 5009 3198 5045 a
3227 5010 3425 5067 Lxxxtx

1836 5088 2004 5142 usque
2021 5070 2087 5125 ad
2102 5086 2186 5134 cv,
2210 5065 2459 5138 quartum
2486 5067 2698 5142 librum.
2729 5067 2773 5119 A
2792 5080 3062 5142 evrusque
3084 5065 3149 5119 ad
3163 5082 3248 5130 CL,
3274 5065 3426 5134 quin-

1838 5135 1949 5197 tum
1976 5143 2168 5197 librum
2199 5135 2499 5193 numerant.
2541 5135 2802 5190 Cmterum
2838 5137 3003 5196 etiam
3041 5136 3180 5192 hunc
3209 5152 3451 5190 versum.

1841 5214 2029 5284 psalm.
2059 5225 2205 5284 xx_x_tt
2240 5228 2251 5261 :
2293 5207 2457 5284 Verbo
2482 5206 2697 5284 _D_omim'
2727 5206 2838 5261 caeli
2889 5208 3085 5284 firmati
3123 5216 3260 5284 sunt,
3290 5214 3416 5267 etc.,

1838 5277 2002 5338 etiam
2021 5281 2085 5336 ad
2108 5280 2300 5334 Filium
2328 5287 2382 5332 et
2402 5277 2659 5348 Spiritum
2687 5285 2955 5342 sanctum,
2979 5278 3068 5345 qui
3082 5277 3275 5348 eadem
3298 5292 3418 5330 cum

1841 5353 2001 5407 Patre
2030 5352 2306 5405 voluntate
2360 5356 2415 5403 et
2440 5346 2679 5418 potentia
2710 5348 2877 5402 cmlos
2902 5346 3273 5408 condiderunt,
3306 5360 3421 5418 per-

1843 5424 2035 5484 tinere,
2066 5436 2171 5475 non
2203 5419 2365 5475 modo
2388 5415 2477 5474 hic
2496 5418 2782 5479 Arnobius,
2812 5417 2904 5472 sed
2928 5426 2982 5471 et
3003 5430 3221 5482 magnus
3250 5415 3417 5484 Atha-

1839 5482 2198 5547 nasius‘serm.
2223 5490 2255 5542 4
2276 5498 2462 5545 contra
2488 5489 2731 5549 Arianos,
2759 5488 3015 5541 Damasus
3036 5500 3171 5553 papa
3197 5484 3248 5536 in
3270 5482 3415 5553 Sym-

1838 5563 1986 5624 bolo,
2020 5561 2345 5631 Epiphanius
2375 5561 2465 5613 lib.
2498 5575 2515 5612 ι
2546 5568 2674 5613 tom.
2719 5558 2779 5622 ll,
2810 5552 3146 5631 Pliilastrius,
3192 5552 3419 5622 Fulgen-

1841 5634 1963 5692 tius,
1989 5641 2043 5686 ct
2066 5627 2156 5685 alii
2185 5631 2469 5685 orthodoxi
2500 5636 2810 5681 constanter
2837 5627 3155 5681 docuerunt.

1911 5700 1935 5740 ἀ
1979 5701 2190 5756 Luhens
2220 5702 2450 5768 legerem
2479 5699 2674 5768 ﬁctum,
2726 5704 2799 5768 ut_
2826 5696 2951 5751 huic
2992 5694 3417 5764 interrogationi,

1843 5773 1901 5827 Si
1925 5789 2036 5827 rere
2058 5773 2228 5844 genuit
2253 5766 2412 5825 Fater
2427 5772 2452 5823 ?
2476 5766 2941 5835 corrcspondcret.
