3936 6176
449 312 548 371 at:
730 305 753 330 ο

1803 313 2073 380 ARNOBII
2111 314 2414 374 JUNIORIS

3611 318 3700 376 83

451 423 504 481 in
551 422 662 478 Deo
707 419 906 478 factum
953 421 1212 486 invenies,
1262 437 1422 492 quam
1469 423 1611 493 quod
1633 431 1731 478 est.
1765 423 1878 480 Hoc
1905 434 1986 480 est
2013 444 2025 478 :
2062 436 2103 489 Α
2135 443 2201 481 ne
2225 429 2416 482 iterum
2444 443 2704 498 corporea
2726 429 2856 484 mihi
2883 429 3059 499 aliqua
3099 429 3344 501 exempla
3373 429 3566 486 aderas
3591 435 3704 501 qui-

452 510 610 568 Pater
622 511 938 579 enim,Pater
964 527 1118 568 verus
1139 521 1238 578 est,
1262 528 1424 569 verus
1449 515 1660 582 genitor
1684 514 1801 570 Filii
1829 533 1840 568 :
1865 531 2028 571 verus

447 603 629 668 Filius,
668 618 828 676 verus
873 603 1175 674 unigenitus
1218 603 1408 660 Patris.
1439 637 1511 647 —
1535 605 1795 676 Serapion
1843 606 1978 662 dixit
2010 607 2060 660 ε’

447 702 471 730 ι
491 694 788 762 Antequam
811 703 1092 760 generaret
1113 693 1322 760 Filium,
1346 695 1715 750 tantummodo
1738 695 1878 751 Deus
1893 695 2023 762 fuit;

445 799 550 836 non
573 791 752 840 tamen
774 781 1310 840 Pater?—-Arnobius
1333 785 1466 840 dixit
1490 803 1503 839 :
1535 785 1696 842 Erras
1717 787 1769 842 iu
1798 789 2028 843 interro-

443 872 659 940 gatione
684 891 697 925 :
729 888 944 943 semper
969 875 1110 928 enim
1141 885 1196 929 et
1224 875 1364 930 Deus
1392 885 1448 930 et
1486 874 1645 930 Pater
1673 875 2028 932 fuit.—Sera-

443 965 572 1035 pion
617 964 892 1034 respondit
917 984 930 1018 :
961 964 1104 1034 Ergo
1132 982 1238 1022 non
1287 983 1413 1022 vere
1441 969 1640 1036 genuit.
1666 1001 1738 1011 —
1758 967 2028 1025 Arnobius

441 1055 615 1110 dixit:
662 1057 804 1114 Vere
840 1058 1040 1126 genuit.
1073 1085 1144 1097 -—
1171 1057 1429 1130 Serapion
1477 1059 1789 1130 respondit:
1823 1059 1878 1115 Si
1900 1075 2026 1116 vere

441 1149 644 1216 genuit,
695 1159 985 1219 antequam
1034 1159 1317 1220 generaret
1370 1152 1532 1214 Deus,
1585 1153 1725 1208 Deus
1745 1151 1842 1207 fuit
1871 1171 1883 1205 :
1914 1167 2026 1206 non

443 1247 622 1294 tamen
651 1248 706 1296 et
728 1239 889 1296 Pater
909 1241 1065 1296 simul
1093 1256 1212 1298 esse
1233 1242 1406 1312 potuit
1433 1251 1722 1312 antequam
1743 1253 2028 1313 generaret

441 1331 561 1398 iste,
593 1333 686 1400 qui
723 1333 1271 1400 genuiL—Arnobius
1301 1334 1470 1392 dixit:
1517 1335 1641 1390 Ideo
1670 1353 1908 1392 errorem
1935 1356 2026 1408 pa-

443 1423 592 1488 teris,
613 1423 738 1492 quia
763 1423 1010 1478 humana:
1037 1423 1339 1494 fragilitatis
1363 1427 1822 1497 comparationem
1851 1429 2025 1484 omni-

440 1513 694 1582 potentia:
737 1515 933 1569 divinat:
986 1515 1253 1585 impingis.
1311 1515 1484 1574 llomo
1538 1517 1684 1572 enim
1736 1526 2024 1588 antequam

445 1605 610 1658 tilium
662 1605 858 1660 habeat
888 1607 1258 1664 tantummodo
1303 1608 1467 1664 homo
1513 1618 1598 1664 est
1629 1627 1642 1662 :
1675 1618 2022 1678 posteavero

443 1709 604 1762 quam
651 1695 813 1751 tilium
837 1697 1037 1754 habere
1064 1701 1306 1769 coeperit,
1330 1709 1386 1755 et
1407 1701 1569 1756 homo
1596 1709 1696 1766 est,
1729 1703 1874 1770 quod
1888 1703 2017 1769 fuit;

2130 519 2230 574 bus
2276 521 2463 576 nitaris
2490 521 2806 590 incorporea
2836 523 3487 590 coartare—Arnobius
3531 524 3700 580 dixit:

2127 607 2245 664 Jam
2285 613 2450 667 timeo
2477 612 2817 682 prudentiam
2844 624 2992 670 tuam
3019 613 3072 668 in
3111 614 3212 670 hac
3239 622 3392 684 parte
3411 614 3702 673 offendere.

2127 699 2460 768 —Serapion
2483 701 2657 756 dixit:
2689 701 2806 756 Non
2837 717 3010 758 meam
3050 702 3407 772 prudentiam,
3457 704 3552 759 sed
3592 721 3706 760 om-

2128 791 2274 844 nium
2306 791 2644 859 cognitorum
2675 799 2731 848 et
2752 791 3352 860 pudicum—Arnobius
3371 793 3507 847 dixit
3533 811 3546 844 :
3571 791 3705 849 Audi

2127 893 2256 948 ergo
2275 881 2647 952 incorporeum
2673 885 3076 951 generationem
3096 882 3163 938 de
3182 898 3444 952 corporeo
3464 885 3702 940 homine.

2124 969 2459 1041 —Serapion
2489 973 2659 1028 dixit:
2693 973 2750 1028 ln
2783 974 3121 1032 dialecticum
3165 975 3430 1044 sophisma
3461 991 3712 1046 prorum-

2127 1064 2224 1132 pis.
2249 1065 2608 1122 ——Arnobius
2655 1067 2825 1122 dixit:
2877 1067 3226 1123 Dialecticum
3271 1067 3545 1138 sophisma
3573 1067 3712 1122 duas

2126 1155 2288 1211 facies
2310 1157 2501 1226 recipit
2526 1175 2539 1210 :
2571 1166 2627 1213 et
2653 1167 2708 1212 ut
2741 1173 2928 1214 verum
2954 1159 3212 1228 probetur
3239 1157 3382 1226 quod
3424 1157 3705 1221 astruitur,

2124 1255 2178 1300 et
2207 1263 2314 1302 non
2342 1263 2529 1304 verum
2557 1265 2624 1302 ex
2643 1249 2822 1318 aliqua
2847 1257 3000 1319 parte
3027 1256 3300 1316 arguatur.
3351 1247 3499 1304 Nune
3523 1257 3706 1304 autem

2093 1371 2098 1380 ι
2123 1339 2268 1406 ῳιοίι
2294 1337 2502 1402 dixero,
2533 1355 2653 1394 cum
2681 1340 2962 1396 veritatem
3009 1339 3183 1394 solum
3210 1339 3508 1404 ostendero,
3540 1348 3596 1392 et
3637 1355 3709 1394 ex

2123 1429 2267 1484 milla
2315 1438 2466 1499 parte
2505 1429 2724 1486 fallacia;
2770 1439 2950 1486 notam
2992 1431 3248 1496 incurrat,
3294 1429 3566 1498 quomodo
3607 1445 3710 1496 po-

2123 1521 2248 1580 terit
2294 1523 2629 1578 dialecticum
2657 1523 2802 1592 quod
2842 1523 3046 1591 iugero,
3096 1522 3286 1590 argui?
3327 1520 3707 1592 Nunquidnam

2121 1614 2170 1667 si
2191 1613 2397 1674 dixero.
2433 1630 2536 1668 vox
2580 1615 2812 1670 hominis
2851 1615 3166 1684 incorporea
3195 1621 3299 1676 est,
3347 1613 3709 1666 mentior?—

2121 1703 2383 1774 Serapion
2406 1705 2539 1759 dixit
2563 1724 2576 1758 :
2609 1705 2739 1771 Quis
2759 1705 2901 1760 enim
2924 1720 3109 1760 vocem
3132 1717 3364 1772 unquam
3385 1717 3706 1771 corpoream

443 1795 494 1839 et
516 1794 666 1855 pater
694 1804 812 1850 esse
841 1789 1047 1859 incipit,
1075 1791 1220 1860 quod
1243 1798 1532 1862 antequam
1553 1790 1716 1846 lilium
1738 1803 2020 1860 generaret
2049 1809 2096 1866 Β
2121 1793 2316 1852 dixerit
2341 1796 2664 1867 aliquando?
2687 1825 2758 1834 -
2783 1791 3050 1852 Arnobius
3068 1795 3220 1851 dixit
3251 1813 3262 1848 :
3295 1795 3411 1850 Non
3438 1795 3576 1850 dixit
3601 1795 3708 1850 hoc

443 1893 559 1932 esse
587 1895 695 1932 non
727 1882 919 1949 potuit.
955 1881 1103 1938 lianc
1129 1882 1381 1951 injuriam
1407 1882 1516 1938 Deo
1545 1897 1612 1938 ne
1641 1883 1848 1938 feceris.
1883 1885 2026 1942 Deus

442 1980 522 2025 est
548 1973 894 2028 immutabilis
922 1984 976 2030 ct
1005 1990 1343 2044 permanens,
1377 1976 1507 2030 nihil
1529 1977 1582 2030 in
1605 1993 1664 2031 se
1703 1978 1892 2047 recipit
1919 1993 2023 2034 no-

443 2079 564 2118 vum
590 2082 602 2116 :
635 2080 846 2134 semper
870 2067 1013 2121 enim
1043 2066 1217 2124 fuitet
1246 2067 1386 2122 Deus
1407 2076 1462 2120 et
1493 2068 1668 2132 Pater,
1695 2083 1794 2125 nec
1823 2069 1897 2123 illi
1917 2069 2024 2124 hoc

441 2171 640 2210 nomen
665 2158 1254 2226 paternitatisaccessit
1277 2177 1290 2210 :
1315 2160 1567 2228 quoniam
1589 2175 1750 2216 omne
1775 2159 1920 2231 quod
1941 2175 2024 2216 ao-

441 2249 624 2304 cidens
643 2257 745 2314 est,
770 2250 1024 2305 recedere
1053 2259 1258 2320 potest;
1292 2261 1348 2306 et
1373 2252 1518 2322 quod
1541 2252 1796 2322 recedere
1823 2260 2028 2323 potest,

440 2339 601 2394 etiam
623 2339 854 2395 delicere
882 2349 1079 2412 potest.
1110 2341 1368 2396 Divinitas
1395 2351 1594 2408 autem,
1627 2358 1746 2413 quat
1775 2342 2024 2398 immuta—

441 2431 563 2486 bilis
584 2441 912 2502 perseverat,
942 2433 1018 2488 nil
1039 2433 1180 2490 inse
1201 2449 1267 2488 ex
1296 2434 1558 2489 accidenti
1580 2435 1780 2503 aliquid
1810 2435 2022 2506 recipit.

443 2521 556 2578 ηις
585 2523 730 2581 enim
756 2533 840 2579 est
867 2524 1044 2590 hodie.
1094 2525 1237 2594 quod
1277 2539 1490 2595 semper
1531 2523 1646 2580 fuit.
1701 2524 1844 2582 Nihil
1881 2527 2023 2581 enim

443 2613 580 2668 sicut
604 2614 719 2680 tibi,
769 2630 802 2669 ο
836 2615 1020 2680 homo,
1049 2614 1261 2669 deﬁciet
1289 2629 1356 2670 ex
1377 2615 1671 2687 praeterito,
1703 2617 1943 2688 nihilque
1974 2617 2046 2688 ei,

443 2705 510 2760 de
533 2707 712 2760 luturo
735 2715 1048 2762 excrescet:
1079 2720 1180 2760 nec
1208 2705 1288 2762 sic
1316 2705 1368 2760 ei
1396 2715 1636 2776 tempora
1681 2708 2026 2763 dominantur

444 2803 502 2848 ut
549 2796 664 2860 tibi,
705 2796 794 2866 qui
823 2795 966 2852 fuisti
991 2795 1140 2866 prius
1179 2795 1492 2862 infantulus,
1523 2807 1707 2866 postea
1749 2799 2021 2868 puerulus,

443 2884 640 2940 deinde
660 2883 892 2952 juvenis,
923 2895 1112 2956 postea
1151 2901 1338 2949 senex,
1384 2896 1510 2957 post
1550 2896 1882 2944 senectutem
1931 2891 2025 2945 tibi

444 2976 566 3032 tinis
611 2977 863 3034 occurrit.
918 2977 1033 3038 Hoc
1065 2979 1278 3048 penitus
1297 2980 1350 3033 in
1375 2980 1540 3034 Deum
1561 2981 1606 3035 si
1634 2983 1906 3050 putaveris
1931 2999 2026 3038 ve-

444 3067 579 3132 nire,
604 3077 660 3122 et
686 3069 878 3124 stultus
901 3069 1219 3136 ostenderis,
1246 3078 1300 3126 et
1321 3071 1661 3142 blasphemus
1707 3076 2024 3131 execrabilis

2127 1885 2284 1948 ullus,
2310 1895 2488 1940 tamen
2518 1901 2618 1955 ego
2646 1886 2753 1942 hoc
2796 1887 2928 1940 volo.
2947 1887 3127 1942 dicere
3155 1886 3298 1954 quod
3339 1902 3441 1941 vox
3468 1886 3708 1942 hominis

2125 1974 2440 2046 incorporea
2469 1977 2894 2048 sit—Serapion
2917 1977 3090 2031 dixit:
3115 1976 3230 2031 Hoc
3257 1976 3391 2030 dicis
3417 1975 3564 2045 quod
3585 1977 3712 2032 nul-

2123 2066 2206 2121 lus
2235 2066 2462 2134 ignorat.
2485 2095 2556 2104 —
2574 2065 2842 2122 Arnobius
2862 2065 3002 2120 dixit
3031 2085 3043 2120 :
3083 2066 3164 2119 Ex
3189 2081 3324 2121 voce
3351 2067 3576 2121 verbum
3607 2083 3707 2119 na-

2124 2157 2310 2230 scitur,
2342 2173 2410 2212 an
2455 2173 2560 2212 vox
2588 2173 2656 2213 ex
2682 2158 2850 2216 verbo
2862 2156 3220 2228 i—Serapion
3265 2157 3438 2212 dixit:
3471 2157 3550 2212 Ex
3565 2174 3712 2214 voce

2127 2249 2440 2306 verbum.—‘-
2451 2250 2718 2306 Arnobius
2731 2251 2892 2308 dixit:
2910 2250 3140 2306 Verbum
3149 2250 3296 2320 quod
3303 2241 3369 2308 ex
3385 2251 3710 2321 incorporea

2125 2356 2259 2398 voce
2311 2351 2493 2396 natum
2523 2351 2607 2396 est
2642 2357 2996 2412 corporeum,
3047 2357 3114 2396 an
3166 2342 3540 2411 incorporeum
3585 2344 3710 2396 est?

2123 2431 2459 2505 -—-Serapion
2488 2434 2658 2489 dixit:
2692 2431 3480 2504 Incorporeum.——Arnobius-
3517 2433 3661 2487 dixit
3694 2451 3708 2484 :

2124 2523 2264 2580 Ecce
2303 2541 2371 2578 ex
2421 2525 2738 2595 incorporea
2773 2539 2907 2580 voce
2941 2539 3120 2580 sermo
3158 2531 3314 2580 natus
3354 2524 3714 2593 incorporeus

2126 2613 2266 2672 ﬁlius
2291 2616 2438 2671 vocis
2461 2623 2561 2672 est.
2598 2617 2621 2654 ι’
2645 2616 2726 2670 Au
2757 2615 2926 2686 pass-it
2953 2615 3222 2686 posterior
3245 2615 3510 2670 inveniri?
3547 2613 3714 2680 Quod

2125 2707 2172 2760 si
2217 2713 2425 2776 tempus
2478 2706 2692 2762 nullum.
2707 2707 2850 2761 inter
2900 2707 3118 2761 verbum
3163 2713 3218 2761 et
3244 2720 3432 2762 vocem
3461 2705 3713 2759 invenire

2126 2797 2403 2868 prazvales,
2429 2795 2699 2865 quomodo
2721 2796 2862 2851 inter
2878 2795 3092 2851 Patrem
3119 2803 3174 2851 et
3201 2795 3392 2852 Filium
3414 2795 3583 2849 Deum
3607 2794 3714 2847 im-

2125 2887 2438 2945 mutabilem
2462 2887 2696 2942 medium
2725 2887 2940 2958 aliquod
2969 2895 3178 2958 tempus
3201 2885 3438 2946 invenire
3465 2884 3714 2954 poteris?

2126 2977 2184 3032 In
2204 2977 2306 3032 hac
2331 2984 2513 3031 autem
2533 2977 2648 3047 ipsa
2672 2977 2939 3046 indagine,
2961 2978 3124 3032 etiam
3151 2977 3382 3046 Spiritus
3403 2975 3574 3030 sancti
3595 2991 3712 3028 non

2127 3075 2210 3122 est
2255 3065 2652 3122 intermittenda
2685 3067 2841 3122 tertia
2889 3081 3135 3136 persona.
3167 3065 3300 3132 Quia
3328 3081 3445 3120 cum
3469 3081 3536 3120 ex
3573 3081 3712 3120 voce

444 3160 830 3228 comprobaris.
850 3188 922 3198 —-—
945 3159 1206 3233 Serapion
1249 3163 1526 3232 respondit
1557 3181 1570 3217 :
1619 3164 1842 3221 Avertat
1882 3165 2021 3221 hanc
2049 3155 2093 3216 C
2124 3159 2360 3214 nascitur
2385 3174 2581 3225 sermo,
2605 3157 2762 3214 ﬂatus
2790 3175 2898 3214 non
2927 3158 3214 3224 nascendo,
3247 3157 3340 3214 sed
3363 3158 3712 3228 procedendo

444 3251 829 3322 blasphemiam
849 3255 1004 3320 Deus,
1029 3269 1148 3324 qua:
1169 3271 1309 3314 nunc
1323 3255 1547 3313 stultitia
1566 3265 1688 3311 nata
1719 3258 1770 3312 in
1800 3258 2022 3314 ridiculo

422 3343 902 3424 'blaspbetnantem
931 3346 1470 3414 arguit—Arnobius
1496 3348 1630 3404 dixit
1656 3367 1668 3402 :
1699 3347 1841 3418 Ergo
1884 3349 2026 3406 Deus

445 3435 788 3494 immutabilis
826 3445 928 3502 est,
975 3452 1042 3491 an
1068 3446 1306 3493 mutatur
1345 3439 1396 3496 in
1427 3440 1647 3510 aliquo?
1671 3439 2022 3510 —Serapion

443 3527 758 3596 responiit:
812 3527 1159 3585 immutabilis
1203 3539 1286 3584 est
1332 3531 1520 3586 Deus:
1569 3531 1666 3588 sed
1725 3541 1904 3587 tamen
1972 3541 2024 3588 te

444 3625 719 3674 astruente
761 3619 902 3688 quod
945 3621 1129 3687 genuit
1170 3620 1378 3685 Filium,
1403 3622 1676 3676 mutabilis
1701 3622 2018 3678 ostenditur.

444 3708 785 3762 ——-Arnobius
823 3709 958 3764 dixit
995 3729 1006 3762 :
1051 3711 1266 3770 Reverti
1313 3713 1572 3768 habemus
1617 3713 1686 3768 ad
1737 3731 2022 3785 compara-

447 3799 620 3854 tiones
635 3800 864 3869 aliquas,
887 3817 985 3870 per
999 3803 1498 3868 quasostendamus
1518 3805 1595 3859 sic
1615 3807 1782 3868 nasci,
1808 3815 1861 3860 ut
1886 3807 2025 3862 inter

445 3899 791 3955 generantem
812 3898 866 3944 et
887 3901 1198 3960 generatum
1221 3894 1361 3974 nulla
1383 3895 1553 3964 possit
1584 3905 1886 3971 temporum
1901 3915 2024 3956 esse

444 3980 657 4036 divisio.

522 4071 965 4144 Vll.——Serapion
995 4073 1170 4131 dixit:
1203 4073 1404 4130 Novam
1435 4093 1546 4134 rem
1577 4077 1758 4146 audio,
1799 4089 1858 4135 ut
1885 4080 2024 4134 inter

447 4174 790 4232 generantem
821 4174 876 4221 et
892 4175 1206 4235 generatum
1225 4167 1428 4223 nullum
1452 4169 1686 4225 medium
1717 4172 1881 4241 possit
1899 4181 2026 4226 tem-

449 4273 548 4330 pus
575 4258 1150 4319 ostendi.-—-Arnobius
1178 4259 1312 4314 dixit
1337 4278 1350 4314 :
1381 4259 1508 4316 ideo
1533 4263 1839 4332 cognitores
1865 4263 2026 4318 babe-

449 4365 567 4406 mus
590 4361 647 4405 et
670 4349 898 4420 iudices.
929 4359 988 4405 ut
1027 4366 1308 4406 vereamur
1347 4367 1448 4407 nos
1487 4352 1666 4410 dicere
1712 4362 2026 4411 ostensuros

447 4439 590 4509 quod
613 4439 896 4495 ostendere
926 4455 1031 4494 non
1052 4439 1648 4514 valemus.——Serapion
1673 4443 1807 4498 dixit
1838 4462 1850 4496 :
1882 4443 2024 4500 Cave

2127 3251 2414 3318 egreditur,
2437 3267 2534 3321 per
2551 3266 2712 3321 quem
2731 3251 2879 3307 vocis
2898 3251 3047 3306 verbi
3077 3251 3352 3318 integritas
3369 3249 3674 3306 custoditur
3694 3267 3709 3302 :

2130 3343 2203 3397 ita
2231 3352 2286 3398 et
2312 3341 2540 3412 Spiritus
2562 3349 2778 3397 sanctus
2803 3341 3100 3412 procedens
3119 3357 3187 3396 ex
3214 3339 3391 3405 Patre,
3428 3354 3524 3410 per
3543 3353 3715 3408 quem

2129 3435 2334 3503 integra
2361 3442 2415 3488 et
2435 3433 2668 3505 perlecta
2682 3433 2915 3488 Trinitas
2936 3432 2988 3486 in
3009 3431 3286 3488 catholicis
3307 3430 3714 3487 deﬁnitionibus

2127 3525 2445 3589 custoditur,
2470 3523 2724 3596 patefacit
2749 3541 2856 3580 non
2887 3522 3053 3579 fuisse
3079 3537 3314 3592 unquam
3333 3523 3450 3577 sine
3480 3522 3590 3576 tilio
3621 3537 3714 3590 pa-

2129 3627 2284 3672 trem.
2307 3649 2379 3659 —
2397 3617 2610 3673 Judices
2637 3619 2749 3674 dati
2779 3617 3030 3674 dixerunt
3061 3635 3074 3669 :
3107 3615 3462 3696 Probabiliter
3483 3614 3714 3668 Arnobii

2127 3711 2352 3770 assertio
2376 3720 2618 3766 sanctum
2639 3721 2855 3780 quoque
2883 3711 3138 3780 Spiritum
3159 3724 3281 3764 cum
3301 3705 3462 3762 Patre
3491 3715 3545 3760 rt
3571 3705 3714 3762 Filio

2127 3803 2402 3858 evidenter
2430 3801 2678 3872 exposuit
2709 3819 2722 3855 :
2754 3803 2799 3856 si
2827 3810 2952 3856 sunt
2979 3801 3086 3855 alia
3128 3815 3247 3870 qua:
3282 3797 3518 3854 nondum
3563 3797 3716 3852 dicta

2095 3891 2101 3897 ’
2126 3904 2270 3962 sunt,
2297 3893 2992 3964 prol‘erantur.-—Serapion
3013 3893 3148 3949 dixit
3171 3911 3183 3948 :
3209 3891 3340 3959 Quae
3363 3906 3450 3946 me
3463 3898 3708 3952 movent.

2127 3986 2170 4040 si
2201 4002 2306 4041 non
2336 3987 2631 4056 protulero,
2663 3987 3014 4042 cassabuntur
3041 3985 3094 4038 in
3125 3985 3304 4039 animo
3333 3997 3454 4038 meo
3483 3997 3548 4036 ea
3587 3997 3712 4051 qua:

2125 4079 2409 4150 explanata
2445 4087 2587 4143 sunt,
2631 4093 2728 4149 per
2768 4093 2831 4133 ea
2878 4092 2998 4148 quae
3027 4077 3244 4132 minime
3272 4075 3482 4146 prolata
3511 4073 3580 4128 ad
3607 4091 3708 4130 ex-

2126 4171 2470 4242 plicationem
2485 4170 2788 4240 pertingere
2811 4166 3406 4238 potuerunt.—Judices
3429 4165 3541 4220 dati
3563 4165 3710 4220 dixe-

2127 4271 2295 4317 runt:
2329 4261 2638 4317 Videbintur
2687 4269 2742 4314 et
2796 4275 2896 4315 nos
2949 4274 3089 4314 vano
3129 4258 3315 4313 labore
3351 4256 3562 4324 fatigari
3609 4272 3708 4310 au-

2126 4353 2345 4419 diendo,
2370 4361 2426 4409 et
2451 4369 2547 4408 vos
2575 4352 2694 4408 sine
2713 4367 2876 4408 causa
2895 4351 3140 4406 laborare
3169 4347 3416 4413 dicendo,
3447 4347 3490 4402 si
3521 4361 3588 4402 ea
3620 4362 3708 4402 re-

2130 4456 2381 4516 petantur
2407 4459 2524 4514 qua:
2554 4443 2703 4500 finita
2729 4451 3040 4499 noscuntur.
3074 4439 3226 4496 Unde
3267 4439 3567 4496 cavendum
3611 4439 3708 4494 tibi

1609 4575 1718 4632 ΡΒ.
1761 4575 2248 4634 FEU—ARDENTH
2285 4575 2512 4635 NOTIE.

521 4704 548 4732 ι
585 4691 900 4762 Huiusmodi
923 4692 1083 4747 fuisse
1111 4691 1428 4762 Arianorum
1457 4689 1833 4746 delirationem
1861 4699 2023 4747 tcsta-
2054 4696 2100 4752 ι)
2125 4707 2241 4762 qua:
2269 4691 2408 4747 Deus
2434 4701 2530 4756 est,
2571 4691 2840 4748 intervalla
2891 4699 3178 4762 (naporum
3225 4688 3370 4762 nulla
3423 4694 3589 4762 sunt,“
3617 4705 3709 4757 per

449 4773 538 4818 tur
555 4760 856 4818 Alexander
877 4762 1126 4817 Ecclesia:
1149 4760 1519 4815 Alexandrina:
1541 4761 1860 4830 patriarcha,
1880 4763 2024 4817 velut

419 4849 516 4897 ,οι
537 4831 652 4902 ejus
673 4833 740 4902 ad
761 4848 946 4887 omnes
965 4832 1260 4886 catholicos
1282 4831 1504 4902 epistola
1522 4830 2028 4902 referuntSocrates

451 4899 592 4972 (Lib’.
619 4919 636 4958 1
664 4901 832 4968 Hist,
853 4919 898 4956 c.
923 4901 977 4969 6)
1001 4911 1055 4957 et
1074 4899 1407 4972 Nicephorus
1427 4900 1565 4972 (ltili.
1601 4916 1720 4972 μηδὲ
1749 4899 1822 4972 Βλ.
1850 4901 2023 4972 Atha-

447 4969 630 5030 nasius
644 4973 726 5026 his
741 4973 916 5027 verbis
935 4987 1051 5025 eam
1073 4969 1227 5027 offert
1251 4969 1383 5041 (Lib.
1403 4971 1463 5024 de
1479 4970 1618 5024 Unit.
1639 4969 1722 5024 SS
1731 5010 1743 5022 .
1770 4969 1980 5041 Trinit.)
2008 4988 2020 5022 :

397 5095 402 5100 .
448 5043 608 5108 Deus,
639 5041 1003 5114 ἱηιῃιὶι-Ανὴιεἓ
1031 5039 1265 5114 potentia
1285 5043 1483 5112 quidem
1501 5057 1715 5110 semper,
1734 5039 1823 5094 sed
1844 5041 2025 5108 eITectu

448 5130 551 5168 non
579 5109 777 5183 semper
798 5109 958 5165 Pater
978 5109 1076 5183 fuit
1100 5128 1116 5165 :
1139 5121 1188 5164 et
1215 5109 1487 5183 autemtam
1505 5109 1772 5183 generaret
1790 5126 1894 5183 non
1913 5121 2025 5183 erat

449 5183 630 5248 Pater,
681 5179 770 5236 sed
815 5191 928 5236 erat
979 5179 1299 5250 omnipotens
1336 5181 1487 5234 Deus.
1508 5179 1624 5234 Sed
1653 5181 1776 5250 huic
1805 5179 2024 5250 insaniae

447 5254 527 5308 sic
550 5254 689 5308 idem
708 5251 1040 5322 "Athanasius
1061 5248 1294 5307 occurrit
1310 5249 1446 5322 (Lib.
1473 5267 1540 5305 xv
1560 5251 1624 5322 de
1650 5249 1817 5322 Trita,
1839 5248 2016 5322 c._26):

463 5324 648 5377 Verum
696 5321 905 5376 Patrem
957 5317 1339 5391 sempiternum,
1393 5337 1536 5374 verus
1577 5319 1804 5391 declarat
1854 5317 2020 5373 Filius

449 5395 810 5462 sentpiteruus,
833 5395 918 5464 qui
938 5393 1010 5464 _de
1028 5388 1086 5446 eo
1108 5401 1259 5464 nutus
1281 5400 1357 5444 es!
1383 5406 1398 5442 :
1429 5399 1477 5442 et
1497 5407 1664 5464 rerum
1689 5388 1881 5443 Filium
1901 5407 2034 5464 sent-

449 5458 723 5533 pitcruum,
755 5458 898 5516 rerus
931 5461 1105 5533 Pater;
1125 5461 1443 5533 demonstrat
1494 5461 1846 5533 setrtniternua.
1867 5529 1877 5533 _
1899 5458 2026 5514 Ideo

450 5528 710 5604 nunquam
746 5535 901 5586 Pater
919 5533 1030 5586 sine
1056 5529 1217 5604 Filia.
1248 5531 1377 5604 quia
1395 5545 1592 5604 semper
1615 5528 1780 5583 Filius
1805 5529 1900 5600 fuit
1913 5545 2026 5604 cunt

457 5595 630 5654 Patre.
665 5603 986 5670 Augustinus
1012 5616 1142 5655 vero
1172 5595 1292 5654 ait':
1326 5595 1582 5652 Nullcibi
1611 5595 1838 5668 tempore
1887 5601 2029 5670 ragi-

456 5680 639 5731 tcnt'-'r,
691 5687 804 5737 qum
851 5669 1038 5723 habent
1082 5671 1223 5739 prius
1270 5680 1317 5722 et
1357 5671 1604 5738 posterius
1635 5671 1792 5738 :quia
1821 5671 2028 5723 omnino

456 5739 598 5792 nulla
635 5741 706 5794 ibi
756 5749 892 5794 sunt.
945 5739 1011 5792 Et
1062 5739 1251 5794 iterum
1289 5759 1298 5790 :
1335 5739 1398 5794 In
1431 5741 1517 5793 illa
1547 5756 1744 5793 s'mmt't
1777 5739 2028 5794 Trinitate

2127 4757 2240 4834 qua:
2277 4764 2439 4834 possit
2463 4762 2682 4826 ostendi,
2715 4770 2804 4816 aut
2833 4757 3039 4834 requiri,
3067 4771 3242 4834 utrum
3270 4759 3412 4828 prius
3441 4757 3525 4834 de_
3546 4757 3709 4834 Pgtre

2129 4827 2287 4904 iratus
2307 4836 2374 4888 ait
2395 4833 2585 4895 Filius,
2616 4843 2664 4888 et
2684 4842 2861 4904 postea
2883 4827 2945 4885 de
2971 4828 3216 4885 ambobus
3243 4827 3550 4901 processerit
3577 4827 3697 4899 Spi-

2127 4903 2254 4956 ritu:
2275 4913 2501 4963 sanctus,
2527 4911 2628 4959 etc.

2201 4973 2224 5008 ι’
2253 4971 2432 5026 Codex
2467 4984 2618 5028 vetus
2650 4990 2662 5024 :
2693 4969 2862 5025 Filius
2890 4972 3024 5026 rocis
3041 4979 3133 5030 est,
3165 4970 3326 5039 possit
3352 4967 3608 5039 posterior
3629 4969 3708 5021 iu-

2126 5043 2304 5096 reniri.
2339 5041 2470 5096 Cum
2501 5060 2565 5096 ex
2594 5043 2676 5096 his
2705 5041 2905 5094 nullum
2937 5037 3212 5102 possemus
3237 5053 3450 5091 sensum
3487 5037 3701 5100 elicere,

2129 5111 2442 5184 addidimus,
2462 5114 2568 5184 Au
2594 5113 2771 5184 possit.
2802 5110 2874 5164 De
3065 5123 3226 5184 porro
3255 5111 3451 5184 attenta
3481 5120 3709 5184 genere:

2132 5182 2278 5236 tione
2317 5183 2498 5236 scribit
2527 5176 2891 5236 Nazianzenus
2930 5176 3146 5240 (Libim
3172 5178 3233 5232 de
3256 5176 3529 5247 Theolog.)
3565 5194 3578 5228 :
3614 5177 3707 5230 Dei

2123 5253 2384 5322 generatio
2417 5252 2617 5322 silentio
2662 5261 2737 5305 est
2775 5249 3008 5303 colenda.
3035 5247 3103 5322 Et
3123 5247 3258 5322 quod
3284 5261 3410 5300 sane
3435 5255 3708 5316 generatus

2129 5319 2198 5373 sit
2218 5319 2386 5375 Filius
2417 5321 2656 5376 didicisse
2685 5331 2731 5373 te
2757 5335 2997 5388 magnum
3019 5319 3262 5390 quiddam
3293 5332 3402 5370 esse
3441 5331 3708 5390 concesse-

2132 5407 2436 5462 ror:pvrrum
2482 5391 2734 5462 quomodo
2772 5386 3161 5462 generatusjit
3196 5403 3378 5462 nosse,_
3407 5386 3709 5462 ue‘gn‘gclis

2165 5460 2330 5514 uident
2361 5453 2534 5514 datum
2563 5478 2672 5514 esse
2699 5453 3012 5513 concessero.
3045 5457 3108 5511 Et
3137 5457 3448 5511 Ambrosius
3479 5453 3619 5525 (Lib.
3650 5455 3711 5505 de

2165 5477 2330 5514 maem
2361 5477 2534 5514 aulum
2563 5478 2672 5514 esse
2699 5477 3012 5513 conressero.
3045 5477 3108 5511 ra
3137 5477 3448 5511 mnorosxus
3479 5477 3619 5525 μλυ.
3650 5477 3706 5505 ac

2128 5477 2277 5592 ἳτίάη
2303 5531 2370 5584 ad
2400 5529 2570 5596 Crat.)
2605 5548 2616 5582 :
2650 5529 2933 5600 Scit-cilich
2959 5529 3094 5600 quod
3127 5538 3280 5600 natus
3307 5527 3406 5584 sit;
3433 5525 3706 5600 quomodo.

2131 5600 2387 5672 discutere
2419 5617 2520 5655 non
2551 5594 2686 5654 licet.
2720 5598 2952 5672 Ephrem
2971 5594 3488 5672 'Syruselegantem
3515 5594 3707 5672 librum

2129 5668 2295 5723 edidit
2325 5670 2578 5726 adversus
2607 5685 2718 5736 eos,
2750 5665 2842 5739 qui
2889 5665 3134 5722 naturam
3177 5665 3293 5720 Filii
3339 5665 3434 5719 Dei
3480 5665 3707 5719 scrutari

2129 5739 2335 5794 volunt.
