3866 6178
447 303 543 358 “.5!

1775 289 2041 348 ΑΒΝΟΒῙΙ
2081 291 2383 349 ιυλιοιιιε

3555 297 3638 352 232

446 418 615 472 Filius
662 414 929 484 perfectus
983 414 1154 476 Deus,
1204 412 1439 483 Spiritus
1486 419 1705 466 sanctus
1761 410 2028 480 perfectus
2058 417 2101 471 Α
2133 412 2268 466 dixit
2301 431 2311 464 :
2347 413 2422 466 ita
2451 422 2551 467 est.
2586 445 2658 455 —-
2688 412 2953 468 Arnobius
2981 413 3150 468 dixit:
3183 413 3292 469 Lux
3320 428 3427 482 qua:
3451 430 3532 470 eos
3553 434 3638 473 ma-

396 545 402 550 -
451 511 608 565 Deus.
639 507 717 564 lta
742 508 913 565 dicis?
939 537 1008 548 —-
1035 505 1301 561 Arnobius
1338 504 1476 560 dixit
1507 521 1521 557 :
1552 503 1629 558 lta
1653 502 1797 558 dico.
1828 531 1900 541 —
1926 502 2029 558 Se-

450 599 639 668 rapion
684 596 820 651 dixit
867 614 881 649 :
926 595 995 649 Et
1020 596 1068 651 si
1096 596 1171 650 ita
1197 596 1350 662 dicis,
1385 605 1411 632 ι
1452 593 1726 664 quomodo
1757 601 1868 648 tres
1899 593 2032 650 deos

447 707 567 747 esse
607 705 715 746 non
744 688 953 745 credis?
978 716 1052 727 —-
1090 687 1361 743 Arnobius
1400 686 1537 741 dixit
1578 703 1591 740 :
1633 685 1702 741 Et
1738 686 1784 741 si
1830 686 2032 742 oblivio

449 783 521 836 tui
552 781 877 845 dominatur,
903 794 1011 834 non
1032 778 1341 832 dominatur
1369 777 1423 831 in
1460 777 1726 832 universis
1747 778 2034 846 cognitori-

449 874 548 928 bus
569 881 624 926 et
640 871 909 940 iudicibus
930 869 1220 924 attributis.
1243 868 1435 924 Sciunt
1454 869 1597 923 enim
1619 884 1707 923 me
1730 877 1787 924 et
1805 869 2037 924 duorum

450 964 751 1028 oculorum,
782 977 946 1016 unum
979 968 1289 1030 aspectum;
1321 961 1548 1015 duarum
1595 961 1825 1025 aurium,
1867 976 2032 1015 unum

450 1054 719 1119 auditum;
764 1061 820 1108 et
867 1052 1095 1133 duarum
1135 1067 1411 1115 manuum,
1452 1066 1617 1105 unum
1655 1060 1943 1118 attactum;
1978 1060 2035 1107 et

449 1145 673 1200 duorum
697 1144 913 1214 pedum,
948 1158 1109 1196 unum
1138 1156 1412 1211 gressum;
1442 1151 1497 1196 et
1521 1141 1749 1197 duorum
1772 1142 2034 1198 labiorum

450 1242 611 1302 atque
641 1233 798 1287 unius
824 1233 1036 1301 lingunt,
1062 1246 1223 1286 unum
1247 1246 1575 1286 memorasse
1601 1246 1907 1286 sermonem
1933 1249 1947 1286 :
1979 1240 2037 1287 et

452 1323 743 1388 memorias,
776 1331 938 1391 atque
968 1321 1352 1389 intelligentiae,
1385 1330 1441 1376 et
1476 1321 1693 1390 ingenii,
1735 1321 1820 1377 his
1865 1322 2035 1378 tribus

451 1428 609 1467 uuam
650 1412 999 1481 sapientiam;
1045 1419 1102 1467 et
1142 1419 1223 1466 tot
1262 1412 1519 1467 membris
1557 1400 1836 1482 cbrporeis
1877 1413 2035 1468 unius

450 1503 573 1556 vita:
599 1501 985 1568 substantiam;
1016 1509 1073 1556 et
1112 1500 1166 1555 in
1205 1501 1440 1569 quinque
1467 1502 1713 1556 sensibus
1741 1518 1905 1556 unum
1953 1502 2028 1559 in.

451 1593 757 1658 tellectum;
780 1592 873 1661 qui
900 1606 1000 1661 per
1017 1591 1205 1646 oculos
1234 1591 1484 1657 videndo,
1500 1606 1599 1661 per
1624 1607 1782 1647 aures
1812 1593 2036 1650 audien-

450 1684 540 1747 do,
562 1699 661 1753 per
683 1699 745 1738 os
769 1682 1121 1752 degustando,
1145 1698 1244 1753 per
1265 1697 1424 1737 nares
1446 1682 1724 1737 odoraudo
1749 1683 2030 1752 intelligat.

2130 501 2401 557 nifestavit
2429 510 2572 556 totos
2598 510 2710 557 tres
2750 503 2975 572 lapides,
3007 519 3110 557 una
3136 510 3236 569 est,
3263 519 3326 558 an
3353 503 3459 559 dua:
3483 520 3539 560 an
3560 516 3642 563 tres

2130 593 2279 648 luces
2307 601 2434 648 sunt
2459 590 2688 670 diei?—
2714 592 2976 663 Serapion
3005 593 3138 648 dixit
3170 611 3182 647 :
3210 594 3335 661 Quis
3370 605 3510 664 negat
3530 600 3644 667 quod

2131 699 2236 739 una
2266 684 2354 738 lux
2385 699 2481 739 eos
2514 683 2861 739 manifestare
2898 691 3096 753 potest,
3134 685 3337 739 etiamsi
3375 686 3505 742 mille
3538 688 3647 743 sint?

2129 804 2203 818 -—
2228 774 2498 829 Arnobius
2527 773 2665 827 dixit
2701 790 2715 826 :
2758 771 2873 842 Ego
2899 772 3117 842 quidem
3155 781 3261 828 tres
3295 774 3429 839 dixi,‘
3453 783 3503 830 tu
3535 778 3651 833 mille

2132 865 2403 921 concedis.
2436 863 2495 919 Si
2520 878 2651 933 ergo
2688 865 2837 920 mille
2866 865 3071 935 lapides
3094 865 3313 935 pretiosi
3337 882 3435 922 uno
3459 867 3552 923 diei
3585 869 3650 923 lu-

2134 957 2278 1012 mine
2303 954 2331 995 δ
2372 965 2620 1011 ornatum
2648 958 2733 1013 sui
2764 957 3067 1027 spicudoris
3105 958 3403 1022 ostendunt,
3427 960 3651 1028 quomodo

2136 1065 2242 1104 non
2276 1047 2436 1104 Pater
2461 1058 2518 1105 et
2544 1049 2710 1105 Filius
2750 1056 2807 1104 et
2834 1048 3066 1120 Spiritus
3093 1059 3305 1105 sanctus
3325 1052 3469 1108 unius
3496 1052 3652 1107 divini-

2136 1142 2260 1197 tatis
2286 1157 2395 1197 sua:
2416 1142 2861 1213 omnipotentiam
2888 1156 2998 1196 uno
3034 1141 3275 1212 pandunt
3299 1142 3504 1207 lumine,
3519 1142 3655 1198 deita-

2136 1245 2244 1293 tem
2279 1254 2385 1293 non
2412 1236 2582 1293 oculis
2608 1237 2904 1307 corporeis,
2936 1236 3031 1291 sed
3059 1235 3229 1291 oculis
3254 1235 3440 1302 cordis,
3467 1236 3506 1291 si
3532 1235 3658 1291 fuerit

2136 1329 2259 1384 titlei
2289 1329 2565 1385 catholico
2606 1328 2840 1384 fenestra
2870 1326 3148 1396 adaperta,
3176 1335 3235 1379 ut
3274 1325 3429 1380 intret
3451 1340 3538 1395 per
3563 1340 3659 1381 eam

2136 1419 2219 1475 sol
2257 1419 2498 1488 justitirc,
2538 1425 2593 1474 et
2621 1433 2720 1473 suo
2762 1417 2964 1471 lumine
2993 1415 3301 1471 radiantur?
3348 1414 3476 1469 Vere
3513 1414 3659 1483 itaque

2137 1520 2246 1567 tres
2273 1511 2478 1582 lapides
2501 1510 2766 1580 pretiosos
2794 1508 2951 1562 unius
2983 1507 3181 1573 meriti,
3212 1506 3365 1560 unius
3395 1504 3659 1573 majestatis,

2136 1603 2294 1657 unius
2318 1600 2749 1672 pulchritudinis,
2780 1599 2936 1653 unius
2963 1597 3298 1662 diadematis,
3320 1596 3467 1651 unius
3488 1609 3664 1665 quoque

2137 1702 2193 1746 et
2218 1691 2369 1759 regni
2394 1690 2672 1746 evidenter
2690 1686 2960 1754 ostendat,
2993 1703 3101 1742 non
3131 1692 3192 1741 ut
3213 1701 3370 1740 unum
3391 1686 3585 1749 bonum,
3608 1684 3662 1737 al

451 1775 588 1830 Cum
616 1790 744 1845 ergo
773 1776 876 1830 ista
904 1775 1085 1830 omnia
1112 1774 1406 1845 disputatio
1435 1782 1617 1829 nostra
1646 1782 1947 1842 tractasset,
1978 1783 2034 1831 et
2065 1774 2106 1833 Β
2136 1789 2308 1836 terum
2346 1779 2623 1834 meliorem
2651 1785 2807 1848 putes
2838 1795 2851 1831 :
2883 1785 2943 1831 ut
2969 1776 3049 1831 sic
3091 1791 3255 1830 unum
3295 1773 3590 1843 magnificos,
3614 1780 3659 1826 ut

451 1868 522 1921 sit
550 1867 618 1922 de
645 1866 850 1921 unitate
893 1863 1132 1932 ﬁnitum;
1172 1880 1291 1935 quas
1330 1866 1469 1921 ratio
1508 1881 1609 1920 nos
1636 1866 1833 1920 iterum
1875 1867 1942 1922 ad
1970 1884 2035 1923 ea

451 1967 689 2024 revocat,
718 1973 837 2028 qua:
864 1959 972 2013 sint
994 1965 1051 2013 et
1075 1965 1262 2013 mutuo
1285 1972 1570 2023 consensu,
1591 1966 1648 2013 et
1664 1957 1906 2028 judicum
1926 1960 2035 2014 lata

451 2050 593 2104 inter
615 2059 797 2119 partes
822 2050 1088 2106 sententia
1108 2033 1222 2119 jam
1250 2048 1400 2104 finita
1416 2052 1441 2104 τ
1454 2050 1589 2105 Cum
1604 2050 1881 2117 dixissem,
1896 2051 2041 2108 sicut

451 2143 731 2208 memoria,
761 2151 815 2197 et
852 2142 1146 2211 ingenium,
1177 2151 1232 2196 et
1257 2142 1579 2208 intellectus,
1612 2158 1777 2197 unum
1815 2143 2035 2213 sapien-

453 2232 539 2286 tiae
576 2233 856 2288 obtineant
898 2247 1113 2299 munus,
1162 2232 1238 2287 ita
1286 2231 1447 2288 Pater
1480 2248 1605 2288 cum
1641 2233 1777 2288 Filio
1820 2242 1877 2289 et
1912 2249 2033 2290 etuu

451 2320 655 2391 Spiritu
684 2331 872 2379 sancto
892 2338 1058 2377 unum
1084 2323 1489 2393 omnipotentiae
1509 2338 1619 2379 suae
1637 2333 1920 2394 permanet
1944 2340 2030 2381 re-

453 2427 639 2481 gnum.
667 2445 741 2456 —
766 2412 1030 2486 Serapion
1073 2415 1209 2470 dixit
1237 2434 1251 2469 :
1282 2417 1358 2472 De
1392 2417 1809 2487 uniuscujusque
1854 2417 2034 2489 perfe-

451 2505 632 2560 Ctione
649 2504 885 2570 deitatis,
915 2522 1015 2562 nec
1035 2521 1138 2575 ego
1164 2507 1512 2575 interrogavi.
1538 2523 1639 2563 nec
1663 2517 1722 2562 tu
1743 2508 1869 2564 inde
1891 2509 2034 2564 dixi-

452 2594 541 2649 sti.
574 2595 674 2650 Aio
722 2612 862 2653 nunc
910 2598 1054 2652 enim
1099 2616 1113 2651 :
1165 2596 1327 2653 Pater
1366 2598 1640 2669 perfectus
1680 2601 1839 2665 Deus,
1869 2600 2036 2658 Filius

452 2684 718 2755 perlectus
740 2686 897 2750 Deus,
936 2686 1167 2757 Spiritus
1195 2697 1415 2743 sanctus
1439 2688 1708 2759 perfectus
1735 2689 1896 2757 Deus,
1927 2698 2037 2748 tres

452 2773 651 2831 faciunt
677 2778 827 2832 deos.
855 2776 883 2817 1³
913 2778 1018 2832 Aut
1045 2780 1188 2833 enim
1217 2781 1431 2835 tertiam
1473 2790 1684 2850 partem
1727 2799 1865 2838 unus
1893 2783 2036 2840 Deus

453 2865 632 2931 habet,
663 2874 719 2919 ut
740 2884 836 2937 per
860 2878 1151 2939 quaternas
1169 2871 1351 2926 uncias
1378 2877 1587 2926 tantum
1607 2880 1719 2928 tres
1739 2889 1901 2929 unam
1920 2874 2037 2930 dei-

453 2962 615 3009 tatem
647 2957 917 3021 habeant;
961 2967 1055 3013 aut
1084 2968 1192 3015 tres
1220 2960 1294 3016 dii
1330 2961 1457 3027 sint,
1507 2962 1552 3017 si
1590 2965 1953 3034 unusquisque
1982 2966 2035 3021 in

453 3061 548 3100 sua
573 3046 774 3102 dcitate
802 3049 1071 3131 perfectus
1092 3059 1192 3106 est.
1210 3052 1562 3109 —Arnobius
1590 3054 1755 3110 dixit:
1780 3056 2035 3121 Brevitati

2140 1871 2208 1927 ad
2236 1871 2482 1941 injuriam
2503 1871 2723 1926 alterius
2744 1869 2969 1925 alterum
2998 1865 3495 1939 magniﬁcentiorem
3512 1865 3665 1920 existi-

2140 1977 2275 2018 mes.
2310 1959 2689 2031 Unusquisque
2741 1961 2885 2016 enim
2915 1960 3052 2031 lapis
3080 1974 3240 2015 verus
3266 1960 3341 2014 ita
3366 1966 3461 2020 est,
3489 1964 3542 2012 ut
3565 1955 3668 2010 nihil

2143 2063 2167 2092 ⁶
2192 2053 2459 2109 dehabeat
2483 2067 2593 2123 quo
2617 2052 2789 2123 possit
2824 2052 2962 2107 alius
2990 2051 3172 2107 verior
3194 2048 3466 2113 aestimari,
3494 2054 3666 2102 tantum

2137 2153 2195 2199 et
2219 2142 2351 2198 fides
2377 2142 2586 2213 aperiat
2613 2140 2871 2197 fenestras
2899 2145 3222 2206 animorum,
3243 2153 3375 2209 quas
3393 2138 3499 2192 sine
3515 2134 3671 2191 credu-

2137 2239 2287 2294 litate
2317 2243 2502 2290 uostra
2529 2248 2633 2289 nec
2660 2232 2802 2288 Deus
2827 2232 2944 2303 ipse
2972 2230 3260 2301 aliquando
3288 2228 3541 2301 patefecit.
3571 2225 3671 2281 Non

2137 2327 2283 2381 enim
2304 2326 2598 2382 salvabitur
2631 2325 2733 2380 nisi
2760 2324 2853 2394 qui
2899 2323 3275 2380 credulitatem
3298 2338 3442 2377 suam
3472 2318 3579 2375 ﬁdei
3602 2333 3671 2374 re-

2141 2426 2243 2476 cta:
2265 2416 2580 2484 subdiderit,
2607 2424 2663 2471 et
2688 2416 2804 2486 ipsa
2828 2414 3102 2486 aperuerit
3132 2415 3391 2471 fenestras
3413 2411 3673 2480 intelligen-

2138 2510 2246 2574 tia,
2276 2516 2336 2563 ut
2356 2507 2540 2562 videas
2566 2507 2696 2561 istas
2724 2515 2835 2561 tres
2857 2504 3247 2576 pulcherrimas
3268 2517 3495 2573 gemmas
3518 2502 3566 2556 iu
3583 2514 3678 2554 uno

2137 2613 2305 2668 regno
2348 2604 2702 2662 constructas,
2748 2613 2913 2653 unum
2959 2595 3208 2651 diadema
3249 2594 3423 2650 facere
3455 2601 3506 2648 et
3536 2603 3674 2645 unum

2137 2689 2435 2760 maiestatis
2480 2688 2761 2759 imperium
2792 2687 3058 2743 obtinere.
3098 2718 3174 2730 —
3210 2684 3465 2756 Serapion
3510 2680 3628 2737 dixit
3661 2697 3677 2731 :

2136 2781 2229 2838 isti
2269 2788 2379 2836 tres
2421 2779 2627 2850 lapides
2671 2779 2796 2833 licet
2840 2778 3000 2832 unius
3036 2776 3394 2857 pretiositatis
3453 2773 3685 2838 uniusque

2136 2874 2246 2947 sint
2271 2870 2703 2943 pulchritudinis,
2728 2877 2906 2923 tamen
2942 2883 2974 2922 a
3004 2882 3064 2924 se
3092 2866 3255 2922 divisi
3281 2872 3420 2921 sunt.
3448 2895 3514 2906 —
3538 2859 3681 2915 Arno-

2138 2966 2259 3021 bius
2299 2964 2435 3019 dixit
2477 2980 2490 3016 :
2531 2962 2611 3017 Tu
2649 2961 2966 3017 divisionem
2995 2959 3180 3015 vidisti
3217 2959 3395 3022 trium,
3422 2953 3512 3011 sed
3546 2965 3681 3008 unum

2138 3069 2362 3122 regnum
2410 3054 2567 3108 unius
2611 3051 2928 3107 diadematis
2978 3065 3089 3106 non
3137 3049 3309 3104 vides.
3341 3079 3406 3091 --
3455 3042 3682 3113 Serapion

452 3139 686 3193 studenti
728 3140 877 3207 mihi,
924 3141 1178 3197 laciniosa
1217 3142 1579 3214 disputatione
1622 3148 1893 3214 oceurris;
1941 3149 2035 3204 sed
2060 3140 2107 3205 Ε
2137 3146 2274 3203 dixit
2302 3163 2316 3199 :
2348 3143 2526 3199 Unum
2552 3143 2797 3199 diadema
2827 3142 3003 3205 video,
3047 3141 3146 3197 sed
3185 3142 3237 3195 in
3283 3141 3396 3211 ipso
3419 3136 3684 3193 diademate

455 3236 715 3296 quantum
745 3238 799 3283 tu
829 3231 881 3283 in
907 3231 1176 3301 prolixum
1208 3233 1286 3287 ire
1325 3234 1433 3297 vis,
1485 3243 1692 3289 tantum
1732 3244 1787 3292 te
1828 3247 1929 3306 ego
1982 3239 2036 3293 in

454 3318 600 3372 brevi
626 3320 960 3376 concludam.
984 3332 1006 3360 ε
1038 3319 1184 3378 Pone
1214 3332 1321 3380 tres
1340 3325 1757 3395 pretiosissimas
1779 3331 2037 3399 margari-

434 3404 536 3463 tas
564 3410 1030 3482 incomparabiles,
1063 3415 1218 3469 unius
1265 3424 1445 3471 tamen
1478 3418 1674 3480 meriti,
1719 3419 1771 3473 in
1802 3421 2034 3477 obscuro

453 3498 592 3562 loco,
625 3511 719 3555 aut
741 3503 792 3556 in
816 3518 955 3558 caeca
987 3513 1144 3561 nocte
1173 3507 1459 3576 repositas.
1490 3505 1625 3563 Cum
1662 3517 1840 3565 tamen
1873 3528 2036 3568 vene-

453 3591 522 3643 rit
552 3591 729 3647 lumen
754 3594 860 3647 diei
889 3603 945 3649 et
968 3595 1099 3650 solis
1128 3597 1399 3666 splendor,
1435 3607 1640 3666 quanto
1668 3601 1897 3669 amplior
1920 3600 2034 3657 fue-

453 3681 523 3735 rit
547 3683 809 3737 serenitas
838 3684 1070 3750 luminis,
1105 3695 1255 3741 tanto
1280 3688 1385 3742 erit
1413 3690 1645 3759 amplior
1665 3691 1835 3745 oculis
1855 3700 2032 3747 atten-

452 3772 701 3826 dcntibus
720 3774 911 3827 horum
933 3776 1092 3829 trium
1122 3776 1354 3845 lapidum
1377 3778 1733 3846 pretiosorum
1758 3780 2029 3850 splendor.

454 3861 731 3931 interrogo
773 3880 914 3919 nunc
970 3883 982 3918 :
1037 3864 1128 3920 Isti
1180 3876 1292 3922 tres
1335 3868 1540 3939 lapides
1588 3871 2036 3943 incomparabiles

455 3958 744 4020 antequam
776 3954 1248 4011 manifestarentur
1273 3973 1303 4013 a
1332 3958 1551 4027 lumine,
1575 3962 1627 4015 in
1654 3977 1751 4017 sua
1784 3965 2035 4033 pretiosi-

341 4066 359 4085 κ
456 4050 566 4097 tate
600 4044 906 4108 manebant,
937 4054 992 4100 et
1021 4048 1359 4115 pulchritudo
1403 4066 1590 4106 eorum
1628 4054 1681 4108 in
1727 4055 1857 4124 ipsis
1899 4066 2035 4123 erat,

454 4135 625 4189 oculis
663 4144 843 4191 tamen
886 4137 1161 4195 hominum
1200 4158 1307 4198 non
1340 4145 1648 4214 parebant?
1677 4177 1747 4189 —
1775 4135 2039 4221 Serapion

2143 3235 2627 3309 fcataclyzomatis
2672 3242 2788 3289 arte
2835 3240 2960 3288 sunt
3003 3247 3233 3302 gemmrc
3281 3235 3600 3287 constructae.
3625 3253 3683 3266 —-

2142 3328 2410 3385 Arnobius
2433 3328 2566 3383 dixit
2597 3344 2611 3381 :
2658 3325 2808 3382 Sicut
2838 3326 2931 3381 tibi
2960 3324 3401 3397 cataclyzomatis
3440 3328 3550 3378 arte
3581 3324 3687 3374 sunt

2139 3434 2363 3490 gemmae
2389 3425 2727 3475 constructae.
2750 3417 2823 3471 ita
2853 3416 2940 3471 hic
2967 3415 3289 3471 naturaliter
3319 3415 3372 3469 in
3408 3426 3511 3468 uno
3536 3406 3690 3465 omni-

2139 3510 2393 3582 potentiae
2422 3510 2674 3565 thesauro
2702 3507 2910 3579 positze,
2936 3506 3040 3561 illis
3062 3513 3274 3561 tantum
3311 3500 3688 3560 manifestautur

2138 3618 2369 3673 quorum
2417 3601 2705 3658 credulitas
2745 3600 2934 3670 egerit,
2980 3608 3038 3654 ut
3084 3598 3217 3655 lides
3264 3599 3465 3666 integra
3507 3590 3689 3664 aperiat

2132 3694 2351 3763 januam
2406 3692 2643 3747 thesauri
2688 3690 2844 3759 hujus
2894 3690 3170 3760 perpetui,
3221 3704 3288 3745 ac
3334 3684 3603 3759 patefaciat
3643 3686 3691 3734 et

2137 3786 2295 3840 istam
2315 3784 2592 3839 Trinitatis
2613 3782 2870 3836 unitatem
2894 3780 3208 3852 perfectam,
3233 3788 3290 3835 et
3310 3778 3472 3850 ipsius
3497 3769 3689 3829 unitatis

2137 3876 2532 3945 integerrimam
2570 3876 2831 3929 unitatem
2876 3891 2889 3926 :
2924 3887 3107 3926 verum
3145 3869 3363 3927 Patrem
3390 3869 3477 3939 qui
3504 3875 3692 3934 semper

2138 3966 2299 4022 fuerit
2340 3964 2521 4031 Pater,
2563 3971 2618 4019 et
2654 3978 2837 4019 verum
2880 3962 3091 4029 Filium,
3136 3963 3292 4033 cujus
3328 3975 3532 4032 semper
3555 3951 3695 4011 fuerit

2143 4059 2319 4113 Pater.
2352 4067 2379 4105 ε
2409 4057 2524 4113 Νοιι
2554 4057 2699 4113 enim
2744 4056 2885 4111 sicut
2922 4063 3050 4111 ante
3096 4054 3267 4111 Filius
3314 4056 3360 4111 si
3406 4068 3510 4108 non
3552 4045 3693 4104 fuen't

2145 4148 2318 4205 Patris
2343 4150 2447 4215 sui,
2471 4165 2579 4203 non
2603 4154 2781 4219 potest
2806 4145 2943 4202 allici
2965 4145 3126 4201 Pater
3147 4144 3270 4202 Filii
3287 4146 3389 4204 sui.
3412 4142 3546 4200 Nihil
3570 4137 3696 4195 enim

1608 4283 1718 4339 FB.
1761 4286 2248 4343 FEU-ARDENTII
2287 4285 2492 4342 NOTAE
2504 4327 2517 4340 .

527 4385 689 4463 {Non
719 4386 1000 4463 defuerunt
1047 4392 1238 4461 priscis
1266 4395 1599 4463 temporibus
1634 4396 1869 4451 haeretici
1911 4397 2032 4452 Tri-

455 4456 675 4520 thciskc,
715 4460 804 4527 qui
837 4475 902 4513 ex
933 4456 1102 4515 tribus
1130 4456 1394 4530 personis“
1414 4473 1522 4518 tres
1548 4465 1679 4519 deos
1713 4467 2033 4523 architecta-

458 4535 660 4606 re::tur,
713 4538 770 4581 ut
814 4544 877 4583 ex
919 4531 1218 4606 Nicephoro
1246 4532 1471 4606 aliisque
1513 4535 1811 4606 colligitur;
1856 4540 1947 4606 qui
1978 4546 2033 4594 et

2141 4398 2467 4469 Turonensis
2490 4405 2544 4469 et
2575 4396 2887 4469 Sigehcrtus
2920 4396 3156 4451 referunt
3181 4414 3199 4469 :7
3229 4396 3495 4469 nimirum,
3528 4393 3694 4469 immt-

2139 4479 2289 4538 pente
2316 4471 2370 4521 in
2402 4466 2601 4538 Gallias
2629 4468 2924 4520 Arinuismo
2966 4482 3081 4519 cum
3123 4468 3390 4535 epierpna
3421 4463 3693 4538 Yuaatemit

2137 4534 2343 4592 sacrum
2364 4536 2618 4608 publicum
2642 4538 2847 4606 faceret,
2890 4554 2918 4589 e
2944 4534 3178 4606 supernis
3208 4534 3527 4608 (intendisse
3562 4543 3693 4608 niger

457 4611 595 4647 nure
628 4601 681 4665 (ο
705 4606 944 4668 tempora
966 4600 1004 4670 !)
1038 4597 1088 4659 in
1121 4597 1519 4672 Transylvituia,
1546 4597 1812 4672 Hnugaria
1841 4597 1895 4659 ct
1926 4607 2031 4662 Po-
2064 4613 2115 4674 Ι)
2140 4609 2306 4661 altare
2335 4597 2437 4661 (res
2461 4621 2607 4676 aqua
2634 4597 2843 4669 mittas,
2890 4623 2981 4659 uas
3006 4597 3123 4661 rum
3155 4608 3305 4660 vellet
3331 4604 3580 4674 colligere,
3600 4597 3689 4652 illa

459 4665 593 4716 iouia
626 4682 691 4720 ex
722 4668 824 4722 illis
854 4670 995 4723 velut
1035 4672 1273 4725 scarabei
1305 4688 1369 4724 ex
1391 4681 1630 4728 stercore
1660 4686 2030 4729 renascuntur.
2136 4679 2193 4729 in
2216 4687 2316 4729 tres
2348 4678 2670 4729 firmissimas
2700 4686 2747 4729 et
2776 4624 3054 4729 υριῖιιεὶάιιε
3082 4692 3307 4729 aemmas
3334 4686 3598 4729 conteram.
3625 4668 3688 4720 de-

459 4665 691 4743 [φήῃ-εχ
722 4665 827 4722 illis
854 4665 996 4723 velut
1035 4672 1273 4725 scarabei
1292 4665 1369 4724 'cx
1391 4665 1630 4728 stercore
1660 4665 2030 4731 renascuntur.

458 4734 564 4787 Nos
601 4735 788 4791 horum
818 4742 1207 4794 conl'utavimus
1237 4743 1516 4805 insaniam,
1548 4745 1636 4797 ubi
1678 4744 1869 4798 Bezam
1900 4747 2036 4802 divi-

457 4819 578 4855 nam
610 4809 893 4884 essontiam
919 4812 969 4884 in
995 4812 1162 4865 tribus
1189 4813 1434 4884 personis
1462 4813 1677 4868 realiter
1704 4814 2036 4884 distinguen-

459 4883 595 4954 tem,
617 4882 671 4927 et
700 4875 1033 4954 Barthasium
1063 4875 1306 4954 eamdem
1340 4883 1712 4953 triplicaotom,
1745 4893 1799 4937 et
1841 4875 1895 4939 ἰιῖ
1922 4886 2033 4942 Deo

457 4943 717 5018 triplicem
748 4947 991 5018 spiritum
1019 4943 1423 5018 conlingenteuf
1441 4943 1856 5008 confutavimus.

526 5013 551 5051 δ
575 5014 900 5082 Augustinus
929 5019 1179 5081 adversus
1202 5013 1337 5076 hanc
1367 5023 1681 5077 Arianorum
1708 5024 2030 5079 dementiam

454 5094 506 5167 et
535 5083 919 5167 blasphemiam
959 5089 1041 5142 his
1064 5091 1244 5167 verbis
1275 5091 1518 5167 fulminat
1550 5113 1561 5147 :
1597 5093 1902 5167 llalmlictus
1944 5097 2030 5167 qui

454 5156 728 5232 indivisant
774 5156 1024 5232 deitatem
1057 5159 1231 5232 Patris
1266 5172 1315 5214 et
1352 5162 1477 5215 Filii
1516 5174 1564 5216 et
1607 5163 1837 5232 Spiritus
1864 5156 2031 5219 san'cti

454 5242 558 5279 non
588 5226 876 5305 conﬁtetur.
912 5227 1220 5282 Maledictus
1258 5234 1342 5305 qui
1372 5235 1584 5305 propria
1613 5226 1827 5305 nomine
1855 5252 2031 5305 perso-

454 5248 558 5279 wm
588 5248 876 5292 coulttmur.
912 5248 1220 5282 nateaicms
1254 5248 1342 5353 Zur
1372 5250 1584 5301 propria
1613 5250 1824 5287 nomina
1855 5252 2031 5305 perso-

452 5311 656 5373 narum.
691 5296 1091 5373 tres_Deo_s,_aul
1120 5307 1222 5353 tres
1304 5303 1520 5373 ominos,
1554 5312 1641 5355 aut
1673 5315 1771 5357 trra
1803 5303 2032 5373 Spiritus

458 5367 745 5441 mnﬁtetur.
779 5365 994 5441 Ιιξιιιξῇιιὶ
1016 5384 1226 5423 rursum
1256 5388 1267 5422 :
1296 5371 1355 5423 Si
1386 5365 1618 5441 qttis’non
1640 5365 2032 5428 dixerit'l’atris

453 5444 498 5484 rt
534 5435 660 5514 .‘filii
688 5447 734 5490 et
778 5435 1005 5507 Spiritus
1052 5441 1218 5514 sancti
1262 5435 1807 5514 tmarirdivinitatcm,
1852 5461 2029 5514 parem

451 5506 770 5572 maiestatem
801 5506 849 5561 et
877 5511 1177 5579 potentiam,
1209 5526 1363 5562 unum
1396 5510 1614 5580 gloriam
1644 5523 1693 5564 et
1720 5506 2033 5568 dominatio-

452 5590 583 5651 nem.
623 5594 773 5632 unum
801 5597 1013 5651 regnum
1042 5590 1191 5650 atque
1212 5596 1366 5633 unam
1391 5581 1717 5645 voluntatem,
1754 5585 2031 5637 anathema

449 5656 537 5700 stt,
563 5656 661 5697 i'lc.

525 5730 545 5749 ν
584 5715 716 5767 ιιιιίσ·
749 5721 991 5787 exemplo
1022 5721 1262 5791 apposite
1293 5720 1545 5775 convenit
1573 5722 1715 5788 quod
1743 5720 2031 5790 Gregorius

2136 4679 2193 4731 in
2216 4687 2316 4732 tres
2345 4668 2670 4747 firmissimas
2700 4686 2747 4729 et
2775 4668 3054 4748 pellucidus
3081 4692 3307 4748 gemmas
3334 4668 3598 4748 conteram,
3625 4668 3688 4748 de;

2137 4749 2289 4819 nique
2327 4736 2382 4801 i'n
2422 4749 2635 4819 unicam?
2657 4748 2728 4819 ita
2758 4736 3159 4819 coaluerumfut
3200 4762 3303 4801 non
3326 4746 3439 4816 jam
3469 4753 3581 4805 tres,
3616 4736 3689 4791 sed

2133 4816 2306 4881 unica,
2339 4834 2496 4885 eaque
2519 4816 2741 4885 miriﬁca
2768 4817 2941 4885 palam
2963 4818 3195 4871 evuserit.

2205 4885 2229 4923 ἀ
2261 4887 2444 4941 Codex
2468 4895 2638 4950 vetus,
2672 4887 3039 4939 inormitatem.

2209 4967 2232 4994 ⁶
2263 4956 2410 5012 Nove
2457 4949 2692 5022 dictum,
2742 4970 2841 5024 pro
2890 4966 3097 5022 careat,
3156 4955 3486 5016 destituatur,
3541 4949 3690 5020 prite-

2133 5037 2233 5085 tur.
2266 5036 2369 5081 etc.

2208 5096 2226 5135 ί
2260 5096 2439 5159 Forte,
2483 5095 2748 5163 quoddam
2780 5095 3063 5150 artiﬁcium
3104 5110 3343 5164 gemmas
3371 5085 3689 5164 dispotjcndi.

2129 5165 2405 5235 jnngendi,
2432 5158 2711 5235 isculpendi
2733 5167 2815 5220 vel
2840 5158 3235 5236 pingendifhac
3252 5179 3390 5236 voce
3415 5158 3687 5231 significat,

2135 5237 2234 5289 nisi
2267 5238 2420 5307 malis
2444 5235 2907 5307 ratorhrysomatis
2937 5246 3047 5289 arte
3077 5235 3377 5307 legendum.
3547 5298 3561 5307 _
3601 5296 3631 5307 J

2206 5316 2230 5353 ε
2259 5305 2527 5377 ρῒιςιτιιτιις
2550 5298 2715 5371 locus,
2745 5315 2800 5359 et
2821 5306 2909 5374 qni
2941 5307 3123 5377 codice
3152 5305 3351 5377 indiget
3377 5298 3692 5377 emendatio-

2132 5392 2212 5429 re.
2262 5374 2396 5429 Puto
2444 5386 2624 5429 tamen
2666 5366 2787 5430 eum
2827 5366 3008 5430 velle:
3051 5375 3114 5429 Ut
3160 5366 3334 5428 null'us
3375 5382 3527 5427 antea
3569 5366 3693 5419 ﬁlius

2133 5446 2236 5499 dici
2268 5440 2652 5514 potestiquam
2688 5454 2892 5514 patrem
2925 5445 3135 5509 habeat,
3162 5446 3234 5499 ita
3271 5461 3369 5499 nec
3397 5450 3557 5514 pater
3579 5449 3694 5490 cen-

2135 5516 2240 5570 scri
2265 5510 2364 5569 nisi
2397 5510 2534 5570 ﬁlius
2552 5517 2638 5569 sit.
2668 5510 2805 5568 Sunt
2826 5515 2967 5569 enim
2997 5516 3279 5578 correlata,
3303 5510 3420 5583 qua!
3450 5510 3611 5579 posita
3640 5517 3693 5557 se

2136 5595 2363 5654 ponunt,
2406 5594 2461 5640 et
2508 5592 2781 5654 perempta
2825 5594 3105 5651 premunt;
3150 5588 3331 5654 itaque
3367 5584 3600 5636 insanum
3636 5587 3693 5627 ac

2140 5655 2359 5723 impium
2389 5665 2469 5709 est
2507 5653 2786 5721 iniagin’ari
2819 5654 2982 5707 Deum
3022 5653 3450 5709 PatremFilium
3479 5659 3691 5719 praeces-

2140 5725 2290 5792 SiSst',
2317 5735 2404 5779 aut
2437 5726 2626 5780 Filium
2658 5724 2813 5780 Patre
2843 5727 3193 5796 posteriorem
3217 5738 3353 5779 esse.

3780 944 3781 1005 l

3782 1044 3783 1107 l

3784 1144 3785 1199 ι

3784 1246 3787 1325 l

3788 1346 3789 1427 ι

3790 1446 3791 1527 ι
