3866 6178
122 247 201 301 1‘13
812 246 1231 306 CONFLICTUS
1269 249 1357 304 DE
1393 246 1528 306 ΒΕο
1567 248 1773 307 TRINO
1812 250 1899 307 ET
1942 253 2097 315 UNO.
2137 255 2286 315 ETC.
2333 258 2457 315 LIB.
2487 258 2530 315 1.

3238 264 3340 319 2‘15

119 366 320 439 mutatur
354 356 403 412 in
422 373 497 413 eo
531 359 621 427 qui
663 376 817 416 verus
854 361 998 417 Deus
1032 371 1134 424 est.
1166 363 1259 418 sed
1301 364 1648 421 immutabilis
1676 368 1724 427 A
1750 369 2110 426 —Arnobius
2157 374 2473 443 respondit:
2526 374 2687 433 Pater
2733 377 2962 448 primum
3010 380 3215 435 obtinet
3255 381 3337 434 lo-

119 452 230 507 idem
255 463 448 517 semper
487 457 592 514 est,
622 458 676 505 et
703 465 811 520 quo
839 466 1054 522 semper
1094 451 1193 507 fuit
1219 453 1379 519 Deus,
1402 454 1494 523 qui
1523 470 1651 509 vere

118 557 226 597 unus
249 548 298 595 et
336 540 498 593 trinus
520 548 622 606 est,
655 556 762 596 non
789 549 971 611 potest
992 542 1133 598 Deus
1159 543 1306 598 credi
1334 545 1427 613 qui
1466 545 1653 615 incipit

118 648 210 687 esse
226 631 352 700 quod
375 647 477 684 non
503 630 621 685 fuit.
656 641 680 669 ι
711 631 789 687 Ex
817 649 926 703 quo
955 635 1097 689 enim
1121 642 1202 690 est
1223 635 1369 705 quod
1392 636 1536 690 Deus
1568 642 1652 690 est

120 726 169 787 (si
194 732 347 776 tamen
376 720 474 775 dici
516 722 700 792 debet)
730 739 796 778 ex
824 740 936 794 quo
980 734 1064 780 est
1101 726 1206 782 hoc
1250 742 1358 797 quo
1386 727 1529 782 Deus
1568 736 1653 783 est

122 812 249 882 (quod
286 812 453 882 inopia
498 813 719 869 humani
763 815 1031 872 sermonis
1057 816 1162 871 dici
1212 817 1495 887 permittit)
1542 833 1650 873 non

123 907 203 974 ipsa
221 903 342 958 ratio
362 903 658 971 majestatis
687 923 699 957 :
724 920 790 960 ex
819 920 887 961 eo
915 907 1058 962 enim
1082 907 1229 978 quod
1276 907 1418 965 Deus
1445 916 1548 972 est,
1581 923 1651 963 ex

122 1012 168 1050 ea
190 1003 235 1050 et
259 994 421 1058 Pater,
446 1010 515 1049 ex
540 1011 610 1051 eo
640 1004 695 1051 et
724 996 889 1052 Filius
926 996 1061 1066 ejus,
1092 1012 1161 1053 ex
1188 1013 1298 1068 quo
1324 1006 1381 1053 et
1421 999 1566 1055 Deus
1594 1007 1652 1055 et

120 1085 244 1142 Pater
265 1096 355 1142 est.
386 1087 527 1142 Nihil
549 1076 693 1143 enim
733 1089 787 1143 in
816 1105 875 1145 se
915 1105 1013 1160 per
1055 1090 1409 1146 substantiam
1453 1091 1652 1148 habere

119 1180 259 1248 «epit,
286 1179 419 1249 qnod
449 1187 578 1234 ante
606 1195 712 1235 non
744 1180 948 1236 habuit.
980 1181 1206 1252 Semper
1229 1182 1373 1238 enim
1394 1197 1515 1237 cum
1543 1183 1653 1238 vir-

119 1278 204 1325 tute
236 1269 339 1333 l'uit,
368 1285 489 1339 qurc
518 1282 602 1328 est
622 1271 811 1333 Filius;
843 1288 1058 1343 semper
1088 1289 1209 1330 cum
1241 1273 1372 1331 ﬂatu
1399 1290 1520 1342 suo,
1558 1275 1652 1345 qui

119 1369 179 1415 est
208 1360 415 1430 Spiritus
459 1370 698 1417 sanctus.
727 1393 799 1405 ——
825 1360 1085 1434 Serapion
1125 1364 1261 1420 dixit
1293 1383 1306 1419 :
1349 1364 1432 1421 Ad
1470 1368 1652 1422 omnia

120 1450 308 1519 quiesco,
330 1459 381 1504 et
405 1466 624 1522 semper
647 1451 810 1507 fuisse
837 1462 1002 1509 totam
1031 1454 1347 1511 Trinitatem
1367 1456 1652 1514 conﬁteor.

116 1541 195 1595 Sed
234 1542 486 1610 majorem
529 1542 744 1598 Patrem
772 1560 940 1614 quare
982 1561 1089 1600 non
1126 1546 1362 1613 credam,
1393 1563 1515 1602 cum
1544 1564 1652 1603 non

116 1631 303 1686 nascitur
326 1630 490 1687 Pater
511 1633 578 1687 de
607 1633 762 1699 Filio,
786 1635 881 1690 sed
903 1635 1069 1691 Filius
1100 1646 1353 1692 nascatur
1378 1652 1447 1691 ex
1465 1635 1656 1693 Patre?

1751 476 1893 515 cum.
1920 495 1993 505 —-
2018 464 2279 536 Serapion
2308 467 2442 522 dixit
2468 487 2480 521 :
2515 468 2587 523 De
2624 468 2760 525 Filio
2786 470 2914 540 quid
2942 470 3073 525 dicis
3094 472 3118 523 ‘t
3136 502 3207 512 —-
3235 474 3338 524 Ar-

1750 551 1944 607 nobius
1991 552 2125 608 dixit
2152 573 2165 609 :
2196 554 2223 594 δ
2253 556 2321 610 Et
2359 558 2476 627 ipse
2513 560 2759 629 primum.
2781 593 2852 603 --
2872 559 3131 631 Serapion
3158 562 3291 617 dixit
3318 578 3334 615 :

1754 639 1892 707 Quid
1922 644 2090 715 etiam
2111 646 2180 701 de
2209 646 2410 716 Spiritu
2438 652 2662 706 sancto?
2683 684 2756 694 —
2775 652 3042 708 Arnobius
3068 654 3202 708 dixit
3226 673 3237 707 :
3273 652 3340 708 Et

1752 732 1867 801 ipse
1893 734 2123 802 primum
2154 738 2361 793 obtinet
2388 740 2587 795 locum.
2607 773 2681 784 -
2701 741 2962 812 Serapion
2991 744 3125 798 dixit
3148 764 3162 797 :
3196 743 3338 812 Ergo

1752 840 1859 879 non
1889 835 1972 880 est
1999 825 2254 883 Trinitas.
2284 863 2356 873 -—
2384 831 2653 887 Arnobius
2671 834 2806 888 dixit
2829 853 2841 887 :
2875 834 3106 891 Trinitas
3133 837 3206 891 ita
3231 846 3335 901 est,

1752 924 1814 971 ut
1859 933 1966 972 non
2014 919 2291 987 dicamus,
2338 922 2572 992 primus,
2622 925 2919 983 secundus.
2964 926 3194 981 tertius:
3242 926 3339 982 sed

1752 1022 1949 1073 unum,
1999 1008 2141 1075 duo,
2173 1010 2672 1083 tres—Serapion
2720 1014 2892 1068 dixit:
2938 1013 3099 1071 Pater
3132 1016 3338 1087 primus

1752 1103 1869 1161 cst,
1898 1104 1955 1151 et
1980 1096 2148 1154 Filius
2174 1100 2377 1169 primus
2401 1108 2514 1164 est,
2545 1110 2602 1157 et
2637 1101 2868 1173 Spiritus
2893 1113 3109 1160 sanctus
3134 1107 3337 1176 primus

1752 1195 1874 1243 est:
1913 1195 2026 1245 tres
2070 1190 2257 1260 primi,
2299 1199 2410 1248 tres
2447 1192 2520 1248 dii
2562 1202 2705 1250 sunt.
2728 1226 2803 1239 —
2832 1194 3101 1250 Arnobius
3152 1196 3331 1252 dixit:

1757 1288 1779 1314 ε
1795 1274 1943 1332 Pone
1959 1279 2279 1349 tresimpera
2287 1290 2431 1341 tores
2448 1283 2499 1338 in
2518 1299 2624 1339 uno
2641 1298 2825 1354 regno,
2841 1286 2895 1339 in
2909 1301 3013 1339 una
3027 1286 3335 1351 concordia,

1754 1367 1808 1422 in
1834 1383 1941 1423 una
1969 1368 2117 1436 sede,
2148 1370 2203 1425 in
2231 1386 2335 1425 una
2365 1374 2652 1439 suavitate,
2685 1374 2737 1429 in
2768 1388 2876 1429 uno
2898 1374 3098 1429 amoris
3119 1374 3334 1439 at‘l‘ectu,

1753 1456 1808 1513 in
1837 1473 1944 1512 una
1971 1467 2258 1529 potestate,
2303 1469 2358 1516 et
2384 1477 2566 1531 qumre
2590 1464 2645 1520 in
2684 1464 2813 1534 ipsis
2850 1465 2943 1534 qui
2984 1467 3215 1535 primum
3252 1466 3336 1520 lo—

1757 1562 1876 1603 cum
1920 1551 2201 1618 potestatis
2259 1552 2519 1607 obtineat.
2567 1553 2694 1609 Sine
2740 1554 2904 1611 dubio
2949 1557 3038 1625 qui
3088 1556 3190 1610 toti
3229 1563 3340 1611 tres

1758 1639 1971 1706 augusti
1999 1648 2157 1704 sunt,
2205 1641 2303 1696 toti
2344 1651 2454 1698 tres
2495 1645 2652 1714 primi
2679 1655 2803 1701 sunt
2833 1664 2847 1700 :
2877 1647 3169 1702 secundum
3209 1661 3340 1702 vero
3421 1711 3445 1726 '

114 1754 158 1763 —
183 1722 437 1779 Arnobius
472 1724 610 1779 dixit
641 1744 655 1778 :
686 1723 803 1781 Jam
830 1726 1062 1783 diximus
1101 1743 1169 1783 ex
1193 1743 1326 1783 voce
1366 1728 1515 1783 nasci
1544 1744 1651 1784 ser-
1684 1734 1727 1794 Β
1756 1730 1934 1786 locum
1958 1772 1974 1797 ,
2021 1743 2078 1788 et
2124 1735 2340 1789 tertium
2383 1738 2665 1806 potestatis
2699 1739 2767 1793 ab
2796 1739 3036 1809 angustis
3084 1739 3343 1794 ordinata:

115 1827 303 1873 itionem.
332 1828 437 1868 nec
465 1813 587 1869 ideo
618 1830 721 1869 vox
748 1815 924 1885 major
958 1826 1044 1872 est
1070 1816 1213 1886 quod
1243 1832 1310 1871 ex
1334 1817 1452 1887 ipso
1481 1818 1656 1873 nasci-

115 1911 177 1954 tur
197 1916 358 1955 sermo
398 1920 413 1955 :
459 1918 566 1965 uno
595 1903 895 1972 eodemque
922 1915 1197 1961 momento
1225 1913 1279 1961 et
1307 1923 1409 1961 vox
1456 1923 1659 1963 sermo-

116 2009 192 2061 que
213 1994 358 2048 simul
401 1995 659 2050 oriuntur
696 2003 751 2051 et
790 1995 969 2051 flatus.
1014 1996 1202 2053 Cessat
1247 1998 1562 2069 amplitudo,
1605 2008 1661 2054 et

114 2084 369 2151 diminutio,
396 2085 551 2155 quod
575 2093 786 2157 tempus
813 2088 1015 2142 nullum
1061 2088 1350 2159 interpolat
1378 2089 1520 2144 inter
1559 2105 1659 2143 vo-

116 2189 199 2229 cem
221 2185 271 2231 et
308 2191 625 2231 sermonem
668 2184 723 2231 et
763 2175 969 2232 ﬂatum.
1014 2177 1147 2234 Nam
1190 2194 1496 2233 sermonem
1542 2195 1662 2235 esse

116 2266 262 2322 lilium
297 2270 571 2339 approbat
622 2268 799 2334 Pater,
849 2285 1000 2325 sacra
1050 2269 1327 2341 Scriptura
1371 2278 1602 2327 testante
1643 2289 1657 2325 :

118 2355 331 2412 Erectarit
365 2375 461 2413 cor
497 2375 668 2412 meum
710 2358 926 2414 Verbum
966 2360 1153 2414 bonum
1186 2360 1357 2431 (Psal.
1389 2378 1533 2426 κων,
1580 2362 1656 2432 1).

115 2445 158 2499 Et
181 2449 287 2515 quid
317 2458 423 2503 tam
471 2450 677 2504 bonum
708 2465 869 2519 quam
899 2450 1084 2517 Filius,
1119 2467 1150 2506 a
1178 2466 1286 2521 quo
1315 2454 1489 2507 omnis
1516 2454 1658 2509 boni-

115 2539 200 2590 tas?
223 2539 442 2593 Verbum
476 2548 661 2594 autem
690 2544 983 2598 eructantis
1032 2558 1100 2597 ex
1146 2544 1329 2610 corde,
1377 2546 1493 2599 sine
1541 2545 1662 2617 Spi-

114 2631 190 2683 ritu
225 2634 539 2699 eructantis,
581 2640 636 2688 et
670 2633 795 2688 llatu
825 2636 969 2689 na'ci
995 2652 1101 2691 non
1132 2637 1327 2705 potuit.
1373 2636 1558 2693 Flatus
1582 2646 1664 2692 est

114 2722 219 2774 enim
240 2725 321 2790 qui
344 2725 617 2793 procedit,
648 2726 862 2794 quando
892 2728 1130 2782 nascitur
1158 2729 1398 2783 verbum.
1426 2728 1579 2784 Unde
1610 2740 1665 2787 et

115 2812 238 2879 paulo
269 2823 387 2869 ante
412 2815 535 2884 jam
565 2814 673 2869 dixi
699 2834 712 2867 :
745 2814 910 2871 Verbo
937 2817 1145 2872 Domini
1175 2819 1285 2873 σανιὶ
1316 2820 1512 2889 ﬁrmati
1552 2838 1665 2876 esse

114 2907 393 2975 aprophetis
421 2908 701 2974 dicuntur,
728 2917 779 2963 et
808 2908 1008 2980 Spiritu
1037 2914 1141 2965 oris
1168 2912 1280 2983 ejus
1308 2914 1474 2967 omnis
1508 2916 1664 2968 virtus

112 3000 432 3069 eorum(Psal.
468 3018 641 3067 xxxii,
680 3002 755 3074 6).
790 3035 861 3044 —
885 3002 1102 3060 iudices
1129 3004 1238 3059 dati
1267 3005 1554 3060 dixerunt:
1587 3005 1664 3061 Ex

1757 1823 2054 1879 habebunt.
2078 1858 2150 1869 --
2168 1825 2428 1897 Serapion
2457 1827 2588 1883 dixit
2622 1847 2635 1882 :
2668 1828 2809 1899 Ergo
2828 1831 3033 1901 primus
3054 1830 3108 1885 in
3130 1830 3213 1885 bis
3242 1830 3344 1884 im-

1757 1916 2100 1984 peratoribus
2148 1932 2255 1972 non
2304 1926 2413 1983 est,
2460 1919 2552 1989 qui
2594 1919 2736 1974 inter
2763 1920 2893 1975 istos
2919 1920 3152 1991 primum
3180 1919 3345 1989 erepit

1758 2006 1959 2062 habere
1990 2007 2309 2078 imperium?
2329 2042 2402 2053 —-—
2420 2008 2690 2066 Arnobius
2726 2010 2860 2066 dixit
2885 2030 2898 2065 :
2928 2010 3074 2066 Inter
3099 2011 3345 2066 homines

1758 2100 1978 2169 quidem
2007 2100 2123 2171 ipse
2158 2110 2243 2157 est
2275 2103 2423 2172 prior
2448 2110 2740 2171 angustus,
2767 2103 2860 2172 qui
2888 2103 3036 2173 prior
3063 2104 3228 2174 erepit
3254 2118 3344 2157 re-

1760 2204 1926 2259 gnare
1954 2192 2131 2257 solus;
2162 2200 2218 2247 et
2245 2201 2432 2262 postea
2460 2194 2594 2250 istos
2631 2201 2726 2249 aut
2750 2193 3087 2262 generando,
3128 2202 3222 2248 aut
3244 2193 3345 2249 eli-

1760 2280 1937 2349 gendo
1964 2281 2245 2337 constituit
2269 2300 2284 2335 :
2316 2282 2368 2336 in
2396 2282 2578 2338 divino
2607 2291 2787 2339 autem
2813 2283 3043 2354 imperio
3069 2298 3344 2352 nunquam

1761 2370 2005 2426 invenies
2031 2386 2098 2425 ex
2128 2371 2213 2426 his
2239 2372 2408 2427 tribus
2428 2388 2592 2427 unum
2630 2385 2857 2441 regnare
2883 2372 3001 2428 sine
3028 2371 3347 2428 alim—Se-

1763 2462 1953 2533 rapion
1984 2461 2159 2517 dixit:
2201 2461 2271 2517 Et
2307 2478 2475 2533 quare
2510 2463 2672 2519 trium
2712 2464 3124 2533 imperatorum,
3153 2464 3206 2518 in
3235 2478 3343 2532 quo

1762 2552 1943 2609 dicere
1970 2567 2254 2622 possumus
2274 2593 2289 2617 ,
2319 2553 2554 2624 primus,
2582 2553 2878 2617 secundus,
2907 2554 3129 2615 tertius.
3160 2569 3347 2609 exem-

1762 2646 1911 2715 plum
1939 2646 2099 2701 nobis
2127 2646 2181 2700 in
2209 2646 2443 2702 medium
2465 2646 2772 2715 protulisti?
2794 2677 2867 2688 --
2887 2643 3154 2699 Arnobius
3179 2644 3345 2698 dixit:

1766 2736 1836 2792 Ut
1857 2738 2195 2795 ostenderem
2226 2739 2322 2794 tibi
2350 2737 2690 2808 fragilitatem
2713 2738 3000 2792 humanam
3028 2744 3228 2791 tantam
3251 2736 3349 2790 ha-

1764 2828 1896 2883 bere
1940 2830 2167 2897 gratiam
2217 2829 2269 2884 in
2316 2843 2512 2899 regno,
2558 2838 2618 2885 ut
2645 2846 2765 2885 cum
2795 2845 2892 2900 pro
2918 2836 3068 2885 certo
3095 2828 3353 2883 doceatur

1766 2920 2000 2990 primus,
2032 2919 2324 2987 secundus,
2356 2921 2577 2986 tertius,
2618 2921 2704 2976 hic
2730 2921 2864 2976 ordo
2888 2936 2984 2991 per
3009 2920 3351 2976 concordiam

1768 3011 1979 3082 imperii
2009 3011 2275 3076 exclusus,
2306 3028 2589 3067 numerum
2621 3010 2992 3066 tantummodo
3021 3018 3233 3076 teneat;
3262 3026 3353 3065 or-

114 3092 353 3147 ahundanti
382 3092 450 3148 de
476 3093 733 3147 invisibili
756 3093 1038 3162 majestate
1062 3094 1336 3149 Trinitatis
1358 3096 1557 3151 dictum
1590 3098 1660 3151 sit
1690 3095 1735 3158 C
1765 3101 1945 3157 dinem
1993 3118 2123 3157 vero
2164 3103 2380 3173 penitus
2426 3118 2533 3157 non
2584 3102 2849 3157 admittat.
2901 3099 3099 3156 Omnes
3126 3102 3268 3157 enim
3299 3102 3350 3156 hi

115 3183 161 3235 ab
189 3185 430 3251 Arnobio,
464 3187 619 3256 quod
648 3187 892 3256 repetitis
931 3187 1317 3242 intentionibus
1352 3187 1663 3259 Serapionis

116 3286 159 3328 ex
180 3277 365 3347 integro
387 3280 532 3334 satis
555 3272 904 3347 cognovimus
932 3278 1149 3341 factum.
1171 3278 1226 3334 Si
1250 3287 1331 3335 est
1352 3281 1494 3336 aliud
1519 3280 1663 3350 quod

117 3362 323 3437 Serapion
355 3371 593 3433 intimet,
627 3369 843 3439 pandat.

164 3458 216 3512 Χ.
250 3494 316 3504 —
352 3461 628 3532 Serapion
671 3462 843 3516 dixit:
893 3461 1010 3516 Non
1059 3463 1129 3516 sit
1175 3463 1524 3531 incongruum
1561 3464 1665 3520 hoc

116 3551 221 3616 Quod
260 3554 420 3608 animi
470 3553 709 3623 impulsu
756 3553 989 3621 inquiro,
1038 3564 1098 3608 ut
1148 3555 1417 3625 exprimas
1462 3556 1515 3609 in
1563 3556 1662 3612 hac

114 3651 253 3695 uncta
281 3643 570 3709 Trinitatc,
602 3644 721 3713 quis
748 3651 829 3698 est
849 3643 939 3712 qui
965 3645 1193 3713 primum
1221 3646 1427 3701 obtinet
1455 3646 1670 3703 locum?

1765 3202 1875 3248 tres
1903 3208 2067 3246 unum
2097 3206 2340 3260 regnum,
2371 3207 2534 3247 unum
2566 3191 2871 3260 imperium,
2900 3207 3066 3246 unum
3108 3199 3346 3260 angustae

1770 3284 2048 3352 dignitatis
2074 3283 2341 3351 fastigium
2374 3282 2708 3353 possidentes
2726 3319 2744 3346 ,
2772 3281 2915 3336 hunc
2942 3281 3140 3336 habent
3165 3297 3353 3336 secun-

1770 3376 1895 3449 dum
1923 3415 1939 3441 ,
1968 3376 2060 3444 qui
2102 3375 2309 3444 primus
2353 3390 2460 3427 non
2509 3372 2696 3438 fuerit,
2727 3372 2866 3427 sicut
2894 3372 2995 3442 ipsi
3022 3380 3146 3425 sunt
3174 3371 3348 3441 primi.

1766 3465 2123 3536 —Serapion
2171 3465 2345 3520 dixit:
2379 3464 2496 3519 Tibi
2548 3463 2785 3532 nunquid
2835 3462 3045 3517 videtur
3089 3462 3352 3531 integrum

1769 3572 1919 3622 esse,
1954 3563 2013 3610 ut
2052 3555 2248 3610 divinze
2288 3562 2343 3609 et
2371 3554 2574 3609 ccelesti
2604 3551 2898 3621 majestati,
2928 3551 3221 3621 temporale
3250 3551 3353 3607 hoc

1779 3663 2002 3719 regnum
2032 3638 2284 3719 aptetur?
2311 3679 2383 3691 —
2403 3645 2669 3702 Arnobius
2696 3644 2867 3699 dixit:
2895 3642 2962 3698 Et
2986 3644 3031 3699 si
3059 3642 3353 3714 temporale

1255 3795 1364 3850 FB.
1406 3794 1883 3852 FEU-ARDENTII
1921 3795 2148 3852 ΝΟΤᾸΞ.

167 3941 186 3968 ⁸
205 3932 432 3989 Arbitror
451 3934 608 3988 hunc
629 3948 844 3988 sensum
872 3948 991 3989 esse
1025 3952 1036 3986 :
1070 3932 1212 3988 Deus
1242 3929 1405 3988 Pater
1433 3946 1543 3988 non
1570 3933 1670 3988 fuit

114 4002 259 4072 aliquo
285 4004 505 4057 instanti
531 4018 629 4057 seu
648 4012 924 4058 momento
945 4004 1093 4072 prius
1115 4002 1256 4057 Deus
1282 4018 1443 4072 quam
1467 4002 1625 4059 Pater
1653 4022 1665 4056 :

114 4071 185 4122 sed
208 4074 266 4126 ab
289 4076 430 4127 omni
470 4074 785 4127 mternitate
812 4080 867 4128 et
895 4070 1038 4128 Deus
1056 4073 1216 4127 simul
1243 4083 1299 4127 et
1326 4070 1488 4127 Pater
1511 4092 1523 4125 :
1547 4089 1669 4128 cum

114 4137 143 4191 Γ
146 4141 243 4195 ilius
266 4144 311 4199 ei
348 4144 833 4199 consubstantialis
861 4153 916 4198 et
936 4152 1237 4199 coaeternus
1263 4157 1478 4213 semper
1508 4158 1673 4198 coex-

115 4212 293 4267 stiterit.
333 4213 447 4268 Hoc.
484 4214 671 4283 palam
694 4213 950 4283 prmdicat
979 4220 1033 4268 et
1063 4213 1323 4283 adversus
1346 4227 1534 4269 omnes
1562 4214 1671 4268 hee-

117 4294 229 4334 reses
254 4285 436 4337 asserit
461 4281 711 4338 lrenzeus’
730 4292 954 4355 martyr,
984 4282 1247 4355 _nimirum
1282 4281 1521 4355 Verbum
1544 4294 1670 4340 ante

116 4366 263 4423 omnes
287 4362 567 4407 creaturas
591 4368 806 4423 semper
833 4352 954 4409 cum
984 4352 1144 4408 Patre
1172 4353 1461 4408 exstitisse.
1496 4353 1668 4407 Atha-

118 4421 259 4476 nasills
285 4438 501 4495 quoque
525 4421 737 4495 alicubi
774 4425 957 4478 laudat
999 4424 1327 4495 Dionysium,
1351 4424 1668 4495 Alexandri-

118 4503 215 4543 num
231 4492 580 4565 ‘scribentem
604 4510 645 4565 _:
685 4492 967 4563 Nunquam
1016 4496 1114 4564 fuit
1139 4492 1361 4565 'quando
1398 4494 1534 4548 Deus
1565 4511 1668 4547 non

116 4572 203 4612 erat
226 4561 392 4627 Pater,
425 4565 570 4632 quod
594 4560 640 4615 F
646 4564 763 4617 ilius
790 4560 901 4635 ejus
934 4560 1179 4625 Verbum,
1201 4565 1472 4635 sapientia,
1496 4574 1545 4618 et
1564 4566 1668 4618 rir-

121 4637 442 4705 litt-nunquam
472 4651 581 4688 non
612 4636 784 4705 fuerit.
814 4634 885 4688 Et
915 4634 1074 4704 paulo
1109 4644 1246 4702 post,
1267 4634 1351 4705 ita
1380 4634 1449 4687 de
1477 4636 1666 4705 eodem

117 4697 215 4753 tlim't
254 4722 265 4754 :
303 4697 421 4756 .lam
454 4707 583 4774 quia
611 4697 859 4775 splendor
895 4697 969 4757 est
1010 4697 1215 4757 (sterno:
1257 4703 1403 4775 lucis,
1436 4704 1668 4775 omnibus

1772 3953 1913 3992 mam
1938 3951 2154 3991 causam
2187 3950 2364 3990 rerum
2393 3935 2651 3999 omnium,
2685 3934 2878 3990 Filium
2901 3934 3209 3993 secundam.
3242 3934 3356 4004 Spi-

1773 4008 1933 4062 ritum
1966 4008 2177 4060 tertiam
2204 4024 2217 4058 :
2248 4004 2517 4060 Christum
2547 4014 2608 4060 ut
2636 4005 2730 4060 Dei
2761 4005 3035 4071 vicarium,
3066 4008 3354 4061 secundum

1774 4079 1858 4131 vel
1908 4077 2211 4147 proximum
2242 4089 2291 4147 _a
2333 4073 2492 4131 Patre
2537 4076 2759 4147 honoris
2807 4090 2870 4129 ac
2898 4076 3105 4147 imperii
3133 4077 3354 4147 gradum

1775 4143 2061 4217 occupare,
2095 4152 2197 4199 etc.
2231 4143 2433 4217 Contra
2463 4144 2896 4217 vero_S_c_riptura
2924 4143 3101 4217 divina
3130 4145 3350 4198 clamat:

1776 4216 1849 4270 Ili
1875 4213 1976 4271 tres
2004 4232 2160 4268 unum
2190 4223 2329 4268 sunt.
2372 4213 2439 4267 Et
2467 4214 2559 4269 Dei
2602 4213 2766 4268 Filius
2793 4214 3126 4269 sanctissime
3153 4220 3208 4267 et
3233 4227 3352 4282 gra-

1773 4288 1991 4341 vissime
2017 4293 2369 4345 contestatur,
2405 4283 2519 4354 Ego
2557 4292 2608 4337 et
2646 4283 2807 4338 Pater
2844 4299 2999 4337 unum
3039 4298 3235 4336 sumus.
3274 4283 3354 4354 Ad

1773 4374 1887 4411 eum
1918 4357 2088 4426 (pium
2119 4354 2423 4426 hominem)
2442 4352 2729 4426 ueniamus,
2777 4362 2853 4426 et__
2872 4352 3355 4426 mansionem_apad

1772 4445 1886 4481 eum
1918 4422 2184 4498 faciemus.
2208 4422 2361 4506 .liinnc
2386 4422 2716 4506 Cyrillus‘ait
2748 4442 2759 4476 :
2808 4422 2925 4506 Upa
2958 4422 3139 4506 Deitas
3160 4422 3355 4506 “Trini-

1774 4501 1892 4551 tatis
1916 4491 2008 4560 est,
2039 4511 2143 4547 una
2167 4491 2499 4565 gloriﬁcatio,
2530 4493 2806 4565 eademque
2832 4493 3131 4547 dominatio.
3160 4491 3226 4565 Et
3241 4507 3357 4565 rur-

1773 4583 1891 4621 sum
1919 4585 1931 4618 :
1966 4561 2227 4618 Abraham
2262 4561 2315 4616 in
2351 4562 2511 4617 tribus
2540 4564 2663 4616 viris
2693 4563 2755 4616 ab
2790 4564 2901 4631 ipso
2926 4564 3207 4631 conspectis
3239 4561 3357 4614 Tri-

1773 4638 1984 4691 nitatem
2013 4633 2497 4688 consubstantialem
2519 4634 2825 4703 cogitarit_et
2853 4632 3105 4703 adoravit.
3154 4631 3321 4703 Assen
3339 4660 3354 4671 -

1775 4708 1838 4759 tit
1867 4714 1923 4759 et
1954 4707 2061 4758 Leo
2093 4704 2313 4772 Magnus
2364 4704 2446 4758 his
2474 4700 2650 4757 verbis
2675 4720 2687 4753 :
2722 4700 2843 4772 Non
2874 4702 2978 4754 alia
3001 4710 3120 4755 sunt
3148 4700 3350 4759 Patris.

116 4785 275 4841 quoque
298 4750 612 4843 modis‘lipsc
638 4750 836 4843 quoque
864 4784 1084 4827 wternus
1104 4781 1219 4826 est:
1253 4772 1363 4843 luce
1390 4750 1525 4843 enim
1545 4788 1672 4825 sem-
1700 4750 1749 4808 θ
1772 4776 1879 4829 alia
1910 4775 2064 4837 Filii,
2108 4750 2212 4827 ali;
2245 4774 2472 4843 Spiritus
2495 4773 2659 4843 sancti
2683 4787 2704 4843 :_
2741 4771 2830 4824 sed
2852 4773 3025 4843 omnia
3044 4786 3357 4839 quiscunque

118 4840 460 4915 M’eristente
499 4840 551 4898 et
581 4840 828 4915 splendor
854 4859 1053 4915 semper
1080 4844 1273 4915 existit.
1313 4840 1377 4915 Et
1420 4841 1671 4909 Augusti-

118 4925 222 4984 nus:
245 4914 381 4984 Sicut
406 4914 573 4967 Pater
592 4910 852 4984 nunquam
877 4910 972 4984 {ait
997 4928 1101 4965 non
1131 4910 1290 4975 Deus,
1316 4912 1388 4964 ita
1411 4928 1673 4983 nunquam

118 4979 194 5031 fuit
218 4998 309 5033 non
332 4982 515 5035 Pater.

174 5046 196 5120 lt
227 5049 410 5105 Notum
444 5062 531 5107 est
564 5064 668 5105 tam
696 5067 762 5106 ex
791 5052 895 5107 hoc
925 5053 1063 5114 loco,
1082 5066 1241 5120 quam
1263 5065 1329 5105 ex
1354 5049 1667 5115 Athanasio,

118 5112 287 5190 llilario
314 5138 375 5175 ac
404 5121 738 5190 Epiphanio,
771 5122 997 5177 Arianos
1025 5112 1227 5176 tantam
1258 5112 1671 5190 inmqualitatetn

121 5186 233 5260 inter
262 5186 468 5244 divinas
497 5186 758 5260 personas
785 5194 1127 5247 constituisse
1145 5232 1160 5255 ,
1209 5198 1266 5244 ut
1296 5186 1441 5241 Patri
1470 5191 1672 5243 solum-
1721 5192 1727 5198 ’

120 5257 252 5336 {titulo
278 5257 580 5336 tribuerent
598 5262 1070 5336 primumhonoris
1090 5270 1144 5336 et
1166 5261 1447 5336 potestatis
1468 5260 1666 5326 locum,

118 5320 229 5380 lilio
252 5330 337 5400 vix
364 5320 702 5395 secundum,
752 5331 970 5400 Spiritui
1009 5320 1225 5385 tertiu'm
1266 5320 1664 5397 relinquerent:

120 5408 250 5459 quam
278 5399 523 5453 lacresim
555 5415 695 5456 nunc
722 5399 1020 5456 instaurare
1058 5400 1353 5454 Calviniani
1382 5408 1666 5463 conantur,

119 5466 299 5539 quando
326 5484 447 5523 cum
479 5486 581 5524 suo
617 5480 836 5525 auctore
873 5471 1232 5532 contendunt,
1267 5484 1460 5522 nomen
1492 5470 1584 5523 Dei
1615 5479 1670 5523 et

121 5532 360 5611 amatoris
405 5556 506 5608 per
556 5542 976 5595 antonomasiam
1024 5542 1124 5595 soli
1171 5540 1316 5611 Patri
1356 5540 1666 5611 convenire,

122 5599 230 5658 Filio
268 5599 597 5678 improprie:
650 5610 838 5664 Filium
889 5612 1049 5666 etiam
1097 5609 1387 5665 secundum
1436 5599 1667 5661 divinant

125 5685 333 5730 naturam
374 5677 607 5731 futurum
647 5678 789 5734 Patri
829 5682 1124 5736 subditum:
1173 5680 1383 5734 Patrem
1415 5694 1531 5732 esse
1561 5681 1667 5746 pri-

1775 4846 1923 4898 liabet
1952 4844 2133 4906 Pater,
2165 4840 2315 4896 habet
2334 4853 2384 4896 et
2406 4842 2451 4894 F
2454 4845 2592 4903 ilius,
2617 4840 2765 4894 habet
2783 4851 2833 4894 et
2858 4840 3084 4909 Spiritus
3112 4849 3355 4894 sanctus:

1772 4930 1866 4998 nec
1894 4932 2119 4998 unquam
2167 4915 2221 4966 in
2264 4914 2358 4966 illa
2412 4911 2667 4998 Trinitate
2709 4911 2877 4998 defuit
2912 4912 3352 4998 is‘tamcommunio.

1778 4982 1939 5037 Nulla
1968 4980 2038 5038 ibi
2070 4995 2315 5053 tempora,
2348 4981 2476 5053 nulli
2500 4980 2725 5053 gradus,
2759 4980 2915 5053 nullae
2932 4980 3244 5053 lli/ferentia:
3270 4995 3357 5033 co-

1774 5055 2021 5124 gitentur,
2071 5048 2177 5124 etc.
2227 5051 2356 5104 item
2383 5048 2811 5124 :‘ld'eobeatarn
2856 5048 3157 5124 Trinitatem
3196 5067 3354 5124 unum

1773 5120 2078 5192 conﬁtemur
2107 5121 2267 5174 Deum
2291 5160 2305 5179 ,
2339 5120 2458 5192 quia
2488 5121 2541 5172 in
2576 5120 2664 5192 Itis
2685 5120 2843 5173 tribus
2865 5122 3097 5190 personis
3118 5136 3211 5174 nec
3238 5121 3357 5174 sub—

1772 5189 2000 5256 stantiae,
2041 5208 2133 5245 nec
2154 5190 2417 5260 potentior,
2457 5205 2548 5244 nec
2584 5189 2889 5256 t'olantatis,
2921 5206 3014 5243 nec
3041 5191 3358 5261 operationis

1774 5272 1851 5316 est
1874 5262 1983 5316 ulla
2011 5262 2281 5315 diversitas
2300 5300 2313 5322 ,
2346 5267 2451 5313 etc.

1849 5342 1869 5369 ι
1916 5330 2224 5397 llujnsmodi
2258 5329 2472 5383 t'uemnt
2498 5344 2596 5399 pro
2635 5337 2876 5400 tempore
2913 5330 3217 5400 Angustus,
3231 5326 3353 5400 Am

1775 5402 1953 5455 tonius
1999 5410 2054 5454 et
2110 5400 2378 5469 Lepidus,
2426 5415 2455 5453 a
2503 5397 2702 5467 quibus
2742 5397 3129 5469 triumviratus.
3187 5397 3355 5469 Simul

1776 5472 1939 5524 etiam
1988 5466 2383 5539 imperaverunt
2412 5466 2639 5524 tres’tilii
2688 5468 3025 5524 Constantini
3066 5466 3271 5539 Magni;
3302 5479 3359 5519 et

1779 5550 1961 5608 postea
1996 5535 2291 5601 Honorius,
2326 5540 2585 5593 Arcadius
2606 5582 2620 5602 ,
2652 5538 2972 5608 Gratianus:
3008 5535 3219 5608 tametsi
3251 5551 3355 5589 non

1778 5605 1921 5661 ta..ta
1954 5612 2306 5664 consensione
2337 5612 2637 5665 animorum
2666 5616 2863 5677 quanta
2893 5605 3179 5661 decuisset.
