3866 6178
106 257 184 310 ενη

834 243 1253 302 CONFLICTL’S
1294 240 1380 297 DE
1420 241 1554 296 ι)Εο
1592 240 1797 295 τωΝο
1835 240 1922 296 ΕΤ
1965 238 2118 302 UNO,
2162 238 2310 293 ETC.
2354 237 2479 292 ιω.
2524 237 2562 290 ι.

3228 232 3331 291 238

110 370 327 421 Dominus
369 363 575 418 Christo
610 378 721 415 meo
767 359 989 413 Domino
1038 342 1170 428 (Isa.
1218 373 1340 420 xu,
1379 356 1449 421 l).
1498 354 1647 409 Unde
1678 360 1722 415 Α
1754 355 1795 407 Α
1820 372 1898 407 me
1922 370 2025 408 non
2054 370 2166 407 sum
2196 352 2425 414 locutus;
2453 350 2543 403 sed
2587 349 2672 421 qui
2702 347 2840 400 misit
2885 366 2962 404 me
3009 344 3189 407 Pater,
3226 344 3338 407 ipse

105 461 195 527 ipse
223 456 374 509 Pater
395 454 549 522 jubet
570 452 705 505 Filio
726 450 908 504 dicens
934 468 946 502 :
984 449 1127 502 Dixit
1149 447 1400 501 Dominus
1436 444 1653 497 Domino

105 565 209 611 meo,
254 544 371 599 sede
405 560 437 595 a
482 541 679 595 dextris
718 544 862 604 meis,
887 548 989 592 etc.
1026 537 1140 607 (Ps.
1174 552 1277 600 cnx,
1314 537 1387 604 l).
1424 534 1574 589 Unde
1602 542 1657 587 ct

107 638 376 708 Stephanus
402 634 469 687 de
499 632 633 685 Filio
663 631 826 685 dicit:
869 629 1028 683 Video
1057 626 1231 680 Jesam
1268 644 1298 679 a
1330 626 1523 679 dextris
1562 624 1655 678 Dei

111 733 220 799 (Act.
246 743 333 792 Ἧι,
367 723 495 792 55):
529 722 624 777 Dei
661 722 845 789 utique
876 719 1079 782 Patris,
1123 719 1214 787 qui
1258 728 1341 772 est
1389 722 1655 787 (testimo-

116 821 184 871 nio
208 815 345 869 Pauli
375 810 589 882 apost.)
620 819 772 881 caput
801 806 992 864 Christi
1012 847 1026 872 ,
1076 806 1306 861 Christus
1344 816 1511 858 autem
1542 806 1653 869 viri,

114 912 167 962 τὶν
198 915 355 959 autem
393 910 547 971 caput
581 911 657 953 est
694 899 923 953 mulieris
956 897 1008 969 (Ι
1037 896 1156 951 Cor.
1200 913 1252 950 xi
1279 938 1291 959 ,
1324 896 1412 965 ὃ).
1452 894 1547 949 Hic
1577 903 1659 948 est

116 998 244 1052 Pater
268 994 355 1064 qui
385 992 515 1047 dicit
543 990 678 1045 Filio
709 1008 721 1042 :
756 1001 780 1025 λ
818 990 947 1042 Ante
980 990 1247 1058 luciferum
1277 988 1427 1057 genui
1464 996 1509 1038 te
1539 985 1653 1057 (Ps.

118 1105 202 1152 ω,
229 1087 297 1156 5).
351 1082 501 1139 Unde
542 1092 598 1137 et
624 1081 838 1135 Christo
867 1079 1097 1134 dicitur:
1133 1077 1266 1142 Quia
1311 1078 1507 1150 angelis
1551 1080 1657 1132 suis

114 1178 338 1233 mandavit
368 1176 431 1230 de
474 1186 520 1229 te
562 1173 733 1245 (Psnl.
766 1189 853 1237 xc,
888 1170 989 1239 11).
1024 1171 1117 1225 Est
1153 1186 1283 1240 ergo
1312 1171 1540 1241 amplior
1568 1170 1659 1238 qui

114 1269 329 1332 mandat,
378 1276 433 1320 et
479 1266 547 1319 de
599 1280 707 1334 quo
760 1264 1041 1317 mandatur
1070 1263 1244 1316 minor
1274 1271 1372 1317 est.
1414 1261 1563 1316 Unde
1593 1261 1660 1314 ad

114 1358 356 1429 apostolus
385 1372 513 1411 suos
544 1356 658 1425 ipse
688 1354 940 1409 Dominus
969 1353 1096 1408 dicit
1122 1371 1133 1405 :
1168 1352 1228 1406 Si
1250 1353 1529 1422 diligeretis
1559 1368 1657 1416 me,

114 1447 384 1518 gauderetis,
417 1447 537 1516 quia
570 1446 699 1498 vado
728 1444 797 1496 ad
834 1442 1041 1496 Patrem
1065 1459 1082 1496 :
1107 1442 1132 1479 δ
1155 1443 1276 1513 quia
1305 1441 1466 1494 Pater
1492 1440 1663 1509 major

113 1556 175 1591 me
210 1549 278 1591 est
317 1535 494 1607 (Joan.
531 1552 638 1599 xlv,
668 1533 780 1603 28).
840 1531 909 1586 Et
936 1532 1160 1586 iterum:
1193 1530 1355 1584 Pater
1392 1531 1477 1602 qui
1522 1530 1663 1582 dedit

112 1630 229 1691 mihi,
251 1629 417 1697 major
442 1636 631 1679 me-est
662 1623 712 1696 (1
721 1640 840 1678 oan.
876 1639 927 1685 x,
960 1619 1074 1692 29).
1117 1622 1246 1676 Item
1276 1620 1404 1675 dicit
1433 1621 1544 1689 ipse
1574 1618 1660 1672 Fi-

1756 443 2058 496 mandatum
2097 442 2240 493 dedit
2284 442 2411 493 mihi
2449 439 2571 510 quid
2614 438 2824 500 dicam,
2875 444 2927 490 et
2978 434 3100 505 quid
3155 433 3339 503 loquar

1759 533 1938 604 (Joan.
1965 550 2057 597 xu,
2088 532 2201 602 49).
2244 532 2381 585 Ecce
2409 532 2641 599 qualiter
2670 530 2781 599 ipse
2812 526 2958 581 Patri
2980 528 3334 595 obtemperat,

1758 636 1813 681 et
1840 626 2109 679 subditum
2148 640 2266 678 esse
2312 623 2683 677 demonstrat:
2725 638 2821 691 per
2859 621 3002 690 quod
3042 620 3341 672 ostenditur

1758 716 1901 784 quod
1937 714 2271 783 subjectione
2309 728 2405 766 sua
2442 712 2687 765 minister
2722 712 2822 774 sit;
2865 720 3182 764 cmterorum
3213 725 3340 763 vero

1764 807 2021 861 Dominus
2052 804 2397 874 approbetur,
2430 813 2489 857 ut
2518 804 2710 855 merito
2739 801 2880 855 Deus
2908 800 3067 854 Pater
3091 801 3341 867 omnipo-

1760 906 1878 951 tens
1899 896 2039 951 Deus
2059 896 2156 957 sit,
2189 894 2354 948 Filius
2383 904 2562 947 autem
2591 902 2906 946 cmterorum
2936 892 3171 945 omnium
3202 891 3343 943 Deus

1758 988 1847 1052 sit,
1878 1002 2091 1041 omnem
2121 994 2424 1040 creaturam
2454 984 2747 1050 subjectum
2778 983 2879 1036 sibi
2908 984 3142 1045 habens;
3176 982 3339 1048 Patri,

1759 1077 1851 1145 qui
1880 1077 1957 1135 illi
1987 1074 2219 1130 subdidit
2240 1073 2440 1138 onmia,
2472 1088 2593 1127 cum
2623 1072 2768 1127 omni
2797 1081 3041 1126 creatura
3071 1072 3343 1139 subjectus

1762 1166 1805 1239 (l
1847 1164 1967 1220 Cor.
2011 1183 2096 1230 xv,
2147 1164 2260 1234 26).
2311 1164 2538 1233 PrOpter
2584 1163 2729 1231 quod
2772 1163 2912 1218 Deus
2958 1171 3042 1217 est
3086 1164 3344 1218 creaturis

1761 1260 2009 1313 omnibus
2036 1259 2386 1319 constitutus,
2438 1258 2656 1311 dicens:
2688 1255 2805 1326 Ego
2835 1266 3004 1309 autem
3044 1257 3344 1309 continuus

1760 1366 1872 1407 sum
1912 1366 2003 1402 rex
2033 1347 2095 1400 ab
2127 1366 2205 1414 eo,
2237 1356 2340 1401 etc.
2380 1346 2549 1412 (Psal.
2584 1364 2637 1410 ιι,
2670 1346 2744 1413 6).

1834 1440 1946 1493 ΧΠ.
1968 1473 2039 1484 -
2059 1440 2326 1494 Arnobius
2354 1439 2523 1491 dixit:
2574 1438 2630 1491 Si
2664 1453 2789 1491 vere
2831 1437 3065 1490 studium
3096 1446 3243 1490 tuum
3275 1436 3343 1488 ad

1761 1532 1867 1586 hoc
1916 1529 2188 1593 tenderet,
2245 1538 2303 1584 ut
2349 1536 2442 1582 aut
2485 1528 2752 1589 disceres,
2801 1535 2893 1581 aut
2940 1527 3186 1588 docet-es.
3240 1543 3345 1580 non

1763 1621 1941 1677 omnia
2000 1622 2101 1674 ista
2160 1619 2464 1674 testimonia
2523 1634 2591 1672 ex
2633 1619 2826 1672 divinis
2874 1617 3022 1672 libris
3067 1617 3345 1679 desecans,

111 1723 191 1775 lius
218 1719 307 1773 Dei
335 1718 404 1772 ad
446 1716 700 1771 Patrem:
736 1714 864 1769 ch
896 1723 974 1768 est
1015 1715 1116 1767 vita
1146 1724 1341 1766 aeterna
1370 1720 1427 1764 ut
1467 1727 1662 1781 cogno-
1694 1724 1739 1783 Β
1765 1714 1916 1781 quasi
1951 1729 2111 1766 unum
2154 1711 2350 1765 fascem
2382 1718 2484 1763 tute
2523 1711 2980 1778 interpretationis
3022 1710 3346 1765 tortumissi—
3428 1714 3435 1719 ’

108 1821 230 1866 scunt
256 1821 301 1864 te
319 1827 479 1864 unum
500 1819 548 1864 et
567 1825 739 1862 verum
760 1807 1068 1869 Dominum,
1103 1817 1152 1858 et
1178 1822 1324 1878 quem
1353 1804 1537 1858 misisti
1566 1802 1659 1855 Je-

82 1919 197 1956 nnn
230 1899 493 1954 Christum
540 1897 719 1970 (Joan.
774 1913 897 1959 xvu,
931 1895 1004 1965 5).
1066 1893 1232 1950 Filius
1274 1907 1401 1961 ergo
1430 1891 1663 1947 secunda

111 2006 309 2062 persona
356 1997 439 2044 est
486 1996 611 2058 post
655 1986 891 2051 Patrem;
920 1984 1045 2054 quia
1074 1983 1240 2039 Filius
1268 1993 1385 2047 est,
1417 1999 1524 2036 non
1554 1982 1664 2036 eri-

112 2082 233 2150 piens
260 2078 407 2131 Patri
438 2075 595 2143 illud,
635 2090 743 2144 quo
775 2090 911 2129 unus
939 2080 1021 2128 est
1050 2073 1210 2126 Deus.
1252 2072 1310 2125 Si
1338 2072 1479 2126 enim
1508 2074 1664 2127 inna-

114 2182 177 2225 tus
198 2169 398 2233 fuisset,
431 2175 771 2236 comparatus
798 2167 847 2220 ei
876 2165 966 2235 qui
997 2165 1211 2219 innatus
1231 2171 1330 2228 est,
1363 2179 1459 2233 par
1483 2179 1665 2232 requa-

115 2264 169 2316 tio
193 2262 241 2315 in
272 2270 530 2330 utrosque
557 2268 771 2313 ostensa
793 2257 926 2313 duos
947 2256 1148 2312 faceret
1174 2257 1388 2310 innatos
1419 2273 1433 2307 :
1464 2262 1518 2311 et
1548 2255 1667 2311 ideo

112 2354 223 2408 duos
246 2352 558 2407 ostenderet
595 2351 755 2414 deos,
788 2349 833 2403 si
862 2348 1026 2402 Filius
1055 2349 1193 2402 sicut
1220 2345 1379 2421 Pater
1406 2362 1524 2402 esse
1552 2348 1670 2401 sine

111 2444 291 2511 origine
319 2443 606 2512 potuisset,
638 2448 693 2494 et
720 2439 858 2495 sicut
886 2437 1045 2493 Pater
1073 2438 1352 2492 invisibilis
1381 2444 1435 2491 et
1465 2439 1669 2492 incom-

111 2532 467 2603 prehensibilis
513 2531 824 2586 exstitisset.
884 2528 1036 2585 Nunc
1085 2536 1261 2583 autem
1303 2528 1559 2598 quidquid
1587 2536 1670 2583 est

110 2623 257 2679 Filius
276 2665 292 2690 ,
340 2639 448 2677 non
478 2639 546 2676 ex
575 2637 633 2677 se
662 2629 744 2675 est
765 2663 780 2687 ,
824 2621 914 2689 qui
945 2636 1047 2675 nec
1072 2620 1284 2675 innatus
1311 2627 1395 2675 est
1423 2639 1437 2672 :
1466 2621 1560 2676 sed
1588 2634 1671 2677 est

110 2730 165 2769 ex
192 2713 373 2778 Patre,
407 2722 462 2768 et
491 2712 638 2766 Patri
666 2728 765 2767 suo
792 2712 1053 2781 originem
1081 2726 1231 2765 suam
1260 2711 1421 2767 debet
1442 2751 1458 2775 ,
1508 2728 1669 2782 quam

109 2806 315 2875 sumpsit
360 2803 620 2860 oriundus
665 2818 734 2857 ex
778 2817 871 2867 eo,
921 2802 1011 2871 qui
1058 2802 1318 2871 originem
1347 2819 1455 2858 non
1483 2804 1665 2859 habet.

112 2895 244 2951 Unus
267 2904 348 2950 est
376 2898 521 2950 enim
550 2894 789 2950 omnium
827 2894 970 2948 Deus
997 2895 1113 2949 sine
1141 2895 1436 2964 principio,
1468 2896 1539 2950 de
1561 2910 1670 2964 quo

108 2987 226 3041 dicit
248 2986 407 3041 Filius
444 2987 537 3055 qui
581 2984 901 3055 principium
930 2984 1133 3038 habet:
1184 2983 1342 3038 Pater
1386 2986 1559 3056 major
1588 3003 1671 3040 me

1765 1805 1868 1859 tnis
1897 1805 2051 1861 nodis
2081 1804 2299 1872 ligatum
2347 1805 2401 1855 in
2437 1812 2730 1870 conspectu
2760 1803 3096 1870 cognitorum
3126 1810 3180 1857 et
3205 1803 3349 1871 judi-

1765 1910 1887 1951 cum
1916 1896 1989 1949 ita
2019 1894 2301 1962 objiceres.
2359 1893 2698 1962 Quapropter
2742 1894 2951 1947 ad’vos
2996 1894 3125 1947 mihi
3172 1908 3351 1947 sermo

1766 1993 1868 2049 est,
1900 2002 1933 2039 ο
1962 1987 2266 2051 cognitores
2291 1984 2585 2053 etjudices,
2616 1984 2907 2053 praecipito,
2930 1999 3133 2052 qumso,
3162 1996 3352 2054 empta:

1766 2076 2141 2146 disputationis
2168 2077 2409 2129 ordinem
2448 2092 2555 2130 non
2586 2078 2810 2140 mutari,
2842 2086 2897 2129 et
2923 2077 3228 2144 singulatim
3259 2094 3347 2133 ca-

1768 2168 1933 2239 pitula
1981 2167 2375 2236 Scripturarum
2415 2183 2480 2222 ea
2527 2182 2646 2236 qum
2693 2167 2801 2220 dixi
2832 2168 2915 2220 vel
2944 2167 3046 2220 alia
3073 2183 3192 2238 qua:
3220 2184 3349 2222 nono

1768 2261 1895 2314 dum
1923 2259 2033 2313 dixi
2063 2276 2091 2313 a
2121 2260 2415 2328 Serapione
2463 2260 2517 2312 in
2564 2266 2854 2328 conspectu
2892 2266 3074 2312 vestro
3102 2259 3352 2328 preponi,

1770 2365 1869 2404 nec
1898 2350 2054 2405 liceat
2102 2350 2153 2403 ei
2199 2350 2357 2402 simul
2404 2351 2630 2403 alterum
2677 2356 2729 2403 et
2776 2349 3001 2402 alterum
3032 2348 3271 2419 prol‘eire
3301 2350 3353 2402 in

1770 2442 2003 2497 medium
2044 2460 2055 2494 :
2102 2441 2203 2495 nisi
2246 2442 2417 2495 unum
2456 2441 2599 2510 quod
2646 2441 2791 2511 prius
2820 2442 3158 2511 proposuerit
3186 2442 3354 2511 expli-

1770 2542 1939 2587 cetur.
1970 2565 2041 2575 —-
2067 2532 2280 2586 Ju:lices
2316 2533 2568 2586 dixerunt
2603 2549 2616 2583 :
2648 2530 2778 2597 Qum
2813 2531 2957 2599 jttste
2997 2539 3251 2601 petuntur
3289 2531 3354 2584 ab

1770 2626 2036 2688 Arnobio,
2085 2639 2306 2679 necesse
2343 2635 2425 2677 est
2452 2630 2511 2676 ut
2556 2624 2852 2677 sortiantur
2895 2622 3161 2677 ellectum.
3207 2620 3356 2676 Unde

1771 2718 2051 2773 exsolvere
2076 2717 2363 2771 maturabit
2384 2714 2643 2784 Serapion
2670 2716 2765 2768 ista
2790 2715 3095 2769 te-timnnia
3119 2731 3132 2779 ;
3155 2730 3276 2784 qua:
3304 2716 3356 2768 in

1772 2826 1934 2865 unum
1974 2808 2169 2863 obtulit
2215 2823 2307 2862 sua
2348 2808 2793 2875 interpretatione
2836 2806 3159 2869 constrita,
3188 2814 3247 2859 ut
3294 2806 3358 2861 de

1770 2902 1992 2969 singulis
2018 2901 2319 2970 quibusque
2359 2899 2681 2954 testimoniis
2721 2899 2887 2967 possit
2917 2897 3187 2952 Arnobius
3233 2899 3360 2953 dare

1773 3007 2110 3062 responsum.
2142 3022 2213 3033 -—-
2237 2990 2496 3059 Serapion
2523 2990 2661 3043 dixit
2689 3007 2701 3041 :
2732 2988 3045 3043 Testimonii
3078 2991 3182 3044 mei
3210 2991 3360 3060 obje-

108 3088 175 3131 αι
207 3077 373 3149 (Joan.
405 3094 515 3141 xxv,
547 3075 660 3149 28).
693 3074 847 3141 Quod
876 3082 933 3129 ut
960 3076 1245 3145 probaret,
1278 3075 1510 3144 adjecit:
1545 3075 1667 3131 Non

1774 3083 1879 3138 ctio
1903 3084 2070 3152 prima
2098 3090 2197 3146 est,
2231 3097 2390 3150 quam
2421 3096 2485 3135 ex
2510 3081 2647 3135 libro
2675 3078 3085 3135 Proverbiorum
3116 3081 3363 3137 Salmac-

110 3177 257 3235 potest
281 3166 450 3222 Filius
490 3184 522 3219 α
556 3168 725 3236 seipso
754 3168 927 3237 facere
966 3165 1244 3237 quidquam
1266 3207 1281 3231 ,
1332 3168 1431 3220 nisi
1464 3183 1577 3238 quia
1600 3170 1674 3221 vi-

112 3257 228 3311 derit
250 3257 461 3311 Patrem
489 3259 761 3329 facientem
792 3256 1045 3331 (Joan.gv,
1078 3256 1188 3325 l9).
1229 3256 1297 3311 Et
1335 3257 1449 3327 ipse
1478 3258 1671 3312 iterum

113 3346 170 3398 ait
196 3365 209 3399 :
236 3347 355 3401 Non
409 3365 442 3402 a
483 3350 679 3419 meipso
706 3350 845 3412 veni,
876 3348 966 3402 sed
998 3347 1085 3401 ille
1105 3364 1185 3401 me
1204 3349 1342 3401 misit
1364 3347 1543 3418 (Iona.
1575 3365 1670 3413 vn,

114 3436 210 3504 ξε).
244 3438 311 3493 Et
338 3441 533 3493 iterum
561 3439 692 3492 dicit
716 3456 728 3491 :
763 3437 937 3509 Opera
964 3454 1076 3509 qua:
1101 3455 1197 3507 ego
1225 3440 1360 3505 {acia
1389 3439 1673 3508 testiﬁcan-

115 3539 180 3581 tur
201 3531 376 3596 deme,
404 3532 527 3602 quia
556 3529 716 3584 Pater
743 3548 823 3585 me
843 3531 980 3583 misit
1016 3529 1191 3601 (Joan.
1211 3529 1392 3594 v.36).
1425 3530 1556 3586 Item
1585 3532 1671 3586 di-

111 3620 206 3672 tit:
238 3619 336 3685 Qui
357 3638 387 3673 α
413 3622 686 3688 semetipso
710 3621 951 3691 loquitur,
984 3621 1251 3690 prapriam
1283 3621 1507 3690 gloriam
1527 3632 1671 3692 qutt-

111 3713 200 3765 rit:
227 3715 310 3784 qui
329 3723 499 3767 autem
530 3714 713 3785 quierit
741 3713 959 3782 gloriam
995 3713 1104 3783 ejus
1133 3713 1220 3784 qui
1247 3713 1387 3766 misit
1413 3728 1556 3776 eum,
1587 3712 1673 3765 hic

110 3818 248 3857 rem:
283 3815 357 3857 est
404 3803 588 3875 (Joan.
630 3819 720 3863 vn,
756 3800 864 3872 18).
906 3801 1033 3856 [nde
1061 3809 1145 3856 est
1169 3802 1313 3870 quod
1344 3802 1457 3871 ipse
1487 3803 1597 3856 ait:
1628 3804 1673 3855 A

112 3894 263 3959 διείρεο
288 3894 419 3946 nihil
438 3895 559 3958 ﬁeri
581 3891 761 3963 (Joan.
777 3909 892 3958 vni,
907 3893 999 3965 28)
1015 3908 1029 3945 :
1047 3892 1141 3949 sed
1165 3892 1410 3964 imperiis
1428 3898 1671 3963 paternis

112 3994 154 4033 rt
178 3988 452 4055 praeceptis
473 3987 813 4054 obtemperat
838 3987 891 4040 in
913 3986 1188 4051 omnibus,
1215 3993 1271 4039 ut
1293 4000 1452 4054 quem
1478 3988 1670 4055 probet

111 4071 245 4139 iitum
271 4077 516 4130 nativitas
543 4076 758 4140 Filium,
790 4086 967 4131 tamen
996 4077 1263 4146 morigera
1290 4064 1668 4147 subjectio’as-

109 4174 238 4219 serat
261 4166 408 4221 illum
445 4176 686 4237 paterna:
720 4167 981 4223 voluntati
1010 4166 1323 4235 subjectum.
1373 4171 1523 4229 Unde
1551 4178 1662 4232 ait:

1773 3175 1857 3229 nis
1883 3189 2071 3229 vocem
2102 3173 2219 3227 Filii
2244 3174 2336 3227 Dei
2377 3188 2495 3227 esse
2523 3173 2804 3240 cognoscis
2836 3190 2847 3224 ε
2890 3172 3145 3233 Dominus
3174 3177 3363 3229 creavit

1773 3282 1855 3319 me
1897 3266 2102 3319 initium
2156 3266 2352 3317 viarum
2396 3280 2607 3317 suarum
2655 3263 2832 3333 (Prov.
2882 3281 3008 3330 vm,
3050 3264 3175 3337 29):
3216 3265 3362 3322 Unde

1772 3355 2072 3410 ostenditur
2098 3352 2257 3407 Pater
2284 3353 2458 3421 major
2485 3369 2606 3407 esse
2643 3354 2732 3424 qui
2760 3357 2984 3417 creavit,
3020 3352 3180 3425 quam
3201 3355 3363 3412 Filius

1772 3448 1864 3516 qui
1893 3454 2106 3501 creatus
2123 3452 2207 3499 est
2234 3460 2263 3497 a
2286 3443 2462 3497 Patre.
2487 3477 2558 3486 -
2579 3444 2857 3499 Arnobius
2872 3446 3008 3499 dixit
3039 3463 3054 3498 :
3086 3445 3228 3514 Ergo
3247 3461 3361 3502 cre-

1773 3538 1855 3592 dis
1879 3552 2005 3591 vere
2055 3535 2242 3593 Filium
2287 3550 2357 3589 ex
2406 3532 2579 3590 Patris
2622 3535 2920 3591 substantia
2960 3536 3232 3604 genitum,
3265 3550 3365 3591 nec

1775 3638 1886 3683 tam
1910 3628 2169 3696 genitum,
2203 3642 2362 3697 quam
2390 3634 2628 3681 creatum
2643 3624 3012 3695 ill—Serapion
3041 3626 3174 3681 dixit
3204 3645 3217 3679 :
3254 3626 3365 3695 Ego

1774 3718 1967 3773 Filium
2009 3717 2104 3772 Dei
2145 3732 2253 3771 non
2280 3731 2439 3785 nego.
2472 3749 2542 3759 --
2564 3715 2830 3770 Arnobius
2845 3715 2984 3771 dixit
3012 3735 3026 3769 :
3050 3714 3106 3771 Si
3138 3732 3245 3771 non
3271 3734 3366 3772 ne-

1775 3826 1869 3880 gas
1898 3827 2081 3865 verum
2112 3810 2299 3863 Filium
2328 3808 2423 3863 Dei
2464 3825 2532 3863 ex
2558 3807 2731 3864 Patris
2760 3810 3055 3865 substantia
3087 3813 3360 3880 genitum,

1774 3905 1880 3958 hoc
1900 3902 2264 3957 testimonium
2293 3900 2361 3954 ad
2404 3916 2566 3969 quam
2597 3909 2801 3971 partem
2832 3904 3143 3972 protulisti?
3169 3936 3238 3945 ....
3266 3903 3366 3958 se-

1772 3995 1963 4064 rapion
1983 3994 2118 4047 dixit
2144 4012 2157 4046 :
2182 4004 2204 4032 ε
2230 3991 2299 4047 Ut
2324 3994 2665 4048 ostenderem
2684 3995 2873 4050 Filium
2895 4000 3156 4051 minorem
3181 3995 3363 4052 Patre.

1772 4117 1845 4129 ..-
1873 4084 2140 4138 Arnobius
2167 4082 2341 4137 dixit:
2383 4081 2409 4119 ά
2442 4083 2550 4137 Nec
2589 4090 2644 4136 tu
2684 4084 2947 4139 minorem
2975 4085 3166 4140 Filium
3206 4085 3366 4143 Patre

1773 4176 1987 4233 conaris
2017 4175 2302 4229 ostendere
2333 4192 2344 4225 :
2378 4174 2470 4229 sed
2491 4181 2791 4230 creaturam
2820 4176 2913 4231 Dei
2942 4178 3146 4233 moliris
3173 4178 3366 4233 Filium

1275 4260 1386 4316 FB.
1429 4262 1903 4322 FEU-ARDENTII
1942 4262 2169 4320 NOTAE.

168 4357 190 4382 ο
228 4347 555 4427 Athanasius
589 4346 833 4427 oratione
860 4356 1046 4427 contra
1074 4348 1416 4427 Arianos,-et
1445 4351 1675 4427 Fulgen-
1710 4363 1754 4419 D
1784 4363 1990 4411 tantum
2013 4395 2029 4420 ,
2056 4355 2233 4427 major
2271 4354 2524 4427 omnibus,
2563 4355 2646 4409 vel
2688 4357 2860 4427 majus
2888 4358 3124 4414 omnibus
3150 4370 3247 4415 est.
3288 4362 3365 4418 De

109 4413 478 4492 referunt
527 4416 752 4492 Arianos
803 4419 905 4492 hoc
1081 4413 1349 4492 corporali
1399 4413 1680 4492 nativitate

110 4482 288 4565 libristi
328 4487 755 4565 interpretando,
795 4487 1075 4541 catholicis
1114 4482 1394 4565 ob'jccisse.
1437 4491 1681 4565 llespon-

107 4552 221 4607 dent
246 4571 427 4623 porro,
452 4552 521 4610 de
550 4557 727 4609 divina
748 4564 1056 4625 :eternaque
1076 4552 1424 4626 generatione
1445 4552 1677 4619 dict-nm:

102 4630 151 4695 et
173 4627 383 4679 nomine
422 4628 592 4686 uteri,
624 4641 722 4694 per
766 4628 1227 4695 atropopathiam,
1260 4630 1449 4686 divina:
1476 4644 1682 4692 natura:

104 4689 470 4775 {frum-litat‘em
520 4689 917 4775 intelligendam
965 4689 1123 4775 esse:
1170 4689 1312 4775 quod
1360 4709 1415 4757 et
1442 4689 1680 4775 synodus

104 4759 438 4834 Hispalensis,
472 4776 576 4819 act.
616 4759 891 4834 lSvpostea
924 4759 1281 4823 conﬁrmavit.

168 4833 194 4870 δ
234 4836 461 4910 Arianos
489 4834 632 4889 istud
675 4833 929 4890 adversus
958 4838 1252 4910 catholicos
1280 4840 1679 4910 importunissi-

101 4906 405 4985 meursisse
444 4914 711 4985 testantur
753 4921 940 4985 ρωπος
968 4924 983 4959 :
1015 4908 1319 4985 Alexander
1357 4906 1513 4985 Alex.
1562 4918 1680 4985 epi-

94 4974 223 5026 stola
269 4990 410 5048 quur
435 4986 519 5031 est
565 4976 703 5044 apud
750 4976 1068 5048 Socratem,
1118 4979 1315 5048 aliique
1365 4979 1535 5038 Graeci
1578 4974 1681 5041 hoc

102 5050 298 5120 tantum
326 5045 572 5120 referunt
592 5047 658 5099 ad
690 5048 736 5099 id
762 5048 902 5120 quod
936 5045 1093 5120 Pater
1121 5045 1270 5120 solus
1293 5051 1559 5119 ingenitus
1588 5055 1675 5120 sit,

100 5127 155 5191 ae
180 5114 301 5168 Filii
348 5117 669 5192 principium
721 5117 1094 5192 prgiductivpm
1121 5135 1133 5170 :
1166 5119 1331 5192 Filius
1352 5114 1557 5176 'autem
1596 5114 1680 5192 ge;

101 5184 232 5263 tritus
279 5184 358 5238 eti
381 5184 678 5255 productus
706 5184 734 5239 a
767 5184 942 5239 Patre.
982 5184 1309 5256 Augustinus
1336 5206 1466 5263 vero
1494 5200 1550 5263 et
1580 5184 1680 5246 Ca-

101 5256 187 5306 tini
236 5270 426 5328 omnes
470 5266 698 5315 censent
761 5266 984 5328 promer
1035 5268 1336 5328 susceptam
1391 5256 1678 5316 humanam

100 5339 306 5395 carnem
352 5326 554 5395 dictum
603 5342 738 5380 esse.
782 5326 847 5379 In
872 5334 1119 5395 quantum
1140 5326 1281 5383 Dens
1308 5338 1416 5395 est,
1465 5343 1542 5384 at
1571 5333 1679 5386 Au-

101 5394 337 5471 gustinus
383 5394 623 5471 (Elidit-1‘.
678 5412 722 5471 ς.
776 5394 1041 5471 55),_ipse
1060 5408 1109 5450 et
1140 5396 1303 5471 Pater
1342 5417 1501 5455 unum
1530 5411 1677 5471 sunt;

97 5464 145 5512 in
165 5472 414 5531 quantum
443 5467 613 5518 autem
667 5464 1043 5539 (tanta,_Paler
1070 5469 1249 5539 major
1267 5478 1343 5523 est
1366 5471 1475 5525 illo.
1526 5464 1679 5539 Quod

100 5541 270 5612 autem
308 5549 478 5612 uersi]
527 5535 773 5612 proximo
819 5537 1030 5600 citatur,
1083 5535 1163 5592 ex'
1190 5538 1383 5612 Joann.
1410 5535 1593 5612 capite
1622 5560 1676 5605 x,

102 5602 360 5678 tersiculo
401 5602 490 5668 29,
528 5602 727 5678 major
758 5622 838 5658 me
874 5614 966 5666 est.
1002 5623 1100 5663 nee
1129 5609 1268 5678 apud
1300 5602 1541 5677 Latinos,
1576 5602 1677 5667 nec

103 5672 235 5739 apud
281 5672 541 5741 Graecos,
590 5672 730 5746 quod
772 5677 1102 5730 meminerim
1131 5672 1272 5741 ,‘sic
1322 5672 1554 5749 legitur:
1584 5682 1677 5736 sed

1782 4428 1900 4496 aliis
1927 4443 2025 4505 suo
2056 4426 2176 4505 loco
2200 4432 2390 4505 postea
2420 4425 2678 4505 dicemus.

1859 4511 1900 4578 ς-
1926 4494 2543 4578 le_scr.ipt.is_Athanlasii
2577 4494 2666 4578 (In
2694 4494 3092 4578 Dispi‘llilarii
3123 4499 3366 4578 xu

1783 4566 1847 4639 de
1860 4567 2044 4639 Trinit.
2055 4577 2090 4636 ),
2110 4564 2619 4639 EpiphaniilContra
2632 4564 2930 4639 Itarres'.69),
2945 4564 3209 4639 Ambrosii
3225 4570 3361 4639 (Lib.

1782 4636 1848 4691 de
1878 4635 1935 4710 -Ε
1938 4638 2075 4710 ide),
2104 4635 2457 4710 Augustinil
2468 4636 2659 4710 Contra
2712 4636 2931 4710 Maxim.
2991 4650 3041 4690 et
3079 4635 3367 4710 Felician.)

1782 4715 1837 4761 et
1876 4707 2138 4775 Fulgentii
2166 4706 2423 4761 adversus
2451 4708 2697 4776 Arianos,
2730 4707 3069 4762 manifestum
3112 4717 3213 4776 est,
3245 4706 3370 4768 illos

1784 4794 1890 4831 non
1924 4794 2030 4831 uno
2058 4777 2220 4831 modo
2263 4778 2608 4831 sanctissima?
2639 4775 2912 4831 Trinitatis
2935 4778 3195 4835 unitatem
3223 4782 3369 4838 lace—

1781 4846 2199 4917 ras»e,Filiique
2240 4856 2454 4917 {elerum
2476 4845 2749 4917 divinitati
2791 4846 3108 4904 detraxisse.
3142 4851 3369 4907 Aiebant

1783 4918 1925 4971 e;.im
1950 4916 2161 4971 Patrem
2186 4916 2361 4969 solum
2394 4915 2707 4971 invisibilem
2738 4916 2928 4981 Deum,
2963 4919 3014 4973 in
3040 4932 3225 4975 natura
3256 4923 3369 4977 dei-

1786 4989 1910 5063 tatis
1939 5002 2118 5063 pa_rem
2158 5001 2255 5040 seu
2293 4986 2566 5063 agqualem
2599 5002 2707 5063 non
2749 4987 2970 5063 habere,
3019 5005 3136 5063 non,
3155 5007 3372 5063 semper

1760 5054 1945 5109 ~fuisse
1984 5054 2217 5117 Patrem,
2264 5055 2439 5110 solum
2485 5055 2769 5111 colendum
2819 5064 2874 5112 et
2904 5058 3253 5117 adorandum.
3273 5054 3372 5118 'De

1780 5124 1917 5179 Filio
1946 5140 2073 5178 vero
2097 5124 2409 5192 inquiebant
2436 5140 2557 5179 eum
2588 5141 2694 5180 non
2715 5142 2835 5181 esse
2863 5126 2929 5183 de
2951 5131 3245 5192 substantia
3268 5131 3370 5187 Pa-

1784 5196 1881 5250 tris
1909 5196 2164 5262 genitum,
2197 5194 2288 5248 sed
2338 5211 2403 5249 ex
2435 5211 2542 5250 non
2575 5197 2930 5253 existentibus
2955 5211 3227 5263 creatum;
3262 5204 3391 5256 noa’

1781 5273 1992 5323 natura.
2035 5264 2127 5319 sed
2157 5264 2329 5337 gratia
2377 5273 2581 5337 tantum
2611 5274 2665 5320 et
2702 5267 2994 5337 adoptione
3024 5268 3115 5325 Dei
3154 5271 3368 5337 Filium,

1782 5349 1891 5405 non
1921 5349 2134 5405 semper
2162 5334 2325 5389 fuisse
2373 5350 2493 5390 eum
2519 5334 2679 5391 Patre
2707 5334 2972 5411 seu—apud
2999 5338 3232 5405 Patrem,
3261 5334 3369 5397 non

1781 5413 2127 5468 comternum,
2178 5413 2271 5458 aut
2292 5411 2737 5477 omnipotentem,
2767 5417 2897 5473 etc.,
2928 5424 3153 5477 quarum
3195 5410 3375 5465 luere-

1783 5488 1939 5548 seen“
1962 5487 2168 5548 magna
2180 5490 2327 5548 pars
2367 5477 2563 5546 pendet
2602 5475 2669 5532 ab
2716 5479 2799 5533 bis
2846 5475 3153 5548 Serapionis
3199 5480 3378 5548 hypo-

1784 5544 2024 5625 thesibus
2068 5563 2080 5596 :
2121 5543 2295 5599 Filius
2357 5543 2434 5600 est
2493 5552 2774 5610 creatura,
2842 5543 3011 5600 Filius
3073 5558 3155 5602 est
3208 5543 3381 5612 Patre

1780 5629 1968 5666 mmor.

1855 5680 1879 5719 α
1921 5683 2135 5740 Lubens
2164 5684 2465 5755 adjicerem,
2501 5693 2717 5753 tantum,
2750 5687 2924 5753 sedet,
2957 5692 3061 5739 etc.
