3866 6178
564 306 667 363 Ξ59

562 508 777 562 ritatem
832 520 857 546 κ
909 509 1102 563 divina:
1152 514 1401 581 potenti-.1:
1460 532 1621 570 unum
1674 533 1706 572 e
1760 520 1999 585 duobus,
2054 532 2148 577 aut

563 612 669 651 non
714 614 831 653 esse
891 599 941 653 in
1001 603 1324 658 auctoritate
1372 606 1473 660 hoc
1519 611 1883 664 testimonium
1932 621 2143 681 astrue;

559 697 652 740 ant
680 703 846 755 quare
873 689 943 742 sit
970 691 1171 745 dictum
1202 696 1442 750 ostende.
1466 730 1538 738 —
1558 698 1828 755 Arnobius
1847 702 1982 755 dixit
2006 720 2019 757 :
2048 704 2150 758 Ad-

560 777 662 832 huc
685 779 845 833 modo
868 780 1051 835 redisti
1074 784 1140 837 ad
1158 784 1421 850 ordinem,
1449 796 1506 842 ut
1534 792 1702 858 possit
1730 793 2145 863 uniuscujusque

560 870 849 924 testimonii
897 872 1235 941 explanatio,
1268 875 1502 931 donante
1532 878 1663 945 Deo,
1698 881 1851 936 nobis
1896 884 2139 939 concedi.

554 992 626 1002 —
645 946 908 1031 Serapion
929 964 1098 1017 dixit:
1130 964 1294 1033 CUJUS
1323 980 1451 1034 ergo
1496 970 1575 1023 vis
1598 971 1735 1025 hanc
1762 988 1949 1027 vocem
1990 973 2146 1027 intel-

558 1051 670 1119 ligi:
700 1052 954 1109 Dominus
1007 1057 1210 1110 creavit
1251 1074 1337 1112 me
1390 1060 1598 1114 initium
1639 1062 1845 1116 viarum
1891 1065 2143 1118 suarum?

554 1174 628 1184 —
655 1143 920 1200 Arnobius
949 1146 1083 1200 dixit
1111 1164 1123 1198 :
1156 1146 1270 1202 Vox
1309 1161 1393 1203 est
1440 1151 1717 1220 sapientia:
1745 1151 1859 1207 Dei.
1890 1186 1964 1196 —-—
1982 1152 2144 1208 Sera-

556 1233 681 1302 pion
711 1233 845 1288 dixit
874 1253 887 1288 :
919 1234 1193 1306 Sapientia
1234 1239 1400 1308 ipsius
1439 1255 1557 1309 qua:
1582 1248 1683 1307 est,
1717 1242 1819 1297 nisi
1864 1242 2030 1299 Filius
2060 1245 2142 1314 ip-

449 1371 463 1386 ,
553 1324 792 1378 sius?—
819 1324 1086 1382 Arnobius
1113 1328 1246 1381 dixit
1277 1346 1288 1381 :
1336 1328 1469 1384 Cum
1518 1346 1653 1401 opus
1680 1331 1839 1387 fuerit
1886 1334 2005 1389 loco
2042 1351 2140 1391 suo

554 1412 764 1467 dicetur
807 1416 1079 1482 quomodo
1134 1418 1397 1487 sapientia
1453 1420 1567 1475 inec
1623 1420 1786 1477 Filius
1833 1423 2001 1493 ipsius
2048 1425 2135 1479 sit.

554 1503 707 1559 Nunc
734 1506 948 1559 interim
977 1508 1240 1575 sapientia
1287 1509 1380 1564 Dei
1409 1510 1647 1579 loquitur
1674 1527 1770 1581 per
1811 1514 2141 1584 sapientissi-

553 1612 700 1650 mum
750 1598 920 1651 virnm
968 1597 1315 1655 Salomonem
1357 1601 1586 1658 dicens:
1636 1604 1893 1658 Dominus
1940 1606 2141 1661 creavit

553 1702 642 1742 me
700 1687 910 1741 initium
966 1688 1172 1743 viarqu
1217 1706 1456 1745 suarum.
1500 1725 1573 1734 -—-
1623 1692 1887 1763 Serapion
1934 1694 2069 1749 dixit
2123 1715 2136 1750 :

1916 322 2181 379 monii
2221 325 2521 385 JL’NlOlilS
2796 298 2801 305 λ
3668 355 3744 411 2:0

562 418 956 473 demonstrare.
978 452 1045 460 —
1066 419 1326 493 Serapion
1355 424 1489 478 dixit
1522 445 1532 477 :
1567 426 1706 495 Ergo
1735 429 1946 498 plenam
1970 442 2150 487 aucto-
2178 442 2225 496 Α
2256 440 2385 493 loris
2408 458 2493 494 ars
2522 443 2810 511 rhetorica,
2834 455 2887 500 et
2911 447 2962 501 in
3004 449 3163 504 corde
3188 458 3499 519 grammatici
3524 475 3596 516 ars

3613 479 3744 522 2min-

2794 501 2808 511 ν
3018 501 3021 502 ν
3076 501 3115 502 η
3144 501 3158 504 -
3189 501 3499 519 (νηῶν--..η
3524 501 3596 516 -..π

2250 530 2463 583 matica.
2495 530 2700 586 Dicitur
2724 542 2901 589 autem
2929 552 3140 593 creasse
3166 540 3353 596 librum
3381 546 3500 601 artis
3526 501 3745 612 rhetorica:

2248 628 2449 686 orator,
2472 630 2527 676 et
2546 626 2924 691 grammaticus
2946 627 3136 683 librum
3161 634 3349 687 artium
3369 639 3647 707 condidisse,
3668 662 3747 702 non

2245 712 2389 780 quod
2418 728 2485 769 ex
2508 730 2575 770 eo
2595 718 2820 787 cmperit
2847 720 3115 777 rhetorica
3144 733 3198 777 et
3224 732 3565 799 grammatica,
3588 751 3645 791 ex
3665 754 3746 807 quo

2246 803 2549 859 hominibus
2577 806 2644 860 ad
2671 807 2954 875 legendum
2978 821 3062 865 est
3101 814 3309 869 tradita.
3338 817 3440 874 Illis
3466 837 3662 893 namque
3679 803 3746 898 qui

2244 907 2363 946 eam
2392 895 2734 964 scripserunt,
2759 914 2826 953 ex
2855 915 2919 955 eo
2945 909 3187 972 tempore
3209 921 3315 976 quo
3341 908 3476 966 docti
3500 924 3625 981 sunt,
3645 895 3748 974 sein-

2245 997 2340 1051 per
2362 983 2411 1036 in
2434 986 2598 1041 corde
2623 986 2741 1041 fuit.
2773 988 2937 1045 Nobis
2965 1002 3143 1048 autem
3168 1003 3294 1052 tunc
3319 1009 3489 1055 creata
3514 1014 3603 1070 est,
3622 1022 3747 1075 quan-

2243 1071 2312 1126 do
2340 1083 2521 1129 nostra
2562 1078 2790 1133 eruditio
2819 1083 3043 1151 sumpsit
3064 1088 3357 1141 exordium.
3398 1089 3516 1148 Inde
3539 1104 3610 1149 est
3636 1071 3748 1166 quod

2242 1173 2369 1255 ante
2389 1167 2661 1255 paululum
2682 1168 2791 1224 dixi
2808 1179 3129 1240 Opportune,
3152 1170 3341 1232 Filium
3361 1179 3451 1234 Dei
3470 1197 3577 1239 esse
3587 1188 3744 1255 sapia.-

2242 1253 2370 1307 tiam
2396 1251 2423 1291 ἀ
2454 1264 2743 1326 antequam
2772 1258 2942 1316 ﬁeret.
2976 1262 3114 1331 Ergo
3146 1266 3304 1331 Deus,
3344 1270 3431 1339 qui
3468 1269 3581 1327 fecit
3603 1251 3748 1332 caelum

2241 1353 2296 1398 et
2325 1354 2540 1414 terram,
2573 1359 2629 1405 et
2665 1353 2843 1408 omnia
2871 1370 2991 1423 qua:
3019 1356 3072 1411 in
3100 1358 3180 1413 eis
3216 1369 3357 1426 sunt,
3386 1361 3459 1418 sic
3495 1367 3665 1421 creavit
3684 1384 3748 1421 sa.

2241 1434 2496 1503 pientiam
2527 1438 2664 1494 sicut
2695 1440 2848 1513 (dixi)
2877 1452 3062 1499 orator
3087 1455 3237 1501 creat
3278 1448 3463 1505 librum
3485 1452 3597 1508 artis
3616 1454 3751 1507 rheto-

2241 1523 2384 1590 rima,
2431 1526 2710 1595 proterens
2755 1529 2822 1584 de
2849 1531 3011 1587 corde
3038 1548 3157 1601 suo,
3186 1536 3331 1604 quod
3375 1554 3441 1593 ex
3466 1554 3563 1608 quo
3593 1541 3750 1610 didicit,

2241 1629 2453 1684 semper
2478 1616 2679 1673 habuit.
2705 1620 2918 1676 Creavit
2937 1630 3118 1678 autem
3146 1626 3319 1694 nobis,
3343 1637 3398 1699 ut
3416 1630 3548 1699 quod
3569 1631 3613 1685 in
3629 1634 3751 1688 corde

2241 1704 2356 1773 ejus
2384 1716 2501 1761 erat
2533 1723 2631 1778 per
2657 1725 2815 1766 aures
2844 1721 3052 1770 nostras
3079 1698 3375 1785 audiendo:
3417 1698 3471 1775 et
3509 1736 3592 1791 per
3615 1725 3753 1778 oculos

555 1774 692 1842 Quid
723 1785 831 1831 tam
873 1779 1114 1844 evideDS,
1141 1795 1302 1848 quam
1333 1790 1391 1834 ut
1435 1782 1658 1846 diceret.
1691 1785 1894 1838 creavit
1918 1786 2044 1840 me?
2071 1814 2140 1827 --
2174 1805 2219 1865 Β
2244 1795 2492 1861 videndo,
2518 1799 2753 1855 etiamin
2781 1803 2944 1858 corde
2973 1813 3159 1861 nostro
3181 1807 3383 1862 initium
3403 1774 3616 1866 danitur.
3640 1813 3696 1866 [ta
3715 1826 3753 1868 et

555 1869 824 1923 Arnobius
869 1868 1004 1923 dixit
1036 1888 1048 1922 :
1082 1868 1196 1926 Hoc
1223 1871 1365 1941 quod
1413 1871 1573 1937 dixit,
1605 1874 1810 1929 creavit
1853 1890 1967 1940 me,
1998 1876 2143 1945 quod

551 1952 754 2014 moliris
778 1959 1020 2014 ostende.
1049 1992 1121 2002 -η
1138 1959 1400 2030 Serapion
1422 1962 1557 2017 dixit
1588 1981 1600 2015 :
1631 1962 1911 2029 Quomodo
1932 1965 2143 2020 initium

552 2059 814 2105 creatura;
844 2051 1067 2106 sortitus
1084 2050 1252 2106 Filius
1278 2067 1309 2106 a
1338 2050 1516 2118 Patre,
1548 2054 1652 2108 hoc
1678 2056 1875 2109 meruit
1904 2064 1961 2110 ut
1989 2057 2140 2125 prin-

552 2142 787 2211 cipatum
817 2142 1078 2197 universa:
1106 2143 1345 2198 obtineat
1375 2151 1652 2198 creatum.
1684 2177 1752 2186 —
1779 2144 2047 2201 Arnobius
2067 2147 2144 2202 di-

551 2234 628 2289 xit
659 2233 721 2288 :b
749 2232 934 2289 Omnis
961 2245 1109 2289 certe
1130 2244 1375 2290 creatura
1404 2243 1690 2304 antequam
1720 2247 1996 2291 crearetur
2031 2253 2141 2294 non

549 2326 1020 2396 lum-Serapion
1049 2327 1183 2381 dixit
1207 2345 1221 2379 :
1257 2325 1450 2396 Utique
1480 2342 1587 2381 non
1636 2325 1754 2400 fuit.
1777 2358 1847 2369 —
1874 2326 2141 2387 Arnobius

549 2417 711 2471 dixit:
732 2416 883 2471 Tunc
905 2431 1035 2486 ergo
1060 2417 1494 2487 caepitsapientia
1507 2418 1722 2486 quando
1749 2426 1929 2473 creata
1949 2429 2032 2473 est
2045 2419 2141 2473 ?-

545 2506 805 2577 Serapion
826 2507 1106 2577 respondit
1139 2525 1152 2560 :
1185 2507 1336 2562 Tunc
1366 2507 1530 2576 coepit
1556 2508 1773 2576 quando
1793 2517 1972 2564 creata
2011 2516 2115 2563 est.

546 2631 616 2642 —
645 2599 915 2654 Arnobius
942 2598 1076 2653 dixit
1102 2616 1114 2651 :
1168 2597 1309 2666 Ergo
1338 2599 1428 2666 qui
1459 2598 1604 2651 illam
1630 2598 1851 2661 creavit,
1885 2598 2140 2669 insipien-

549 2699 656 2744 tem
688 2690 836 2743 illum
865 2689 1243 2759 blasphemas?
1270 2721 1340 2731 ——
1368 2686 1630 2757 Serapion
1659 2688 1796 2743 dixit
1818 2706 1833 2743 :
1858 2689 2086 2743 Avertat
2106 2703 2137 2743 a

547 2797 633 2836 me
656 2781 796 2836 Deus
825 2782 963 2836 hanc
988 2780 1472 2851 blasphemiam.-—
1491 2782 1759 2837 Arnobius
1786 2782 1921 2837 dixit
1951 2799 1965 2836 :
1997 2781 2138 2851 Ergo

482 2907 489 2913 ρ
547 2872 861 2939 ignoranter
887 2871 1245 2941 blasphemas.
1277 2904 1348 2913 --
1375 2869 1635 2941 Serapion
1666 2872 1802 2926 dixit
1833 2891 1846 2926 :
1884 2872 1998 2941 Ego
2027 2889 2136 2928 non

545 2963 899 3034 blaSphemo:
931 2963 1025 3017 sed
1058 2963 1228 3031 magis
1266 2974 1289 3002 ο
1322 2962 1480 3018 laudo
1516 2972 1816 3020 creatorem
1840 2964 2133 3035 sapientiae.

547 3054 888 3110 —-Arnobius
907 3052 1042 3109 dixit
1066 3071 1079 3106 :
1110 3052 1461 3124 Compelleris
1490 3071 1653 3110 unum
1683 3065 1924 3111 astruere
1943 3071 1975 3110 e
2000 3055 2136 3111 duo-

2242 1883 2401 1951 Deus,
2432 1888 2523 1957 qui
2551 1905 2579 1942 a
2611 1891 2756 1945 nullo
2800 1892 3003 1957 didicit,
3033 1895 3151 1951 sine
3199 1897 3351 1954 initio
3381 1901 3568 1957 habens
3592 1906 3753 1972 sapien-

2242 1973 2387 2055 tiam,
2418 1991 2538 2031 cum
2567 1979 2729 2035 vellet
2777 1981 2953 2039 facere
2980 1985 3177 2041 omium
3206 1996 3263 2043 et
3307 1996 3495 2045 terram
3532 2000 3580 2045 et
3618 1995 3752 2048 omnia

2238 2078 2358 2134 qum
2386 2067 2437 2120 in
2468 2069 2545 2122 eis
2571 2079 2714 2135 sunt,
2744 2072 2919 2141 primo
2957 2078 3197 2131 omnium
3226 2080 3495 2149 sapientia:
3520 2086 3752 2137 sumvirtu-

2240 2165 2346 2211 tem
2372 2157 2522 2228 jecit,
2554 2169 2612 2215 ut
2658 2162 2827 2232 ipsam
2874 2163 3096 2221 domum
3143 2183 3305 2237 quam
3348 2170 3589 2228 fabricare
3612 2175 3751 2228 voluit.

2239 2242 2400 2302 Pater
2418 2247 2624 2316 primus
2639 2249 2685 2289 (ι’
2700 2266 2820 2306 cum
2838 2268 3018 2311 aerem
3065 2255 3284 2327 laceret,
3315 2269 3583 2330 antequam
3623 2264 3756 2316 solum

2238 2334 2587 2394 fortissimum
2614 2341 2900 2413 solidaret;
2930 2345 3033 2402 hoc
3074 2357 3177 2413 est,
3210 2351 3357 2418 prius
3381 2350 3567 2408 faceret
3589 2353 3755 2415 coelum,

2238 2434 2294 2480 et
2315 2427 2388 2482 ita
2411 2428 2624 2486 demum
2654 2440 2851 2488 terram
2879 2449 3002 2491 cum
3030 2439 3306 2495 montibus
3330 2441 3585 2497 solidaret.
3608 2441 3692 2497 Sed
3711 2443 3759 2496 de

2239 2521 2502 2574 creaturis
2530 2536 2629 2576 suo
2659 2529 2901 2594 tempore
2927 2526 3216 2583 dicendum
3247 2538 3329 2585 est
3360 2548 3372 2584 :
3395 2546 3528 2586 nunc
3552 2532 3610 2586 de
3632 2531 3759 2585 Crea-

2239 2615 2358 2663 tore
2396 2608 2654 2666 dicamus.
2698 2611 2841 2682 Ergo
2881 2615 3009 2671 dicit
3045 2618 3161 2688 ipsa
3211 2617 3521 2689 Sapientia:
3559 2621 3759 2676 Dominus

2238 2698 2431 2751 creavit
2448 2715 2528 2753 me
2546 2701 2750 2756 initium
2788 2704 2982 2758 viarum
3003 2721 3217 2761 suarum
3254 2708 3338 2779 (Pi
3355 2726 3431 2763 ου.
3459 2727 3557 2774 Vill,
3580 2709 3679 2778 22);
3699 2722 3763 2757 ar-

2240 2787 2503 2843 chitectus
2528 2790 2719 2859 plenus
2736 2793 2998 2864 sapientia
3013 2837 3027 2861 ,
3062 2795 3228 2852 immo
3252 2797 3370 2853 fons
3396 2800 3504 2870 ipse
3523 2797 3763 2868 sapientia,

2239 2880 2463 2950 protulit
2488 2896 2556 2937 ex
2587 2897 2647 2938 se
2674 2884 2844 2953 ipsam
2871 2887 3213 2956 sapientiam.
3241 2889 3379 2957 Quin
3426 2892 3541 2945 audi
3563 2890 3669 2959 quid
3694 2904 3760 2940 sa-

2237 2970 2442 3040 pientia
2468 2972 2612 3027 dicat
2640 2991 2653 3026 :
2692 2983 2715 3013 ε
2738 2973 2852 3048 Ego
2871 2978 3128 3048 sapientia
3157 2981 3372 3050 fundavi
3405 2989 3601 3043 terram,
3626 2979 3762 3050 parati

2238 3064 2390 3118 caios
2428 3065 2705 3135 prudentia
2752 3065 2931 3139 (Prov.
2973 3085 3050 3136 tu,
3081 3069 3194 3141 i9).
3224 3070 3360 3128 Cum
3411 3088 3534 3142 ergo
3570 3081 3761 3141 tempora

549 3146 669 3210 bus,
724 3151 787 3199 ut
837 3152 931 3199 aut
975 3144 1229 3199 habuisse
1263 3144 1581 3214 sapientiam
1636 3145 1785 3201 dicas
1837 3146 1999 3199 istum
2044 3145 2139 3214 qui
2167 3159 2213 3222 C
2245 3169 2351 3209 non
2384 3155 2633 3211 oriuntur
2660 3157 2761 3212 nisi
2787 3157 2855 3213 de
2899 3159 3109 3227 diebus,
3138 3161 3257 3217 dies
3285 3171 3463 3218 autem
3488 3163 3550 3217 de
3589 3162 3761 3221 lumine,

545 3233 751 3291 creavit
801 3232 1124 3304 sapientiam
1179 3234 1357 3299 hanc,
1411 3243 1504 3289 aut
1550 3251 1659 3290 non
1724 3235 1976 3291 habuisse
2018 3250 2140 3291 cum

501 3313 516 3325 ’
545 3334 779 3382 crearet.
807 3357 881 3369 -—
901 3323 1167 3396 Serapion
1195 3324 1331 3380 dixit
1362 3344 1375 3379 :
1409 3326 1689 3395 Nunquam
1726 3325 1893 3382 Pater
1917 3328 2035 3383 sine
2054 3343 2141 3383 sa-

545 3415 749 3487 pientia
777 3415 897 3471 luit.
921 3446 991 3458 --
1016 3416 1284 3472 Arnobius
1304 3417 1479 3472 dixit:
1516 3416 1657 3485 Ergo
1690 3433 1799 3474 non
1832 3419 2034 3474 creavit
2053 3433 2140 3474 sa-

498 3532 511 3548 ι
544 3506 1160 3580 pientiam.—-Serapion
1204 3508 1342 3564 dixit
1382 3527 1396 3562 :
1430 3507 1557 3563 Noti
1595 3511 1757 3564 altum
1797 3526 2008 3580 sapae,
2048 3510 2143 3565 sed

544 3599 666 3653 time
694 3597 870 3668 (Rom.
921 3614 995 3664 xx,
1043 3597 1156 3669 20).
1178 3630 1251 3643 —-
1273 3599 1540 3654 Arnobius
1583 3599 1718 3654 dixit
1749 3618 1762 3653 :
1794 3598 1925 3665 Quis
1969 3600 2138 3654 altum

543 3689 713 3759 sapit,
744 3691 838 3758 qui
882 3690 1222 3761 blasphemat
1264 3690 1465 3756 Deum,
1498 3705 1567 3745 an
1611 3691 1704 3760 qui
1746 3691 2136 3762 blasphemiam

547 3778 827 3835 defendit?
853 3811 926 3821 ——-
949 3778 1211 3849 Serapion
1239 3780 1375 3834 dixit
1402 3798 1416 3833 :
1446 3779 1526 3835 Tu
1563 3780 1805 3835 defendis
1829 3780 2039 3836 Deum?
2064 3813 2136 3824 —

545 3868 818 3923 Arnobius
845 3868 981 3923 dixit
1004 3887 1017 3921 :
1043 3868 1311 3939 Tempore
1335 3884 1444 3940 quo
1465 3870 1625 3926 audio
1643 3871 2052 3941 blasphemiam,
2073 3888 2136 3929 os

546 3959 970 4028 blasphemantis
1010 3959 1255 4030 objurgo,
1285 3962 1425 4021 sicut
1452 3969 1603 4016 tuum
1623 3977 1685 4019 os
1712 3963 1931 4035 increpo
1950 3970 2007 4021 et
2032 3966 2135 4022 do-

544 4064 644 4105 ceo
676 4058 728 4103 te
766 4047 936 4103 Deum
982 4047 1196 4105 Patrem
1229 4050 1568 4121 insipientem
1595 4053 1793 4110 dicere.
1827 4054 1963 4111 Cum
1989 4056 2133 4111 enim

542 4139 751 4195 diceres
781 4157 794 4193 :
824 4138 1126 4210 Antequam
1164 4149 1441 4197 crearetur
1465 4143 1750 4213 sapientia,
1777 4160 1886 4200 non
1925 4144 2046 4211 fuit,
2077 4155 2135 4201 et

542 4230 714 4302 ipsam
739 4230 1080 4301 sapientiam,
1103 4248 1265 4304 quam
1280 4243 1581 4290 creaturam
1598 4233 1692 4292 Dei
1712 4249 1834 4292 esse
1847 4236 2135 4293 conﬁrmas

542 4319 785 4376 ostendis
804 4336 915 4377 non
942 4321 1194 4378 habuisse
1219 4324 1536 4395 sapientiam
1564 4341 1690 4381 eum
1715 4327 1806 4396 qui
1834 4327 1979 4382 illam
2001 4342 2133 4384 eon-

541 4411 692 4478 didit,
728 4419 785 4467 et
827 4418 959 4468 tunc
990 4413 1229 4482 coepisse
1266 4415 1465 4470 habere
1497 4426 1780 4487 postquam
1809 4422 2030 4475 creavit.
2060 4454 2132 4465 —

2242 3245 2331 3301 lux
2354 3254 2532 3302 autem
2561 3249 2661 3303 nisi
2682 3238 2750 3326 de
2778 3249 2945 3315 curio,
2975 3251 3167 3306 cmlum
3212 3262 3390 3309 autem
3419 3269 3521 3310 non
3546 3255 3608 3308 sit
3630 3261 3761 3306 ortum

2240 3335 2343 3391 nisi
2363 3336 2431 3391 de
2458 3337 2742 3406 sapientia,
2769 3347 2893 3395 ante
2916 3340 3110 3395 uelum
3141 3350 3356 3414 tempus
3382 3344 3584 3414 penitus
3605 3358 3692 3397 non
3714 3340 3763 3394 sit

2239 3433 2417 3480 ortum
2447 3426 2547 3483 nisi
2574 3428 2643 3482 de
2667 3428 2927 3499 sapientia
2945 3470 2960 3495 ,
2989 3440 3114 3487 ante
3142 3433 3341 3488 cmlum
3366 3441 3567 3504 tempus
3600 3431 3763 3503 penitus

2240 3530 2352 3571 non
2375 3516 2499 3572 fuit.
2537 3516 2766 3575 Constat
2790 3532 2920 3588 ergo
2945 3535 3160 3592 semper
3198 3521 3364 3579 fuisse
3390 3525 3701 3607 sapientiam,
3725 3525 3764 3570 et

2236 3607 2315 3662 sic
2364 3616 2600 3662 creatam
2630 3609 2772 3664 sicut
2797 3610 3030 3665 diximus
3072 3612 3253 3667 creari
3302 3613 3496 3669 librum
3536 3608 3765 3681 sapientis-

2234 3698 2374 3754 simo
2389 3700 2610 3754 oratori.
2626 3698 2789 3754 Verbi
2831 3702 3026 3770 gratia:
3049 3700 3307 3758 Salomon
3323 3704 3507 3759 librum
3532 3698 3767 3771 Sapieﬂh

2238 3789 2476 3844 condidit
2507 3807 2520 3842 :
2553 3790 2787 3858 nunquid
2835 3805 2944 3845 non
2974 3798 3264 3860 antequam
3292 3794 3544 3849 conderet
3570 3793 3690 3846 hunc
3720 3788 3765 3840 li-

2236 3879 2409 3943 b.'um,
2441 3886 2569 3933 ante
2598 3874 2703 3934 non
2728 3879 2828 3935 fuit
2847 3880 3149 3951 sapientia?
3166 3879 3332 3938 Potes
3358 3883 3565 3952 quidem
3589 3880 3761 3934 dicere:

2237 3968 2376 4024 Ante
2404 3983 2515 4023 non
2544 3967 2671 4035 fuit,
2695 3970 2789 4025 sed
2826 3970 2883 4025 in
2919 3969 3207 4026 Salomone
3235 3980 3519 4043 antequam
3545 3986 3573 4025 a
3598 3969 3691 4023 Deo
3712 3964 3762 4018 ilo

2236 4060 2341 4114 lam
2382 4061 2682 4131 acciperet;
2714 4069 2900 4130 postea
2931 4076 3060 4116 vero
3103 4075 3319 4133 semper
3353 4062 3469 4117 fuit.
3499 4059 3551 4115 Si
3578 4072 3685 4126 ergo
3721 4053 3761 4105 in

2234 4150 2454 4207 homine
2489 4151 2688 4207 misero
2716 4150 2786 4206 ad
2823 4152 3282 4222 comparationem
3314 4153 3427 4216 Dei,
3459 4161 3512 4208 et
3553 4160 3761 4222 perquam

2233 4240 2451 4309 exiguo,
2479 4241 2622 4296 intus
2660 4241 2715 4295 in
2742 4241 2906 4297 corde
2944 4241 3112 4297 semel
3139 4242 3318 4311 posita
3363 4258 3471 4298 non
3503 4238 3764 4299 recedit.et

2233 4330 2493 4401 quidquid
2514 4332 2716 4388 utiliter
2738 4332 3057 4397 crediderit,
3084 4332 3320 4387 creditur
3339 4332 3590 4403 sapientia
3616 4323 3764 4399 pacili-

2210 4426 2343 4481 cari
2368 4426 2483 4481 sive
2506 4425 2562 4480 in
2589 4424 2800 4491 litteris,
2831 4424 2945 4479 sive
2985 4425 3036 4479 in
3064 4424 3301 4493 azdiliciis
3329 4422 3619 4479 fabrelactis
3642 4426 3765 4484 atque

540 4505 755 4563 Judices
775 4506 1030 4563 dixerunt
1060 4526 1075 4561 :
1114 4510 1403 4565 Acerrima:
1448 4509 1790 4580 blasphemia:
1837 4513 1984 4569 locus
2022 4524 2122 4570 est.
2155 4518 2203 4578 Ι)
2228 4515 2452 4587 picturis
2478 4515 2594 4585 ipsa
2629 4515 2886 4582 cernitur,
2916 4524 2972 4572 et
3000 4516 3051 4569 in
3080 4517 3288 4571 cunctis
3315 4516 3519 4571 artibus
3546 4514 3649 4584 ipsa
3681 4508 3767 4561 lau-

541 4595 608 4650 Et
635 4596 764 4667 quid
792 4599 1096 4655 moramur?
1122 4596 1192 4653 Et
1219 4608 1417 4654 nostra:
1460 4614 1618 4655 aures
1656 4602 2039 4672 ohtnndumtur,
2070 4615 2127 4663 et

2224 4606 2401 4673 datur,
2432 4614 2634 4676 quanto
2660 4607 2830 4676 magis
2852 4606 2912 4661 in
2952 4607 3092 4671 Deo,
3129 4608 3219 4677 qui
3260 4616 3407 4662 totus
3446 4603 3683 4676 sapientia
3706 4601 3779 4661 est,

544 4697 721 4744 vestra
752 4705 848 4745 ora
875 4689 1208 4760 gradiuntur.
1251 4688 1405 4745 Unde
1426 4706 1523 4761 par
1549 4700 1714 4747 estut
1740 4694 2006 4751 Arnobius
2031 4698 2125 4767 qui

545 4778 748 4835 detexit
794 4781 1186 4853 blasphemiam
1233 4782 1596 4837 testimonium
1622 4782 1732 4853 jam
1761 4800 1790 4839 a
1830 4785 2125 4857 Serapione

542 4868 812 4935 prolatum
836 4881 1091 4940 exponat.
1392 4862 1399 4877 ’

613 4957 749 5013 XIII.
773 4993 844 5004 -—
870 4962 1137 5018 Arnobius
1176 4963 1312 5018 dixit
1343 4982 1356 5017 :
1387 4963 1613 5035 Semper
1643 4963 1740 5020 fuit
1782 4968 2043 5037 sapientia
2073 4972 2124 5024 in

543 5049 705 5104 corde
729 5047 901 5105 Patris
923 5052 1147 5108 interius
1172 5054 1429 5124 reposita,
1451 5056 1723 5123 quomodo
1747 5057 1801 5110 in
1821 5059 1982 5113 corde
2002 5075 2123 5114 ora-

2224 4697 2316 4767 qui
2342 4711 2462 4752 eam
2484 4712 2514 4750 a
2538 4696 2683 4750 nullo
2705 4697 2947 4767 accepit?
2977 4696 3143 4759 Hanc,
3160 4697 3396 4766 inquam,
3415 4708 3569 4767 quam
3595 4698 3768 4755 semper

2226 4787 2430 4853 habuit,
2460 4795 2589 4841 tunc
2608 4788 2826 4849 creavit,
2851 4800 2972 4841 cum
3003 4787 3093 4841 illa
3121 4785 3187 4840 de
3214 4787 3378 4842 corde
3406 4801 3501 4842 suo
3527 4797 3614 4854 per
3636 4775 3767 4832 fabri-

2224 4894 2343 4935 cam
2353 4878 2469 4934 οωιί
2493 4877 2794 4947 ternaque‘
2814 4878 3109 4947 producere
3135 4879 3362 4942 curavit,
3382 4878 3627 4932 utcmlum
3649 4870 3765 4921 liert‘l

2229 4969 2386 5024 simul
2423 4977 2479 5023 et
2514 4968 2692 5023 omnia
2720 4983 2839 5035 qua:
2873 4967 2925 5021 in
2954 4983 3019 5021 eo
3048 4977 3190 5034 sunt,
3220 4982 3342 5036 qua:
3369 4984 3474 5022 non
3503 4971 3657 5024 erant.
3685 4970 3763 5010 "0"

2235 5071 2294 5116 ut
2331 5062 2443 5131 ipse
2485 5060 2744 5128 inciperet
2772 5059 2987 5128 sapiens
3014 5074 3152 5125 esse,
3182 5060 3325 5127 quod
3353 5070 3559 5127 semper
3588 5050 3771 5107 exstite-

1733 5184 1842 5239 ΕΒ.
1886 5185 2360 5244 FEU-ARDENTU
2396 5187 2625 5243 NOTAE.

630 5289 819 5399 'oguid
845 5292 890 5346 si
914 5290 1220 5360 adderetur,
1261 5293 1482 5349 laudans
1505 5312 1565 5349 ac
1603 5314 1913 5368 proponens,
1954 5308 2075 5368 peto.
2099 5317 2131 5353 α

545 5372 613 5418 te.
642 5370 747 5417 etc.
763 5370 779 5414 ’ξ

471 5494 474 5497 Α
545 5401 1030 5502 “(Serapionem
1058 5431 1203 5502 cogit
1231 5430 1296 5502 ad
1323 5432 1421 5488 has
1456 5436 1745 5502 angustias,
1779 5445 1837 5490 ut
1859 5437 1941 5491 vel
1965 5436 2132 5491 fatea-

465 5518 468 5522 ‘
544 5511 630 5557 tur
648 5500 866 5573 Patrem
893 5500 1201 5571 aliquandiu
1221 5501 1385 5555 fuisse
1422 5500 1761 5573 insipientem
1796 5507 1912 5560 :vel
1935 5509 2127 5561 admit-

544 5581 622 5625 tat
644 5571 835 5628 Filium
846 5588 954 5628 non
975 5586 1093 5628 esse
1114 5579 1375 5638 creatum,
1408 5571 1550 5642 quod
1570 5584 1748 5630 tamen
1770 5578 1989 5631 omnino
2010 5593 2133 5632 cou-

543 5642 815 5698 tendebat.

618 5723 640 5751 ε
685 5712 843 5768 Vetus
869 5715 1058 5778 codex,
1083 5722 1397 5768 creaturam.

2308 5297 2335 5335 ἀ
2374 5298 2633 5355 Nimirum
2656 5340 2672 5364 ,
2730 5298 2883 5356 nobis
2937 5315 3033 5369 per
3086 5304 3308 5356 externa
3371 5316 3530 5372 opera
3578 5289 3771 5359 manil'e-p

2238 5377 2372 5423 stus.

2303 5429 2351 5469 d‘
2381 5422 2554 5476 Locus
2585 5432 2888 5491 corruptus.

2308 5505 2331 5532 ι·
2364 5494 2560 5547 'Latina
2590 5489 2761 5547 editio»
2782 5492 2834 5563 in
2866 5493 3019 5547 tertia
3043 5490 3267 5563 persona
3296 5495 3375 5549 sic
3394 5494 3543 5549 ell'ert
3570 5512 3584 5547 :
3614 5489 3764 5543 Domi.

2232 5581 2330 5618 nus
2375 5564 2631 5633 sapientia
2678 5558 2911 5633 [undavit
2953 5558 3172 5630 terram,
3204 5564 3445 5618 stabilivit
3486 5563 3625 5616 cwlas
3662 5576 3763 5629 ρνιι·

2236 5636 2426 5687 tientia.

2314 5708 2330 5742 ι’
2378 5704 2537 5757 Vetus
2566 5701 2753 5755 codex.
2787 5702 2993 5754 creavit.
