3866 6178
143 306 223 362 261

915 296 1335 356 CONFUCTUS
1493 297 1633 353 ἶ)Εο
1668 296 1877 352 TRINO
1915 297 2000 353 ET
2041 297 2198 364 UNO,
2238 297 2387 353 ETC.
2431 296 2555 352 LIB.
2596 297 2640 353 l.

3285 298 3390 352 28?.

143 428 229 477 rat.
254 417 463 474 Creavit
492 426 670 471 autem
702 425 897 470 terram
940 425 989 469 et
1015 414 1191 469 omnia
1221 428 1339 481 quae
1365 412 1414 465 in
1456 426 1519 466 ea
1560 419 1703 475 sunt,
1743 425 1784 480 Α
1813 410 2025 475 lenitas,
2083 409 2290 463 decima
2337 410 2510 477 quies,
2569 408 2848 462 undecima
2896 422 3023 478 pax,
3073 409 3389 466 duodecima

138 528 241 581 qua:
268 526 372 566 non
411 517 586 571 erant,
613 523 719 562 non
748 514 805 560 ut
853 507 967 576 ipse
998 507 1254 576 inciperet
1297 518 1516 574 sapere,
1557 503 1699 570 quod

139 612 245 658 ante
272 618 376 656 non
406 609 677 670 sapuerat.
704 598 784 653 Tu
813 607 1019 656 autem.
1041 597 1298 666 Serapion
1317 638 1331 661 ,
1363 596 1454 664 qui
1494 596 1697 664 capitu-

139 699 228 749 lum
256 693 357 748 loci
399 692 664 758 integrqu
695 704 802 744 non
833 688 1120 763 protulisti,
1164 687 1286 741 audi
1319 695 1490 739 totum
1538 692 1699 754 caput

139 785 275 853 hujus
302 782 427 848 loci,
466 790 526 836 ut
547 781 737 836 credas
766 779 895 833 illud
926 793 1056 831 meae
1085 775 1450 847 explanationi
1481 789 1701 829 concor-

138 878 264 930 dare.
296 872 550 926 Dominus
584 872 775 924 creavit
814 886 894 922 me
918 869 1121 922 initium
1163 868 1360 920 viarum
1405 880 1616 917 suarum
1643 864 1698 915 in

139 981 271 1033 opera
296 978 421 1027 sua;
453 971 577 1014 ante
598 960 843 1015 swculum
874 959 1105 1029 fundarit
1135 973 1232 1019 me,
1258 956 1553 1026 priusquam
1592 961 1699 1005 ter-

137 1073 233 1110 ram
280 1058 500 1127 faceret,
530 1055 829 1125 priusquam
872 1058 1081 1120 poneret
1128 1048 1357 1119 abyssos,
1402 1048 1699 1117 priusquam

139 1147 422 1218 produceret
443 1147 615 1216 fontes
645 1158 915 1213 aquarum,
942 1142 1237 1212 priusquam
1265 1139 1517 1192 stabiliret
1547 1153 1699 1191 mon-

140 1224 238 1291 tei:
265 1244 384 1289 ante
417 1235 573 1289 colles
602 1235 773 1306 genuit
801 1249 900 1286 me.
930 1231 1185 1285 Pnescius
1224 1245 1353 1299 ergo
1395 1230 1537 1284 Deus
1575 1230 1701 1298 quia

138 1329 226 1384 hoc
249 1327 393 1397 quod
416 1327 617 1381 dictum
646 1323 839 1385 fuerat,
864 1324 1059 1378 creavit
1078 1340 1174 1387 me,
1207 1323 1444 1393 potuisse
1465 1322 1533 1376 ad
1559 1322 1702 1392 peri-

135 1418 294 1474 culum
336 1416 682 1486 blasphemia:
724 1415 1027 1484 pervenire,
1059 1414 1300 1482 adjecit:
1346 1414 1481 1468 Ante
1526 1429 1703 1467 omnes

137 1510 272 1564 colles
295 1511 471 1581 genuit
511 1525 591 1562 me
615 1506 795 1579 (Prov.
829 1523 937 1572 mi,
981 1504 1094 1577 ‘25).
1128 1506 1243 1561 Hoc
1282 1520 1536 1561 sermone
1559 1505 1703 1575 quod

138 1600 277 1664 dixit,
309 1616 408 1662 me,
440 1598 568 1653 illud
614 1599 962 1668 interpretata
992 1604 1072 1651 est
1114 1598 1228 1667 ipsa
1270 1597 1530 1666 sapientia
1559 1595 1703 1666 quod

131 1691 337 1756 dixerat,
370 1693 563 1744 creavit
592 1706 691 1743 me.
734 1687 887 1743 Unde
918 1697 973 1743 et
998 1689 1241 1757 sequitur
1272 1706 1285 1740 :
1324 1686 1450 1741 Cum
1476 1687 1701 1757 parabat

1801 505 2132 570 obedientia,
2163 506 2322 559 tertia
2353 506 2559 559 decima
2590 504 2995 571 longanimitas,
3025 510 3213 572 quarta
3244 502 3389 556 deci-

1801 612 1888 650 ma
1929 596 2161 651 solitudo
2203 604 2407 662 sancta,
2439 596 2623 663 quinta
2649 595 2854 648 decima
2882 601 3221 662 contemptus
3264 608 3391 646 ven-

1803 688 1915 749 tris,
1959 687 2164 741 decima
2192 694 2345 741 sexta
2390 687 2623 741 studium
2667 685 2880 747 mentis,
2910 683 3117 738 decima
3161 682 3386 751 septima

1799 779 2034 842 castitas,
2068 777 2273 832 decima
2304 786 2495 832 octava
2524 776 2843 843 benignitas,
2885 773 3089 828 decima
3119 787 3254 827 nona
3285 772 3385 825 mi-

1798 871 2108 933 sericordia,
2140 870 2393 938 vigesima
2415 868 2641 938 justitia,
2667 867 2919 936 vigesima
2950 866 3119 935 prima
3148 864 3384 917 liberali—

1799 970 1901 1026 tas,
1935 962 2189 1029 vigesima
2219 962 2451 1015 secunda
2480 960 2713 1015 studium
2734 958 2969 1014 scientia:
2997 958 3130 1024 legis
3165 956 3279 1024 Dei,
3304 957 3384 1010 vi-
3416 1028 3417 1031 η

1800 1054 2002 1121 gesima
2026 1052 2181 1107 tertia
2205 1068 2357 1106 amor
2377 1052 2699 1121 optimarum
2727 1064 2924 1113 rerum,
2945 1048 3198 1117 vigesima
3226 1050 3421 1115 (μιαν-⁵

1803 1151 1857 1196 ta
1878 1151 2220 1211 contemptus
2248 1142 2560 1211 temporalis
2588 1142 2788 1209 gloriae,
2818 1140 3073 1208 vigesima
3101 1138 3287 1207 quinta
3319 1136 3400 1189 al-

1798 1234 1959 1289 l'ectio
1979 1234 2161 1302 gloria:
2189 1234 2548 1303 sempiternae.
2575 1232 2665 1287 Hae
2694 1248 2881 1287 omnes
2910 1232 3008 1286 viae
3035 1231 3130 1286 Dei
3160 1238 3304 1294 sunt,
3331 1231 3383 1284 in

1800 1324 1994 1393 quibus
2040 1324 2153 1393 ipse
2206 1322 2367 1379 Pater
2404 1324 2648 1393 quotidie
2674 1324 3070 1389 deambulabat,
3103 1324 3243 1378 sicut
3290 1339 3384 1392 per

1800 1414 2121 1483 prophetam
2151 1414 2282 1469 dicit
2312 1432 2325 1467 :
2366 1413 2492 1469 Vivo
2516 1431 2612 1486 ego
2643 1414 2913 1475 Dominus,
2941 1416 3062 1484 quia
3080 1431 3175 1485 ego
3203 1414 3386 1468 ambu-

1802 1503 1920 1557 labo
1962 1506 2017 1557 in
2038 1505 2133 1570 eis,
2169 1512 2220 1557 et
2259 1520 2349 1558 ero
2367 1504 2576 1559 illorum
2603 1503 2783 1566 Pater,
2807 1513 2856 1558 et
2877 1506 2977 1574 ipsi
3012 1514 3163 1557 erunt
3180 1505 3304 1558 mihi
3334 1507 3385 1558 in

1800 1600 1938 1671 filios
1965 1608 2015 1653 et
2052 1600 2218 1670 ﬁlias,
2249 1600 2375 1653 dicit
2414 1598 2671 1654 Dominus
2717 1599 3040 1667 omnipotens
3070 1596 3213 1668 (Leo.
3244 1614 3383 1662 xxvr.

1805 1684 1900 1755 £2;
1953 1688 1995 1742 ll
2035 1686 2524 1760 Cor.vn,l6).lnhis
2566 1702 2694 1757 ergo
2738 1688 2986 1742 omnibus
3034 1688 3132 1742 viis
3177 1688 3387 1743 Domini

132 1780 310 1847 salum,
327 1780 484 1834 simul
507 1796 621 1833 cum
642 1779 733 1833 illo
757 1795 927 1843 eram;
949 1786 996 1831 et
1022 1790 1044 1814 η
1068 1795 1181 1832 cum
1208 1778 1508 1849 segregabat
1528 1777 1702 1832 sedem
1737 1785 1776 1841 ιι
1805 1781 1955 1851 prior
1990 1790 2170 1836 creata
2199 1792 2283 1835 est
2326 1780 2631 1851 Sapientia,
2663 1796 2771 1851 quo
2806 1781 2898 1850 qui
2934 1781 3253 1851 sapientiam
3295 1781 3390 1835 Dei

132 1888 278 1936 utam,
316 1871 526 1941 quando
549 1887 704 1940 super
740 1879 915 1923 uentos
957 1875 1116 1940 fortes
1157 1867 1377 1940 faciebat
1410 1869 1462 1920 in
1501 1864 1699 1921 summa

130 1963 288 2029 nubes,
311 1971 360 2016 et
381 1962 538 2015 boum
560 1970 721 2016 certos
746 1960 967 2030 ponebat
990 1961 1155 2031 fontes
1185 1959 1278 2013 sub
1305 1959 1461 2024 caelo;
1490 1966 1540 2012 et
1586 1974 1701 2011 cum

135 2056 271 2129 fortia
322 2054 546 2126 faciebat
596 2053 933 2124 fundamenta
991 2061 1175 2118 terrm,
1230 2068 1344 2105 cum
1397 2053 1511 2122 ipso
1557 2066 1699 2104 eram

133 2158 292 2202 cuncta
332 2163 673 2219 cornponens,
729 2157 751 2186 ε
803 2146 873 2199 ad
920 2162 1072 2216 quam
1122 2145 1376 2217 gaudebat
1412 2146 1469 2198 in
1515 2146 1700 2215 faciem

130 2257 294 2307 meam,
322 2257 437 2293 cum
466 2240 732 2293 laetaretur
752 2236 873 2293 orbe
897 2239 1123 2309 perfecto
1147 2235 1328 2305 (Prov.
1355 2251 1463 2300 viti,
1486 2234 1699 2303 27-5i).

190 2330 251 2385 Et
296 2332 537 2401 adjecit:
582 2324 769 2385 Dicant
807 2345 949 2384 nunc
991 2328 1199 2398 judices
1229 2327 1490 2397 objectori
1542 2329 1701 2397 hujus

130 2423 408 2488 sententias,
438 2437 600 2490 quam
649 2422 871 2491 protulit
898 2422 963 2476 ad
1011 2423 1113 2475 hoc
1156 2429 1215 2475 ιιι
1241 2421 1461 2476 doceret
1485 2421 1576 2475 Dei
1607 2421 1698 2475 Fi-

128 2514 243 2568 tiuin
263 2530 367 2568 non
398 2528 519 2567 esse
545 2511 757 2577 Filium,
780 2513 872 2566 sed
901 2519 1203 2566 creaturam
1235 2509 1378 2579 ejus;
1409 2510 1551 2565 dicat
1569 2511 1612 2565 si
1631 2526 1699 2565 eo

130 2603 298 2657 ordine
316 2618 425 2672 quo
447 2611 761 2672 persecutus
787 2618 923 2668 sum,
948 2609 1151 2656 textum
1175 2601 1396 2669 integra:
1423 2603 1701 2655 sententize

128 2694 372 2762 percurri,
401 2701 459 2747 et
497 2692 603 2747 boe
628 2693 771 2761 quod
800 2691 1020 2749 dixerat
1056 2691 1171 2761 ipsa
1201 2692 1484 2761 sapientia,
1519 2690 1701 2747 Domi-

125 2796 214 2835 tnts
240 2782 428 2834 creauit
455 2796 571 2853 nte;
602 2778 631 2816 ά
661 2781 775 2850 ipsa
803 2780 1097 2850 subjunxit,
1131 2782 1307 2851 genuit
1334 2796 1449 2845 me;
1479 2790 1506 2817 ε
1528 2788 1585 2835 et
1610 2790 1704 2835 aut

123 2869 297 2924 credat
322 2883 541 2939 semper
567 2869 729 2924 fuisse
750 2869 802 2923 in
832 2867 993 2923 Patre
1019 2870 1358 2938 sapientiam,
1393 2879 1486 2924 aut
1506 2870 1702 2926 doceat

128 2962 240 3018 sine
255 2962 516 3033 sapientia
535 2962 698 3017 fuisse
720 2961 886 3016 Deum
907 2969 1195 3030 antequam
1215 2961 1540 3017 condidisset
1556 2977 1697 3017 eam.

130 3086 201 3098 -—
222 3053 483 3124 Serapion
504 3053 641 3107 dixit
671 3071 685 3105 :
709 3051 905 3107 Fateor
928 3060 984 3107 et
1009 3053 1215 3121 integre
1243 3060 1303 3106 ut
1338 3054 1595 3123 scriptum
1619 3061 1705 3108 est

1803 1871 1955 1940 prior
1982 1870 2183 1925 habere
2223 1872 2408 1940 erepit,
2442 1886 2542 1925 nec
2570 1886 2729 1924 unam
2756 1870 2825 1926 de
2854 1871 2952 1925 viis
2979 1872 3097 1925 istis
3140 1871 3389 1925 incedere

1802 1959 2022 2029 poterit.
2060 1959 2077 1997 ί
2111 1958 2247 2014 Simt
2279 1975 2408 2029 ergo
2438 1962 2551 2014 ista:
2576 1960 2676 2015 vite
2705 1960 2890 2029 viginti
2922 1968 3174 2029 quatuor,
3202 1961 3389 2029 viginti

1801 2058 2036 2119 quatuor
2062 2054 2333 2106 seniorum
2358 2067 2635 2106 numerum
2664 2052 2995 2120 assignantes
3017 2053 3196 2122 (Apoc.
3223 2069 3292 2113 iv,
3310 2052 3387 2122 4),

1802 2143 1895 2214 qui
1924 2142 2087 2199 libras
2115 2144 2368 2212 singulas,
2399 2153 2455 2198 et
2479 2145 2820 2213 integerrime
2840 2145 2966 2198 novi
2993 2152 3049 2198 et
3071 2145 3266 2200 veteris
3295 2144 3392 2199 Τθο

1800 2237 2051 2292 stamenti
2083 2237 2134 2290 in
2160 2252 2317 2290 unam
2348 2236 2537 2291 libram
2558 2236 2840 2291 duodecim
2863 2237 3228 2307 apostolorum
3258 2238 3391 2292 assi-

1800 2335 1985 2398 gnant,
2018 2336 2078 2382 ut
2120 2335 2231 2382 tres
2258 2328 2371 2381 ista:
2402 2326 2549 2381 librae
2580 2342 2676 2396 per
2715 2328 2813 2381 tria
2842 2340 3038 2394 genera
3068 2328 3387 2397 populorum

1802 2420 2098 2473 onerantur
2125 2418 2402 2472 Trinitatis
2441 2418 2667 2483 auctori,
2696 2418 2748 2471 id
2793 2429 2906 2483 est,
2937 2402 3273 2485 virginitatis,
3306 2427 3390 2472 at-

1802 2521 1908 2576 que
1952 2507 2227 2562 viduitatis
2253 2515 2308 2561 et
2335 2506 2589 2575 conjugii.
2623 2507 2772 2561 Totas
2813 2515 2994 2561 autem
3041 2515 3151 2563 tres
3177 2509 3290 2563 ἱδιςυ
3320 2509 3390 2563 li-

1801 2600 1913 2654 bra:
1942 2600 2285 2666 integerrime
2314 2614 2410 2669 per
2436 2600 2551 2653 vias
2589 2614 2713 2653 suas
2744 2599 3098 2663 ambulantes,
3133 2616 3236 2655 una
3267 2601 3388 2665 ﬁde,

1804 2708 1909 2747 una
1953 2707 2068 2762 spe,
2114 2707 2218 2746 una
2244 2692 2525 2758 charitate,
2552 2707 2660 2747 uno
2698 2700 3029 2747 consecratae
3071 2692 3392 2763 baptismate

1803 2783 2131 2850 subsistunt;
2161 2798 2281 2852 qua:
2310 2782 2524 2853 penitus
2551 2797 2651 2853 per
2665 2783 2781 2837 vias
2819 2798 2945 2838 suas
2982 2783 3256 2846 ambulare
3284 2800 3390 2838 non

1804 2883 2077 2945 poterunt,
2111 2876 2215 2930 nisi
2242 2876 2296 2930 in
2327 2876 2443 2945 ipso
2473 2875 2627 2931 initio
2655 2876 2863 2930 viarum
2881 2876 3141 2933 Dominus
3169 2893 3393 2933 creave-

1767 3010 1773 3016 .
1805 2965 1875 3019 rit
1911 2965 1967 3019 in
2012 2966 2282 3021 mentibus
2327 2981 2514 3021 eorum
2549 2966 2887 3037 sapientiam.
2923 2966 3075 3023 Unde
3115 2967 3393 3024 Psalmista

1806 3073 1927 3113 cum
1956 3058 2160 3113 diceret
2187 3077 2202 3113 :
2244 3058 2373 3114 Vias
2401 3067 2538 3126 tuas,
2570 3057 2810 3124 Domine,
2829 3070 2979 3114 notas
3010 3063 3094 3127 fac
3122 3061 3247 3114 mihi
3268 3059 3390 3132 (Ps.

126 3161 155 3198 s
177 3145 462 3201 Salomone
492 3154 832 3215 prosecutum
850 3185 867 3211 ,
902 3151 957 3199 et
985 3152 1105 3198 ante
1133 3160 1310 3198 omnes
1342 3145 1499 3199 colles
1531 3148 1706 3216 genuit
1729 3161 1775 3222 (ς
1808 3166 1950 3213 xxiv,
1973 3140 2050 3222 ί),
2081 3151 2205 3221 quia
2245 3150 2449 3206 sciebat
2478 3167 2585 3206 non
2614 3166 2774 3222 posse
2799 3151 3075 3206 ambulare
3100 3152 3216 3206 vias
3243 3152 3392 3219 istas,

128 3250 218 3299 ste,
246 3245 535 3306 propterea
566 3235 767 3289 utiliter
788 3233 1148 3304 subjunxisse,
1178 3243 1238 3289 ut
1260 3235 1365 3290 hoc.
1383 3236 1527 3305 quod
1546 3236 1698 3301 dixit,

126 3325 311 3382 [γραεξι
330 3345 431 3392 me,
462 3329 638 3401 genuit
657 3344 757 3393 me,
781 3327 1057 3383 evidenter
1077 3328 1406 3383 ostenderet.
1435 3359 1509 3371 —
1529 3329 1704 3383 Arno-

126 3417 231 3475 hius
254 3420 391 3475 (ﬁxit
422 3438 437 3473 :
467 3418 673 3489 Nempe
700 3419 864 3490 priori
889 3417 1143 3475 conﬂictu
1170 3418 1370 3474 dixisse
1397 3428 1451 3475 te
1473 3420 1697 3487 recoles,

128 3524 212 3564 cur
242 3512 568 3582 incorporea
607 3526 695 3566 me
738 3511 1027 3582 protulisse
1054 3512 1323 3582 exempla,
1364 3528 1530 3582 quare
1559 3528 1703 3570 nunc

132 3601 318 3658 initium
343 3604 550 3659 viarum
592 3603 688 3659 Dei
713 3619 812 3675 per
835 3612 1049 3661 montes
1087 3613 1144 3660 et
1167 3605 1349 3675 colles,
1382 3614 1437 3661 et
1473 3605 1703 3663 fabricas

131 3694 347 3751 visibiles
371 3696 659 3751 docentem
690 3706 978 3752 contentus
1005 3712 1081 3763 es,
1114 3697 1217 3752 nisi
1244 3698 1388 3767 Quod
1417 3699 1699 3771 mysticum

128 3780 303 3839 divina:
332 3784 629 3855 Scriptum
658 3800 876 3841 sensum
903 3787 957 3842 in
986 3787 1156 3842 solam
1185 3788 1464 3842 historiam
1491 3789 1698 3856 videns,

123 3882 177 3927 et
198 3874 405 3930 initium
429 3877 640 3931 viarum
669 3877 967 3946 inquirens,
999 3878 1114 3934 vias
1143 3879 1285 3949 ipsas
1312 3895 1419 3936 non
1442 3882 1698 3950 quiesisti,

128 3977 412 4023 creatorem
454 3983 586 4024 vero
630 3969 799 4025 Deum
846 3985 967 4025 esse
1018 3985 1127 4025 non
1174 3970 1348 4026 solum
1402 3972 1700 4027 litterarum

126 4052 328 4122 judicio,
349 4073 538 4112 verum
559 4059 724 4113 etiam
752 4060 919 4130 ipsius
944 4067 1142 4116 nostra:
1165 4062 1421 4116 naturalis
1449 4061 1701 4118 conside-

128 4146 337 4203 rationis
362 4148 656 4205 doceamus
698 4151 973 4207 instinctu.
1001 4150 1115 4206 Vite
1140 4161 1319 4206 autem
1348 4152 1558 4207 Domini
1587 4154 1703 4209 ista:

127 4246 260 4304 sunt,
304 4240 475 4309 prima
531 4240 666 4296 ﬁdes
688 4282 703 4307 ,
748 4242 981 4297 secunda
1027 4257 1179 4311 spes,
1237 4242 1394 4297 tertia
1444 4234 1701 4310 cbaritas,

130 4338 307 4396 quarta
361 4333 785 4402 perseverantia,
814 4333 999 4402 quinta
1055 4333 1287 4396 bonitas,
1334 4340 1488 4388 sexta
1542 4335 1705 4389 timor

129 4415 342 4488 Domini,
376 4421 605 4493 septima
650 4422 971 4487 constantia,
1024 4430 1213 4481 octava
1241 4424 1518 4493 patientia,
1559 4440 1701 4480 nona

1805 3240 1908 3296 nisi
1937 3240 2196 3296 Dominus
2242 3241 2560 3311 sapientiam
2601 3250 2840 3298 creasset
2870 3243 2922 3297 ei
2962 3243 3019 3298 in
3065 3243 3246 3308 corde,
3274 3250 3395 3298 orat

1804 3331 1973 3386 Deum
2012 3331 2196 3387 dicens
2228 3350 2242 3383 :
2284 3331 2385 3387 Cor
2412 3334 2660 3387 mundum
2706 3350 2825 3387 crea
2853 3335 2909 3388 in
2936 3351 3019 3388 nte
3045 3334 3184 3389 Deus
3215 3334 3389 3405 (Psal.

1804 3440 1856 3489 ι,
1881 3422 1969 3493 12)
2000 3442 2015 3476 :
2046 3426 2167 3497 quia
2194 3426 2251 3478 in
2278 3424 2544 3479 sordidam
2580 3425 2761 3499 [Vulg.
2793 3425 3120 3497 malerelam]
3160 3428 3393 3481 animant

1803 3532 1908 3570 non
1950 3516 2114 3569 intrat
2138 3516 2394 3586 sapientia
2412 3554 2427 3577 ,
2472 3531 2566 3568 nec
2611 3516 2844 3569 habitare
2880 3524 3048 3587 potest
3086 3517 3143 3571 in
3182 3533 3396 3587 corpore

1803 3606 2008 3661 subdito
2034 3607 2356 3674 peccatis.—
2376 3603 2588 3660 Iudices
2616 3606 2902 3660 dixerunt:
2932 3604 3057 3660 Plus
3084 3621 3246 3675 quam
3270 3620 3395 3677 per-

1802 3699 1943 3756 fecte
1987 3697 2251 3753 satisfecit
2277 3697 2545 3753 Arnobius
2571 3697 2638 3752 de
2667 3698 2977 3753 testimonio
3003 3697 3309 3767 sapientiae,
3336 3704 3395 3753 et

1802 3788 1950 3859 quod
1977 3789 2031 3843 in
2061 3787 2174 3843 Deo
2199 3802 2415 3859 semper
2441 3785 2619 3852 fuerit,
2660 3794 2716 3842 et
2737 3785 2883 3855 quod
2910 3794 3092 3841 creata
3120 3786 3175 3840 in
3201 3787 3392 3842 menti-

1805 3881 1905 3936 bus
1933 3881 2003 3936 sit
2046 3895 2077 3934 a
2103 3879 2236 3945 Deo,
2258 3893 2378 3948 quae
2395 3878 2509 3933 vias
2536 3880 2757 3947 cupiunt
2801 3878 3077 3934 ambulare
3113 3878 3391 3934 virtutum.

1805 3970 1862 4026 Si
1882 3969 2008 4039 quid
2036 3977 2120 4024 est
2146 3972 2291 4039 quod
2318 3968 2581 4039 Serapion
2610 3970 2908 4038 interroget
2931 3968 3228 4024 audiamus.

1873 4059 2348 4129 XlV.—Serapion
2368 4059 2504 4115 dixit
2529 4058 2616 4114 :Si
2648 4061 2797 4130 prior
2808 4059 2949 4114 Deus
2975 4075 3072 4115 cor
3097 4059 3317 4114 mundat
3338 4067 3396 4114 et

1805 4151 2120 4222 sapientiam
2138 4165 2245 4204 non
2264 4157 2431 4214 creat,
2448 4165 2555 4205 non
2585 4149 2783 4204 habent
2802 4149 3013 4218 culpam
3033 4149 3079 4203 si
3099 4150 3151 4203 in
3173 4150 3275 4203 viis
3297 4150 3389 4204 Dei
3430 4224 3433 4227 Ἴ

1808 4258 1914 4297 non
1944 4239 2695 4295 ambulaverint.—Arnobius
2714 4240 2847 4293 dixit
2872 4256 2886 4291 :
2918 4238 3110 4293 Salvus
3131 4240 3201 4293 sit
3219 4247 3390 4294 status

1806 4333 2181 4404 disputationis
2205 4340 2401 4385 nostra:
2419 4349 2432 4383 :
2449 4332 2517 4386 de
2534 4330 2647 4385 Deo
2667 4330 2809 4385 enim
2829 4344 2989 4399 agere
3009 4332 3266 4401 empimus
3289 4330 3390 4385 Pa-

1809 4433 1910 4491 tre,
1932 4434 1988 4480 ει
1999 4424 2154 4486 Filio,
2177 4432 2233 4478 et
2245 4422 2446 4494 Spiritu
2461 4428 2665 4487 sancto,
2679 4430 2735 4476 et
2749 4430 3081 4491 assumptum
3103 4431 3185 4478 est
3198 4421 3264 4476 ad
3284 4423 3389 4478 hoc

1302 4511 1413 4566 FR.
1455 4512 1938 4571 FEU-ARDENTII
1977 4513 2204 4569 ΝΟΤᾸΞ.

196 4610 221 4685 ξ
256 4602 312 4657 In
351 4603 583 4671 vulgatis
610 4602 794 4658 Bibliis
822 4603 1065 4691 legimus,
1091 4607 1179 4661 τὸν
1206 4607 1386 4662 ἑαυτοῦ
1417 4606 1594 4678 θρόνον
1618 4607 1698 4664 ἐπ’

1808 4610 1935 4691 Eam
1958 4606 2100 4662 LXX
2124 4608 2339 4691 habent,
2504 4605 2691 4691 ἔμηχῇ
2718 4609 3090 4691 τςρρσὲχοιιρινῖ
3115 4607 3345 4691 Irenaaus
3369 4627 3385 4663 :

129 4673 461 4755 bipenne-um
481 4684 765 4755 secerneret
782 4673 952 4755 sedem
971 4691 1118 4755 suam
1137 4692 1288 4745 super
1301 4673 1566 4755 uentos,_et
1586 4695 1700 4731 cum

321 4744 515 4816 faceret
533 4743 751 4816 desuper
771 4743 947 4816 nube_s.
971 4744 1164 4798 Verum
1191 4743 1330 4814 apud
1351 4745 1698 4816 Cyprianum,
1729 4786 1731 4789 τ

126 4819 174 4862 ιιι
200 4811 358 4867 habét
385 4814 473 4868 hic
517 4813 786 4867 Arnobius
817 4832 830 4866 :
879 4813 1083 4868 Etcum
1127 4811 1411 4869 secerneret
1432 4811 1582 4870 suam
1621 4811 1701 4871 se?

124 4880 261 4944 deus;
288 4898 402 4935 eum
421 4900 578 4951 super
604 4892 779 4937 ventos
823 4883 1246 5008 validas/acer“
1273 4884 1493 4955 desuper
1520 4886 1697 4940 nubes.

124 4948 265 5008 Apud
292 4951 550 5007 Hilarium
573 4953 764 5007 eodem
795 4954 953 5008 modo
987 4971 999 5006 :
1060 4964 1211 5008 taque
1238 4971 1335 5008 vox
1358 4954 1540 5008 fortes.
1565 4959 1697 5008 refe-

123 4948 265 5027 Apud
292 4948 550 5027 Hilarium
573 4953 764 5027 eodem
795 4954 962 5027 modo
987 4971 999 5006 :
1027 4948 1211 5024 Itaque
1238 4971 1335 5027 veg:
1358 4948 1540 5019 fortes,
1565 4959 1701 5027 refe-

122 5022 389 5101 renda_est
415 5023 491 5101 ad
521 5023 860 5101 nubes,nnon_
894 5024 963 5076 ad
1004 5022 1200 5101 ventos
1234 5042 1246 5076 :
1282 5022 1467 5101 Gnece
1492 5022 1703 5101 gazam

273 5090 632 5162 Tertullianus
664 5111 676 5145 :
710 5091 895 5146 Fortia
925 5092 1118 5148 nubila.
1144 5093 1413 5162 Pagninus
1440 5112 1452 5147 :
1482 5090 1703 5159 Qiiiin'do

120 5158 352 5231 ﬁrmabat
378 5165 528 5216 calas
559 5164 790 5231 desuper.

184 5230 208 5266 δ
246 5230 413 5287 Vetus
457 5233 651 5301 codex,
686 5230 816 5287 cum
853 5242 1037 5288 certus.
1071 5234 1337 5301 Quoniam
1379 5232 1565 5290 Grmce
1618 5246 1702 5291 est

118 5302 346 5420 me
388 5306 579 5375 πηγὰς.
608 5300 906 5372 Cyprianus
950 5322 963 5357 :
997 5303 1066 5358 Et
1094 5300 1209 5359 cum
1245 5306 1700 5375 conﬁrmatos‘po-

316 5381 456 5420 antes
482 5371 576 5420 sub
596 5372 738 5420 (mlo.
761 5372 981 5420 Tertull-
1007 5375 1126 5420 adv-
1160 5375 1552 5420 Hermogenem
1583 5394 1596 5420 ε
1633 5377 1700 5420 Rt

208 5379 262 5421 at
292 5373 456 5439 fontes
470 5371 576 5426 ’sub
596 5371 738 5426 aulo.
761 5372 981 5428 Tertull.
1007 5375 1126 5428 adv.
1160 5371 1553 5441 Hermogenem
1583 5371 1700 5430 :Et

118 5451 226 5517 cunt
253 5441 429 5517 [irritos
457 5442 681 5517 ponebat
708 5445 872 5517 fontes
905 5445 1160 5517 ejusque
1186 5444 1279 5499 sub
1309 5445 1432 5500 coelo
1467 5455 1564 5499 est.
1600 5445 1697 5503 Hic

117 5506 177 5558 ad
208 5506 425 5565 verbum
447 5506 889 5568 transfert'verba
918 5506 1077 5568 LXXI
1103 5515 1287 5570 lrenzei
1318 5524 1495 5569 autem
1524 5517 1692 5570 inter-

117 5590 233 5658 pres
260 5583 421 5658 verba
443 5582 649 5658 Aquila;
675 5592 727 5658 et
758 5582 1163 5658 Theodotionis,
1199 5588 1293 5658 qui
1321 5584 1549 5642 ἄϐυσσον
1573 5602 1693 5641 vcr-

117 5652 289 5729 mttl:
319 5652 434 5706 loco
474 5656 531 5729 τρ
561 5654 651 5707 ὑπ’
674 5654 901 5729 obpansis.

184 5727 207 5756 ‘
249 5719 411 5776 Vetus
432 5723 621 5789 codex,
651 5725 720 5776 ad
734 5719 892 5795 'quem
931 5726 1128 5797 gaudet:
1142 5738 1186 5781 τι
1214 5729 1266 5781 in
1289 5728 1475 5798 faciem
1503 5741 1687 5780 meum.

1805 4679 1918 4751 Ego
1945 4696 2087 4751 erant
2115 4670 2571 4751 cuiradg’am'lebat.
2605 4670 2844 4742 Quotidie
2863 4670 3038 4751 aute'm
3061 4678 3389 4751 jucu_ndabar

1801 4746 1874 4820 inf
1885 4751 2018 4820 facie
2036 4749 2168 4820 ejus,
2197 4750 2251 4801 in
2273 4746 2411 4803 omni
2436 4746 2679 4820 tempore,
2711 4764 2824 4800 cum
2853 4746 3135 4820 lauaretur.
3161 4747 3383 4820 Tertull.

1802 4818 2011 4900 advers.
2046 4818 2478 4900 Hermogenem:
2508 4818 2616 4899 Ego
2644 4834 2785 4871 eram
2809 4818 2880 4871 ad
2906 4835 3057 4900 quam
3086 4818 3346 4900 gaudeth
3370 4840 3388 4876 :

1802 4890 2026 4960 quotidie
2053 4898 2220 4941 autem
2242 4887 2533 4960 oblectabar
2556 4887 2614 4960 in
2642 4902 2858 4957 persona
2877 4887 3007 4959 ejus,
3030 4887 3237 4960 quando
3263 4889 3393 4944 oble-

1752 5015 1759 5022 ,
1803 4956 2041 5030 stabatur
2069 4974 2183 5011 cum
2197 4959 2493 5030 perfecisset
2520 4956 2712 5030 orbem.

1876 5032 1900 5064 α
1941 5026 2299 5102 Hieronymus
2345 5027 2620 5102 explicans
2672 5026 2798 5102 illud
2840 5028 2989 5102 Isaia:
3044 5028 3194 5102 (Cap.
3230 5033 3390 5102 tm):

1806 5094 2202 5169 Geneiatione'm
2222 5097 2335 5169 ejus
2349 5094 2468 5169 quis
2498 5094 2800 5169 enarrabil?
2819 5099 2923 5152 ait:
2949 5094 3100 5169 Istud
3123 5094 3186 5153 de
3206 5094 3392 5155 divini-

1803 5178 1909 5220 tate
1934 5166 2059 5221 Filii
2089 5166 2445 5234 accipiendum
2480 5176 2575 5231 est,
2606 5168 2741 5239 quod
2770 5167 3084 5238 impossibile
3110 5172 3179 5223 sit
3206 5172 3393 5225 divinis

1804 5239 2306 5322 nativitalismnosse
2368 5236 2631 5308 mysteria;
2677 5236 2767 5322 “De
2840 5236 2942 5310 qua
2996 5241 3104 5322 ipse
3165 5242 3391 5313 loquitur

1802 5310 1854 5360 in
1877 5306 2168 5380 Proverbiis
2190 5322 2208 5359 :
2237 5307 2372 5380 Ante
2404 5306 2580 5362 omnes
2608 5308 2765 5380 colles
2790 5306 3055 5380 generavit
3075 5326 3172 5362 me.

1867 5387 1900 5501 ἆ
1939 5375 2030 5432 Sic
2055 5377 2387 5432 correximus
2435 5393 2533 5448 pro
2578 5375 2808 5443 credam,
2836 5379 2978 5448 quod
3032 5388 3150 5433 erat
3178 5380 3228 5432 in
3280 5388 3386 5430 vet.

1800 5462 1900 5502 οοα
1910 5487 1925 5502 .

1874 5514 1893 5554 ί
1937 5515 2083 5572 Hanc
2103 5516 2414 5586 allegoriam
2445 5517 2615 5573 fateor
2643 5518 2770 5572 mihi
2797 5517 3209 5587 peroliscuram;
3248 5515 3390 5587 arbi-

1799 5595 2016 5669 troi'que
2046 5585 2248 5669 aliqum
2276 5588 2467 5669 menda
2517 5603 2655 5649 esse,
2686 5585 2809 5656 quin
2848 5603 2954 5641 non
3002 5586 3102 5639 nisi
3150 5585 3390 5643 melioris

1797 5656 1999 5713 codiCis
2028 5656 2224 5714 auxilio
2253 5658 2447 5728 corrigi
2472 5667 2713 5729 possunt.
