3866 6178
483 262 584 316 9933

1823 248 2088 309 summ
2129 212 2431 308 Munus
2946 216 2959 227 “
3598 255 3677 313 ,3,

482 370 867 433 testimonium,
881 374 938 423 ut
952 365 1260 423 ostenderes
1278 366 1371 422 Dei
1387 365 1573 423 Filium
1589 340 1907 419 creaturam.
1926 364 2074 439 Hac:
2098 372 2140 426 Α
2174 365 2441 421 Arnobius
2455 364 2588 417 dixit
2614 382 2626 415 :
2652 362 2843 417 Portus
2865 361 3056 417 inferni
3084 363 3197 417 illas
3218 363 3426 419 dicimus
3440 382 3555 435 quas
3572 372 3682 436 prin-

483 474 639 516 tenus
669 458 1000 515 ostendimus
1037 458 1354 526 sapientiam
1383 458 1436 510 in
1475 456 1588 510 Deo
1619 455 1780 509 fuisse
1824 469 2065 525 semper,

481 554 789 621 justumque
819 559 898 604 est
928 558 984 602 ut
1007 548 1073 603 de
1096 549 1296 602 deitate
1319 556 1373 601 et
1392 547 1654 601 Triuitate
1684 554 1866 600 nostra
1887 554 2069 600 currat

485 644 741 705 intentio;
774 650 950 695 tamen
984 639 1287 693 transitur-ie
1326 639 1488 693 etiam
1516 638 1603 691 hic
1631 637 1820 691 damus
1847 650 2069 704 respon-

483 750 618 787 sum.
660 732 798 785 Deus
846 732 986 786 sicut
1031 746 1370 797 personarum
1409 739 1657 799 acceptor
1704 727 1918 797 penitus
1966 742 2070 779 non

482 835 557 879 est
589 823 761 895 (Rom.
796 840 851 884 Il,
881 822 975 887 il;
1020 821 1133 873 Act.
1178 837 1230 873 Χ.
1266 820 1379 887 54),
1410 820 1487 875 sic
1510 819 1813 875 considerat
1841 825 2069 880 mentes,

486 924 539 969 et
567 916 760 979 studia,
793 921 847 967 et
868 910 1221 979 cogitationes
1249 910 1477 964 liliorum
1500 909 1649 973 Atla),
1673 916 1727 963 et
1755 908 1905 963 novit
1932 907 2073 976 opti-

485 1016 573 1059 me
594 1005 719 1073 quid
739 1003 932 1057 debeat
960 1003 1027 1056 de
1051 1001 1302 1054 thesauro
1327 1016 1425 1053 suo
1465 999 1708 1069 proferre
1753 1016 1766 1052 :
1802 1008 1826 1035 ⁸
1857 1005 1911 1052 et
1937 998 2074 1052 sicut

486 1098 650 1164 exigit
671 1095 786 1164 ejus
825 1095 1068 1163 mquitas,
1099 1093 1175 1147 sic
1220 1091 1444 1145 donare.
1481 1089 1549 1143 Et
1575 1090 1727 1156 ideo,
1759 1090 1898 1144 sicut
1942 1087 2073 1142 dicit

485 1188 775 1257 Apostolus
807 1205 819 1239 :
846 1183 971 1239 Non
1000 1192 1075 1238 est
1111 1199 1452 1253 personarum
1480 1182 1709 1251 acceptio
1738 1179 1878 1248 apud
1907 1178 2073 1233 Deum

487 1277 646 1349 (Eph.
680 1294 750 1342 vr,
782 1275 846 1343 9;
877 1276 1070 1331 Coloss.
1107 1292 1196 1342 ιιι,
1226 1274 1317 1344 25)
1337 1316 1353 1341 ,
1381 1276 1459 1330 sic
1486 1275 1600 1344 ipse
1622 1273 1750 1328 dicit
1776 1290 1789 1325 :
1822 1270 2074 1343 Nunquid

484 1350 658 1423 omnes
687 1368 943 1439 apostoti?
966 1366 1216 1437 Nunquid
1243 1383 1418 1421 omnes
1443 1366 1707 1436 propheta:
1737 1364 1779 1434 (1
1824 1362 1945 1417 Cor.
1976 1379 2069 1424 xu,

483 1459 582 1526 ‘29;
614 1459 749 1531 Eph.
777 1476 849 1523 ιν,
879 1458 1003 1527 ·11)⁴ἶ
1032 1458 1182 1513 Sicut
1209 1461 1337 1525 ergo
1364 1465 1569 1511 certum
1597 1455 1760 1523 geris,
1785 1454 1927 1522 quod
1950 1469 2074 1521 per-

483 1568 737 1608 sonarum
784 1560 1036 1620 acceptor
1082 1566 1190 1605 non
1243 1550 1335 1615 sit,
1382 1549 1460 1605 sic
1504 1556 1711 1603 eertum
1758 1562 1883 1616 gere
1928 1545 2072 1614 quod

485 1644 646 1697 etiam
676 1642 990 1696 distributor
1010 1655 1116 1695 non
1138 1640 1208 1693 sit
1228 1637 1486 1706 iniustus:
1521 1635 1780 1709 quidquid
1808 1635 1949 1689 circa
1976 1634 2068 1687 hu-

2170 456 2318 524 cipes
2344 453 2503 522 hujus
2528 452 2712 506 mundi
2743 452 2941 507 divitiis
2970 461 3023 506 et
3050 454 3404 522 passionibus,
3447 458 3682 526 impietati-

2170 547 2269 599 bus
2298 554 2353 599 et
2390 544 2704 598 criminibus
2734 544 2787 597 iu
2833 543 3111 597 introitum
3140 555 3399 612 perpetuae
3424 549 3586 600 mortis
3615 566 3687 617 po-

2170 646 2395 697 suerunt
2420 658 2432 692 :
2467 654 2564 710 per
2591 654 2725 708 quas
2747 639 3117 707 ingrediuntur
3138 638 3421 693 idololatne
3443 632 3704 695 tL'emomnn'

2172 730 2393 799 templa,
2418 744 2604 782 verum
2632 729 2800 782 Deum
2826 743 2931 781 non
2955 728 3220 792 timentes,
3254 736 3527 782 metuentes
3550 740 3693 784 autem

2178 821 2431 891 figmenta
2452 820 2759 874 vanissima.
2785 818 2996 873 Habent
3023 827 3079 872 et
3103 818 3235 872 alias
3259 826 3447 888 portas,
3475 834 3559 887 per
3589 835 3695 887 quas

2173 913 2547 983 ingrediuntur
2591 924 2874 982 synagoga:
2920 909 3247 981 synedrium,
3278 906 3524 964 Christum
3553 910 3695 965 Domi-

2176 1023 2306 1062 num
2351 1005 2518 1059 Deum
2569 1004 2920 1072 denegantes.
2948 1002 3161 1057 Habent
3188 1011 3242 1057 et
3268 1001 3396 1057 alias
3421 1010 3597 1070 portas,
3623 1005 3696 1072 pri

2174 1112 2310 1167 quas
2330 1095 2701 1164 ingrediuntur
2714 1093 2781 1148 ad
2810 1093 3113 1149 doctrinam
3136 1094 3492 1149 bzereticorum
3509 1100 3555 1146 et
3573 1092 3698 1146 sclzis-

2174 1187 2494 1243 maticorum
2539 1193 2733 1240 sectas.
2779 1182 2987 1238 llabent
3015 1190 3070 1238 et
3122 1182 3254 1238 alias
3279 1190 3468 1252 portas,
3498 1197 3583 1252 per
3598 1195 3698 1250 quas

2176 1288 2535 1349 stupratores,
2561 1276 2810 1341 adulteri,
2836 1276 3209 1337 fornicatores,
3233 1275 3547 1344 plagiatores,
3571 1273 3697 1334 fures.

2177 1370 2497 1439 blasphemi,
2530 1368 2879 1435 omniumque
2926 1366 3007 1420 rei
3056 1365 3336 1421 criminum
3370 1364 3697 1433 ingrediuntur.

2179 1459 2272 1515 His
2299 1459 2631 1529 principibus
2662 1458 2713 1510 in
2740 1458 2973 1510 adventu
3004 1455 3213 1511 Domini
3263 1456 3423 1509 nostri
3447 1454 3559 1511 Jesu
3582 1455 3701 1509 Chri-

2179 1552 2246 1606 sti
2271 1551 2557 1609 clamatum
2587 1558 2668 1603 est
2696 1565 2727 1602 a
2758 1548 2960 1618 Spiritu
2989 1558 3178 1604 sancto
3200 1566 3211 1600 :
3233 1547 3407 1601 Tollite
3423 1558 3596 1617 portas,
3622 1556 3700 1600 etc.

2181 1639 2298 1707 (Ps.
2330 1656 2477 1702 xxut,
2514 1639 2564 1703 7,
2598 1637 2682 1707 9).
2716 1639 2796 1692 illi
2826 1639 2969 1693 enim
2997 1654 3125 1695 vere
3155 1640 3467 1708 temporales
3482 1653 3575 1691 non
3592 1645 3703 1700 sunt,

486 1748 700 1786 manum
729 1746 898 1800 genus
935 1730 1142 1790 fecerit.
1169 1730 1382 1799 penitus
1421 1728 1566 1782 nulla
1596 1734 1775 1795 potest
1806 1727 1829 1763 δ
1861 1725 2070 1780 ratione

2180 1735 2229 1789 in
2258 1735 2454 1804 quibus
2493 1732 2874 1788 immortalitas
2922 1732 2995 1786 ita
3037 1740 3245 1799 regnat,
3276 1739 3334 1785 ut
3368 1738 3526 1801 portae
3556 1730 3703 1782 inferni

486 1822 907 1893 reprehensibile
930 1822 1173 1875 inveniri.
1198 1820 1340 1875 Sane
1360 1837 1447 1873 cor
1475 1818 1725 1871 mundum
1753 1819 1919 1871 creari
1933 1818 1988 1868 in
2017 1832 2072 1868 se

486 1914 653 1969 David
668 1912 879 1968 ﬂetibus
889 1921 944 1967 et
957 1913 1241 1981 gemitibus
1254 1909 1818 1981 postulavit(Ps.L,12)
1829 1949 1841 1962 .
1858 1909 2073 1962 Imitare

489 2006 654 2060 David
684 2006 737 2059 in
776 2002 1241 2075 pmnitendo,ctin
1266 2001 1577 2071 accipiendo
1606 2000 1873 2070 particeps
1901 1998 2074 2053 factus

486 2097 665 2153 cordis
702 2096 914 2155 mundi.
1004 2094 1322 2164 sapientiam
1362 2095 1416 2148 in
1459 2102 1513 2148 te
1554 2100 1854 2151 creatorem
1905 2092 2074 2146 Deum

491 2204 513 2231 ~°
543 2189 918 2259 gratulaberis.
950 2186 1103 2242 Nunc
1128 2195 1306 2241 autem
1336 2186 1403 2240 ad
1435 2185 1741 2240 testimonia
1770 2192 1878 2238 ate
1898 2183 2073 2253 posita

487 2289 932 2337 revertamur.——
968 2276 1226 2347 Serapion
1268 2277 1402 2331 dixit
1446 2294 1459 2328 :
1511 2274 1802 2330 Memoravi
1848 2271 2073 2343 lapidem

486 2390 631 2445 quem
676 2372 1015 2442 reprobarunt
1062 2368 1404 2438 testiﬁcantes,
1436 2381 1503 2419 eo
1531 2365 1675 2434 quod
1724 2366 1891 2435 [actus
1922 2364 1991 2417 sit
2020 2364 2074 2416 in

486 2474 638 2535 caput
665 2461 842 2534 anguli
866 2460 982 2532 (Ps.
1007 2475 1167 2519 cxvu,
1198 2458 1299 2523 22';
1327 2456 1518 2510 Matth.
1552 2472 1663 2520 xxi,
1696 2454 1816 2525 4‘2);
1847 2453 1873 2491 ά
1899 2454 2003 2507 hoc
2042 2468 2074 2508 a

487 2557 712 2613 Domino
738 2554 934 2608 factum
956 2560 1038 2606 est
1057 2550 1298 2603 mirabile
1326 2550 1380 2602 in
1401 2548 1573 2602 oculis
1600 2544 2075 2600 nostris—Arno-

486 2649 604 2703 bius
623 2647 758 2700 dixit
776 2663 788 2699 :
815 2645 938 2699 Tria
959 2645 1011 2699 in
1026 2645 1131 2698 hoc
1145 2643 1264 2697 loco
1285 2640 1571 2710 quierenda
1586 2646 1735 2693 sunt:
1755 2638 1846 2707 qui
1861 2647 1984 2691 sunt
1998 2652 2073 2690 se-

486 2742 780 2804 dilicantes,
794 2738 884 2807 qui
932 2736 1275 2800 aediﬁcantes,
1288 2741 1344 2788 et
1356 2732 1447 2802 qui
1457 2732 1809 2801 reprobantes
1821 2729 2071 2800 lapidem.

487 2830 836 2889 JEdiftcantes
849 2842 1076 2895 namque
1087 2824 1113 2879 J
1122 2824 1253 2879 udtei
1266 2839 1426 2893 super
1440 2821 1838 2876 fundamentum
1851 2819 2078 2890 prophe-

486 2933 684 2985 tarum,
704 2918 987 2973 Dominum
1006 2924 1246 2972 nostrum
1264 2914 1449 2970 Jesum
1470 2914 1741 2969 Christum
1762 2913 1828 2967 de
1850 2926 2073 2967 numero

486 3014 643 3083 hujus
671 3010 1039 3066 :edifteationis
1068 3024 1175 3064 non
1202 3009 1379 3064 solum
1406 3006 1854 3077 reprobaverunt,
1888 3019 2074 3059 verum

2175 1842 2280 1880 non
2312 1826 2641 1895 praevaleant
2665 1823 2922 1879 adversus
2951 1840 3099 1890 eam;
3134 1840 3232 1894 per
3254 1824 3391 1895 ipsas
3417 1824 3547 1877 enim
3573 1823 3703 1875 intro-

2175 1917 2272 1971 ivit
2301 1916 2415 1970 Rex
2443 1916 2628 1984 glorise
2647 1932 2772 1972 cum
2800 1916 3051 1971 omnibus
3069 1915 3202 1969 suis.

2246 2007 2303 2061 Si
2343 2007 2612 2075 inquiris,
2642 2008 2763 2076 quis
2801 2005 2903 2060 iste
2946 2005 3062 2061 Rex
3108 2005 3320 2074 glorise,
3368 2003 3536 2058 audies
3575 2002 3710 2072 ipsum

2178 2099 2446 2154 dicentem
2468 2098 2726 2168 Spiritum
2748 2106 2991 2153 sanctum
3012 2116 3025 2150 :
3049 2096 3305 2153 Dominus
3327 2098 3467 2168 {ortis
3484 2103 3528 2149 et
3542 2104 3709 2165 potens,

2175 2190 2429 2245 Dominus
2457 2197 2639 2262 potens
2659 2192 2715 2244 in
2742 2191 2944 2260 pratia.
2972 2188 3111 2245 Sunt
3128 2189 3269 2244 enim
3293 2186 3647 2259 portaejustitiaa
3670 2185 3709 2238 in

2176 2286 2395 2340 auribus
2414 2284 2690 2338 hominum
2706 2285 2915 2355 positae,
2929 2283 2996 2338 ad
3011 2298 3148 2355 quas
3161 2299 3338 2338 sermo
3357 2281 3471 2336 lidei
3483 2279 3710 2336 catholica:

2174 2376 2374 2431 clamat
2393 2374 2604 2429 dicens:
2621 2375 2828 2445 Aperite
2848 2375 2974 2429 mihi
2989 2381 3171 2444 portas
3186 2375 3421 2445 justitiw,
3435 2381 3480 2426 et
3499 2373 3711 2442 ingressus

2173 2468 2227 2521 in
2249 2483 2338 2521 eas
2370 2464 2653 2535 conﬁtebor
2668 2465 2891 2520 Domino
2919 2464 3088 2535 (Psal.
3115 2482 3275 2530 cxvu,
3300 2462 3407 2533 19).
3430 2462 3538 2533 Ipse
3570 2468 3713 2513 autem

2174 2572 2354 2611 sermo
2383 2563 2734 2625 posteaquam
2774 2555 3041 2610 introierit
3077 2570 3180 2624 per
3218 2570 3374 2609 aures
3412 2555 3460 2608 in
3490 2552 3712 2608 civitatem

2175 2648 2384 2710 animm,
2399 2645 2633 2700 ostendit
2662 2645 2711 2701 ei
2732 2653 2944 2715 portam
2964 2647 3087 2701 vita:
3114 2655 3359 2715 arternze;
3382 2653 3437 2700 et
3460 2642 3592 2706 dicit,
3614 2639 3713 2695 Hec

2173 2748 2327 2810 porta
2353 2737 2585 2802 Domini,
2609 2739 2740 2810 justi
2759 2738 3023 2792 intrabunt
3051 2741 3106 2794 in
3133 2757 3273 2794 eam.
3321 2739 3594 2808 Angustum
3616 2748 3718 2795 sane

2176 2831 2452 2887 introitum
2476 2832 2527 2886 iu
2545 2832 2648 2887 isto
2664 2831 2865 2886 mundo
2893 2832 3091 2887 habere
3120 2848 3150 2887 a
3179 2832 3406 2893 Domino
3431 2841 3599 2887 nostro
3620 2827 3721 2883 Jesa

2174 2921 2387 2978 Christo
2403 2922 2723 2987 ostenditur,
2740 2921 2833 2977 Sed
2853 2936 2949 2992 per
2962 2922 3101 2977 viam
3124 2921 3245 2991 ejus
3273 2922 3663 2992 augustissimam
3678 2924 3719 2971 et

2176 3023 2378 3069 arctam
2401 3013 2465 3067 ad
2483 3013 2798 3071 latiSsitnum
2826 3014 2950 3069 vita:
2975 3020 3195 3069 mterum
3221 3015 3490 3069 introitum
3510 3008 3721 3065 asseritur

486 3114 542 3161 et
560 3104 960 3161 crucilixerunt.
993 3100 1095 3156 Hic
1116 3103 1184 3157 ab
1205 3100 1492 3155 incredulis
1516 3097 1813 3171 reprobatus
1845 3100 1978 3170 (Act.
2000 3113 2068 3165 iv,
2101 3093 2146 3155 C
2176 3106 2267 3175 qui
2288 3105 2525 3161 ambulat
2541 3105 2839 3175 pervenire.
2855 3104 2910 3161 Si
2932 3106 3147 3174 quidem
3172 3107 3340 3177 ipsius
3358 3103 3643 3162 oreDomini
3661 3099 3721 3153 af-

488 3196 599 3267 11),
627 3197 719 3251 sed
742 3211 773 3250 a
792 3195 904 3251 Deo
932 3196 983 3248 in
1007 3203 1161 3265 caput
1188 3193 1366 3264 anguli
1396 3194 1563 3264 [actus
1592 3201 1685 3256 est,
1709 3199 1765 3245 ut
1791 3190 1922 3244 duos
1949 3207 2073 3244 eon-

488 3288 630 3342 deret
657 3288 711 3341 ἰή
756 3287 1028 3355 semetipso
1056 3283 1216 3356 (Eph.
1258 3299 1316 3349 ιι,
1351 3281 1474 3353 15);
1515 3291 1570 3336 et
1593 3279 1743 3336 fieret
1769 3296 1837 3336 ex
1874 3281 1992 3349 lege
2021 3288 2077 3336 et

486 3379 780 3449 pr0phetis.
812 3391 930 3446 quae
969 3393 999 3430 a
1029 3375 1212 3447 Moyse
1251 3381 1488 3444 cmperat
1514 3370 1751 3443 perfecta
1778 3371 1977 3427 fabrica
2022 3373 2079 3426 in

466 3469 722 3533 Christo,
752 3468 819 3531 de
845 3483 970 3536 quo,
1000 3467 1125 3521 novi
1149 3464 1475 3520 Testamenti
1504 3464 1684 3533 apices
1722 3480 1876 3520 suum
1902 3463 2078 3534 parie-

487 3568 595 3615 tem
648 3561 928 3623 habentes,
961 3559 1066 3614 hoc
1091 3558 1337 3626 angulari
1366 3556 1539 3626 lapide
1576 3572 1735 3611 unam
1783 3555 2080 3611 Ecelesiam

486 3668 554 3708 ex
579 3653 822 3719 utrisque
865 3652 1107 3721 apicibus
1145 3649 1417 3705 dedicaret
1447 3648 1536 3702 ille
1570 3648 1662 3716 qui
1699 3648 1833 3702 dixit
1858 3646 2020 3703 Petro
2063 3666 2075 3699 :

487 3741 657 3813 Super
693 3745 826 3796 hanc
880 3750 1080 3810 petram
1133 3736 1403 3807 adiﬁcabo
1454 3736 1743 3791 Ecclesium
1792 3754 1978 3802 meum,
2029 3748 2080 3792 et

488 3842 649 3902 porta:
693 3833 848 3902 inferi
894 3847 999 3885 non
1031 3829 1445 3899 prwr-atebuntei
1494 3826 1704 3898 (Matt/1.
1733 3845 1838 3895 xvi,
1864 3828 1980 3900 18).
2004 3859 2079 3870 —-

488 3924 749 3992 Serapion
789 3923 924 3976 dixit
950 3940 962 3975 :
1008 3922 1104 3975 Dic
1132 3921 1287 3975 nobis
1315 3936 1432 3989 qua:
1460 3922 1567 3974 siut
1595 3929 1763 3990 porke
1793 3920 1985 3976 inferi?
2004 3952 2076 3962 —--

489 4015 756 4069 Arnobius
775 4013 910 4068 dixit
942 4030 953 4065 :
980 4013 1169 4067 Adhuc
1207 4012 1273 4065 de
1301 4020 1453 4081 petra
1493 4012 1714 4068 dicenda
1752 4021 1834 4067 est
1861 4012 2077 4081 exposi-

490 4106 587 4170 tio,
615 4119 734 4173 qum
761 4107 886 4158 dum
920 4101 1065 4157 finita
1102 4102 1292 4168 fuerit,
1326 4110 1452 4156 tunc
1478 4102 1547 4156 dc
1581 4104 1749 4172 portis
1772 4103 1961 4159 inferni
1990 4118 2076 4158 re-

488 4196 885 4266 spondebimus.
913 4227 984 4238 —-
1010 4193 1272 4263 Serapion
1299 4194 1434 4247 dixit
1458 4213 1469 4245 :
1506 4192 1573 4248 Ut
1592 4196 1828 4249 breviter
1855 4196 1922 4249 de
1949 4211 2076 4265 por-

489 4288 557 4343 tis
583 4286 774 4343 inferni
817 4287 963 4343 dicas
991 4287 1156 4354 exigit
1179 4286 1461 4353 integritas
1499 4285 1655 4342 dicta:
1682 4287 1979 4341 sententiae.
2004 4316 2076 4327 ~—

2179 3193 2417 3248 tirmatur
2438 3193 2705 3249 hortantis
2720 3211 2745 3245 a
2756 3202 2878 3261 tque
2897 3194 3124 3249 dicentis
3143 3213 3156 3248 :
3178 3196 3382 3251 Intrate
3393 3213 3480 3267 per
3493 3201 3723 3265 angustata

2178 3293 2400 3357 portam.
2432 3285 2667 3357 Angusta
2686 3286 2823 3341 enim
2848 3294 2998 3355 porta
3023 3294 3099 3340 est
3128 3305 3246 3360 qum
3265 3290 3403 3342 ducit
3427 3287 3493 3339 ad
3511 3288 3666 3347 vitam,
3683 3289 3724 3335 τι

2179 3377 2331 3445 pauci
2360 3385 2476 3429 sunt
2504 3377 2590 3445 qui
2630 3377 2826 3429 intrant
2850 3392 2944 3445 per
2966 3393 3099 3433 eam.
3135 3376 3275 3432 Lata
3302 3381 3439 3433 enim
3460 3385 3504 3429 et
3529 3374 3723 3445 spatiosa

2184 3467 2263 3519 via
2292 3473 2367 3518 est
2392 3482 2505 3537 qua:
2532 3465 2673 3518 ducit
2702 3465 2771 3518 ad
2798 3474 3034 3529 mortem,
3058 3478 3107 3519 et
3134 3469 3286 3523 multi
3315 3477 3431 3521 sunt
3457 3468 3535 3536 qui
3564 3466 3722 3518 intrant

2182 3574 2273 3627 per
2308 3573 2419 3615 eant
2445 3554 2656 3626 (Matth.
2682 3572 2774 3619 vn,
2800 3556 2906 3625 1'5).
2938 3589 3011 3599 -—
3035 3556 3253 3613 Judices
3281 3560 3524 3614 dixerunt
3546 3574 3557 3607 :
3582 3553 3723 3607 Arno—

2183 3648 2302 3704 bius
2342 3647 2408 3701 de
2437 3649 2607 3717 portis
2656 3647 2849 3703 inferni
2898 3649 3295 3718 interrogatus,
3337 3659 3394 3706 et
3440 3650 3724 3705 infernorum

2182 3739 2338 3793 nobis
2365 3746 2420 3793 et
2445 3738 2702 3793 etelorum
2732 3740 2936 3809 aperit;
2970 3740 3015 3794 si
3042 3741 3145 3795 alia
3174 3751 3302 3797 sunt
3331 3749 3512 3812 parata
3537 3754 3565 3793 a
3591 3736 3726 3791 Sera-

2183 3832 2342 3901 pione
2357 3874 2370 3891 ,
2405 3828 2763 3899 proferantur.

2253 3919 2441 3974 XV.——
2460 3921 2720 3990 Serapion
2742 3922 2904 3977 dixit:
2933 3922 3009 3976 Ad
3033 3925 3355 3993 promissam
3380 3922 3725 3994 expositionem

2178 4019 2233 4067 te
2260 4012 2466 4067 traham
2493 4030 2506 4064 :
2538 4013 2604 4066 ad
2630 4013 2806 4068 locum
2838 4014 2978 4068 unde
3021 4014 3363 4071 deviavimus
3410 4022 3719 4070 revertamm.

2176 4135 2248 4145 —
2268 4103 2535 4158 Arnobius
2562 4104 2731 4157 dixit:
2764 4104 3053 4159 Dominica:
3094 4105 3480 4167 incarnationis
3520 4098 3726 4170 exempla

2177 4195 2504 4266 panduntur,
2523 4194 2737 4264 quando
2758 4194 2913 4264 lapis,
2933 4196 3148 4265 quando
3169 4213 3348 4261 mons,
3366 4197 3572 4268 quando
3589 4193 3724 4258 virga,

2178 4285 2392 4358 quando
2438 4285 2676 4354 angelus,
2726 4286 2941 4354 quando
2988 4288 3170 4349 homo,
3216 4289 3434 4357 quando
3491 4282 3725 4343 sacerdos

1656 4398 1766 4452 FB.
1807 4397 2296 4452 FEU-ARDENTII
2334 4396 2561 4451 NCT/IS.

557 4504 583 4533 ι
613 4493 778 4548 Vetus
807 4492 997 4555 codex,
1025 4498 1071 4544 et
1101 4491 1174 4543 sic
1202 4489 1378 4559 exigit.

557 4563 584 4604 δ
615 4563 780 4617 Vetus
809 4564 1000 4625 codex,
1026 4559 1430 4628 reprehensione.

562 4647 584 4675 ε
617 4633 784 4687 Vetus
814 4632 1002 4695 codex,
1032 4629 1391 4701 gratultweris.

556 4702 584 4742 τι
617 4704 695 4757 Ex
724 4706 827 4757 hoc
854 4703 973 4756 loco
995 4698 1215 4770 apparet
1241 4713 1400 4767 quam
1422 4712 1546 4751 vere
1568 4698 1840 4770 scripserit
1862 4698 2071 4770 Tertul-

490 4777 662 4830 lianus
688 4773 965 4827 luercticos
993 4768 1110 4824 esse
1130 4776 1434 4839 captatores
1462 4768 1863 4823 vocabulorum.
1895 4768 2072 4838 Siqui-

491 4847 610 4900 dem
623 4843 804 4896 Ariani
831 4856 1017 4895 omnes
1045 4838 1321 4896 locostam
1344 4838 1540 4893 veteris
1560 4853 1718 4906 quam
1740 4840 1862 4894 novi
1886 4839 2072 4893 Testa-

492 4914 691 4973 menti,
748 4910 941 4978 quibus
985 4910 1070 4964 vel
1120 4909 1335 4978 proprie
1380 4908 1463 4962 vel
1505 4906 1787 4978 allegorice
1831 4907 2074 4964 Christus

490 4983 685 5037 dicitur
712 4977 903 5039 faetus,
934 4977 1289 5041 venabantur,
1318 4977 1662 5046 colligebant,
1693 4980 1956 5048 urgebant
1984 4981 2075 5033 im-

492 5051 890 5122 portunissime,
911 5058 975 5122 ut
998 5049 1118 5122 iuth
1141 5050 1288 5103 illum
1312 5058 1551 5122 creatum
1580 5064 1717 5122 esse,
1737 5060 1791 5102 et
1822 5064 2077 5122 noncon-

490 5118 896 5176 suhstantialem
944 5118 1088 5172 Patri
1131 5128 1332 5173 interno
1360 5120 1614 5173 adversus
1662 5118 1817 5173 fidem
1848 5120 2074 5172 catholi—

492 5206 609 5245 cam
650 5190 1049 5244 concluderent.
1096 5188 1407 5256 liujusmodi
1449 5199 1573 5245 sunt
1614 5188 1669 5243 hi
1700 5189 1840 5242 loci:
1877 5188 2077 5253 Factus

491 5270 565 5316 est
593 5262 647 5315 in
671 5266 825 5330 caput
847 5259 1048 5330 anguli.
1080 5257 1273 5311 Fartus
1299 5275 1363 5311 ex
1383 5261 1576 5323 semine
1595 5258 1765 5312 David
1792 5259 2074 5330 secundum

492 5326 855 5392 carnemeui
885 5326 997 5397 post
1026 5344 1105 5381 me
1132 5329 1299 5398 venit,
1317 5337 1437 5383 ante
1463 5347 1543 5385 me
1572 5330 1740 5398 {actus
1765 5337 1859 5381 est.
1907 5326 2073 5382 Tanto

493 5402 673 5455 melior
707 5398 906 5469 angelis
933 5398 1163 5466 eﬂ‘ectus.
1199 5397 1395 5451 Fidelis
1433 5407 1509 5469 est
1548 5397 1593 5451 ei
1622 5399 1706 5469 qui
1748 5401 1869 5468 fecit
1901 5398 2067 5452 illum.

493 5470 738 5539 Pontifex
767 5468 930 5540 {actus
960 5472 1011 5521 in
1042 5476 1422 5540 mternum,_etc.
1457 5468 1932 5540 Respondetvero
1960 5484 2072 5522 ma-

494 5534 1028 5610 gims'Atlianasius,
1080 5538 1191 5591 hanc
1244 5534 1518 5590 referenda
1566 5534 1684 5592 esse
1729 5537 2071 5610 ad‘humante

495 5606 668 5663 carnis
696 5611 1131 5677 nswmptionetn,
1162 5622 1264 5675 qua
1312 5623 1436 5662 vere
1476 5616 1685 5662 creatus
1710 5616 1763 5677 et
1788 5606 1957 5662 factus
1985 5616 2067 5662 est

495 5691 546 5734 et
577 5682 755 5742 homo,
800 5690 851 5731 ct
882 5679 1061 5742 frater,
1106 5688 1157 5731 et
1190 5678 1447 5741 mini-ter,
1482 5688 1533 5732 et
1573 5676 1807 5747 pontifex
1853 5686 2061 5744 noster;

2095 4496 2149 4556 D
2179 4506 2289 4546 una
2322 4499 2503 4545 autem
2532 4488 2599 4543 ad
2627 4489 2902 4553 deitatem,
2947 4504 3053 4558 qua
3083 4504 3208 4543 vere
3238 4499 3322 4544 est
3349 4489 3590 4545 conditor
3626 4483 3724 4539 uni-

2172 4576 2469 4624 versurum,
2493 4559 2923 4630 quandoquidem
2947 4560 3121 4630 omnia
3149 4562 3431 4630 peripsum
3461 4561 3592 4630 facta
3609 4564 3722 4610 sunt.

2170 4632 2272 4703 Qui
2295 4638 2350 4684 et
2368 4645 2574 4683 rursum
2597 4631 2671 4683 ait
2690 4628 2953 4703 oannes
2977 4628 3039 4683 de
3054 4628 3191 4683 Filio
3214 4628 3726 4703 t/tcologmnnsmgue-

2173 4695 2415 4780 scensque
2462 4716 2641 4754 vocum
2686 4700 3005 4780 discrimina,
3047 4700 3354 4780 nomdimit,
3389 4695 3463 4753 Ὶη
3506 4695 3726 4780 prindpio

2176 4767 2345 4842 factus
2389 4779 2493 4833 est,
2539 4780 2629 4822 aut
2674 4771 2907 4823 conditus
2946 4780 3060 4823 est:
3087 4769 3197 4842 sed,
3248 4767 3319 4823 In
3356 4767 3599 4842 principio
3637 4771 3728 4842 erat

2186 4788 2345 4826 laetus
2389 4788 2493 4833 est,
2539 4788 2629 4822 aut
2674 4788 2907 4823 conauus
2946 4788 3197 4835 esusea,
3248 4788 3319 4823 ιη
3394 4788 3599 4838 mncipia
3637 4788 3727 4819 anu

2186 4842 2503 4910 l'erbum,gut
2529 4856 2619 4909 per
2646 4842 2803 4910 geniti
2829 4849 3069 4892 naturam
3089 4840 3198 4893 luet:
3218 4856 3319 4893 vox
3347 4788 3501 4908 (erat)

2176 4921 2355 4963 retur:
2386 4908 2441 4962 id
2469 4907 2683 4971 canens,
2716 4926 2778 4962 ne
2817 4911 2929 4979 quis
2955 4909 3281 4963 interuallum
3320 4907 3563 4979 temporis
3572 4907 3723 4979 inter.

2174 4982 2386 5035 cessisse
2436 4981 2716 5048 cogitaret,
2764 4973 2855 5032 sed
2902 4996 3101 5047 semper
3144 4990 3193 5033 et
3222 4973 3726 5048 aeterna'literrFilium

2174 5052 2395 5103 existere
2422 5046 2666 5101 crederet.
2701 5050 2826 5103 Inde
2867 5058 2974 5102 tam
3012 5046 3074 5102 in
3115 5048 3314 5107 Nicmui
3345 5046 3554 5104 concilii
3591 5057 3727 5113 quam

2176 5114 2451 5189 Athanasii
2477 5120 2719 5189 symbolo
2741 5119 2977 5188 profiteri
3002 5119 3270 5187 jubemur,
3298 5117 3491 5173 Filium
3517 5117 3728 5185 genitum

2178 5204 2317 5251 esse,
2350 5188 2441 5242 sed
2475 5204 2578 5242 non
2611 5189 2828 5253 factum,
2865 5198 2969 5244 etc.

2246 5261 2329 5331 Ad
2371 5258 2499 5331 illud
2546 5274 2727 5331 porro,
2774 5257 2908 5312 Ante
2952 5275 3032 5312 me
3071 5260 3236 5331 factus
3284 5252 3728 5331 est,_re5ptmdent

2177 5328 2490 5383 Ambrosius
2527 5323 2582 5382 et
2627 5323 3081 5398 Chrysostomusi
3101 5329 3156 5398 id
3184 5323 3529 5381 tantumdem
3554 5323 3728 5398 valete.

2179 5406 2338 5466 atque
2367 5398 2496 5455 mihi
2526 5395 2807 5467 praefectus
2836 5410 2889 5452 et
2922 5396 3249 5467 antepositus
3269 5408 3382 5467 es}:
3410 5397 3554 5467 quia.
3582 5395 3730 5467 ipqnit

2179 5414 2338 5466 atque
2367 5414 2496 5455 unm
2526 5414 2807 5467 praetech
2836 5414 2889 5452 et
2922 5414 3045 5453 ante
3084 5414 3249 5453 OSlltlS
3269 5414 3382 5455 est;
3410 5414 3554 5463 quia.
3582 5414 3728 5461 mquu

2178 5469 2343 5540 idem,
2364 5470 2508 5538 prior
2528 5485 2612 5540 me
2631 5477 2741 5540 erat
2763 5479 3012 5540 quatenus
3033 5414 3171 5522 Beas
3189 5475 3284 5540 est.
3312 5465 3569 5540 Ερηιιύ,Δ
3587 5458 3728 5540 Tnntn

2176 5532 2579 5608 melior'angelis
2618 5532 2855 5606 effertus,
2887 5537 3255 5608 Chrysostomi
3284 5545 3341 5590 et
3371 5532 3729 5608 Theophvlacti

2173 5604 2628 5676 sementim—idem
2658 5604 2739 5661 est
2760 5607 2899 5674 quod
2930 5604 3229 5663 declaratus
3251 5614 3305 5659 et
3327 5604 3637 5674 patefactus.
