3936 6176
211 229 297 285 sas
919 222 1338 280 courucrus
1377 181 1468 277 os
1504 217 1639 277 nso
1677 221 1744 276 τι

1849 220 1882 275 D
1919 216 2004 274 ET
2050 219 2202 284 UNO,
2244 220 2374 275 ETC
2437 219 2562 274 LIB.
2604 219 2644 273 ι.

3331 218 3432 272 9ης

207 312 397 413 quando
414 339 573 395 etiam
595 340 984 406 testimonium;
1007 340 1101 396 sed
1121 348 1176 394 et
1195 339 1375 394 multae
1394 338 1511 392 alite
1531 335 1751 406 efﬁgies,
1785 341 1826 396 Α
1861 337 2212 408 tropologiam
2224 338 2432 393 Domini
2449 338 2793 408 pertinentes,
2810 350 2873 389 ex
2891 336 3082 405 quibus
3098 349 3254 388 unam
3272 337 3428 399 hanc,

208 448 318 501 quas
342 447 523 487 sensus
547 433 840 488 catholicus
876 447 972 502 per
1007 434 1123 486 vias
1159 431 1380 495 lucidas,
1422 436 1476 485 et
1525 429 1758 500 Spiritus

206 525 351 578 sancti
376 523 655 592 splendore
703 524 946 589 radians,
999 524 1309 586 ambulans,
1342 522 1546 577 orando
1575 526 1753 592 potius

205 630 338 686 quam
361 615 690 671 discutiendo
721 616 970 685 reperiat.
1001 615 1132 669 Nam
1159 625 1385 685 petram,
1409 631 1507 686 per
1533 630 1692 686 quam
1720 631 1752 671 e

206 705 414 776 periculo
433 705 548 759 sitis
572 707 776 774 positus
802 706 896 759 Dei
921 723 938 773 ι.
955 706 1146 774 opulus
1174 707 1226 760 in
1255 706 1470 761 deserto
1497 707 1752 762 liberatus

204 802 294 860 est,
322 795 583 851 Christum
613 813 732 852 esse
774 799 959 852 beatus
1002 799 1275 868 apostolus
1303 797 1498 852 Paulus
1527 800 1754 853 asseruit

203 889 388 943 dicens:
408 887 596 942 Patres
617 891 782 943 nostri
801 889 938 943 idem
957 890 1224 959 spirituale
1241 890 1476 959 poculum
1498 889 1750 956 biberunt,

203 977 410 1030 bibebant
437 977 500 1030 de
525 979 784 1048 spintuali
807 981 1132 1049 consequenti
1158 997 1246 1034 eos
1266 988 1412 1049 petra
1433 997 1451 1033 :
1480 989 1624 1049 petra
1653 997 1749 1034 au-

202 1074 286 1118 tem
310 1074 412 1120 erat
431 1067 665 1121 Christus
690 1068 706 1136 (
722 1067 742 1121 I
768 1069 896 1127 Cor.
955 1085 981 1121 x
1000 1110 1015 1134 ,
1058 1068 1133 1139 4).
1159 1069 1228 1121 Ει
1254 1070 1306 1122 in
1333 1071 1555 1124 Cantico
1583 1069 1752 1142 Moysi

203 1155 401 1210 dicitur:
433 1154 616 1210 Fluxit
648 1160 723 1211 eis
757 1159 856 1211 mel
886 1159 950 1212 de
980 1167 1156 1228 petra,
1199 1167 1248 1212 et
1286 1160 1453 1213 oleum
1488 1161 1552 1213 de
1582 1161 1751 1215 solida

202 1255 322 1316 petra
345 1246 516 1316 (Deut.
542 1264 721 1312 xxxn,
765 1248 886 1317 l5).
930 1247 996 1301 Et
1026 1249 1076 1302 in
1110 1250 1315 1318 psalmo
1345 1251 1746 1318 octuagesimo:

202 1337 268 1390 De
289 1347 422 1407 petra
449 1339 598 1392 melle
631 1340 881 1392 saturavit
903 1355 990 1392 eos
1022 1339 1192 1408 (Psal.
1218 1356 1377 1403 Lxxx,
1403 1340 1510 1409 l7).
1536 1340 1668 1394 Item
1695 1342 1750 1396 in

202 1429 378 1499 psalmo
395 1429 785 1498 septuagesimo
805 1430 1032 1497 septimo
1051 1447 1063 1480 :
1086 1428 1281 1482 Eduxit
1298 1447 1486 1500 aquam
1507 1431 1570 1483 de
1582 1438 1746 1497 petra,

201 1526 241 1572 et
272 1519 467 1572 deduxit
507 1529 752 1589 tanquam
779 1520 994 1588 flumina
1022 1535 1182 1589 aquas
1209 1518 1379 1590 (Psal.
1406 1536 1608 1584 Lxxvu,
1636 1519 1746 1590 16).

200 1606 309 1664 [tem
333 1610 384 1663 in
411 1609 616 1679 psalmo
646 1611 906 1677 vigesimo
936 1619 1108 1675 sexto,
1159 1609 1394 1665 Ecclesia
1439 1611 1505 1665 de
1533 1611 1749 1666 Christo

1852 442 2013 496 quam
2038 428 2089 481 in
2113 436 2320 502 petram
2343 441 2756 492 memoraveras,
2776 426 3108 480 evidentibus
3129 424 3431 480 divinorum

1851 518 2182 575 voluminum
2213 518 2531 573 testimoniis
2551 517 2843 581 exsolvisti,
2868 516 2950 570 his
2979 515 3194 585 reliquis
3223 524 3429 584 septem

1852 609 2112 679 exemplis
2139 609 2382 678 expletis,
2413 623 2516 662 una
2545 608 2676 662 mihi
2700 607 3006 676 explanatio
3037 606 3324 660 Dominicte
3347 606 3431 660 in-

1850 702 2175 756 carnationis
2194 701 2472 770 supererit.
2499 699 2722 769 Propter
2742 700 2895 753 istam
2918 699 3057 753 enim
3077 699 3244 754 solam
3268 700 3428 752 istum

1853 802 2102 862 putamus
2132 793 2312 848 iniisse
2342 792 2665 848 conflictum.
2701 791 2852 846 Unde
2881 791 3040 845 etiam
3073 801 3124 846 te
3155 807 3258 844 non
3299 801 3427 859 puto

1852 883 2101 940 effectum
2130 900 2424 940 memorem
2453 884 2597 953 quod
2644 885 2786 938 inter
2831 884 2980 938 initia
3027 884 3134 938 hoc
3178 884 3423 946 dixerim,

1846 971 2050 1042 justum
2079 990 2197 1030 esse
2226 983 2284 1029 nt
2307 983 2482 1031 tecum
2511 989 2725 1043 agerem
2753 973 2905 1042 quasi
2933 989 3067 1026 unus
3096 987 3161 1026 ex
3193 972 3422 1034 Arianis,

1852 1073 1944 1118 aut
1970 1062 2342 1128 Eunomianis,
2387 1073 2478 1119 aut
2521 1063 2859 1127 Sabellianis,
2891 1071 2982 1116 aut
3011 1061 3425 1126 Macedonianis,

1851 1165 1906 1210 et
1934 1156 2115 1212 favere
2142 1159 2288 1212 salva
2321 1157 2423 1212 fide
2450 1172 2603 1219 mea,
2651 1157 2862 1210 illorum
2893 1155 3294 1210 assertionibus.
3338 1155 3427 1210 Id-

1850 1246 2013 1312 circo,
2045 1254 2104 1302 ut
2131 1248 2261 1313 dixi,
2291 1256 2469 1304 tecum
2496 1264 2582 1302 me
2605 1248 2786 1301 iniisse
2824 1245 3152 1308 conflictum,
3184 1255 3243 1300 ut
3269 1246 3314 1299 si
3344 1246 3428 1299 in-

1849 1338 2114 1392 venissem
2134 1346 2188 1392 te
2208 1339 2260 1392 in
2282 1339 2512 1407 aliquem
2535 1339 2821 1393 incurrisse
2841 1352 3098 1401 errorem,
3125 1353 3230 1391 non
3255 1345 3428 1392 tecum

1850 1429 1952 1485 hac
1989 1429 2300 1485 definitione
2328 1445 2561 1499 agerem,
2593 1430 2658 1484 de
2686 1445 2790 1498 qua
2821 1437 2876 1483 tu
2909 1445 2938 1483 a
2969 1444 3073 1488 me.
3104 1435 3158 1482 et
3185 1442 3286 1495 ego
3315 1443 3344 1481 a
3376 1436 3442 1483 te:

1849 1521 2128 1578 dissentio.
2160 1523 2300 1577 Nihil
2327 1524 2455 1577 mihi
2482 1537 2623 1577 nunc
2648 1529 2911 1590 superest,
2943 1521 3043 1575 nisi
3072 1529 3130 1574 ut
3159 1522 3287 1574 istas
3307 1527 3430 1575 octo

1851 1627 1987 1682 quas
2025 1614 2339 1669 memorasti
2368 1613 2740 1667 similitudines
2784 1613 2836 1666 in
2865 1611 3078 1666 Christo
3109 1613 3179 1665 ita
3217 1619 3430 1680 compte

198 1700 339 1756 dicit:
362 1699 425 1754 In
453 1709 600 1770 petra
626 1702 872 1754 exattasti
900 1719 980 1755 me
1002 1701 1174 1772 (Psal.
1199 1717 1342 1767 xxvi,
1372 1702 1458 1769 6);
1490 1711 1545 1756 et
1573 1703 1624 1755 in
1655 1703 1750 1757 tri-
1784 1705 1826 1762 Β
1854 1711 1908 1757 et
1936 1703 2476 1773 irrepreiiensibiliter
2503 1702 2777 1771 expedias,
2810 1711 2868 1755 ut
2894 1702 3154 1768 integram
3183 1699 3430 1753 divinita-

197 1793 374 1862 gesimo
401 1809 545 1848 nono
574 1795 686 1862 ipse
714 1794 878 1849 dicit:
913 1794 1111 1848 Statuit
1154 1810 1310 1864 supra
1357 1803 1557 1862 petram
1594 1795 1748 1864 pedes

198 1901 314 1938 meos
335 1883 503 1952 (Psal.
537 1900 721 1946 xxxxx,
746 1883 837 1952 5);
869 1892 924 1938 et
952 1886 1004 1938 in
1048 1885 1255 1954 psalmo
1279 1886 1651 1952 sexagesimo:
1683 1884 1749 1939 In

198 1983 318 2043 petra
336 1977 581 2029 exaltasti
603 1993 681 2028 me
703 1975 870 2043 (Psal.
898 1992 984 2039 ιχ,
1009 1975 1094 2045 5);
1123 1985 1178 2028 et
1207 1977 1256 2029 in
1288 1977 1494 2044 psalmo
1519 1979 1751 2032 centesi-

199 2079 268 2117 mo
289 2064 489 2118 decimo
517 2065 676 2118 tertio
703 2082 716 2116 :
739 2063 999 2118 Convertit
1027 2064 1251 2119 solidam
1271 2074 1469 2134 petram
1489 2067 1542 2118 in
1563 2074 1751 2136 stagna

198 2171 437 2225 aquarum,
461 2165 512 2209 et
530 2173 709 2225 rupem
736 2157 790 2209 in
814 2158 984 2226 fontes
1011 2173 1262 2227 aquarum
1289 2156 1460 2226 (Psal.
1489 2173 1631 2221 cxm,
1657 2157 1748 2227 8);

198 2248 310 2301 etin
335 2248 536 2324 psalmo
566 2248 860 2301 centesimo
888 2255 1082 2315 quarto
1108 2264 1121 2298 :
1154 2246 1420 2301 Percussit
1450 2257 1671 2314 petram,
1701 2256 1750 2302 et

197 2339 430 2408 ﬂuxerunt
459 2355 608 2408 aqua:
638 2337 815 2409 (Psal.
841 2353 945 2402 etv,
987 2337 1049 2390 41
1074 2338 1114 2407 ).
1161 2336 1226 2390 Et
1256 2339 1306 2391 in
1344 2337 1569 2393 Cantico
1597 2338 1750 2394 Salo-

195 2429 346 2481 monis
363 2427 593 2497 Spiritus
614 2437 830 2483 sanctus
851 2428 1079 2482 invitans
1098 2427 1164 2482 ad
1187 2442 1245 2482 se
1260 2426 1572 2491 Ecclesiam,
1591 2429 1746 2485 dicit:

203 2514 312 2572 Veni
339 2519 405 2572 ad
431 2537 530 2582 me,
562 2520 802 2588 proxima
823 2535 954 2578 mea,
981 2534 1174 2588 sponsa
1195 2536 1330 2583 mea,
1361 2521 1592 2589 formosa
1612 2537 1746 2584 mea,

192 2617 232 2662 et
248 2611 299 2664 in
316 2612 597 2665 velamento
621 2621 641 2645 ³
665 2617 825 2676 peti-ce
845 2611 1164 2664 continuata:
1189 2626 1335 2664 muro
1358 2607 1530 2680 (Cant.
1557 2625 1612 2676 It,
1639 2609 1745 2682 l4).

193 2697 247 2752 Et
282 2700 332 2754 in
371 2701 501 2754 Isaia
534 2717 636 2754 vox
668 2699 786 2753 Filii
833 2699 925 2752 Dei
962 2717 975 2752 :
1013 2698 1205 2764 Posui,
1235 2701 1341 2765 ait,
1373 2704 1556 2771 {aciem
1583 2718 1750 2756 meam

177 2785 368 2858 'petrant
393 2789 934 2859 firmissimamUsai.
983 2805 1048 2854 ι,
1091 2790 1165 2859 7).
1198 2790 1326 2845 Item
1373 2792 1426 2847 in
1470 2790 1750 2848 Ezechiele

190 2883 424 2952 propheta
445 2883 573 2938 dicit
605 2882 858 2938 Dominus
881 2899 894 2935 :
921 2880 1092 2952 Super
1121 2882 1447 2938 adamantem
1470 2893 1519 2938 et
1551 2895 1750 2956 petram

193 2973 370 3031 ﬁrmavi
399 2976 584 3044 {aciem
611 2982 753 3028 tuam
782 2974 991 3045 (Ezeclt.
1017 2990 1091 3039 tn,
1128 2973 1204 3042 9).
1235 2974 1302 3029 Et
1342 2976 1394 3029 in
1435 2976 1746 3046 Evangelio,

1853 1803 1959 1848 tem
1991 1795 2043 1848 in
2068 1793 2284 1849 Christo
2303 1794 2577 1865 expedias,
2591 1794 2838 1865 aperiens
2854 1807 2923 1846 ne
2939 1793 2987 1832 ιι·
3004 1794 3168 1847 etiam
3186 1794 3287 1846 hoc
3301 1790 3429 1844 mihi

1853 1883 2043 1939 afferas
2085 1900 2192 1938 non
2224 1893 2393 1938 totum
2436 1883 2580 1952 quod
2621 1883 2826 1936 exstitit
2871 1881 3108 1934 divinum
3155 1879 3427 1935 ostendas.

1850 1972 2082 2029 Ostende
2108 1974 2290 2042 itaque
2333 1990 2474 2028 nunc
2506 1985 2526 2012 ε
2559 1988 2725 2041 quare
2773 1980 2981 2026 tantum
3021 1979 3146 2026 octo
3192 1983 3430 2024 eorume-

1851 2065 2092 2128 morasti,
2124 2081 2244 2119 cum
2273 2065 2379 2118 sint
2401 2064 2518 2117 alim
2546 2064 2724 2116 multa:
2747 2063 2796 2116 in
2828 2062 3041 2116 Christo
3063 2060 3283 2127 efligies,
3313 2074 3430 2128 quin

1850 2156 1953 2210 dici
1984 2164 2249 2225 poterant,
2276 2164 2332 2208 ut
2359 2157 2473 2224 ipse
2501 2155 2776 2208 dixisti.—
2797 2153 3062 2206 Arnobius
3091 2151 3224 2205 dixit
3250 2169 3262 2202 :
3290 2148 3430 2204 Con-

1851 2245 2079 2300 sideravi
2101 2246 2266 2299 multa
2294 2255 2750 2299 sacramentorum
2773 2258 2970 2311 genera
2996 2245 3049 2296 in
3072 2243 3174 2296 isto
3205 2256 3430 2296 numero

1851 2337 2136 2403 contineri,
2161 2337 2334 2407 primo
2354 2335 2624 2407 quomodo
2647 2336 2698 2390 in
2721 2336 2888 2390 veteri
2912 2335 3277 2395 Testamento,
3303 2348 3428 2387 cum

1850 2428 1920 2482 sit
1959 2429 2130 2498 prima
2177 2428 2310 2490 dies,
2362 2428 2414 2482 in
2461 2442 2564 2496 qua
2613 2427 2766 2489 dixit,
2799 2425 2925 2480 Fiat
2949 2427 3039 2481 tua:
3071 2424 3235 2496 (Cen.
3262 2442 3306 2491 ι,
3340 2425 3429 2496 5);

1852 2519 2012 2574 etiam
2035 2519 2089 2573 in
2115 2534 2253 2573 novo
2274 2519 2388 2587 ipsa
2416 2519 2612 2573 meruit
2635 2533 2733 2589 per
2758 2519 3201 2573 resurrectionem
3232 2516 3430 2573 Christi

1851 2619 1907 2684 et
1935 2611 2104 2681 prima
2136 2610 2272 2665 elilci
2301 2618 2355 2665 et
2389 2617 2598 2665 octava.
2645 2609 2776 2664 Nam
2824 2611 2964 2665 sicut
3005 2611 3115 2676 ipsa
3145 2609 3232 2663 die
3259 2613 3429 2680 aperti

1851 2710 1976 2756 sunt
1995 2703 2136 2762 caeli,
2161 2711 2219 2755 ut
2244 2701 2555 2756 funderetur
2572 2717 2766 2756 manna
2792 2700 2988 2767 (Exod.
3004 2702 3427 2773 xvt,l4,i5,16),

1853 2791 2018 2846 David
2046 2806 2260 2862 quoque
2288 2801 2510 2846 octavus
2537 2799 2620 2847 est
2657 2792 2794 2845 filius
2821 2792 2910 2860 qui
2943 2807 3038 2861 per
3065 2791 3428 2848 defensionem

1852 2886 2030 2940 ovium
2051 2883 2276 2938 ferarum
2294 2885 2606 2939 interfector
2622 2885 2842 2939 effectus
2866 2884 3012 2955 est(l
3039 2884 3426 2957 lleg.xvn,'54),

1851 2986 1905 3032 ct
1925 2993 2021 3046 per
2039 2977 2402 3032 defensionem
2427 2977 2624 3046 populi,
2648 2977 2956 3031 interfector
2974 2978 3200 3046 gigantis
3224 2976 3274 3045 (Ι
3301 2975 3429 3047 Reg.

193 3061 428 3117 Dominus
452 3065 751 3133 sapientem
773 3065 942 3118 virum
973 3063 1318 3120 fahricantetn
1341 3065 1558 3120 domum
1589 3083 1750 3138 super
1776 3073 1820 3135 C
1852 3085 1995 3132 xvu,
2027 3065 2097 3120 49
2123 3077 2170 3121 et
2201 3065 2321 3134 50).
2362 3065 2541 3122 Primo
2568 3083 2687 3122 cum
2718 3067 2890 3121 adhuc
2917 3075 3059 3122 esset
3089 3069 3369 3140 parvulus,
3398 3083 3428 3122 a

193 3165 372 3224 petram
399 3159 528 3212 dicit
560 3157 782 3227 (Matth.
810 3175 912 3223 vn,
952 3157 1074 3227 24).
1118 3157 1287 3225 Quam
1329 3168 1508 3212 autem
1539 3167 1745 3226 petram

192 3249 273 3302 nisi
316 3248 452 3302 illam
481 3249 550 3304 de
577 3263 681 3317 qua
711 3250 840 3304 dicit
867 3250 1154 3318 Apostolus
1181 3268 1194 3302 :
1217 3249 1631 3306 Fundamentum
1653 3269 1746 3305 au-

193 3346 274 3392 tent
292 3340 430 3392 aliud
458 3356 608 3394 nemo
640 3349 804 3408 potest
831 3357 1036 3410 ponere,
1063 3349 1251 3406 praeter
1275 3342 1331 3395 id
1356 3342 1494 3413 quod
1519 3343 1745 3410 positum

191 3437 252 3481 est
272 3429 422 3484 Iesus
451 3427 688 3484 Christus
715 3430 764 3498 (l
791 3429 910 3484 Cor.
935 3447 1018 3492 tn,
1046 3430 1176 3500 il)?
1204 3431 1336 3485 Sunt
1365 3439 1420 3486 et
1452 3432 1555 3485 alia
1576 3432 1744 3487 multa

193 3534 286 3588 Ipse
316 3536 614 3576 memorare
655 3521 870 3589 longum
910 3529 1021 3582 est,
1055 3535 1173 3588 qua:
1201 3530 1253 3576 et
1280 3520 1512 3578 doceant
1537 3529 1744 3591 petram

191 3611 724 3676 proimmutahilitate
770 3618 826 3664 et
870 3626 968 3679 pro
1012 3613 1440 3667 constantissimo
1467 3614 1745 3670 voluntate

189 3693 374 3754 Domini
402 3702 573 3755 nostri
600 3701 726 3756 Jesu
752 3700 974 3767 Christi,
1002 3716 1162 3770 quam
1191 3703 1242 3758 in
1271 3717 1434 3760 carne
1460 3719 1553 3757 sna
1583 3719 1743 3759 exer-

189 3791 297 3854 cuit,
327 3801 561 3846 tentatus
586 3808 616 3846 a
646 3793 879 3851 diabolo.
912 3794 1139 3848 traditus
1164 3810 1193 3847 a
1217 3794 1498 3866 discipulo,
1531 3797 1666 3851 fixus
1687 3797 1744 3853 in

186 3882 424 3947 patibulo,
445 3885 654 3938 cibatus
684 3885 823 3947 felle,
855 3893 1068 3954 potatus
1095 3895 1271 3950 aceto,
1303 3887 1601 3956 perforatus
1627 3890 1745 3944 lan-

187 3985 282 4034 cea,
305 3975 599 4028 lmmiliatus
617 3992 778 4045 usque
797 3975 866 4028 ad
897 3985 1128 4040 mortem,
1153 3987 1366 4034 mortem
1387 3989 1555 4034 autem
1576 3979 1744 4038 crucis

184 4058 383 4131 (Philip.
427 4081 479 4127 ιι,
508 4063 585 4132 8).
621 4064 833 4119 Etcum
879 4067 1057 4120 omnia
1106 4068 1218 4123 inec
1261 4069 1424 4123 homo
1469 4069 1742 4140 perfectus

184 4154 490 4216 sustinuerit,
524 4155 654 4208 nihil
684 4163 860 4209 tamen
889 4155 957 4209 de
987 4157 1316 4226 impatientia
1360 4160 1591 4216 hominis
1615 4161 1738 4217 imi-

144 4305 148 4316 1
183 4247 323 4306 latus,
353 4245 587 4297 ostendit
616 4244 780 4298 Deum
830 4260 930 4313 per
971 4246 1238 4301 hominem
1271 4248 1571 4338 hominibus
1597 4265 1738 4318 prte—

140 4338 145 4348 ‘
181 4333 357 4388 stitisse
380 4337 682 4400 victoriam,
711 4337 848 4390 sicut
893 4338 944 4390 in
975 4339 1142 4406 prima
1173 4333 1566 4393 Corinthiorum
1607 4339 1736 4410 Epi-

1851 3159 1962 3212 Deo
1991 3160 2360 3228 omnipotente
2404 3158 2624 3212 effectus
2668 3167 2750 3213 est
2800 3156 3059 3213 Christus.
3111 3158 3215 3214 Sed
3268 3168 3324 3213 et
3376 3158 3430 3214 in

1848 3248 2166 3315 Evangelio,
2195 3265 2289 3304 ore
2318 3251 2526 3305 Domini
2559 3251 2724 3305 nostri
2755 3249 2881 3305 Jesu
2919 3249 3116 3306 Christi
3146 3258 3271 3306 octo
3299 3253 3428 3306 bea-

1850 3339 2102 3395 titudines
2147 3349 2454 3395 memoratae
2500 3349 2623 3394 sunt
2675 3341 2895 3410 (Matth.
2937 3340 3032 3408 v),
3077 3357 3199 3398 cum
3247 3344 3429 3411 utique

1848 3437 2027 3484 essent
2052 3437 2108 3483 et
2133 3430 2250 3483 alia:
2277 3430 2501 3486 virtutes
2540 3431 2738 3490 multm,
2771 3445 2891 3497 qua:
2919 3431 3168 3486 meritum
3197 3433 3429 3488 beatitu-

1847 3516 1988 3573 dinis
2008 3517 2206 3572 habere
2227 3518 2516 3586 potuerint.
2543 3515 2656 3572 Hoc
2679 3518 2861 3586 itaque
2881 3520 3130 3592 exemplo
3150 3521 3319 3575 visum
3347 3531 3428 3578 est

1849 3607 1976 3664 mihi
2007 3615 2068 3663 ut
2091 3608 2237 3663 salva
2277 3607 2612 3663 multitudine
2639 3607 3064 3674 similitudinum,
3095 3609 3194 3664 has
3223 3619 3427 3666 tantum

1847 3707 1975 3755 octo
2015 3699 2344 3771 tropologias
2373 3698 2665 3769 proferrem
2695 3700 2748 3754 in
2775 3699 3032 3768 medium,
3063 3711 3242 3758 certus
3284 3703 3426 3776 quod

1847 3806 1915 3848 ex
1943 3791 2029 3847 his
2055 3805 2174 3862 qua:
2198 3790 2424 3862 prolatae
2451 3797 2595 3856 sunt,
2625 3800 2832 3846 caetera:
2857 3805 2977 3861 qum
3001 3807 3108 3849 non
3151 3806 3276 3849 sunt
3306 3811 3432 3864 pro-

1845 3883 1967 3939 latae
2005 3883 2199 3956 inquiri
2238 3882 2474 3954 possint,
2503 3890 2560 3939 et
2585 3882 2806 3952 intelligi
2836 3882 3086 3948 iuventte.
3117 3893 3175 3941 et
3196 3887 3306 3942 oris
3333 3903 3423 3942 ra-

1846 3973 1994 4030 tione
2022 3973 2226 4028 utiliter
2250 3972 2549 4041 exlilauari.

1915 4061 2426 4131 XVl.—-Serapion
2467 4062 2651 4118 dixit:
2696 4061 2880 4119 Primo
2932 4078 3032 4134 per
3083 4066 3422 4121 occasionem

1845 4156 2208 4226 objectionum
2252 4169 2492 4209 mearum
2520 4153 2754 4226 lapidem
2780 4156 3111 4224 exposuisti;
3140 4172 3263 4213 cum
3290 4173 3423 4229 ergo

1843 4247 2158 4304 subsecutus
2178 4261 2351 4302 essem
2376 4247 2611 4314 capitula
2635 4247 2968 4316 evangelica,
2995 4247 3049 4303 in
3068 4249 3267 4319 quibus
3293 4251 3425 4306 dicit

1845 4341 2134 4404 Dominus,
2176 4338 2338 4394 Pater
2364 4341 2536 4410 major
2571 4355 2653 4394 nte
2677 4347 2755 4395 est
2784 4338 2964 4412 (Joan.
2989 4355 3099 4406 Xtv,
3139 4339 3253 4408 28),
3293 4341 3425 4401 inde

179 4423 294 4477 stola
317 4427 507 4480 asserit
535 4427 826 4495 Apostolus
845 4428 1027 4508 dicens
1052 4446 1064 4479 :
1095 4427 1205 4482 Deo
1239 4438 1408 4482 autem
1436 4432 1633 4500 gratias
1652 4433 1736 4500 qui
1767 4443 1819 4502 ι)
1845 4433 1945 4485 alia
1977 4431 2262 4501 protulisti.
2298 4429 2470 4494 Unde,
2492 4446 2561 4486 ne
2605 4431 2836 4488 videaris
2875 4432 2976 4488 ista
3004 4434 3248 4504 exempla
3300 4435 3426 4492 ideo

178 4509 299 4565 dedit
344 4515 491 4570 nobis
540 4518 805 4570 victoriam
848 4535 938 4587 per
985 4517 1260 4572 Dominum
1303 4528 1535 4573 nostrum
1563 4519 1740 4574 Jesum

179 4600 414 4661 Christum
437 4610 486 4679 (l
508 4606 630 4662 Cor.
656 4624 744 4673 xv,
768 4608 836 4662 5'7
852 4610 889 4676 ).
913 4642 985 4652 ——
1002 4609 1152 4680 Sera;
1175 4612 1263 4667 ion
1283 4613 1417 4666 dixit
1443 4631 1454 4665 :
1479 4613 1506 4650 ιο
1529 4613 1739 4669 Sollici-

179 4700 272 4747 tum
289 4698 457 4752 reddit
473 4714 560 4752 me
574 4699 882 4767 explanatio
906 4708 1013 4765 tua,
1039 4717 1142 4771 qua
1164 4701 1230 4756 de
1252 4703 1619 4758 incarnatione
1635 4705 1740 4759 Do-

177 4787 287 4841 mini
306 4792 467 4844 nostri
492 4792 563 4844 ita
587 4792 926 4861 interpretari
948 4795 1149 4859 Studes,
1167 4803 1224 4848 ut
1239 4795 1529 4862 hominem,
1555 4805 1609 4852 et
1631 4814 1735 4852 non

178 4871 322 4930 Deum
352 4895 653 4935 memorare
679 4881 922 4936 videaris.
960 4881 1110 4938 Unde
1137 4885 1258 4955 quia
1289 4895 1412 4940 octo
1442 4885 1643 4953 effigies
1669 4886 1735 4940 ad

1847 4525 2086 4579 attulisse
2115 4531 2175 4578 ut
2217 4524 2302 4577 illa
2352 4523 2654 4578 testimonia
2683 4523 3014 4589 declinares,
3055 4527 3317 4595 expositis
3344 4528 3426 4583 his

1845 4631 1963 4685 qua:
1991 4616 2275 4686 protulisti,
2306 4615 2372 4669 de
2398 4615 2502 4669 illis
2526 4615 2655 4670 mihi
2701 4615 2851 4668 dabis
2879 4631 3223 4684 responsum;
3267 4627 3321 4673 et
3353 4620 3423 4676 ita

1842 4707 2054 4762 demum
2086 4707 2399 4762 accedemus
2419 4706 2485 4760 ad
2516 4715 2753 4760 nostrum
2784 4706 3067 4775 specialem
3091 4706 3416 4766 conflictutn.

1840 4830 1914 4840 ——
1933 4798 2198 4853 Arnobius
2226 4797 2358 4851 dixit
2383 4813 2395 4848 :
2421 4795 2739 4866 Oportuerat
2769 4812 2866 4850 nos
2892 4795 2958 4850 de
2984 4797 3087 4853 hoc
3115 4799 3232 4854 solo
3261 4816 3420 4856 sensu

1841 4895 2092 4952 tractare,
2121 4889 2188 4941 de
2227 4903 2334 4957 quo
2365 4902 2487 4941 vere
2514 4887 2781 4948 dissentis,
2817 4888 2865 4941 id
2902 4897 3004 4951 est,
3035 4889 3102 4944 de
3146 4891 3248 4946 hoc
3276 4895 3419 4962 quod

1318 5020 1427 5074 FB.
1468 5021 1953 5078 FEU-ARDENTII
1990 5019 2212 5076 NOTAE.

234 5132 255 5156 ⁸
282 5125 361 5181 ita
396 5130 732 5184 correximus
754 5130 819 5183 Β.
851 5131 905 5182 Ρ.
933 5131 1218 5187 Frontonis
1242 5131 1417 5188 Βυαεί
1461 5135 1734 5188 societatis

171 5189 295 5274 Jesu
310 5199 549 5265 perdocti
577 5201 809 5274 theologi
833 5210 886 5274 et
908 5203 1062 5255 amici
1085 5204 1520 5274 commonitione,
1545 5219 1642 5274 pro
1662 5219 1729 5260 eo

170 5269 481 5336 QUOILVEIlls
509 5269 679 5324 Codex
710 5270 967 5336 habebat,
1000 5273 1228 5325 continui
1249 5280 1299 5325 te
1319 5281 1459 5326 muto

235 5337 268 5399 εἰ
286 5333 452 5399 i{rtus
475 5340 668 5399 Codex,
702 5339 894 5392 reddet.

225 5394 272 5434 δ’
310 5396 488 5451 [meus
515 5394 826 5463 Corruptus.

227 5475 248 5503 ⁸
267 5464 608 5538 Εμνιιδιιιυδ
633 5468 850 5535 (Contra
893 5483 1062 5520 iteres.
1093 5467 1180 5530 69)
1209 5468 1395 5535 paucis
1421 5469 1536 5523 Inec
1563 5471 1735 5538 pluri-

168 5536 354 5606 tnaCht
371 5540 460 5591 isti
488 5553 700 5606 cognon
728 5537 816 5588 ina
838 5539 1075 5604 colligit:
1103 5538 1340 5590 Christus
1358 5536 1573 5592 vocatus
1587 5554 1660 5593 est
1683 5551 1731 5595 et

163 5603 339 5672 janua,
359 5618 410 5660 et
435 5603 652 5665 osum.
678 5616 728 5658 et
749 5623 850 5666 vta,
871 5618 916 5660 et
939 5603 1199 5672 columna,
1221 5619 1268 5661 et
1289 5613 1467 5673 nubes,
1489 5622 1537 5662 et
1561 5625 1728 5678 petra,

169 5685 207 5725 et
235 5693 426 5747 agnus,
477 5687 525 5729 et
567 5693 784 5741 manna,
815 5688 860 5729 et
927 5693 1105 5744 caper,
1152 5689 1199 5730 et
1223 5679 1437 5742 vitulus,
1471 5693 1515 5734 et
1548 5684 1648 5747 leo,
1679 5696 1727 5737 et

475 5770 751 5831 Parnoc.
796 5771 956 5831 ιλιι.

1841 5137 1978 5212 Lens,
2011 5145 2060 5188 et
2089 5134 2378 5212 Sapientia,
2400 5143 2448 5188 et
2479 5135 2779 5212 Verlntm,et
2810 5136 3004 5212 Filius,
3023 5147 3073 5191 et
3097 5141 3340 5212 Angelus.
3374 5155 3426 5199 et

1837 5203 2099 5280 Christus.
2135 5203 2188 5280 et.
2215 5205 2480 5280 salvator,
2507 5216 2560 5280 et
2585 5207 2862 5280 Dominus,
2902 5218 2950 5263 et
2985 5203 3248 5280 Iromofet
3281 5203 3422 5280 ﬁlius

1838 5276 2075 5333 hominis.
2100 5283 2150 5328 et
2172 5277 2303 5349 lupis
2327 5278 2610 5346 anguluris,
2633 5289 2679 5330 et
2700 5279 2795 5340 sol,
2821 5291 2868 5331 et
2889 5279 3154 5349 pt'Op/teta,
3178 5289 3227 5332 et
3247 5276 3417 5348 panis,

1837 5353 1887 5397 et
1911 5362 2020 5408 rex,
2050 5357 2097 5398 et
2129 5345 2441 5419 aediﬁcator,
2473 5355 2519 5400 et
2545 5349 2795 5417 agricola,
2829 5345 3100 5419 etpastor.
3133 5361 3182 5401 et
3205 5345 3339 5409 vitis,
3365 5361 3421 5404 et

1841 5430 2168 5488 quaecunque
2204 5417 2361 5488 talia,
2407 5425 2532 5488 t‘-tc.,
2579 5434 2698 5484 qua:
2731 5417 3004 5472 Contendit
3040 5433 3137 5485 per
3176 5420 3418 5488 tropolo-

1842 5487 1982 5552 giatn
2023 5486 2092 5537 illi
2122 5487 2430 5547 convenire,
2453 5487 2601 5555 ςὶευι
2627 5495 2683 5541 et
2709 5504 2813 5542 vox
2833 5499 3108 5554 creatura,
3138 5486 3292 5555 quam
3339 5490 3419 5542 ni-

1843 5555 2320 5676 giistpirvicaciter
2356 5571 2420 5610 ex
2450 5554 2753 5614 Proverbiis
2777 5567 2833 5612 et
2859 5554 3233 5613 Ecclesiastico
3264 5571 3418 5628 urge-

1881 5638 1944 5675 an
1995 5663 2010 5674 .
2041 5639 2192 5676 nam.

1881 5631 1969 5675 ant
1995 5625 2192 5676 Ariani.

2815 5786 2850 5845 9
