3866 6178
515 246 613 300 967

1847 243 2113 299 ΑιιΝοιιιι
2150 206 2457 301 ιυΝιοιιιέ

3583 256 3665 313 288

515 379 621 417 non
652 361 728 415 vis
756 361 1030 417 catholicae
1073 360 1195 416 tidei
1240 362 1440 416 utiliter
1481 359 1698 415 credere
1716 398 1732 423 ,
1778 360 1829 413 in
1859 358 2073 413 Christo
2104 367 2149 422 Α
2177 361 2287 412 sine
2312 361 2532 423 macula,
2560 368 2661 415 etc.
2691 361 2860 432 (Psal.
2892 380 2995 428 xiv,
3020 365 3040 417 l
3069 364 3207 435 (ιε).
3230 365 3295 421 Et
3320 368 3428 436 quis
3451 366 3564 427 alius
3577 374 3666 428 sine

514 452 626 508 Deo
655 458 842 507 nostro
866 452 997 507 duas
1020 467 1138 507 esse
1156 466 1312 507 veras
1339 451 1704 522 perfectasque
1730 450 2074 513 substantias;

514 553 571 600 et
588 545 725 600 sicut
742 559 925 598 verum
946 544 1041 599 Dei
1060 542 1271 610 Filium,
1298 544 1370 598 ita
1393 558 1574 599 verum
1592 543 1863 598 hominem
1888 540 2077 595 Filium

515 636 743 689 hominis
767 634 1027 690 conﬁteri.
1051 634 1158 690 Sed
1181 634 1450 704 quomodo
1495 641 1547 689 te
1574 633 1831 705 prmvides
1864 632 1985 702 jure
2026 640 2083 687 et

514 725 718 793 legibus
736 725 1126 781 rationabiliter
1143 718 1520 799 superandum,
1546 740 1612 780 ne
1633 734 1687 779 te
1707 725 1877 780 solum
1899 724 2082 778 doleas

515 815 730 879 victum,
753 815 843 883 qui
874 814 1219 883 plurimorum
1248 815 1301 869 in
1331 823 1382 869 te
1410 815 1777 870 haereticorum
1815 813 2083 882 sumpsisti

516 920 792 975 personas,
822 913 880 959 ut
905 921 1025 959 cum
1049 906 1191 961 cives
1229 907 1305 960 tui
1344 915 1397 960 te
1437 915 1744 975 superatum
1773 906 2084 975 increpave-

515 997 641 1060 rint,
673 1004 729 1049 tu
758 996 903 1050 dicas
931 1012 1028 1066 per
1056 1006 1311 1062 nostram,
1342 997 1506 1051 immo
1547 1013 1655 1051 non
1703 1005 1959 1061 nostram,
1990 997 2083 1050 sed

517 1087 712 1143 Christi
743 1088 1022 1142 victoriam
1052 1104 1081 1141 a
1114 1088 1204 1141 tali
1234 1096 1285 1142 te
1313 1095 1642 1157 superatum,
1675 1097 1702 1124 οι
1730 1089 1818 1156 qui
1853 1087 2086 1156 potuerit

517 1178 865 1248 plurimorum
908 1178 961 1231 in
1008 1185 1059 1232 te
1088 1177 1455 1232 hmreticorum
1495 1179 1640 1247 prius
1670 1177 1946 1239 acumina,
1990 1189 2089 1244 per

517 1269 705 1323 miram
734 1276 896 1337 atque
920 1268 1340 1337 potentissimam
1382 1267 1503 1322 lidei
1551 1266 1827 1323 catholica:
1867 1264 2087 1333 januam

518 1361 747 1432 aperire.
762 1392 835 1404 --
852 1360 1112 1430 Serapion
1145 1359 1314 1414 dixit:
1345 1358 1572 1429 Sapiens
1595 1366 1721 1413 tunc
1745 1357 1910 1412 vincit
1930 1353 2089 1426 perli-

486 1502 499 1510 .
517 1455 659 1509 diam
688 1468 809 1508 cum
832 1468 951 1506 eam
975 1453 1042 1507 de
1065 1452 1175 1507 suis
1206 1452 1495 1507 visceribus
1520 1450 1697 1520 pellit;
1727 1457 1782 1503 et
1808 1449 1901 1519 qui
1924 1447 2089 1502 vincit

519 1545 602 1600 bis
622 1543 792 1598 victor
811 1551 914 1608 est,
937 1543 1065 1611 quia
1081 1551 1137 1596 et
1159 1541 1227 1597 de
1255 1542 1549 1597 assertione
1575 1555 1670 1594 sua
1694 1539 1815 1593 lidei
1835 1552 2088 1594 coronam

520 1632 730 1701 accipit,
759 1640 815 1686 et
840 1631 907 1685 de
935 1630 1083 1687 lucro
1112 1631 1385 1684 hominum
1413 1629 1758 1697 consequitur
1782 1627 2034 1697 palmam.

2182 452 2403 514 macula,
2438 452 2538 504 nisi
2564 452 2708 506 solus
2726 452 2980 508 Dominus
3005 454 3154 511 Jcsus
3169 456 3409 519 Christus.
3435 462 3508 530 qui
3528 480 3669 529 pecca-

2180 550 2286 596 tum
2317 559 2419 596 non
2442 545 2582 613 fecit,
2606 561 2701 599 nec
2719 547 2948 601 inventas
2972 557 3047 602 est
3074 549 3221 603 dolus
3240 552 3289 603 in
3309 569 3391 606 ore
3402 554 3501 623 ejus
3520 555 3561 622 (l
3579 555 3669 610 Pet.

2181 652 2246 698 ιι,
2286 635 2411 705 2'2)?
2438 635 2569 689 Nam
2599 637 2650 690 in
2681 639 2938 706 vigesimo
2970 643 3123 695 tertio
3152 644 3344 710 psalmo
3383 661 3394 694 :
3429 643 3565 708 Quis,
3590 647 3672 713 ait,

2182 728 2423 781 ascendet
2461 730 2514 782 in
2543 738 2763 783 montem
2797 729 3037 786 Domini?
3063 732 3128 786 Et
3151 734 3407 803 respondit
3433 753 3445 786 :
3472 734 3677 791 Innocens

2181 817 2435 881 manibus,
2455 828 2558 873 etc.
2581 819 2750 887 (Psal.
2770 835 2915 882 xxiii,
2935 821 2970 874 3
2989 831 3036 875 et
3055 821 3131 892 4).
3155 823 3220 876 Et
3239 825 3355 877 item
3376 823 3522 878 David
3539 827 3675 880 canit:

2184 907 2410 978 Magnus
2440 908 2692 962 Dominus
2717 917 2765 963 et
2791 910 3066 965 laudabilis
3094 914 3263 971 nimis,
3284 921 3403 977 etc.;
3423 921 3471 966 et
3500 914 3678 981 subjun-

2127 1067 2129 1070 ⁴
2182 1000 2259 1065 git
2286 1017 2298 1049 :
2330 997 2485 1052 Mons
2510 998 2638 1053 Sion
2663 1000 2828 1053 latera
2856 1002 3130 1071 aquilonis,
3153 1011 3251 1057 etc.
3278 1001 3436 1071 (Psal.
3460 1005 3678 1071 xmi,5).

2192 1088 2341 1143 Unde
2385 1096 2441 1142 et
2476 1088 2636 1143 Isaias
2663 1090 2772 1143 ait:
2799 1090 2863 1144 In
2906 1093 3194 1146 novissimis
3228 1093 3401 1146 diebus
3433 1096 3681 1164 manifestus

2183 1182 2280 1233 erit
2324 1197 2471 1234 mons
2508 1180 2755 1246 Domini,
2800 1190 2851 1235 et
2896 1185 3099 1237 venient
3142 1186 3208 1236 ad
3233 1200 3343 1239 eum
3368 1201 3525 1239 omnes
3550 1194 3682 1255 gentes

2188 1270 2207 1339 (
2223 1267 2354 1323 Isai.
2387 1286 2444 1334 ιι,
2473 1269 2548 1337 2).
2580 1269 2721 1326 Dicit
2745 1279 2801 1325 et
2828 1272 2880 1325 in
2906 1272 3013 1325 alio
3044 1274 3161 1327 loco
3188 1273 3345 1327 David
3371 1290 3384 1327 :
3407 1271 3495 1336 Qui
3513 1275 3684 1344 conﬁdit

2184 1359 2243 1413 in
2268 1357 2523 1423 Domino,
2554 1362 2685 1414 sicut
2722 1376 2871 1416 mons
2900 1361 3064 1427 Sion,
3094 1372 3197 1418 etc.
3228 1363 3402 1434 (Psal.
3435 1379 3586 1427 cxxiv,
3618 1364 3683 1430 1).

2190 1447 2343 1504 Unde
2370 1458 2425 1505 et
2452 1451 2505 1504 in
2535 1451 2641 1505 alio
2682 1452 2884 1521 psalmo
2908 1471 2922 1505 :
2954 1452 3108 1507 Mons
3153 1453 3299 1516 Sion,
3328 1455 3380 1508 in
3418 1471 3506 1525 quo
3530 1453 3687 1507 habitas

2186 1543 2243 1597 in
2268 1558 2328 1596 eo
2358 1541 2530 1613 (Psal.
2554 1558 2714 1607 van,
2738 1543 2849 1613 i7).
2879 1543 3019 1600 Dicit
3045 1552 3101 1598 et
3126 1544 3192 1599 de
3213 1546 3324 1615 ipso
3350 1554 3548 1600 monte:
3573 1543 3689 1597 Hunc

2189 1647 2337 1700 quem
2363 1632 2629 1701 acquisivit
2647 1633 2861 1687 dextera
2880 1633 2994 1702 ejus
3012 1633 3185 1715 (Psal.
3210 1649 3396 1698 Lxxvn,
3419 1632 3519 1702 54).
3539 1633 3690 1699 Aequi-

595 1722 865 1778 Arnobius
889 1721 1024 1776 dixit
1048 1739 1061 1774 τ
1094 1720 1208 1777 Hoc
1235 1729 1407 1776 totum
1434 1716 1811 1774 misericordiae
1852 1716 1950 1771 Dei
1993 1730 2089 1784 ap-
2118 1716 2162 1775 B
2190 1722 2313 1776 sivit
2339 1722 2609 1777 hominem
2635 1722 2856 1778 dextera
2892 1724 3009 1792 ejus
3039 1725 3326 1794 perfectum
3344 1766 3357 1789 ,
3394 1726 3583 1779 dextera
3606 1721 3690 1777 Do-

512 1810 827 1881 plicandum
855 1819 974 1864 est:
1005 1809 1135 1863 nihil
1159 1809 1301 1864 enim
1329 1808 1527 1862 nostris
1562 1806 1763 1861 nisibus
1785 1818 2087 1875 possumus,

523 1902 616 1956 sed
644 1908 814 1956 totum
842 1900 910 1955 de
936 1899 1031 1954 Dei
1059 1900 1227 1967 gratia
1257 1908 1312 1954 et
1337 1898 1701 1954 misericordia
1728 1896 1871 1965 quod
1897 1894 2092 1965 quatri-

521 2007 641 2046 mus
669 1990 987 2046 invenimus.
1012 1988 1303 2059 Aggrediar
1324 2004 1462 2043 nunc
1483 1988 1716 2056 reliquas
1737 1994 1940 2056 septem
1960 1998 2095 2055 quas

520 2082 778 2154 proposui
801 2080 1203 2136 similitudinum
1230 2078 1460 2144 formas;
1483 2078 1677 2132 dehinc
1694 2075 1827 2130 duas
1844 2075 2093 2144 qumstio-

520 2192 640 2239 nes,
664 2191 795 2243 quas
815 2189 882 2229 ex
905 2172 1201 2240 Evangeliis
1223 2170 1507 2241 protulisti,
1533 2170 1648 2239 ipso
1670 2167 1893 2222 Domino
1912 2166 2090 2229 dante,

523 2280 806 2335 exponam.
839 2262 919 2317 Tu
949 2270 1126 2316 tamen
1167 2261 1344 2330 sagaci
1378 2260 1636 2315 memoria
1660 2258 1874 2312 easdem
1903 2258 2095 2325 ﬁguras

523 2355 784 2418 recolens,
809 2354 981 2423 incipe
1001 2353 1270 2420 sigillatim
1293 2366 1547 2409 revocare
1572 2352 1623 2405 in
1646 2350 1897 2413 medium,
1922 2358 1980 2402 ut
2001 2362 2097 2418 per

523 2447 729 2513 singula
755 2445 975 2499 doceam
1003 2444 1069 2498 de
1096 2444 1263 2498 sacris
1290 2442 1649 2497 voluminibus
1668 2456 1753 2495 me
1782 2442 1879 2495 ista
1909 2454 2095 2493 exem-

525 2536 693 2605 plaria
724 2533 1028 2604 protulisse.
1049 2565 1122 2575 —
1143 2531 1403 2601 Serapion
1451 2531 1585 2584 dixit
1610 2548 1623 2582 :
1657 2528 1809 2583 Prius
1837 2528 1903 2583 de
1947 2536 2097 2597 petra

527 2638 579 2683 te
608 2627 923 2696 explicuisse
945 2626 1073 2679 satis
1099 2631 1336 2688 constat;
1364 2622 1599 2677 secundo
1621 2620 1763 2690 quod
1790 2634 1944 2674 mons
1965 2632 2099 2688 pra:-

527 2720 699 2773 dictus
725 2719 795 2771 sit
814 2716 1070 2770 Dominus
1092 2730 1159 2769 ex
1180 2712 1484 2783 Scripturis,
1514 2719 1572 2767 ut
1592 2709 1874 2766 ostendere
1902 2716 1954 2763 te
1977 2700 2100 2777 pro-

530 2808 756 2872 misisti,
797 2806 1039 2860 ostende.
1069 2837 1143 2848 —-
1167 2804 1431 2859 Arnobius
1457 2804 1590 2858 dixit
1621 2818 1635 2856 :
1660 2802 1716 2856 In
1755 2800 1941 2856 Exodo
1971 2798 2100 2866 legi-

531 2915 647 2954 mus
681 2917 694 2951 :
739 2897 885 2950 Dixit
925 2904 1094 2949 autem
1134 2894 1387 2949 Dominus
1427 2893 1494 2947 ad
1531 2892 1810 2962 Moysem:
1854 2889 1968 2944 Hoc
2009 2886 2098 2945 tibi

531 2990 731 3058 signum
759 2988 855 3050 sit,
885 2986 1127 3054 quoniam
1152 3000 1245 3054 ego
1274 2992 1322 3035 te
1349 2984 1551 3039 mittam
1575 2990 1631 3034 ut
1659 2980 1835 3048 ejicias
1859 2977 2102 3047 populum

2192 1811 2318 1864 mini
2337 1811 2429 1879 qui
2450 1812 2569 1882 fecit
2597 1814 2832 1866 virtutem
2853 1812 3023 1883 (Psol.
3051 1828 3213 1879 cxvn,
3238 1811 3352 1885 {6):
3371 1813 3567 1868 dextera
3582 1813 3692 1866 enim

2204 1897 2376 1953 Patris
2396 1900 2464 1953 ab
2492 1902 2805 1969 operatione
2830 1902 3025 1957 dicitur
3049 1910 3105 1957 et
3141 1903 3408 1973 probatur.
3450 1903 3553 1972 Ipse
3587 1903 3695 1956 enim

2193 1990 2471 2045 invisibilis
2496 1990 2662 2046 Filius
2700 1992 2840 2047 hanc
2875 1993 3132 2047 virtutem
3175 2007 3274 2063 per
3315 1992 3696 2062 omnipotentiam

2193 2098 2343 2137 suam
2374 2090 2627 2151 operatus
2652 2090 2755 2147 est,
2787 2089 2846 2136 ut
2864 2097 2960 2151 per
2984 2082 3218 2137 hominis
3244 2083 3621 2152 assumptioneni
3646 2080 3698 2132 its

2194 2173 2416 2227 visibilis
2444 2172 2614 2237 ﬁeret,
2644 2181 2702 2226 ut
2732 2171 2932 2227 diceret
2957 2164 2975 2226 ς’
3005 2170 3107 2237 Qui
3129 2190 3209 2227 me
3235 2174 3383 2237 uidet,
3411 2172 3531 2226 videt
3552 2179 3593 2224 et
3617 2168 3699 2221 Pa-

2194 2273 2343 2329 trem,
2373 2265 2492 2335 quia
2519 2281 2612 2335 ego
2634 2265 2687 2317 in
2708 2263 2885 2328 Patre,
2907 2271 2957 2318 et
2987 2263 3148 2319 Pater
3172 2266 3227 2318 in
3250 2280 3331 2318 me
3347 2272 3421 2317 est
3440 2260 3593 2331 (lacn.
3618 2274 3699 2318 ιιν.

2195 2354 2230 2408 9
2249 2363 2300 2410 et
2326 2354 2511 2424 lil).--
2527 2353 2785 2423 Serapion
2815 2353 2950 2408 dixit
2971 2371 2985 2406 :
3009 2352 3154 2423 Ergo
3173 2354 3337 2408 Judaei
3360 2353 3445 2422 qui
3465 2366 3572 2406 eum
3590 2350 3700 2403 vide-

2196 2452 2352 2510 runt,
2382 2444 2631 2499 viderunt
2680 2451 2735 2498 et
2781 2441 3016 2499 Patrem.
3040 2475 3113 2487 -—
3135 2444 3398 2498 Arnobius
3444 2438 3702 2509 respondit:

2197 2535 2365 2592 Iudici
2387 2548 2513 2589 eum
2525 2533 2601 2588 sic
2612 2534 2893 2590 viderunt:
2909 2536 2985 2590 sic
3003 2534 3237 2605 Spiritus
3260 2543 3466 2590 sanctus
3481 2531 3539 2586 ad
3558 2530 3704 2584 Isaiam

2200 2625 2365 2680 dicit:
2404 2623 2563 2690 Vade,
2594 2624 2677 2677 dic
2703 2626 2893 2695 populo
2923 2626 3067 2690 huic,
3108 2626 3349 2680 Videntes
3374 2641 3469 2678 non
3502 2620 3706 2677 videbitis.

2198 2725 2248 2770 et
2284 2716 2549 2771 audientes
2597 2733 2701 2772 non
2733 2718 3030 2790 intelligetis
3078 2717 3235 2788 (Isai.
3258 2715 3406 2781 ".9;
3434 2716 3539 2768 Act.
3565 2725 3710 2771 mitti

2201 2804 2323 2877 26).
2371 2806 2523 2861 Unde
2548 2816 2605 2862 et
2635 2809 2746 2875 ipse
2775 2808 3028 2862 Dominus
3055 2809 3122 2861 ad
3151 2822 3248 2863 eos
3274 2808 3398 2862 dicit
3432 2823 3444 2859 :
3475 2802 3632 2874 Neque
3652 2813 3713 2853 ns

2201 2897 2394 2960 nostis,
2449 2912 2608 2963 neque
2647 2897 2860 2949 Patrem
2896 2912 3065 2951 incum
3095 2896 3289 2969 (Joan.
3323 2912 3437 2958 vin,
3474 2893 3581 2962 I9).
3620 2887 3714 2944 Suis

2202 2994 2382 3039 autem
2409 2984 2679 3053 discipulis
2705 3002 2717 3037 :
2749 2985 2892 3040 Beati
2917 2986 3051 3041 oculi
3078 2990 3168 3057 qui
3196 2988 3366 3042 vident
3391 3002 3497 3057 qua
3513 2998 3589 3038 eos
3610 2979 3716 3035 side-

532 3094 695 3132 nteum
714 3091 778 3129 ea:
799 3073 1050 3145 Egypto,
1073 3082 1121 3127 et
1141 3074 1364 3127 servietis
1386 3073 1508 3125 milii
1528 3074 1581 3126 in
1602 3077 1773 3124 monte
1793 3069 1885 3122 hoc
1902 3067 2096 3139 (Exod.
2127 3077 2171 3139 C
2201 3077 2288 3138 tis,
2318 3083 2367 3129 et
2394 3075 2609 3128 audiunt
2635 3093 2748 3142 qua:
2768 3093 2857 3132 vos
2883 3064 3072 3133 auditis
3103 3076 3317 3147 (Matth.
3346 3093 3459 3141 xui,
3483 3074 3578 3138 I6).
3603 3069 3716 3136 Qua-

533 3184 616 3231 ιιι,
644 3164 832 3237 12)-
849 3166 1109 3235 Serapion
1136 3164 1270 3218 dixit
1295 3182 1307 3217 :
1332 3164 1406 3218 De
1429 3172 1609 3219 monte
1627 3162 1754 3218 Sina
1780 3164 1883 3217 hoc
1901 3162 2099 3217 dictum

534 3268 633 3315 est.
658 3291 729 3301 ——
756 3256 1023 3311 Arnobius
1050 3257 1182 3311 dixit
1209 3274 1220 3309 :
1251 3255 1308 3310 Si
1336 3256 1613 3310 historiam
1660 3271 1869 3325 qumras
1910 3255 2101 3319 solam,

536 3350 865 3421 Synagogam
915 3347 1221 3415 ingredere;
1275 3361 1372 3400 nos
1427 3353 1604 3399 autem
1658 3344 1935 3398 historiam
1984 3343 2104 3397 ideo

534 3439 853 3509 accipimus,
887 3444 943 3490 ut
984 3451 1101 3506 qua:
1147 3443 1273 3490 sunt
1312 3436 1450 3491 intra
1494 3435 1771 3490 historiam
1797 3433 2108 3504 spiritaliter

537 3529 880 3599 explicemus,
912 3534 1196 3596 sequentes
1216 3527 1519 3595 apostolum
1548 3524 1773 3580 Paulum
1798 3526 2108 3593 magistrum

540 3618 787 3674 Ecclesia:
810 3619 1047 3686 gentium
1070 3633 1100 3670 a
1127 3616 1352 3670 Domino
1380 3616 1712 3679 attributum,
1731 3615 1832 3683 .qui
1862 3615 1950 3683 (ut
1968 3611 2106 3684 dixi)

539 3726 604 3765 eo
626 3724 792 3780 usque
812 3725 1000 3763 sensus
1028 3716 1242 3761 nostros
1265 3707 1575 3776 provocavit
1594 3714 1647 3760 et
1675 3705 1856 3767 corda,
1882 3714 1939 3759 ut
1958 3712 2109 3777 petra

524 3812 658 3873 .qum
685 3813 783 3868 pro
811 3805 959 3851 certo
989 3804 1137 3866 petra
1177 3804 1288 3858 est,
1340 3795 1477 3849 unde
1522 3811 1659 3863 aqua
1705 3793 1965 3864 producta
2009 3803 2109 3858 est,

546 3890 570 3925 ι)
599 3887 867 3943 Christum
906 3904 1024 3943 esse
1066 3886 1340 3941 evidenter
1374 3894 1655 3952 assereret,
1697 3882 1881 3940 dicens
1909 3903 1920 3938 :
1952 3884 2112 3938 Petra

543 3985 714 4031 autem
739 3986 850 4030 erat
877 3974 1109 4031 Christus
1153 3975 1203 4046 (Ι
1229 3975 1347 4030 Cor.
1372 3993 1433 4040 x,
1456 3979 1482 4033 Δ
1504 3975 1542 4046 ).
1575 3976 1652 4029 Ita
1681 3986 1736 4030 et
1762 3984 2028 4039 montem,
2059 3975 2113 4028 in

545 4082 652 4136 quo
674 4066 918 4136 apparuit
947 4068 1163 4121 claritas
1190 4067 1316 4130 Dei,
1339 4067 1392 4122 in
1412 4050 1539 4134 ‘quo,
1559 4064 1692 4135 ignis
1721 4068 2037 4135 iiluminans,
2063 4075 2115 4120 et

549 4174 655 4212 non
683 4150 1030 4223 comburens,
1082 4158 1133 4212 in
1175 4174 1281 4233 quo
1322 4159 1458 4241 Deus
1486 4140 1606 4213 cum
1649 4159 1864 4215 homine
1890 4140 2033 4213 faciei
2049 4160 2115 4212 ad

2202 3174 2438 3237 pr0pter,
2470 3166 2514 3219 si
2552 3166 2761 3221 videtur
2779 3166 2845 3220 de
2868 3174 3050 3221 monte
3073 3167 3260 3222 datum
3286 3182 3401 3221 esse
3438 3175 3719 3233 responsum.

2203 3272 2562 3312 commemora
2592 3257 2711 3312 loco
2740 3258 2896 3310 tertio
2923 3273 2954 3309 a
2981 3272 3067 3311 me
3093 3257 3296 3311 dictum
3325 3255 3621 3324 exemplum.

2274 3344 2433 3401 XVII.
2458 3378 2532 3391 -—-
2553 3346 2816 3414 Serapion
2851 3346 2989 3400 dixit
3012 3365 3025 3399 :
3051 3346 3235 3401 Primo
3266 3347 3506 3417 lapidein,
3533 3338 3723 3398 secundo

2205 3446 2460 3502 montem,
2481 3437 2636 3491 tertio
2654 3445 2870 3501 turrem,
2897 3437 2949 3489 in
2966 3437 3313 3492 similitudine
3327 3430 3723 3493 commemoras“.

2205 3558 2280 3570 -—
2315 3527 2580 3583 Arnobius
2616 3527 2750 3581 dixit
2781 3544 2793 3579 :
2836 3526 2979 3581 Bene
3015 3543 3421 3594 commemoras,
3462 3527 3506 3580 si
3538 3533 3589 3580 et
3621 3523 3727 3576 bene

2207 3615 2435 3684 recipias
2464 3616 2762 3670 veritatem.
2794 3615 2913 3683 Ipse
2939 3623 3022 3670 est
3057 3616 3222 3681 enim,
3251 3617 3317 3672 de
3344 3631 3448 3685 quo
3486 3616 3533 3668 in
3565 3611 3730 3682 psalmo

2210 3705 2542 3771 sexagesimo
2571 3705 2779 3759 canitur
2813 3704 2956 3774 quod
2981 3705 3050 3758 sit
3077 3709 3238 3760 tum‘s
3266 3704 3607 3777 {ortitudinisa
3629 3698 3731 3770 (acie

2207 3797 2403 3852 inimici
2433 3794 2550 3861 (Ps.
2583 3812 2670 3860 1.x,
2700 3794 2789 3865 4).
2814 3795 2939 3851 Ηιῐξο
2965 3805 3046 3850 est
3070 3797 3252 3859 turris,
3280 3797 3347 3851 de
3373 3812 3472 3865 qua
3495 3794 3610 3848 dicit
3635 3787 3732 3857 Spi-

2211 3889 2346 3957 ritus
2374 3898 2587 3942 sanctus
2618 3903 2713 3957 per
2738 3887 2927 3941 Isaiam
2960 3905 2972 3940 :
3009 3887 3293 3957 Aidificavi
3324 3889 3497 3941 turrim
3531 3887 3579 3937 iu
3601 3878 3731 3936 medio

2213 3982 2389 4057 ginem,
2413 3996 2563 4048 quam
2584 3979 2813 4049 plantavi
2844 3977 3002 4050 (Isai.
3031 3996 3084 4043 v,
3112 3978 3148 4031 ‘2
3170 3981 3208 4047 ).
3248 3979 3466 4033 Vineam
3492 3978 3616 4031 hanc
3647 3972 3732 4039 ipse

2214 4069 2598 4138 interpretatur
2642 4068 2872 4139 Spiritus
2898 4078 3146 4132 sanctus.
3192 4072 3379 4125 dicens
3410 4088 3423 4121 :
3462 4067 3608 4121 Vinea
3629 4060 3732 4114 enim

2215 4162 2426 4215 Domini
2454 4161 2702 4227 Sabaoth,
2731 4163 2909 4217 domus
2940 4162 3152 4217 Israelis
3171 4173 3248 4217 est
3279 4164 3299 4234 (
3366 4164 3558 4219 Ibidem
3578 4202 3593 4228 ,
3626 4161 3652 4214 7
3706 4152 3735 4216 )-

549 4248 734 4305 faciem
774 4248 1003 4317 loquens
1033 4244 1227 4319 (Exod.
1262 4266 1456 4314 xxxm,
1495 4250 1600 4319 ll),
1645 4251 1697 4303 in
1737 4265 1843 4318 quo
1872 4249 2118 4317 Majestas
2218 4253 2426 4307 Turrim
2451 4268 2594 4317 vero,
2626 4252 2693 4307 de
2719 4268 2823 4321 qua
2851 4255 2981 4309 dicit
3007 4269 3064 4309 se
3092 4254 3385 4310 aediﬁcasse
3427 4254 3479 4307 in
3502 4249 3673 4306 medio,
3697 4248 3740 4293 ιιι

548 4337 661 4406 ipsa
690 4336 1058 4405 digitosuo'in
1102 4334 1308 4391 duabus
1350 4337 1541 4391 tabulis
1562 4330 1804 4407 'lapiileis
1844 4354 1949 4391 suae
1988 4338 2118 4405 legis
2220 4342 2494 4410 Scriptura
2526 4332 2708 4396 Sancta
2739 4344 2885 4404 dicit,
2908 4343 3072 4399 Filius
3098 4353 3181 4398 est
3203 4345 3451 4407 hominis,
3481 4353 3625 4410 quem
3643 4347 3743 4388 cun-

553 4428 876 4482 volunlatem
908 4428 958 4480 in
988 4426 1174 4482 decem
1197 4428 1473 4496 prmceptis
1502 4429 1738 4496 scripsit;
1773 4429 1822 4482 in
1846 4445 1952 4496 quo
1982 4429 2118 4483 Dcu-
2150 4430 2194 4487 D
2222 4430 2451 4487 ﬁrmavit
2479 4434 2599 4487 sibi.
2624 4434 2698 4488 De
2718 4451 2825 4504 quo
2850 4434 3103 4489 Salomon
3132 4435 3263 4491 dicit
3287 4454 3299 4488 ε
3335 4433 3593 4504 Sapientia
3610 4422 3743 4491 adiﬁ-

555 4520 834 4575 teronomii
856 4561 870 4580 ,
901 4518 951 4572 id
980 4525 1090 4580 est,
1122 4517 1369 4572 secundm
1398 4510 1481 4572 vel
1507 4519 1707 4572 IIel'uIm
1737 4520 1865 4586 legis
1893 4520 2121 4589 scriptus
2221 4526 2352 4579 cavit
2397 4524 2493 4579 sibi
2534 4525 2738 4579 domum
2786 4525 2976 4597 (Prov.
3020 4543 3094 4589 Ix,
3131 4528 3216 4596 l).
3248 4528 3368 4597 Ipse
3408 4526 3542 4581 enim
3579 4518 3657 4590 qui
3687 4519 3747 4566 cal

557 4611 820 4676 estliber;
854 4610 1090 4663 mohtem
1113 4608 1201 4663 ubi
1218 4604 1361 4662 Deus
1382 4607 1583 4662 homini
1611 4618 1791 4662 notum
1816 4608 1956 4674 fecit,
1978 4610 2120 4677 quod
2221 4616 2483 4685 sapientia
2512 4615 2700 4681 Patris,
2725 4616 3004 4671 adiﬁcavit
3031 4617 3130 4671 sibi
3166 4618 3219 4672 in
3249 4626 3403 4671 mero
3435 4611 3642 4681 Virginis
3661 4618 3750 4673 per-

553 4703 609 4754 in
636 4701 889 4771 principio
917 4697 1058 4752 Deus
1087 4699 1288 4769 fecisset
1309 4699 1486 4752 caelum
1514 4707 1562 4750 et
1590 4704 1779 4750 terram
1806 4696 1955 4769 (Gen.
1981 4715 2016 4763 i,
2045 4699 2094 4767 l)

2220 4706 2418 4762 fectum
2447 4708 2717 4762 hominem
2745 4706 2955 4773 Jesum,
2986 4710 3070 4779 qui
3093 4708 3488 4778 prazdestinatns
3523 4711 3592 4757 est
3615 4696 3752 4752 Fili"!

556 4798 611 4844 et
637 4792 813 4844 omnia
841 4806 958 4858 qua:
988 4790 1039 4842 in
1080 4789 1158 4843 eis
1200 4796 1353 4851 sunt,
1400 4797 1456 4842 et
1496 4788 1659 4841 multa
1692 4789 1792 4841 alia
1821 4788 2090 4842 sanctitati

2224 4795 2320 4851 Dei
2345 4800 2397 4853 in
2417 4801 2597 4853 virtute
2613 4799 2891 4854 secundum
2917 4801 3153 4870 spiritum
3170 4796 3589 4867 sanctiﬁcationis
3609 4788 3753 4859 (Rom.

560 4878 773 4942 indicia,
805 4894 921 4946 quzc
944 4879 1120 4934 dicere
1161 4878 1375 4947 longum
1406 4887 1574 4943 esset;
1614 4879 1680 4931 de
1707 4894 1813 4948 quo
1844 4878 2121 4934 l’salmista
2225 4905 2265 4954 ι,
2290 4889 2367 4959 4),
2392 4906 2499 4943 non
2530 4892 2819 4946 secundum
2844 4892 3145 4961 conjugium
3175 4890 3502 4960 pollutionis.
3530 4915 3598 4929 --
3620 4882 3753 4936 Sera-

559 4969 688 5024 ιιίείι
714 4986 726 5022 =
751 4967 904 5024 Μοηε
935 4969 1051 5033 θεῖν
1079 4986 1227 5023 mons
1254 4971 1478 5039 pinguis.
1509 4987 1655 5024 mons
1685 4972 1737 5022 in
1766 4987 1863 5040 quo
1887 4968 2126 5039 bencpla-
2228 4982 2355 5051 pion
2381 4981 2559 5035 dixit:
2590 4982 2706 5036 Noli
2744 4984 2920 5039 dicere
2964 4983 3193 5051 conjugii
3234 4982 3615 5052 pollutionem:
3660 4980 3756 5023 nam

553 5061 716 5113 citum
743 5067 818 5113 est
846 5058 954 5112 Deo
981 5059 1210 5113 habitare
1236 5061 1291 5113 in
1311 5076 1386 5113 eo.
1419 5060 1625 5114 Etenim
1647 5060 1899 5114 Dominus
1925 5059 2127 5114 habita—
2232 5069 2536 5138 conjugium
2556 5071 2902 5140 pouuiionem
2933 5089 3039 5127 ιιοη
3061 5074 3237 5138 habet,
3262 5072 3354 5127 sed
3386 5064 3649 5125 (amicam)
3668 5056 3759 5129 pol-

560 5155 631 5207 bit
660 5154 714 5206 in
741 5152 895 5221 ﬁnem
933 5149 1103 5219 (Psal.
1129 5168 1287 5214 LXVII,
1315 5151 1380 5204 16
1407 5160 1456 5204 et
1485 5152 1597 5221 17),
1636 5160 1694 5207 ιιι
1717 5154 2022 5208 ostenderet
2061 5152 2129 5207 de
2231 5161 2364 5215 lutio
2396 5161 2746 5231 nuncupanda
2772 5171 2872 5217 est.
2900 5196 2972 5207 -
2998 5162 3262 5217 Arnobius
3287 5161 3423 5215 dixit
3447 5178 3458 5211 :
3487 5150 3761 5221 Conjugium

561 5259 669 5311 quo
695 5242 919 5301 diceret,
949 5238 1003 5292 in
1029 5238 1236 5307 psalmo
1256 5248 1448 5307 quarto
1467 5242 1679 5296 decimo
1713 5244 1788 5296 ait
1831 5262 1842 5295 :
1892 5241 2018 5306 Quis
2045 5262 2130 5298 re-
2234 5251 2578 5320 pollutionem
2608 5253 2786 5319 hahei,
2818 5262 2872 5307 ει
2906 5254 3104 5307 crimen
3143 5269 3250 5308 ηοη
3288 5252 3449 5306 δίψει
3480 5267 3493 5302 ε
3526 5236 3763 5302 [οιρηὶαιιὶιι

560 5335 780 5405 quiescet
801 5333 852 5385 in
875 5338 1045 5384 monte
1064 5338 1241 5383 sancto
1269 5333 1462 5386 tuo?et
1481 5332 1703 5400 adjecit:
1729 5333 1828 5397 Qui
1849 5335 2133 5405 ingreditur
2237 5348 2413 5394 autem
2453 5350 2508 5395 et
2549 5343 2895 5412 pollutionem
2936 5343 3134 5399 habere
3172 5343 3446 5414 probatur,
3485 5346 3541 5393 et
3578 5332 3749 5390 crimen

1725 5443 1833 5497 FR.
1878 5443 2356 5504 FEU-ARDENDII
2398 5450 2624 5506 NOTAE.

636 5547 663 5605 εξ
689 5534 903 5590 Clarum
931 5541 1014 5587 est
1040 5534 1178 5586 hanc
1203 5532 1520 5605 sententiam
1559 5535 1799 5588 mutilam
1828 5550 1946 5591 esse
1974 5544 2027 5590 et
2064 5551 2130 5590 cx
2317 5542 2340 5578 ι)
2372 5542 2537 5598 Vetus
2563 5543 2729 5598 codex
2747 5583 2765 5605 ,
2797 5559 3045 5599 asserere.

568 5604 787 5660 meliore
814 5605 998 5660 codice
1025 5601 1442 5657 resarciendam.
