3936 6176
179 304 267 358 289
918 294 1337 355 CONFLICTUS
1374 292 1462 349 DE
1499 290 1630 348 Ι)εο
1668 287 1872 348 τιυκο
1909 284 2013 347 ΕΓ
2037 290 2193 380 [ἴδΟ.
2232 294 2383 354 ETC.
2424 296 2549 353 LIB.
2592 297 2629 353 ι.
3298 300 3405 353 ΞΤῆ

177 418 268 474 Sed
302 412 544 488 permitte
583 427 669 469 me
697 413 927 483 probare
962 411 1127 468 turris
1152 409 1462 465 indiculum.
1493 407 1611 477 Ipse
1634 421 1727 460 au-
1753 411 1800 467 Α
1829 412 1912 459 est
1937 407 2645 465 mendaciumtestimonium
2668 410 2799 481 ejus.
2823 411 2983 467 David
3007 428 3220 484 quoque
3240 415 3290 469 in
3308 434 3402 471 suo

181 517 273 561 tem
298 505 545 559 Dominus
596 505 647 557 in
695 501 983 571 Evangelio
1030 502 1110 557 sic
1156 500 1230 554 ait
1269 517 1282 552 :
1336 498 1728 570 Paterfamilias
1826 499 2044 568 proprio
2066 500 2272 568 psalmo
2300 501 2377 556 sic
2403 502 2619 557 dicitde
2648 502 2804 558 Deo:
2849 503 2969 576 Ipse
2998 506 3139 559 misit
3165 508 3400 576 angelum

180 595 403 665 plantavit
426 594 642 655 uincam,
674 602 724 646 et
746 593 903 661 sepsit
922 609 1055 655 eam,
1085 600 1135 644 et
1161 589 1431 659 aediﬁcavit
1456 589 1592 641 inea
1623 597 1731 639 tur-
1825 603 1989 651 suum,
2032 598 2079 641 et
2118 590 2233 643 tulit
2271 607 2350 644 me
2386 592 2449 645 de
2488 593 2663 647 ovibus
2695 596 2859 663 patris
2893 596 3011 663 mei,
3052 606 3102 650 et
3137 600 3288 652 unxit
3322 616 3403 652 me

182 686 282 747 rim,
328 692 374 735 et
418 682 602 735 locavit
645 697 757 734 eam
786 682 1029 752 agricolis
1075 680 1300 749 (Matth.
1333 693 1459 740 ur,
1489 675 1609 745 33),
1636 676 1727 744 qui

183 778 347 825 missos
379 771 445 823 ad
479 784 540 824 se
576 785 764 824 servos
798 784 829 823 a
864 769 1246 839 patrelamilias
1284 766 1455 835 plagis
1493 764 1728 832 albigerc

183 880 268 917 non
296 870 591 916 metuerant
622 869 933 931 :postremo
953 862 1021 915 ab
1060 861 1176 929 ipso
1205 856 1582 928 patrelamilias
1608 855 1730 910 mis-

182 971 276 1008 sum
325 953 485 1007 ﬁlium
533 952 863 1007 occiderunt.
896 950 1010 1005 Hoc
1064 951 1238 1014 dicto,
1270 950 1668 1015 interrogantur
1694 962 1727 1000 a

183 1044 395 1108 Domino,
426 1043 553 1097 Cum
576 1044 767 1097 uenerit
792 1043 1028 1095 dominus
1054 1042 1232 1104 vineae,
1262 1039 1383 1109 quid
1408 1039 1563 1108 faciet
1589 1035 1726 1089 colo-

181 1139 245 1190 nis
284 1137 421 1190 illis?
462 1136 534 1189 Et
580 1134 943 1204 respondentes
987 1131 1161 1186 Judtei
1207 1132 1447 1184 dixerunt
1488 1145 1505 1182 :
1554 1128 1725 1181 Malos

179 1230 288 1282 male
312 1230 503 1299 perdet,
531 1237 581 1282 et
608 1230 806 1282 vineam
834 1243 981 1281 suam
1008 1227 1126 1279 aliis
1155 1223 1344 1278 locabit
1364 1223 1623 1293 agricolis.
1657 1221 1726 1274 Et

180 1320 395 1375 Dominus
429 1322 500 1373 ad
530 1336 635 1386 eos,
671 1320 833 1372 Amen
862 1319 995 1382 dico,
1032 1316 1220 1385 inquit,
1259 1312 1416 1377 vobis,
1451 1315 1725 1383 Auferetur

176 1429 203 1463 a
231 1412 353 1463 rubis
388 1427 600 1479 regnum
634 1408 759 1476 Dei,
796 1418 846 1463 et
878 1406 1085 1461 dabitur
1114 1408 1251 1477 genti
1286 1405 1496 1478 facienti
1529 1404 1724 1473 fructus

169 1494 263 1564 esz
283 1492 440 1560 (Ibid.
467 1491 684 1559 £043).

229 1585 475 1640 XVIll.—-
503 1586 772 1656 Serapion
793 1586 932 1640 dixit
964 1602 980 1641 :
1011 1585 1217 1654 Quarto
1243 1602 1393 1641 nunc
1421 1587 1540 1641 loco
1569 1601 1719 1657 quie-

173 1679 347 1731 tendus
388 1694 579 1733 sermo
626 1679 920 1732 Dominqu
955 1695 1052 1747 per
1082 1680 1285 1749 virgam
1314 1680 1717 1750 pra-ﬁguratum

1818 681 2065 733 unctione
2091 681 2461 737 misericordia:
2488 700 2595 738 sum
2625 684 2794 754 (Psal.
2828 702 3025 750 Lxxvn,
3056 686 3175 755 70).
3208 721 3279 729 ——
3308 686 3401 741 Sc-

1824 771 2011 838 rapion
2050 770 2185 824 dixit
2218 790 2229 823 :
2273 770 2503 841 Propera
2541 774 2605 825 ad
2635 783 2872 839 sextum,
2918 777 2971 828 in
3000 776 3399 831 similitudinem

1825 861 2056 914 hominis
2080 860 2269 914 Filium
2294 862 2385 915 Dei
2403 871 2527 916 ante
2546 864 2709 917 visum
2731 882 2742 915 :
2762 866 2884 932 quia
2906 863 3098 919 suﬂicit
3126 864 3191 920 de
3215 867 3400 934 quinto

1823 950 1965 1017 quod
2019 951 2217 1004 dictum
2268 960 2366 1003 est.
2398 984 2468 994 —
2498 951 2761 1033 Arnobius
2791 954 2924 1007 dixit
2968 971 2981 1005 :
3014 966 3037 990 ε·
3069 953 3316 1022 Legimus
3345 957 3398 1011 in

1824 1039 1958 1094 libro
1986 1040 2111 1096 Iesu
2134 1041 2300 1106 Nave,
2324 1043 2463 1110 quod
2496 1044 2584 1097 illo
2618 1054 2859 1114 tempore
2891 1061 3009 1100 cum
3036 1045 3247 1101 Jericho
3274 1064 3400 1102 con-

1824 1129 2025 1183 tinuum
2056 1130 2215 1185 iniret
2252 1133 2509 1200 prmlium,
2540 1134 2672 1187 vidit
2718 1135 2989 1188 hominem
3017 1144 3243 1190 stantem
3272 1153 3401 1191 con-

1824 1227 1901 1273 tra
1930 1235 2010 1285 se,
2039 1229 2093 1275 et
2120 1220 2327 1288 gladius
2355 1221 2406 1275 in
2438 1239 2598 1277 manu
2628 1224 2742 1293 ejus
2775 1242 2788 1277 :
2829 1240 3055 1293 cumque
3089 1226 3401 1283 accessisset

1821 1309 1888 1367 ad
1912 1324 2055 1375 eum,
2081 1311 2215 1365 dixit
2242 1312 2292 1365 ei
2319 1329 2332 1363 :
2366 1310 2561 1367 Noster
2588 1329 2661 1379 es,
2708 1331 2776 1367 an
2820 1314 3272 1369 adversariorum?
3299 1314 3400 1379 Qui

1819 1401 2132 1470 respondens
2162 1404 2236 1456 ait
2265 1418 2282 1454 :
2323 1401 2438 1473 Ego
2466 1420 2578 1457 sum
2606 1404 2710 1457 dua;
2746 1404 3066 1474 fortitudinis
3092 1403 3190 1481 Dei
3222 1405 3400 1473 (Iosue

1820 1505 1874 1552 v,
1906 1489 1992 1554 15,
2025 1489 2144 1561 id).
2176 1489 2307 1545 Item
2336 1492 2500 1548 Isaias
2528 1494 2787 1561 propheta
2819 1494 2948 1549 dicit
2978 1512 2990 1547 :
3023 1492 3275 1549 Clamabit
3300 1514 3399 1565 po-

1817 1580 1970 1650 pulus
2016 1581 2087 1633 ad
2132 1580 2295 1635 Deum
2332 1599 2480 1637 suum
2524 1586 2579 1638 in
2608 1585 2859 1655 angustiis
2886 1586 3010 1650 suis,
3039 1594 3089 1639 et
3108 1589 3272 1640 mittet
3294 1588 3400 1642 illis

1821 1668 2073 1724 Dominus
2095 1672 2348 1726 hominem
2368 1675 2453 1743 qui
2479 1673 2659 1728 liberet
2684 1691 2769 1729 eos
2799 1674 2953 1745 (Isai.
2984 1692 3094 1732 tux.
3121 1675 3242 1747 20).
3265 1677 3399 1732 Item

171 1772 461 1825 ostendens.
479 1782 539 1825 ut
559 1772 850 1840 promissio
877 1782 966 1826 tua
987 1788 1090 1826 suo
1110 1776 1302 1827 ordine
1318 1780 1722 1842 explicetur.——
1756 1759 1792 1816 υ
1822 1759 1952 1815 die“
1978 1762 2165 1816 Daniel
2196 1781 2210 1815 ³
2244 1763 2270 1801 δ
2314 1763 2432 1817 Vidi
2459 1766 2513 1818 ίη
2535 1764 2752 1819 nubibus
2768 1767 2879 1819 εωίί
2908 1768 3187 1821 vadentem
3205 1766 3399 1822 Fiam"

169 1861 414 1915 Arnobius
432 1862 565 1916 dixit
588 1880 602 1918 :
626 1862 895 1931 Loquitur
913 1863 966 1914 in
988 1863 1176 1917 Exodo
1196 1864 1261 1915 :ul
1284 1863 1518 1933 Moysem
1544 1864 1727 1917 Domi.

171 1968 272 2008 nus.
295 1952 407 2023 Ego
423 1955 585 2007 stabo
607 1956 660 2006 in
686 1956 971 2007 cacumine
991 1955 1166 2017 collis,
1201 1964 1254 2007 et
1271 1956 1422 2023 virga
1449 1956 1585 2015 haec.
1606 1971 1725 2025 quae

173 2047 213 2096 in
234 2060 379 2098 nianu
400 2055 495 2098 tua
513 2056 617 2104 est.
633 2046 688 2099 in
729 2048 839 2114 ipsa
857 2044 1058 2100 faciam
1079 2049 1262 2100 Omnia
1287 2050 1440 2114 signa
1461 2056 1725 2099 Virtutum

175 2135 345 2190 chtlrl
367 2137 542 2190 Dawd
569 2138 833 2203 llprtl‘illl
861 2153 875 2189 :
918 2135 1073 2206 Virga
1095 2138 1384 2207 (equitatts.
1411 2139 1556 2207 uirga
1581 2141 1727 2208 regni

176 2225 403 2296 tuiJ’trga
426 2236 521 2279 tua
544 2239 594 2280 et
619 2228 841 2281 baculus
863 2239 1003 2288 tuus,
1023 2237 1131 2281 etc.
1155 2228 1326 2296 (Psal.
1351 2245 1495 2290 XLIV,
1513 2230 1566 2296 7;
1592 2245 1723 2295 uti,

174 2315 471 2382 Ifbtbavid
488 2314 1099 2382 interpellatDomiuum
1114 2319 1320 2371 dicens:
1333 2319 1594 2372 Memento
1606 2334 1731 2372 con-

172 2408 462 2471 gregalia“;
489 2414 617 2468 tutu,
637 2417 747 2459 etc.
774 2404 1035 2459 Liberaui
1056 2410 1259 2475 virgam
1277 2408 1603 2460 Itwreditatis
1626 2415 1733 2461 tua

173 2489 316 2558 (Psul.
339 2508 534 2551 usus.
553 2494 612 2559 2)
658 2492 790 2545 Lem
809 2494 942 2546 uicit
967 2510 982 2546 :
1021 2493 1231 2564 l'irgum
1249 2496 1457 2548 uirtutis
1475 2508 1596 2560 tute,
1623 2506 1731 2551 etc.

173 2581 449 2647 (natent,
471 2580 553 2650 2).
592 2580 911 2636 Evuleuttus
941 2595 1123 2635 autem
1145 2587 1211 2635 de
1231 2582 1460 2637 Domino
1492 2585 1729 2639 dicitur:

174 2667 313 2725 lim:
322 2685 396 2741 get
414 2674 573 2739 uirga
589 2676 652 2724 de
664 2666 1385 2738 radiceJesse,etc.tlsai.1t,
1398 2676 1413 2727 l
1428 2675 1732 2741 fumeo-tu-

1819 1852 2044 1906 ltominis
2071 1853 2141 1907 ad
2167 1864 2381 1907 ueterem
2408 1855 2627 1919 dierum,
2668 1866 2716 1909 et
2744 1856 2868 1910 data
2892 1866 2968 1911 est
3004 1859 3050 1911 ei
3076 1868 3301 1927 potestas
3321 1876 3401 1912 re-

1821 1943 1909 2012 gni
1941 1941 2105 2012 (Dan.
2137 1960 2227 2007 vn,
2255 1944 2364 2014 l5).
2388 1945 2519 1999 Item
2542 1947 2656 2015 ipse
2675 1947 2861 2001 Daniel
2887 1948 2963 2001 ait
2995 1966 3007 1999 :
3041 1948 3194 2002 Steit
3221 1959 3402 2004 contra

1818 2050 1900 2087 me
1919 2036 2067 2103 quasi
2097 2037 2221 2090 visio
2240 2037 2480 2099 hominis,
2512 2047 2561 2091 et
2586 2040 2780 2092 uocauit
2811 2037 3097 2093 Gabrielem
3118 2041 3402 2111 archange-

1820 2126 1945 2192 lum,
1974 2139 2024 2183 et
2051 2130 2186 2183 dixit
2225 2132 2291 2192 ei,
2321 2138 2379 2183 ut
2423 2130 2627 2184 doceret
2675 2132 2921 2186 uisionem
2972 2149 3125 2201 quam
3171 2133 3400 2188 ridebam

1823 2218 1985 2289 (Dan.
2035 2237 2147 2282 vttt,
2191 2220 2311 2292 l6).
2340 2221 2473 2276 Item
2514 2222 2628 2291 ipse
2673 2221 2900 2276 Daniel:
2938 2220 3175 2287 Llecaci,
3207 2225 3396 2291 inquit,

1819 2310 1996 2364 oculos
2014 2327 2171 2373 meos,
2185 2320 2235 2364 et
2253 2311 2375 2372 vidi,
2392 2320 2441 2365 et
2464 2326 2580 2365 ecce
2598 2311 2747 2366 homo
2768 2312 2854 2376 qui
2872 2311 3080 2366 indutus
3101 2312 3400 2381 eratbysso,

1819 2407 1870 2453 et
1912 2398 2070 2453 lumbi
2113 2401 2225 2470 ejus
2272 2402 2490 2454 accincti
2534 2410 2683 2455 eram
2709 2418 2836 2455 auro
2867 2400 3041 2469 (Dan.
3074 2417 3133 2463 ι,
3160 2399 3237 2467 5).
3266 2400 3400 2458 Item

1820 2487 2065 2544 Ezechiel
2094 2490 2253 2545 dicit:
2294 2490 2415 2546 Vidi
2440 2507 2594 2560 super
2615 2492 2853 2546 thronum
2880 2494 3027 2562 quasi
3053 2493 3274 2561 ﬁguram
3301 2493 3397 2547 Ito-

1820 2578 1977 2632 mim's
2011 2576 2222 2647 (Exeo/1.
2265 2596 2302 2643 t,
2333 2578 2456 2645 2n).
2497 2580 2631 2635 Item
2672 2580 2787 2648 ipse
2820 2598 2833 2635 :
2884 2579 3005 2635 Vidi
3039 2583 3400 2643 ascettdentens

1820 2665 2038 2737 desuper
2062 2668 2322 2723 cherubim
2355 2680 2617 2725 uocantem
2643 2669 2714 2725 ad
2740 2686 2795 2727 se
2820 2669 3098 2733 hominem,
3128 2674 3214 2743 qui
3241 2673 3397 2728 indu-

170 2761 540 2833 n'nadirnpleta
559 2762 867 2828 suntineo,
893 2762 980 2833 qui
1008 2764 1177 2834 factus
1200 2770 1279 2818 est
1309 2778 1379 2817 ea:
1401 2762 1724 2819 sentiqu

167 2852 235 2904 rid
253 2854 531 2908 secundum
556 2852 965 2925 carnemUlons.
996 2869 1035 2916 ι,
1064 2853 1143 2923 5).
1161 2885 1238 2899 —
1262 2852 1523 2924 Serapion
1551 2854 1717 2911 dixit:

1823 2766 1904 2817 tuo
1938 2768 2052 2815 erat
2087 2761 2303 2830 pedere,
2343 2763 2430 2833 qui
2464 2763 2667 2819 cinctus
2702 2769 2816 2819 erat
2855 2779 3008 2832 super
3044 2762 3243 2819 lumbos
3278 2782 3400 2823 suos

1820 2864 1956 2904 ιωια
2001 2866 2163 2907 aurea
2208 2849 2406 2922 (Apoc.
2434 2865 2474 2911 ι,
2504 2849 2570 2904 15
2594 2848 2635 2925 ).
2672 2884 2740 2896 -—
2780 2851 3041 2923 Serapion
3089 2854 3224 2909 dixit
3253 2874 3267 2908 :
3300 2855 3399 2912 ΕΙ

169 2939 303 2994 Serva
337 2944 763 3011 disputationem
800 2943 1005 3008 carnis,
1034 2943 1102 2997 de
1120 2959 1227 3014 qua
1256 2944 1412 2999 nobis
1430 2945 1536 3000 erit
1563 2959 1723 3003 verus
1821 2940 2112 2998 abundanti
2144 2942 2450 3007 tostimcnia
2468 2943 2565 3001 cdo
2607 2958 2677 3003 eo
2705 2944 2972 3002 reddenda
3001 2953 3143 3012 sum.
3166 2948 3312 3016 φὺοά
3344 2948 3399 3007 in

167 3040 458 3102 apertosque
493 3033 773 3087 conﬂictus
800 3051 813 3086 :
846 3050 987 3088 nunc
1011 3047 1130 3101 quae
1155 3033 1427 3103 proposita
1449 3041 1573 3091 sunt
1591 3042 1717 3100 ate,
1818 3026 2041 3087 dubium
2070 3029 2215 3085 venit
2245 3043 2430 3092 :num
2444 3046 2575 3087 vero
2593 3032 2840 3090 brevitati
2874 3034 3114 3105 studens,
3146 3050 3305 3106 pergo
3330 3035 3398 3093 ad

166 3125 400 3192 explicare
418 3125 582 3178 stude
605 3126 869 3194 exempla.
897 3125 1025 3179 Nam
1049 3133 1242 3193 quarto
1263 3125 1382 3181 loco
1406 3125 1609 3192 virgam
1625 3141 1722 3181 cur
1747 3109 1794 3171 C
1823 3122 2106 3190 septimam
2132 3121 2416 3181 sacerdotii
2443 3137 2475 3176 a
2505 3132 2559 3179 to
2583 3123 2981 3183 similitudinem
3022 3138 3396 3189 memoratam.

170 3218 373 3281 pthllt’ris
395 3217 515 3284 jam
545 3217 964 3285 άίιίδιίηιιιίιιιο
992 3232 1134 3272 nunc
1163 3217 1301 3279 loco,
1329 3217 1587 3284 Angelum
1615 3231 1719 3286 qua
1818 3240 1894 3255 —-
1917 3211 2184 3266 Arnobius
2211 3212 2384 3267 dixit:
2413 3211 2471 3265 In
2497 3212 2700 3280 Regum
2725 3214 2859 3269 libro
2891 3216 3064 3285 primo
3083 3216 3150 3271 ad
3171 3216 3398 3273 Samue-

169 3307 338 3359 ratione
367 3308 598 3369 dixeris,
627 3308 820 3374 pande.
1819 3300 1924 3356 lem
1955 3302 2189 3371 loquitur
2214 3301 2355 3357 Deus
2377 3301 2559 3357 dicens
2586 3320 2600 3356 :
2634 3302 2904 3361 Suscitabo
2930 3306 3055 3371 mihi
3079 3308 3399 3363 sacerdotem

218 3426 277 3436 -—
298 3395 569 3449 Arnobius
610 3396 745 3448 dixit
791 3412 803 3446 :
839 3394 977 3449 Audi
1023 3394 1088 3447 ad
1127 3392 1364 3465 Moysen)
1410 3394 1718 3462 loquentem
1820 3390 2045 3460 fidelem,
2067 3393 2151 3462 qui
2176 3392 2436 3444 omniaex
2462 3391 2618 3445 corde
2640 3409 2750 3447 meo
2779 3395 2934 3463 faciet
2959 3399 2973 3455 t
2991 3393 3013 3449 ι
3046 3394 3171 3466 Heg.
3197 3413 3252 3457 ιι,
3274 3394 3393 3464 55).

168 3478 409 3537 Dominum
433 3502 446 3537 :
490 3482 625 3536 Ecce
651 3500 742 3552 ego
771 3485 917 3537 mitto
959 3484 1198 3553 angelum
1228 3499 1393 3536 meum
1416 3493 1533 3537 ante
1554 3494 1618 3551 te,
1650 3484 1721 3537 ad
1818 3481 1887 3535 Et
1908 3482 2074 3535 David
2102 3482 2229 3536 dicit
2254 3501 2265 3535 :
2297 3482 2500 3537 Juravit
2529 3483 2778 3537 Dominus
2809 3481 2995 3546 David,
3029 3491 3079 3543 et
3105 3499 3209 3538 non
3236 3478 3398 3553 pinni-

170 3568 519 3629 custodiendun's
552 3585 603 3627 te
628 3576 681 3627 in
708 3577 844 3628 omni
874 3578 1056 3629 itinere
1100 3584 1186 3627 tuo
1216 3591 1234 3627 :
1264 3575 1475 3628 observa
1499 3592 1634 3636 eum,
1668 3585 1721 3629 et
1820 3572 1940 3628 tebit
1966 3589 2102 3637 eum,
2133 3581 2236 3627 etc.
2271 3572 2396 3643 (Ps.
2430 3590 2534 3633 cur.
2565 3573 2732 3643 4).--
2762 3572 3024 3643 Serapion
3055 3574 3191 3628 dixit
3222 3592 3234 3627 :
3266 3574 3395 3629 Evi-

170 3661 321 3716 obaudi
348 3667 392 3718 ei
424 3682 441 3717 :
471 3682 663 3718 nomen
708 3667 844 3717 enim
876 3681 1040 3717 meum
1069 3666 1123 3716 in
1150 3680 1208 3717 eo
1230 3674 1304 3717 est
1335 3663 1539 3734 (Exod.
1568 3681 1716 3729 mn,
1819 3664 1998 3718 deutia
2021 3673 2144 3718 sunt
2174 3664 2274 3717 ista
2298 3664 2405 3718 duo
2436 3664 2738 3717 testimonia
2761 3678 2790 3716 a
2821 3672 2873 3717 te
2902 3664 3108 3732 prolata
3136 3667 3204 3717 de
3232 3664 3397 3733 septi-

170 3748 265 3820 21)).
295 3754 581 3810 Malacbins
610 3765 783 3808 autem
814 3756 973 3808 dicit:
1008 3754 1169 3808 Labin
1190 3754 1468 3809 sacerdotis
1490 3765 1636 3808 erunt
1664 3758 1718 3809 in
1820 3769 1905 3807 ma
1940 3753 2286 3808 similitudine
2316 3772 2329 3806 :
2362 3755 2566 3823 explica
2599 3768 2739 3807 nunc
2766 3762 3030 3819 octavam,
3061 3752 3205 3822 quod
3234 3761 3404 3808 testa-

168 3856 227 3905 eo,
252 3846 359 3914 quia
406 3848 625 3917 angelus
676 3845 880 3899 Domini
926 3854 1003 3899 est
1052 3844 1302 3915 (Malae/1.
1336 3862 1390 3909 ιι,
1421 3847 1509 3914 7).
1568 3842 1718 3900 Unde
1819 3854 2057 3897 mentum
2084 3843 2211 3908 Dei,
2236 3842 2400 3897 Filius
2428 3843 2521 3897 Dei
2555 3843 2719 3912 possit
2758 3843 2995 3911 intelligi.
3024 3875 3095 3887 -—-
3134 3843 3398 3899 Arnobius

169 3935 298 3987 etiam
317 3936 378 3988 de
398 3936 605 4006 popqu
627 3946 929 3990 sanctorum
948 3936 1204 3997 omnium,
1220 3936 1308 4003 qui
1334 3935 1382 3987 ἰ..
1402 3936 1503 3988 isto
1518 3936 1719 3991 mundo
1818 3933 1983 3988 dixit:
2019 3932 2175 3987 Liber
2201 3932 2473 3989 Geneseos
2494 3934 2727 4001 loquitur
2753 3934 2897 4002 quod
2915 3934 3109 3987 dixerit
3137 3933 3394 3987 Dominus

168 4037 298 4077 causa
325 4030 553 4082 nominis
569 4028 737 4080 sancti
769 4025 948 4079 afﬂicti
976 4028 1269 4094 probantur
1296 4034 1349 4080 et
1370 4027 1511 4095 passi
1532 4027 1718 4080 dicun-
1818 4024 1883 4077 ad
1910 4023 2023 4077 Noe
2051 4031 2107 4075 et
2133 4024 2198 4075 ad
2222 4022 2357 4077 Illius
2384 4023 2500 4090 ejus
2526 4038 2541 4075 :
2565 4021 2698 4076 Ecce
2723 4039 2814 4092 ego
2846 4024 3011 4076 excito
3040 4030 3397 4075 testamentum

168 4119 267 4167 tur:
298 4114 398 4170 Iste
421 4135 625 4189 pauper
653 4118 908 4179 clamavit,
940 4126 988 4169 et
1018 4115 1266 4170 Dominus
1296 4118 1552 4171 exaudivit
1580 4134 1713 4181 eum,
1817 4133 1985 4169 meum
2030 4116 2187 4175 vobis.
2220 4127 2270 4169 et
2293 4118 2474 4170 semini
2504 4125 2668 4169 vestro
2689 4130 2804 4182 post
2831 4133 2937 4179 ros,
2967 4127 3015 4169 et
3043 4119 3181 4170 omni
3206 4120 3396 4172 animm

169 4201 208 4255 id
231 4216 318 4271 est,
351 4210 602 4278 populum
632 4216 896 4271 sanctum,
916 4217 964 4260 et
987 4224 1053 4260 ea:
1078 4207 1308 4260 omnibus
1334 4209 1584 4276 angustiis
1615 4208 1719 4262 eri-
1817 4224 1931 4278 qua:
1956 4208 2074 4261 vivit
2103 4206 2355 4261 vobiscum
2386 4204 2536 4269 (Gen.
2582 4222 2653 4268 ix,
2708 4210 2741 4264 9
2770 4206 2806 4271 ).
2833 4205 2964 4258 Item
2993 4215 3109 4273 post
3137 4206 3238 4258 alia
3268 4207 3397 4262 dicit

172 4292 256 4351 ιιῐρι
289 4312 422 4354 eum.
459 4299 607 4349 Misit
643 4302 889 4365 Imqelttm
929 4302 1180 4357 Dominus
1210 4307 1260 4359 in
1280 4305 1505 4359 circuitu
1532 4308 1721 4358 timen-
1818 4299 1957 4353 Deus
1977 4298 2043 4351 ad
2067 4297 2179 4353 Noe
2206 4306 2260 4351 et
2298 4296 2364 4350 ad
2402 4296 2538 4350 lilios
2552 4295 2699 4362 ejus:
2751 4294 2949 4348 Memor
2984 4311 3071 4347 ero
3102 4298 3390 4350 testamenti

173 4381 275 4433 ηυτη
293 4401 422 4442 (una.
441 4390 667 4452 lmcvst,
686 4391 993 4445 timentium
1015 4392 1389 4453 Dominum,et
1409 4396 1588 4453 eripiet
1609 4412 1721 4460 eos,
1815 4392 1915 4445 mei
1942 4390 2077 4463 quod
2095 4398 2172 4443 est
2193 4391 2327 4442 inter
2350 4405 2432 4442 me
2467 4397 2515 4439 et
2533 4403 2637 4450 vos,
2672 4396 2723 4439 et
2753 4403 2953 4440 omnem
2982 4388 3209 4439 animum
3229 4388 3394 4439 rivum

171 4480 385 4529 eumdem
417 4484 680 4547 populum
701 4484 978 4547 justorum
1003 4485 1160 4551 (Psal
1199 4504 1388 4547 xum.
1421 4488 1557 4557 7,8).
1585 4489 1717 4544 item

1820 4482 1980 4553 (lien.
2030 4499 2101 4544 ix,
2142 4478 2258 4546 l6).
2303 4479 2437 4534 Item
2486 4495 2590 4533 vox
2638 4478 2731 4533 Dei
2778 4478 2843 4532 ad
2885 4477 2996 4532 Noe
3041 4486 3097 4533 et
3140 4479 3205 4530 ad
3253 4478 3391 4531 ﬁlios

174 4559 326 4616 Daniel
375 4573 630 4639 angulum
669 4588 1061 4630 οοιιιηιθνιιυΐςιι
1089 4578 1158 4631 de
1190 4581 1330 4634 caelo
1369 4581 1721 4637 desvendlsse
1817 4575 1933 4644 ejus
1977 4576 2152 4630 dicit:
2207 4573 2411 4627 Ponant
2454 4588 2630 4625 arcum
2683 4588 2848 4624 meum
2892 4571 2947 4623 in
2993 4568 3209 4623 nubibus
3246 4568 3388 4631 caeli,

170 4651 212 4702 in
232 4660 466 4716 sttit‘d'um
508 4665 877 4730 ﬂammarum,
917 4678 973 4723 ιιι
1002 4681 1112 4724 [res
1152 4687 1352 4738 pueros
1378 4672 1443 4725 de
1466 4673 1721 4727 incendio
1812 4674 1861 4717 et
1881 4663 2190 4719 recordabar
2229 4663 2515 4716 testamenti
2543 4663 2660 4723 mei,
2693 4661 2828 4729 quod
2854 4671 2930 4715 881
2958 4663 3090 4714 inter
3112 4678 3191 4715 me
3229 4670 3277 4712 et
3305 4676 3391 4713 1‘08

171 4740 383 4803 liberaret
429 4767 553 4806 cum
574 4754 1158 4813 Μιτηοιιοάυηωςηι-ίιὸ
1180 4777 1243 4811 ρο
1272 4761 1519 4815 άίχίεςμι,
1543 4764 1721 4825 Quar-
1813 4752 2042 4823 (ΙὺΛῦ).
2110 4752 2239 4806 Item
2270 4768 2365 4821 per
2391 4750 2578 4804 Isaiam
2607 4751 2734 4805 dicit
2761 4751 3014 4804 Dominus
3047 4768 3059 4802 :
3096 4749 3391 4803 Testamen-

171 4844 235 4885 tus
253 4856 388 4905 quem
410 4846 558 4899 uideo
578 4847 769 4903 similis
788 4860 864 4903 est
890 4849 1035 4905 Filio
1059 4851 1151 4905 Dei
1172 4851 1337 4918 (Dan.
1362 4870 1436 4906 ιιι.
1461 4855 1549 4920 92)
1576 4873 1587 4906 :
1610 4870 1717 4909 non

1820 4853 1922 4896 tum
1950 4860 2113 4897 meum
2139 4846 2234 4897 erit
2272 4860 2386 4896 cum
2412 4843 2514 4896 vita
2540 4849 2591 4896 et
2616 4858 2762 4911 pace,
2792 4841 2875 4894 lex
2921 4852 2969 4894 et
2997 4843 3185 4894 veritas
3211 4842 3309 4895 erit
3337 4846 3391 4892 in

1318 4992 1426 5047 FB.
1466 4950 1948 5053 FEU-ABDENTII
1984 4995 2211 5052 NOTAE.

229 5095 509 5181 "Just'nus
538 5108 762 5181 martyr“
790 5101 965 5181 tribus
1009 5105 1382 5181 sreculisante
1418 5107 1708 5162 Arnobium
1818 5116 2061 5179 tanquam
2111 5108 2156 5160 F
2160 5108 2301 5162 ilium
2332 5108 2565 5181 (hominis
2615 5108 2737 5181 dicit
2790 5119 3128 5181 assumentem
3182 5128 3393 5181 regnum

173 5175 224 5246 es
250 5164 341 5220 hoc
371 5168 488 5222 loco
518 5164 792 5246 contendit
824 5171 1024 5246 Filium
1052 5175 1140 5228 Dei
1167 5175 1292 5228 olim
1321 5191 1534 5246 carnem
1563 5193 1708 5229 sum-
1818 5164 2094 5246 celei-num,
2122 5195 2289 5231 nonne
2317 5180 2409 5230 hoc
2435 5180 2599 5245 ipsum
2628 5176 2955 5232 subindicat?
2986 5177 3125 5234 Nam
3154 5164 3266 5234 cum
3297 5183 3388 5246 ait,

172 5240 372 5312 plurum,
398 5254 517 5289 sese
545 5242 974 5319 ctuISpicit-udum
999 5241 1159 5297 J0me
1187 5245 1519 5319 obtulissent
1545 5262 1710 5314 appa-

1820 5250 1959 5319 quasi
1990 5242 2181 5301 Filium
2199 5249 2438 5311 hominis,
2458 5240 2649 5319 narrat
2671 5258 2845 5301 natum
2860 5261 2908 5301 et
2930 5250 3089 5302 risum
3109 5240 3390 5319 hominem;

172 5314 315 5380 {uisse
344 5324 356 5357 :
389 5313 680 5375 praesertim
710 5312 847 5378 quod
876 5312 962 5365 hic
1008 5329 1126 5365 eum
1158 5314 1419 5379 adorarit;
1452 5316 1538 5368 ille
1581 5312 1709 5369 vero
1814 5312 1904 5370 sed
1932 5334 2034 5371 non
2058 5336 2119 5373 er
2148 5319 2370 5370 humano
2398 5317 2608 5380 semine,
2636 5325 2738 5371 etc.

171 5368 333 5455 dixerit
363 5368 427 5455 5e
456 5380 643 5455 ducem
670 5368 892 5455 ‘niilititc
940 5368 1461 5455 Domini.rClemcn's,
1495 5368 1707 5455 Tertulé
1817 5368 1855 5370 Ἠ
1890 5368 1906 5421 ἓ
1950 5368 2780 5455 Sequi-utinIsauewtesti'monia
2828 5388 3061 5441 citantur
3098 5386 3388 5440 secundum

1812 5455 2098 5525 editionem
2131 5455 2269 5509 LXX
2302 5475 2314 5509 :
2348 5458 2467 5512 ideo
2493 5458 2545 5510 in
2575 5459 2787 5525 vulgata
2817 5458 3051 5512 editione
3080 5456 3267 5509 Latina
3296 5469 3391 5508 oo-

1810 5524 1931 5597 dem
1979 5527 2192 5594 quidem
2237 5542 2417 5589 sensu,
2470 5526 2563 5582 sed
2612 5524 2718 5582 non
2748 5527 2935 5583 iisdem
2967 5526 3140 5582 verbis
3173 5539 3392 5597 compe-

1809 5594 2035 5649 riuntur.

171 5435 331 5524 limans,
363 5445 636 5524 Eusebius,
668 5435 995 5521 Nicephorus
1018 5435 1706 5524 inieudetquuoquewfde-

171 5520 271 5563 runt
295 5519 569 5571 sententia.

192 5577 511 5660 ﬁnl‘usttnus
540 5597 736 5660 martyr
784 5590 889 5660 hoc
931 5591 1234 5647 testimonio
1287 5606 1501 5660 quoque
1530 5594 1703 5657 nixus,

172 5648 228 5701 sic
252 5648 427 5707 Filium
457 5657 551 5709 Dei
580 5648 848 5713 hominem
868 5658 1100 5715 futurum
1121 5648 1345 5732 pronai:
1371 5648 1497 5714 cum
1521 5648 1706 5718 Daniel
