3866 6178
178 274 256 336 173
867 259 1284 324 CONFLICTUS
1322 264 1410 318 DE
1451 263 1583 316 DEO
1623 258 1828 315 ’ΠυΝο
1867 259 1963 314 ΕΤ
1993 259 2148 325 UNO,
2191 262 2341 318 ETC.
2385 262 2510 316 LIB.
2553 262 2612 315 ll.

3266 264 3367 319 27d

174 387 428 460 palmarem,
476 390 596 434 cum
625 377 753 431 dicit
785 394 797 428 :
845 373 929 430 Me
957 373 1084 443 quid
1132 373 1351 443 culpant
1403 371 1688 434 dicentem,
1721 374 1765 429 Α
1795 368 1984 438 replet,
2017 378 2072 423 et
2103 344 2427 425 transcendit
2455 385 2701 454 mensura
2723 370 2837 440 ejus
2865 373 3029 428 oculos
3051 386 3290 437 sursum,
3317 383 3368 428 et

177 457 301 531 Pater
328 469 480 540 major
506 483 588 521 me
621 475 697 520 est
727 463 904 531 (Ioan.
939 478 1045 526 xtv,
1069 459 1194 530 28).
1226 476 1348 517 cum
1378 460 1491 529 ipse
1524 457 1570 511 ‘F
1575 458 1693 512 ilius

173 569 224 624 de
243 564 391 633 seipso
417 567 640 614 testetur
676 556 860 612 dicens
886 573 899 608 :
937 554 1095 608 Pater
1113 554 1198 624 qui
1228 553 1368 605 misit
1395 567 1494 612 me,
1525 549 1696 618 major

176 674 236 712 me
255 653 345 708 est?
361 681 429 696 --
453 647 722 703 Arnobius
741 647 908 700 dixit:
939 644 997 699 lu
1018 659 1080 698 ea
1102 642 1292 706 forma,
1323 644 1374 695 in
1401 656 1505 710 qua
1533 639 1697 694 Filius

176 744 310 799 Patris
331 749 404 795 est
429 739 546 792 sine
573 745 767 801 matre,
798 737 916 805 ipse
953 744 1008 789 et
1047 732 1207 788 Pater
1234 747 1395 786 unum
1443 738 1566 784 sunt
1595 747 1608 781 :
1641 731 1695 783 iu

176 847 222 887 ea
255 844 364 884 vero
403 826 592 888 forma,
645 826 697 880 in
725 840 829 893 qua
859 824 1025 878 Filius
1051 823 1238 876 matris
1265 830 1348 876 est
1379 822 1494 875 sine
1516 818 1693 884 Patre,

175 921 294 975 Patre
329 919 494 972 minor
516 923 619 970 est.
653 913 908 968 Naturam
939 913 1081 966 enim
1114 911 1357 965 servilem
1391 909 1695 978 assumpsit,

175 1013 213 1066 in
233 1026 319 1080 qua
337 1025 434 1064 non
462 1007 638 1063 solum
668 1005 780 1060 Deo
803 1003 963 1059 Patre
990 1005 1167 1058 minor
1193 1011 1354 1065 esset,
1382 1001 1473 1056 sed
1503 1012 1558 1055 et
1585 1017 1700 1055 ma-

171 1113 232 1158 tre
256 1111 435 1156 tantum
463 1099 642 1154 minor
669 1106 830 1162 esset,
854 1105 1113 1166 quantum
1142 1096 1327 1150 matris
1355 1094 1580 1161 Virginis
1605 1108 1701 1146 an-

173 1192 332 1247 nositas
355 1188 664 1244 exstitisset.
692 1218 766 1230 -—
792 1185 1053 1255 Serapion
1094 1185 1271 1238 dixit':
1301 1182 1508 1237 Novum
1541 1180 1700 1236 hodie

170 1281 270 1336 mihi
285 1278 460 1334 dedisti
489 1291 829 1347 responsum,
879 1275 934 1329 in
977 1289 1085 1343 quo
1125 1282 1350 1327 matrem
1379 1271 1618 1334 Domini,
1641 1277 1701 1324 ut

172 1371 354 1441 gentiles
379 1369 628 1433 delirant,
661 1367 878 1422 Mariam
903 1381 1020 1421 esse
1057 1365 1369 1433 genitricem
1398 1364 1515 1417 sine
1545 1363 1702 1417 Patre

169 1465 271 1532 ejus.
299 1462 384 1518 Dic
409 1461 564 1529 cujus
592 1458 754 1514 Pater
787 1459 928 1514 Deus
954 1458 1165 1526 genitor
1189 1457 1306 1512 sine
1333 1463 1506 1510 matre
1533 1455 1702 1509 exsti-

168 1553 373 1608 teritt—
399 1550 671 1606 Arnobius
689 1549 824 1605 dixit
855 1566 868 1600 :
901 1548 1042 1616 Ergo
1056 1548 1178 1603 heri
1215 1561 1322 1602 nou
1345 1553 1456 1601 tota
1477 1545 1706 1600 ventila-

165 1645 284 1699 tione
305 1643 586 1698 verborum
612 1650 916 1696 nostrorum
938 1649 1098 1710 atque
1124 1654 1430 1695 sermonum
1459 1639 1562 1693 hoc
1574 1652 1740 1725 νεη-ο

1797 468 2012 526 terram,
2043 469 2097 514 et
2125 461 2311 523 maria,
2331 471 2385 515 et
2404 460 2622 532 abyssos
2649 461 2899 518 deorsum
2929 461 3092 533 (Isai.
3137 480 3228 530 xu,
3259 462 3372 532 12).

1795 549 1883 606 Sic
1922 551 2136 620 quidem
2185 551 2380 618 legitur
2420 552 2472 605 in
2517 553 2818 622 prophetis,
2861 551 3004 622 quod
3055 552 3229 622 palma
3258 552 3374 625 ejus

1797 643 1960 697 totius
2002 643 2123 698 οωΙί
2177 658 2426 698 mensura
2475 645 2562 707 sit,
2606 652 2662 700 et
2714 645 2910 715 pugillo
2955 645 3370 716 comprehendat

1797 747 2010 786 onmem
2041 741 2257 792 terram.
2289 743 2345 787 ει
2382 749 2570 789 omnes
2624 750 2773 805 aquae
2819 750 3066 790 mensura
3120 751 3372 791 manuum

1797 822 1913 892 ejus
1941 831 2082 877 sunt.
2112 856 2184 868 -
2223 825 2487 880 Arnobius
2527 827 2662 880 dixit
2694 846 2706 880 :
2737 825 2857 881 Oris
2897 827 2971 883 tui
3016 828 3375 882 testimonium

1797 930 1982 969 verum
2011 914 2078 969 de
2106 915 2216 969 Deo
2243 917 2558 986 amplector,
2577 925 2632 971 et
2657 918 2910 986 praedico,
2942 926 2996 972 et
3023 918 3094 972 ita
3111 931 3230 972 esse
3247 931 3376 971 cou-

1799 1003 1970 1058 liteor.
2001 1003 2143 1072 Ergo
2171 1005 2214 1057 si
2241 1005 2311 1058 ita
2337 1014 2438 1069 est,
2469 1005 2632 1061 immo
2661 1008 2783 1074 quia
2815 1008 2884 1060 ita
2914 1015 2993 1061 est
3014 1046 3027 1068 ,
3079 1006 3376 1076 explicuisti

1797 1108 2045 1148 sermone
2074 1092 2298 1147 formam
2330 1094 2424 1149 Dei
2448 1095 2582 1149 hanc
2609 1110 2760 1160 esse,
2791 1096 2933 1164 quod
2955 1096 3024 1151 sit
3065 1097 3376 1160 immensus.

1800 1189 1855 1236 et
1900 1183 2484 1252 incomprehensibilis,
2526 1184 2923 1250 intestimabilis,
2975 1187 3270 1242 invisibilis.
3302 1185 3378 1245 lla

1801 1280 1901 1338 est,
1929 1288 1996 1326 an
2021 1274 2168 1328 non?
2193 1257 2278 1318 -ῖ
2283 1266 2552 1344 Serapion
2591 1277 2865 1344 respondit
2895 1293 2908 1330 :
2933 1275 3012 1330 Ita
3053 1285 3153 1332 est.
3182 1307 3256 1320 —
3279 1277 3379 1332 Ar-

1802 1368 1994 1422 nobius
2015 1366 2150 1422 dixit
2181 1385 2192 1420 :
2224 1367 2340 1422 Jam
2383 1366 2543 1422 modo
2589 1370 2846 1432 integram
2894 1368 3140 1439 Apostoli
3164 1377 3378 1424 senten-

1802 1462 1929 1516 tiam
1959 1459 2226 1530 proferam
2249 1461 2316 1516 de
2344 1459 2478 1516 Filio
2507 1460 2620 1514 Dei.
2654 1457 2753 1524 Qui
2774 1478 2886 1516 cum
2903 1463 2957 1515 in
2986 1465 3153 1534 forma
3181 1460 3278 1517 Dei
3297 1479 3378 1517 es-

1803 1563 1878 1606 set
1902 1551 2119 1623 (Philip.
2151 1569 2206 1616 tt,
2230 1553 2318 1620 6),
2350 1552 2454 1607 hoc
2480 1560 2581 1616 est,
2609 1552 2905 1618 invisibilis,
2930 1553 3379 1624 incomprehensi-

1805 1643 1946 1707 bilis,
1974 1642 2374 1708 inmstimabilis,
2404 1651 2460 1697 et
2487 1650 2629 1697 esset
2654 1643 2893 1712 aequalis,
2925 1659 3031 1698 non
3060 1644 3265 1710 minor,
3287 1645 3380 1700 sed

161 1735 334 1788 tilatum
359 1741 455 1798 est,
490 1741 552 1788 ut
587 1731 800 1788 Patrem
840 1733 1135 1801 genitorem
1179 1729 1298 1784 Filii
1336 1729 1416 1783 sui
1445 1731 1703 1795 majorem
1733 1735 1780 1794 Β
1806 1747 1870 1786 ea
1894 1733 2087 1798 lorma,
2115 1741 2171 1787 et
2201 1733 2253 1786 in
2281 1747 2344 1787 ea
2371 1732 2677 1801 aequalitate
2695 1746 2800 1801 qua
2825 1741 2907 1788 est
2935 1731 3112 1798 Pater,
3141 1735 3381 1789 exinani-

161 1824 274 1881 Filio
300 1841 396 1880 non
421 1840 546 1880 esse
573 1824 863 1880 docerem?
880 1856 954 1868 -—
985 1823 1244 1892 Serapion
1290 1821 1423 1876 dixit
1453 1838 1466 1873 :
1511 1819 1706 1888 Utique

162 1914 355 1969 humana
393 1915 708 1970 uenatione
733 1913 981 1975 docuisti.
1009 1913 1153 1982 quod
1183 1913 1501 1966 auctoritate
1531 1909 1707 1964 Evan-

163 2007 298 2075 gelica
316 2016 451 2062 stare
476 2023 585 2062 non
614 2007 885 2076 praevalet.
914 2038 988 2049 —
1013 2005 1278 2060 Arnobius
1303 2005 1436 2058 dixit
1467 2023 1479 2056 :
1504 2003 1703 2057 Tamen

162 2096 356 2152 humana
385 2100 811 2154 rationabilitate
852 2099 1119 2152 ﬁrmatum
1155 2105 1256 2161 est,
1289 2096 1420 2150 nihil
1465 2095 1518 2148 in
1549 2095 1705 2148 Patre

163 2188 320 2257 majus,
353 2191 488 2244 nihil
514 2191 568 2244 in
597 2190 734 2244 Filio
780 2190 975 2254 minus,
1007 2189 1138 2243 nihil
1185 2187 1327 2256 quod
1357 2203 1461 2241 non
1501 2186 1706 2254 aequale

159 2278 212 2331 tit
232 2279 278 2332 iu
304 2280 506 2349 Spiritu
544 2289 736 2335 sancto
765 2279 1008 2349 reperiri.
1039 2310 1113 2320 ——
1139 2277 1398 2346 Serapion
1428 2276 1562 2331 dixit
1593 2294 1606 2328 :
1637 2275 1706 2328 Et

161 2367 295 2424 hoc
320 2383 415 2438 ego
444 2371 730 2438 denegem,
759 2378 866 2422 tam
886 2368 1117 2438 judices,
1136 2383 1296 2438 quam
1324 2381 1511 2421 omnes
1539 2365 1592 2420 hi
1612 2365 1702 2434 qui

157 2467 303 2514 astant
329 2469 588 2530 poterunt
614 2461 931 2532 approbare.

210 2549 262 2604 Il.
273 2552 788 2610 .—Amobiusdixit:
799 2551 938 2619 Quid
949 2567 1078 2621 ergo
1091 2561 1335 2620 superest
1346 2551 1700 2622 ?—-Serapion

155 2641 284 2696 dixit:
299 2643 406 2700 Hoc
417 2645 570 2714 quod
587 2645 810 2699 rationis
826 2653 927 2700 tua:
941 2645 1328 2714 expositionem
1345 2644 1701 2699 sacratissima

156 2729 319 2788 Christi
347 2728 627 2804 impugnat
653 2737 897 2799 assertio,
927 2751 1031 2804 qua
1060 2735 1208 2800 dicit,
1241 2736 1401 2788 Pater
1426 2737 1594 2806 major
1623 2751 1703 2788 me

153 2833 210 2876 est
229 2824 400 2894 (Joan.
427 2843 540 2892 xiv,
566 2825 637 2879 28
654 2827 693 2894 ).
715 2859 787 2868 —
807 2827 1070 2880 Arnobius
1091 2825 1226 2880 dixit
1251 2843 1262 2876 :
1290 2823 1554 2893 Quidquid
1575 2824 1704 2879 dicit

155 2909 317 2970 Paulus
337 2919 620 2986 apostolus
639 2918 706 2973 de
725 2917 955 2982 Christo,
980 2927 1136 2987 putas
1151 2932 1334 2971 verum
1354 2917 1500 2980 dicit,
1525 2932 1590 2970 an
1614 2915 1704 2969 fal-

153 3004 559 3082 iil?—Serapiou
579 3011 710 3065 dixit
727 3030 738 3064 :
755 3011 811 3066 Si
830 3010 1023 3066 Paulus
1037 3011 1188 3074 fallit,
1208 3009 1327 3078 quis
1343 3024 1524 3063 verum
1541 3009 1702 3063 dicit?

1804 1827 1874 1880 uit
1901 1827 2241 1896 semetipsum.
2271 1859 2343 1868 —
2369 1825 2630 1897 Serapion
2650 1826 2783 1881 dixit
2813 1844 2826 1881 :
2852 1825 2878 1864 δ
2900 1826 3180 1893 Quomodo
3207 1830 3382 1886 exina-

1805 1907 1939 1970 nivit
1966 1918 2063 1971 se?
2091 1915 2336 1987 Nunquid
2365 1924 2422 1971 ut
2449 1925 2683 1973 cessaret
2702 1931 2820 1972 esse
2840 1916 3102 1972 Deus?—
3120 1917 3382 1976 Arnobius

1804 2008 1939 2062 dixit
1963 2027 1975 2061 :
2008 2008 2085 2064 Ne
2131 2009 2268 2064 forte
2298 2010 2401 2064 hoc
2440 2010 2786 2080 blasphemiae
2813 2011 2987 2066 scelus
3016 2020 3214 2067 nostra:
3237 2013 3382 2069 testi-

1804 2099 2026 2154 mationi
2047 2099 2375 2168 subreperet,
2402 2100 2786 2169 interpretatus
2806 2101 3057 2155 estistum
3081 2117 3383 2158 sermonem

1803 2189 2006 2253 dicens,
2038 2190 2091 2242 in
2137 2205 2244 2258 quo
2289 2191 2575 2244 exinanivit
2603 2192 2844 2260 seipsum,
2877 2191 3074 2254 idest,
3109 2193 3232 2262 quia
3261 2208 3383 2248 cum

1803 2287 1946 2334 esset
1968 2278 2223 2333 Dominus
2248 2280 2466 2349 formam
2496 2279 2627 2331 serui
2648 2280 2903 2348 accipiens
2921 2280 2976 2332 in
2997 2279 3382 2335 similitudinem

1802 2370 2064 2424 hominum
2085 2371 2282 2440 factus,
2315 2379 2364 2423 et
2391 2368 2569 2422 habitu
2597 2380 2825 2440 repertus
2852 2379 2908 2423 ut
2934 2371 3104 2435 homo,
3145 2373 3382 2427 humilia-

1801 2463 1873 2516 uit
1899 2462 2122 2532 seipsum
2150 2464 2316 2531 {actus
2345 2461 2583 2515 obediens
2609 2478 2768 2534 usque
2794 2462 2862 2514 ad
2889 2473 3121 2530 mortem,
3153 2475 3256 2520 etc.
3286 2465 3383 2523 Hic

1801 2568 1932 2622 ergo
1951 2553 2042 2622 qui
2063 2561 2144 2608 est
2159 2553 2335 2607 Filius
2363 2552 2536 2608 Patris
2563 2555 2678 2609 sine
2700 2555 2851 2610 initio
2866 2565 3023 2611 natus
3037 2572 3101 2612 ex
3115 2573 3181 2612 eo
3203 2556 3382 2625 Patre,

1801 2643 1894 2714 qui
1937 2644 2277 2714 paternitatis
2318 2659 2428 2699 sum
2473 2645 2680 2698 initium
2727 2661 2832 2699 non
2871 2645 3053 2712 habet,
3105 2648 3192 2703 hic
3230 2648 3377 2713 dicit,

1801 2735 1917 2807 Ego
1939 2746 1990 2789 et
2017 2735 2180 2790 Pater
2221 2753 2378 2790 unum
2416 2754 2590 2792 sumus
2622 2737 2800 2806 (Joan.
2835 2754 2886 2802 x,
2916 2737 3034 2809 '50).
3069 2739 3166 2794 Hic
3203 2750 3380 2798 autem

1803 2836 1960 2881 natus
1987 2842 2056 2880 ex
2102 2834 2273 2881 matre
2307 2828 2422 2882 sine
2475 2836 2629 2897 patre
2675 2827 2896 2894 carnali,
2927 2830 3016 2885 hic
3041 2830 3188 2893 dicit,
3225 2831 3381 2886 Pater

1803 2918 1972 2989 major
1998 2934 2080 2971 me
2098 2928 2174 2972 est
2194 2919 2371 2987 (Joan.
2398 2935 2502 2979 xw,
2526 2917 2594 2970 28
2612 2919 2648 2985 ).
2671 2951 2744 2961 —
2765 2918 3024 2989 Serapion
3051 2921 3215 2976 dixit:
3241 2921 3380 2992 Ergo

1802 3010 1910 3066 duo
1937 3019 2060 3066 sunt
2090 3009 2181 3065 lilii
2208 3012 2320 3073 Dei,
2351 3018 2404 3064 et
2435 3027 2568 3064 unus
2593 3010 2660 3064 de
2688 3009 2848 3066 Patre
2877 3013 2992 3068 sine
3022 2997 3212 3080 matre,
3243 3015 3378 3071 alius

153 3099 472 3158 —Aruobius
496 3104 640 3158 dixit
664 3121 676 3155 :
710 3103 916 3156 Memor
938 3118 994 3157 es
1018 3103 1214 3157 dixisse
1241 3117 1360 3156 eum
1383 3101 1450 3156 de
1472 3101 1699 3157 Domino
1726 3100 1771 3162 C
1801 3101 1870 3157 de
1891 3110 2064 3157 matre
2091 3103 2206 3156 sine
2235 3111 2386 3172 patre
2408 3103 2532 3156 est?
2558 3134 2630 3145 —
2662 3102 2928 3158 Arnobius
2956 3103 3088 3159 dixit
3120 3124 3132 3158 :
3166 3103 3301 3160 Puto
3325 3113 3378 3163 te

151 3183 247 3244 lesu
268 3189 500 3260 Christo,
535 3205 560 3230 η
591 3194 691 3258 Qui
720 3211 834 3247 cum
854 3205 985 3248 esset
1008 3197 1062 3248 in
1089 3196 1254 3265 forma
1281 3193 1398 3256 Dei,
1427 3210 1529 3248 non
1552 3194 1694 3262 rapi-

151 3293 250 3333 nam
262 3283 540 3340 arbitratus
564 3295 644 3339 est
666 3302 777 3340 esse
795 3303 852 3340 se
878 3285 1122 3357 wqualem
1148 3285 1255 3339 Deo
1286 3285 1502 3356 (Philip.
1531 3301 1586 3349 tt,
1616 3285 1692 3354 6).

151 3365 261 3427 Dixit
275 3375 374 3430 hoc
391 3375 620 3442 Paulus,
638 3393 706 3431 an
722 3393 828 3432 uon
846 3377 1220 3448 ?—Serapiou
1236 3378 1505 3447 respondit
1525 3395 1537 3430 :
1561 3376 1700 3431 Dixit

149 3465 345 3532 quidem,
376 3470 472 3525 sed
504 3471 776 3540 integram
815 3472 1135 3529 sententiam
1179 3488 1286 3527 non
1313 3473 1601 3542 protulisti.
1629 3503 1700 3515 —

149 3551 376 3614 Arnobius
403 3561 546 3615 dixit
573 3579 587 3614 :
631 3561 771 3630 Ergo
799 3561 902 3617 scis
929 3562 1053 3630 quia
1093 3563 1334 3632 Apostoli
1360 3577 1538 3616 sermo
1566 3577 1698 3616 con-

148 3645 338 3714 scriptus
360 3660 446 3706 est
475 3652 531 3705 in
569 3652 816 3721 epistola.
849 3685 920 3695 —
953 3651 1212 3722 Serapion
1241 3652 1376 3706 dixit
1408 3669 1420 3704 :
1458 3651 1601 3706 Scio.
1630 3681 1702 3692 —

147 3732 375 3794 Arnobius
411 3731 557 3798 dixit
594 3761 605 3794 :
635 3743 810 3811 Ipsum
831 3758 1037 3798 comma
1068 3743 1286 3811 integra:
1313 3745 1591 3798 sententia:
1617 3743 1703 3800 dic

145 3826 248 3880 mihi
272 3832 408 3896 quod
438 3833 579 3888 dixi.
614 3864 686 3874 —
711 3831 970 3904 Serapion
999 3834 1131 3888 dixit
1164 3853 1175 3887 :
1209 3835 1396 3889 Dixisti
1425 3854 1436 3888 :
1472 3834 1572 3901 Qui
1591 3853 1702 3890 cum

144 3913 187 3966 in
203 3918 356 3986 [arma
376 3921 475 3977 Dei
499 3933 661 3988 esset,
700 3941 803 3978 non
831 3927 1069 3995 rapinam
1103 3925 1380 3981 arbitratus
1402 3938 1478 3982 est
1515 3946 1625 3983 esse
1650 3913 1706 3983 se

142 4011 355 4076 (qualem
386 4012 523 4068 Deo.
567 4047 644 4057 -—
671 4014 938 4070 Arnobius
982 4015 1168 4070 dixit:
1213 4015 1280 4070 Et
1331 4018 1399 4074 de
1449 4035 1556 4088 quo
1603 4021 1707 4075 hoc

144 4095 284 4156 dixit?
305 4132 375 4142 —
400 4105 676 4177 Serapion
706 4106 840 4161 dixit
872 4125 885 4159 :
918 4107 992 4162 De
1022 4107 1155 4162 Filio
1189 4127 1201 4161 :
1235 4108 1502 4164 Arnobius
1530 4112 1664 4166 dixit
1689 4129 1702 4165 :

144 4185 196 4241 Ει
217 4191 277 4246 de
303 4209 407 4263 quo
436 4198 549 4252 hoc
595 4197 744 4261 dicit,
788 4195 915 4252 Esse
941 4215 996 4252 se
1035 4198 1321 4270 mqualem?
1345 4233 1417 4242 -—
1444 4200 1706 4272 Serapion

87 4282 95 4304 ‘
147 4287 389 4352 respondit
421 4308 434 4341 :
470 4289 553 4344 De
588 4287 852 4344 Patre.—
878 4289 1143 4346 Arnobius
1170 4292 1336 4346 dixit:
1369 4289 1572 4362 Collige
1600 4293 1710 4349 for-

144 4384 262 4426 mam
301 4376 414 4439 Dei,
446 4381 495 4434 si
526 4386 708 4450 potes.
738 4411 811 4422 —-
849 4378 1110 4450 Serapion
1155 4381 1431 4450 respondit
1462 4400 1475 4435 :
1515 4381 1707 4437 Forma

1803 3210 1910 3248 non
1932 3209 2052 3249 esse
2106 3195 2471 3248 immemorem
2512 3194 2811 3250 ostendisse
2851 3211 2935 3250 me
2975 3196 3189 3266 quidem
3242 3197 3378 3253 duos

1799 3287 2002 3352 oculos,
2024 3285 2118 3341 sed
2140 3301 2300 3340 unum
2315 3293 2616 3355 aspectum;
2639 3286 2771 3340 duas
2788 3301 2966 3353 aures,
2983 3288 3078 3343 sed
3100 3305 3260 3342 unum
3281 3303 3378 3344 au-

1798 3376 1998 3443 ditum;
2026 3376 2158 3431 duas
2185 3390 2358 3441 nares,
2382 3375 2476 3430 sed
2507 3375 2992 3447 unumpdoratum.
3019 3409 3092 3420 —
3117 3376 3378 3447 Serapion

1799 3467 1934 3522 dixit
1962 3485 1975 3520 :
2016 3467 2133 3522 Duo
2162 3467 2258 3521 ista
2288 3465 2558 3535 quomodo
2589 3467 2670 3520 vis
2700 3467 2750 3520 in
2781 3483 2945 3522 unum
2974 3470 3129 3523 esse?
3157 3477 3215 3522 ut
3240 3469 3378 3524 sicut

1802 3559 2034 3615 Dealitas
2057 3558 2231 3613 Patris
2259 3565 2312 3613 et
2330 3557 2448 3613 Filii
2477 3566 2533 3612 et
2559 3557 2787 3628 Spiritus
2820 3560 2989 3613 sancti
3021 3575 3122 3614 una
3153 3566 3234 3616 est
3253 3563 3378 3616 sub-

1802 3654 2018 3717 stantia,
2036 3654 2121 3708 ita
2148 3659 2203 3706 et
2229 3651 2524 3706 substantia
2547 3651 2640 3705 Dei
2669 3667 2788 3706 cum
2803 3648 2910 3705 lilio
2930 3651 3161 3706 hominis
3178 3666 3280 3707 una
3308 3651 3380 3707 sit

1802 3743 2098 3800 substantia
2115 3743 2137 3796 ?
2154 3771 2226 3782 —
2241 3741 2504 3796 Arnobius
2525 3741 2660 3796 dixit
2679 3759 2691 3792 :
2710 3741 2824 3794 Non
2841 3750 2922 3795 cst
2937 3741 3028 3795 ita.
3050 3740 3222 3796 Homo
3238 3743 3380 3798 enim

1805 3851 1902 3906 per
1921 3835 2107 3896 Deum,
2130 3832 2222 3900 qui
2251 3847 2372 3887 enm
2395 3833 2702 3902 assumpsit,
2728 3830 2897 3886 factus
2917 3841 2998 3886 est
3021 3833 3160 3888 Deus
3184 3851 3198 3887 :
3222 3845 3242 3872 ο
3273 3851 3378 3891 non

1807 3926 1948 3980 Deus
1967 3938 2064 3994 per
2084 3922 2376 3985 hominem,
2395 3937 2554 3991 quem
2577 3923 2881 3991 assumpsit,
2905 3921 3073 3979 factus
3093 3932 3175 3978 est
3195 3924 3376 3980 homo.

1876 4017 1962 4072 ΙΙΙ.
1986 4049 2058 4061 —-
2081 4015 2341 4085 Serapion
2369 4015 2504 4070 dixit
2535 4033 2547 4068 :
2603 4016 2672 4069 At
2699 4031 2798 4086 per
2846 4016 2949 4072 hoc
2985 4017 3092 4072 duo
3125 4026 3249 4072 sunt
3291 4016 3382 4072 lilii

1808 4109 1922 4174 Dei,
1955 4124 2073 4163 cum
2101 4105 2251 4171 dicis,
2277 4104 2438 4170 Deus,
2463 4104 2602 4159 Deus
2631 4115 2740 4168 est;
2772 4113 2826 4160 et
2854 4105 3033 4171 homo,
3064 4107 3225 4162 homo
3263 4115 3378 4172 est;

1809 4201 1950 4256 Deus
2001 4213 2186 4262 verus,
2218 4209 2483 4266 verosque
2509 4195 2671 4250 homo
2710 4195 2817 4250 duo
2846 4203 2988 4250 sunt.
3018 4229 3092 4240 --
3117 4196 3383 4252 Arnobius

1809 4292 1986 4347 dixit:
2019 4290 2145 4344 Dux:
2194 4294 2320 4342 sunt
2368 4287 2676 4342 substantiae
2727 4287 2780 4342 in
2836 4304 2943 4366 uno
2973 4287 3104 4342 Filio
3144 4289 3257 4343 Dei.
3286 4288 3384 4344 Hic

1811 4383 1952 4439 enim
1983 4395 2118 4436 unus
2157 4378 2320 4433 Filius
2357 4375 2550 4442 Patris,
2574 4378 2665 4449 qui
2696 4376 2818 4434 fecit
2844 4379 3072 4448 primum
3112 4379 3382 4448 hominem

147 4457 222 4516 Dei
247 4476 322 4522 est
349 4469 454 4525 hoc
481 4471 634 4540 quod
665 4472 954 4527 immensus
981 4479 1081 4533 est,
1117 4480 1171 4526 ct
1214 4474 1380 4527 caelos
1409 4482 1464 4527 et
1508 4483 1704 4528 terram
1739 4469 1785 4528 D
1811 4475 1835 4512 ἀ
1858 4475 1924 4528 de
1952 4475 2080 4529 limo
2113 4481 2269 4527 teme
2297 4470 2539 4538 virginis.
2569 4470 2701 4525 Cum
2730 4471 2922 4526 timore
2949 4470 3045 4525 Dei
3072 4477 3128 4524 et
3155 4470 3386 4526 interm-

1306 4585 1414 4641 FB.
1457 4585 1934 4641 FEU-ARDENTII
1971 4585 2199 4640 NOTAE.

200 4680 221 4708 ⁸
249 4670 322 4728 Ex
343 4673 448 4732 hoc
465 4676 786 4734 testimonio
801 4675 987 4734 Patres
1009 4686 1116 4732 tam
1145 4676 1313 4733 ϐπερὶ
1342 4693 1500 4734 auaui
1532 4678 1705 4732 Latini

142 4754 304 4820 {mgna
333 4749 702 4820 consensione
723 4758 883 4818 atque
903 4749 1211 4820 constantis
1249 4747 1569 4820 confirmant
1614 4747 1705 4801 Fi-

141 4806 246 4898 lium
269 4814 409 4898 Patri
425 4806 936 4898 omninomqu'alem
959 4827 1011 4898 et
1032 4817 1552 4898 consubstantialem
1559 4833 1702 4898 esse.

143 4876 285 4954 liuius
324 4896 541 4942 tantum
599 4876 871 4942 Athanasii
919 4889 983 4940 ad
1033 4887 1214 4941 Arium
1244 4888 1406 4942 verba
1435 4886 1700 4954 subjicio:

281 4972 562 5029 coruscum
594 4959 744 5012 Pauli
766 4959 988 5029 apostoli
1020 4959 1290 5029 eloquium
1321 4959 1493 5011 renuis
1527 4947 1697 5012 dicen-

141 5024 194 5099 tis
216 5024 275 5077 de
293 5024 454 5090 Filio,
488 5029 636 5082 Dum
653 5031 707 5082 in
736 5024 902 5098 {arma
930 5027 1028 5099 D_ei
1054 5024 1206 5099 esset,
1229 5044 1332 5082 non
1352 5029 1589 5097 rapinam
1610 5045 1702 5082 ar-

137 5086 330 5169 άίιζαξξω
357 5086 456 5169 ει(
467 5116 592 5152 esse
611 5116 664 5153 se
689 5086 936 5169 aequalem
960 5096 1065 5169 Deo
1083 5098 1106 5149 Ρ
1125 5086 1221 5150 etc.

197 5161 220 5198 δ
248 5163 391 5240 lianc
420 5166 677 5236 Gregorii
706 5161 927 5240 Nysseni
966 5168 1126 5240 etiam
1154 5183 1184 5222 a
1212 5164 1412 5240 Cyrillo
1431 5165 1702 5240 laudatam

198 5184 220 5198 ν
248 5184 391 5222 nauc
420 5184 677 5236 uregoru
706 5184 927 5240 nyssem
966 5184 1126 5222 etiam
1154 5184 1184 5222 a
1212 5184 1253 5221 ι»
1277 5184 1412 5222 ’τιιιο
1433 5184 1702 5222 laudatam

139 5227 215 5300 (In
237 5234 604 5310 Apologetico)
646 5239 1052 5310 explicationem
1101 5238 1204 5292 hoc
1258 5184 1379 5310 ioco
1428 5238 1704 5310 pmterire

139 5315 228 5355 non
256 5307 452 5379 potui:
481 5307 592 5372 Qui
622 5307 725 5362 rex,
761 5309 1109 5379 regnantium.
1160 5317 1209 5362 et
1248 5307 1504 5379 Dominus
1531 5307 1701 5362 domi-

138 5377 352 5428 nantium
379 5387 519 5441 erat,
549 5380 684 5449 serui
712 5377 880 5449 {arma
907 5379 1158 5440 induitur,
1200 5387 1250 5432 et
1277 5377 1514 5449 subditur
1555 5387 1703 5447 pote-

139 5449 301 5521 statem
341 5446 666 5521 gerentibus.
712 5446 971 5521 Dominus
1007 5449 1358 5521 creaturtzhin
1406 5446 1700 5521 speluncam

139 5511 476 5590 divertitfoui
506 5520 804 5573 universum
847 5519 1018 5590 palmo
1060 5519 1335 5590 concludit.
1368 5511 1471 5571 non
1509 5518 1701 5590 in_v_enit

139 5579 284 5658 locum
311 5588 367 5640 in
396 5579 694 5644 diversorio
715 5607 732 5655 ;
755 5579 857 5642 sed
870 5590 923 5642 in
943 5590 1191 5658 prwsepio
1216 5588 1518 5642 reclinatur.
1544 5587 1700 5642 Mun-

141 5655 224 5708 dus
241 5668 288 5710 et
317 5659 695 5714 immaculatus
717 5655 955 5713 humanm
981 5655 1182 5711 natura:
1221 5659 1434 5726 suscipit
1474 5659 1655 5712 sordes
1678 5679 1692 5722 ;

1808 4689 1858 4731 et
1883 4679 2021 4732 omni
2049 4686 2350 4747 paupertate
2373 4685 2554 4731 nostra
2586 4674 2904 4745 perfunctus,
2934 4689 3091 4744 usque
3117 4672 3187 4726 ad
3207 4675 3388 4729 mortis

1808 4748 1966 4818 ﬁnem
1995 4749 2242 4818 pervenit,
2260 4756 2368 4818 etc.

1884 4829 1905 4856 ο
1933 4811 2075 4872 Sane
2104 4814 2476 4885 intelligendus
2490 4813 2583 4885 hic
2612 4813 2777 4885 locus.
2810 4811 3069 4867 Nimirum
3098 4813 3177 4869 sic
3201 4832 3213 4868 :
3247 4814 3389 4872 Deus

1807 4887 2172 4955 assumptione
2214 4883 2334 4940 non
2361 4892 2444 4938 est
2480 4883 2650 4955 factus
2692 4883 2987 4955 humanum
3033 4886 3387 4952 suppositum,

1806 4973 1902 5013 seu
1943 4953 2465 5027 pel-souahumana,
2509 4953 2651 5027 sicut
2692 4953 2855 5006 homo
2883 4964 3188 5027 assumptus
3217 4965 3300 5012 est
3333 4959 3385 5012 in

1807 5023 2088 5110 sPPp'osno
2121 5026 2201 5081 vel
2232 5039 2462 5110 ρετδίῖῐδθ
2481 5023 3168 5110 Wﬁlin}.quf‘"‘i"‘l"i.“"f"
3199 5041 3396 5097 ⁵¹¹ΡΡ⁰’

1808 5090 1897 5154 siti
1915 5090 2015 5152 'aut
2044 5090 2285 5168 persona:
2312 5094 2449 5148 ratio
2480 5093 2531 5147 iu
2560 5090 2774 5149 Christo
2802 5090 3012 5149 tantum
3035 5095 3129 5151 Dei
3153 5090 3388 5161 (εει,ἰὶοη

1807 5169 2059 5224 hominis.

1881 5237 1907 5308 ἑ
1937 5237 2082 5293 Istud
2121 5237 2199 5290 sic
2237 5235 2533 5308 explicatur
2571 5234 2711 5303 apud
2751 5234 3134 5291 Tcrtullianum
3168 5235 3405 5308 :_Virgo-

1808 5307 1977 5363 adhuc
1996 5316 2107 5361 erat
2127 5314 2284 5368 terra,
2309 5306 2537 5362 nondum
2557 5321 3045 5376 aperecompressa,
3071 5305 3390 5376 nondum_ie-

1806 5380 1963 5433 menti
1984 5376 2224 5440 subacta;
2250 5391 2313 5428 ex
2333 5393 2392 5428 ea
2417 5377 2671 5430 hominem
2699 5373 2893 5444 factum
2915 5376 3200 5443 accepimus
3221 5391 3258 5444 ar
3278 5373 3399 5427 Deo-

1803 5451 1858 5503 in
1884 5451 2113 5502 animam
2134 5447 2333 5517 vivam.
2356 5445 2520 5517 Igitur
2547 5447 2591 5499 si
2619 5443 2817 5517 primus
2843 5445 3010 5517 Adam
3038 5445 3110 5496 ita
3142 5443 3385 5517 traditur,

1803 5522 1988 5574 merito
2014 5533 2230 5590 sequens
2258 5516 2336 5570 vel
2363 5513 2670 5590 novissimus
2695 5515 2864 5590 Adam
2895 5515 2958 5590 de
2985 5521 3142 5590 terra,
3192 5513 3246 5566 id
3287 5524 3384 5590 est.

1803 5606 1963 5643 carne
1984 5584 2211 5658 nondum
2241 5586 2563 5658 generationi
2605 5584 3230 5658 rnsignata‘imspiritum
3257 5587 3384 5658 uivi-

1801 5660 2045 5729 ﬁcantem
2083 5676 2114 5712 a
2152 5652 2262 5712 Deo
2296 5665 2373 5712 est
2410 5656 2640 5725 prolatus
2680 5652 2819 5723 (Lib.
2857 5653 2920 5706 de
2952 5652 3120 5708 Carne
3147 5653 3382 5729 Christi).
