3936 6176
487 293 588 347 2:5
1811 295 2077 351 annosa
2116 298 2415 355 JUNIORIS

3616 308 3720 343 οντα

3620 335 3722 361 ΖΜ»

486 423 613 478 gare
643 416 694 461 te
721 417 774 463 et
802 408 984 462 audire
1024 416 1252 478 oportet.
1284 436 1351 449 --
1371 407 1631 477 Serapion
1669 407 1804 464 dixit
1832 428 1842 461 :
1876 408 2051 475 Quare
2082 422 2123 473 Λ
2155 414 2420 483 impingis.
2454 415 2562 483 Ego
2592 417 2731 472 enim
2761 417 2880 473 dico
2913 434 3077 472 unum
3120 418 3210 472 Dei
3261 419 3473 485 Filium,
3506 418 3529 456 δ
3565 424 3724 490 quasi

464 500 586 575 .boc
615 500 781 554 dicis?
810 528 878 537 —-—
904 500 1167 555 Arnobius
1186 500 1320 553 dixit
1345 498 1509 566 :Quia
1538 500 1689 569 quasi
1718 501 2051 570 plausnbilem

484 586 645 643 fusse
681 599 732 642 te
761 590 1063 653 existimas,
1104 605 1223 644 cum
1251 590 1383 645 dicis
1428 590 1563 644 duos
1606 589 1743 646 ﬁlios
1771 592 1865 646 Dei
1902 608 2048 655 esse,

484 694 646 733 unum
691 678 757 733 de
810 676 969 733 Patre
996 679 1111 733 sine
1144 692 1334 744 matre,
1364 688 1419 735 et
1459 682 1622 736 alium
1650 682 1718 736 de
1738 693 1910 739 matre
1939 689 2054 738 sine

483 779 658 838 patre.
678 768 811 823 Cum
833 783 933 837 ego
956 770 1049 824 tibi
1065 770 1288 825 dixerim
1310 771 1475 826 Deum
1497 787 1593 841 per
1612 774 2051 843 omnipotentiam

479 876 633 915 suam
681 860 905 916 formam
957 862 1095 915 servi
1134 862 1481 931 assumpsisse
1528 863 1580 917 in
1622 872 1776 919 utero
1803 864 2052 932 Virginis,

479 960 536 1006 et
584 968 708 1009 cum
760 969 826 1007 eo
875 953 1162 1022 sumpsisse
1212 955 1556 1022 temporalem
1602 956 1881 1022 originem.
1935 954 2052 1008 Non

483 1043 646 1099 habet
673 1044 813 1098 hunc
844 1043 1035 1097 Filium
1074 1044 1188 1108 Dei,
1211 1045 1301 1112 qui
1330 1046 1542 1114 penitus
1566 1047 1916 1116 temporalem
1944 1064 2053 1102 non

484 1133 663 1188 habet.
694 1165 766 1174 ——
791 1132 1049 1201 Serapion
1074 1133 1207 1187 dixit
1232 1151 1243 1185 :
1268 1134 1348 1188 'l‘u
1375 1134 1555 1188 dixisti
1576 1136 1800 1190 alterum
1824 1137 2053 1205 Virginis

468 1222 649 1293 _iilium
680 1232 873 1292 praeter
900 1222 1187 1277 Christum.
1213 1214 1285 1265 -ἐ
1308 1225 1573 1279 Arnobius
1609 1226 1743 1280 dixit
1766 1245 1778 1279 :
1803 1227 1918 1283 Non
1944 1228 2053 1282 dixi

466 1313 713 1373 alterum
746 1311 975 1379 Virginis
1014 1311 1177 1367 lilium
1216 1321 1410 1382 prater
1447 1314 1735 1379 Christum,
1778 1317 1871 1370 sed
1896 1317 2047 1372 dixi:

482 1401 581 1458 llic
601 1403 691 1470 qui
725 1402 791 1455 de
824 1402 952 1457 limo
980 1410 1137 1456 tenue
1172 1402 1393 1470 virginis
1420 1406 1648 1473 primum
1676 1406 1948 1461 hominem
1975 1406 2053 1463 fe-

468 1495 575 1559 ~cit,
594 1496 708 1564 ipse
733 1495 784 1548 in
807 1503 961 1549 utero
981 1495 1214 1564 Virginis
1230 1504 1426 1551 sanetae
1444 1497 1718 1552 hominem
1740 1480 1798 1552 in
1810 1514 1919 1567 quo
1940 1501 2052 1570 ipse

484 1587 748 1644 habitaret
767 1604 862 1643 sua
885 1589 1405 1658 incomprehensibili
1420 1592 1804 1660 omnipotentia
1826 1591 2053 1647 fabrica-

484 1684 579 1744 vit,
624 1680 916 1735 secundum
956 1680 1098 1749 quod
1125 1680 1349 1748 legimus
1397 1698 1413 1733 :
1457 1680 1727 1751 Sapientia
1781 1682 2055 1752 wdiﬁcauit

2158 505 2328 573 ignem
2348 507 2401 559 in
2425 522 2652 561 massam
2674 509 2788 562 auri
2809 509 3104 563 candentis.
3132 509 3268 563 Nihil
3292 510 3343 564 in
3366 524 3431 564 eo
3453 512 3596 566 vides
3620 515 3723 570 nisi

2152 610 2325 663 ignem
2355 598 2478 651 dum
2509 599 2727 666 ignitum
2758 598 2935 664 fuerit,
2961 608 3015 653 et
3034 600 3187 652 simul
3211 615 3395 653 aurum
3418 617 3606 670 purum
3620 620 3725 672 pu-

2153 690 2367 753 taveris,
2399 704 2589 744 manus
2619 691 2731 759 ipsa
2760 690 3031 757 tangendo
3060 690 3376 750 ﬂammatur.
3409 692 3483 745 ita
3513 701 3569 746 et
3594 694 3724 747 dum

2152 778 2205 851 ip
2234 778 2338 832 isto
2378 780 2594 833 homine
2639 782 2848 835 miseris
2896 796 3107 834 manum
3152 781 3477 836 inﬁdelitatis
3503 790 3639 846 tum,
3669 791 3729 838 ut

2148 868 2322 922 solum
2343 868 2609 924 hominem
2622 871 2870 931 aestimes,
2889 869 3131 923 incendio
3150 878 3348 923 aeterno
3367 872 3723 926 eonsumeris.

2151 955 2283 1012 Item
2309 959 2355 1013 si
2383 974 2568 1013 aurum
2592 961 2868 1028 negaveris
2892 1002 2904 1023 ,
2930 961 3104 1028 ignem
3146 975 3271 1012 vero
3297 960 3387 1028 qui
3410 960 3461 1013 in
3484 976 3552 1013 eo
3581 961 3730 1014 venit

2152 1056 2212 1102 ut
2233 1057 2373 1103 esset
2386 1050 2624 1114 visibilis,
2641 1065 2760 1103 cum
2781 1051 2849 1103 sit
2868 1049 3162 1113 invisibilis,
3186 1049 3549 1117 denegaveris.
3576 1048 3730 1103 Nunc

2152 1141 2424 1207 interrogo
2462 1148 2549 1206 te,
2589 1157 2693 1209 res;
2714 1141 2853 1195 onde
2888 1141 3017 1194 mihi
3049 1157 3062 1192 :
3094 1139 3204 1193 Cur
3231 1155 3336 1192 non
3364 1138 3588 1192 dimittis
3615 1154 3730 1191 ma-

2152 1246 2276 1285 num
2301 1232 2366 1285 ad
2392 1231 2708 1286 candentem
2738 1244 2966 1285 massam
3006 1230 3155 1283 auri?
3174 1260 3247 1271 —
3266 1227 3526 1297 Serapion
3547 1227 3686 1282 dixit
3714 1245 3727 1279 :

2152 1319 2415 1387 Quoniam
2437 1336 2624 1375 manus
2643 1335 2762 1389 qua:
2791 1335 2911 1374 eum
2941 1319 3224 1387 contigerit
3246 1318 3492 1372 ardescit.

2224 1407 2287 1461 V.
2318 1440 2390 1451 -—-
2410 1408 2674 1462 Arnobius
2700 1408 2869 1462 dixit:
2893 1407 2998 1461 iste
3022 1407 3157 1473 ignis
3177 1406 3398 1461 visibilis
3424 1414 3511 1460 est
3543 1421 3613 1460 an
3644 1407 3731 1459 in.

2154 1499 2410 1553 visibilis?
2431 1527 2502 1536 —
2529 1498 2789 1567 Serapion
2830 1498 2965 1551 dixit
2997 1515 3008 1549 :
3043 1496 3300 1550 Visibilis.
3346 1528 3420 1539 -—
3458 1497 3733 1551 Arnobius

2154 1587 2501 1643 dixitzUnde
2541 1589 2736 1657 probas
2789 1589 3049 1643 visibilem
3116 1602 3235 1641 esse
3277 1588 3490 1655 ignem?
3536 1586 3647 1642 Per
3675 1601 3734 1642 se

2157 1681 2347 1749 ipsum,
2396 1695 2463 1734 an
2509 1695 2607 1749 per
2649 1681 2871 1734 alteram
2914 1677 3603 1747 materiam?—Serapion’
3658 1693 3733 1732 re~

487 1772 586 1826 sibi
610 1771 816 1825 domum
838 1771 1013 1842 (Prov.
1034 1786 1108 1836 ix,
1146 1771 1221 1841 1).
1245 1769 1594 1840 —Serapion
1620 1772 1753 1827 dixit
1778 1791 1790 1825 :
1821 1773 1951 1839 Quis
1976 1782 2057 1829 est
2088 1780 2130 1839 Β
2157 1773 2373 1843 spondit
2401 1791 2414 1824 :
2447 1773 2550 1826 Per
2574 1772 2817 1827 alteram.
2848 1772 3202 1825 -Arnobius
3240 1770 3375 1823 dixit
3406 1784 3419 1822 :
3451 1769 3591 1837 Ergo
3624 1786 3733 1825 non

485 1864 580 1933 qui
614 1862 892 1918 fabricavit
935 1863 1038 1916 sibi
1082 1862 1136 1916 in
1182 1846 1339 1916 utero
1374 1862 1603 1930 Virginis
1646 1864 2057 1919 hominem?—

484 1953 755 2008 Arnobius
775 1953 946 2008 dixit:
969 1951 1137 2006 Filius
1162 1952 1259 2007 Dei
1280 1951 1454 2031 fatris
1474 1953 1751 2008 invisibilis
1780 1953 2057 2010 fabricavit

485 2045 586 2100 sibi
609 2045 901 2107 hominem,
932 2044 986 2098 in
1013 2057 1141 2112 quo,
1177 2044 1330 2112 quasi
1370 2044 1420 2097 in
1473 2044 1635 2099 domo
1660 2045 2058 2115 incomparabili

486 2152 725 2203 manens,
744 2138 858 2207 ipse
884 2135 1035 2190 ﬁeret
1063 2136 1282 2190 visibilis
1306 2136 1854 2208 sanctis—Serapion
1882 2138 2053 2193 dixit:

485 2226 627 2296 Ergo
680 2226 903 2281 visibilis
950 2226 1122 2281 factus
1158 2226 1277 2281 est?
1312 2256 1384 2268 —
1426 2226 1692 2281 Arnobius
1740 2228 1872 2281 dixit
1904 2227 2058 2281 :Non

486 2316 595 2371 dixi
624 2316 846 2370 visibilis
888 2314 1059 2370 factus
1081 2321 1165 2370 est
1195 2325 1221 2352 ι
1255 2323 1495 2381 tantum;
1531 2316 1627 2371 sed
1660 2316 1790 2383 dixi,
1840 2317 2060 2372 visibilis

488 2406 659 2460 factus
683 2406 901 2469 sanctis,
918 2406 1022 2459 hoc
1040 2412 1123 2459 est
1142 2404 1496 2470 credentibus,
1522 2415 1580 2459 ut
1606 2424 1698 2474 per
1723 2407 1879 2476 fidem
1908 2408 2058 2463 vide-

489 2507 661 2563 retur,
682 2514 784 2552 non
811 2514 905 2565 per
930 2497 1150 2566 speciem
1178 2492 1596 2571 (lConmeS)
1625 2499 1917 2553 secundum
1957 2499 2061 2554 hoc

487 2590 632 2659 quod
656 2591 880 2658 legimus
912 2607 925 2642 :
968 2587 1201 2641 Vidimus
1229 2603 1364 2650 eum,
1387 2596 1437 2642 et
1470 2603 1575 2641 non
1600 2587 1814 2642 habebat
1840 2590 2059 2660 speciem

488 2678 640 2743 (Isai.
658 2695 764 2742 Llll,
779 2677 855 2748 2).
880 2676 1068 2732 Carnis
1077 2677 1219 2731 enim
1231 2684 1476 2746 aspectus
1489 2677 1562 2732 ita
1577 2678 2056 2749 incredulispatuit,

487 2781 565 2837 ut,
598 2771 926 2840 exspoliatus
972 2770 1319 2831 vestimentis,
1354 2778 1496 2824 totus
1532 2785 1629 2839 per
1653 2770 1860 2840 singula
1887 2787 2059 2827 mem-

486 2864 579 2917 bra
610 2862 850 2931 corporis
876 2860 1146 2915 videretur
1164 2860 1231 2914 ab
1250 2860 1333 2913 his
1358 2860 1449 2928 qui
1470 2876 1591 2915 eum
1610 2862 2056 2931 exspoliaveruut,

486 2961 542 3007 et
562 2952 861 3017 irriserunt,
903 2959 959 3006 et
1000 2950 1420 3019 ﬂagellaverunt,
1444 2952 1574 3005 etin
1603 2954 1775 3007 crucis
1822 2953 2060 3023 patibulo

486 3059 608 3097 eum
649 3049 943 3112 posuerunt
984 3041 1197 3112 (Matth.
1230 3058 1397 3107 xxvii;
1428 3041 1586 3096 Joan.
1616 3043 1763 3112 xix);
1808 3046 1905 3101 sed
1933 3047 2057 3115 quia

2157 1872 2241 1918 est
2260 1861 2482 1916 visibilis
2518 1862 2671 1929 ignis.
2694 1892 2767 1905 --
2785 1860 3045 1929 Serapion
3100 1858 3381 1927 respondit
3411 1876 3424 1911 :
3446 1857 3735 1924 Quomodo

2158 1970 2266 2009 non
2314 1963 2397 2009 est
2447 1954 2669 2007 visibilis
2712 1954 2868 2020 ignis,
2908 1952 3002 2022 qui
3042 1951 3255 2005 videtur
3287 1958 3342 2005 et
3375 1951 3737 2018 tangitur?—

2159 2044 2424 2101 Arnobius
2449 2045 2583 2099 dixit
2614 2061 2626 2097 :
2652 2043 2769 2098 Non
2789 2042 3019 2106 videtur,
3044 2055 3145 2096 nec
3172 2042 3426 2108 tangitur,
3459 2055 3559 2095 nec
3581 2040 3739 2096 cale-

2158 2142 2343 2205 iaciet,
2386 2157 2486 2196 nec
2522 2141 2800 2196 comburet
2826 2155 2922 2208 per
2945 2153 3098 2193 suam
3137 2136 3490 2193 substantiam
3512 2175 3527 2199 ,
3550 2134 3595 2187 si
3628 2148 3739 2188 non

2159 2231 2320 2286 fuerit
2347 2231 2499 2284 alteri
2521 2232 2816 2299 cuicunque
2835 2223 3523 2293 commixtus.——Serapion
3552 2221 3739 2275 dixit:

2158 2317 2297 2387 Ergo
2338 2319 2472 2387 ignis
2517 2334 2614 2388 per
2638 2334 2698 2372 se
2737 2318 2870 2371 nihil
2893 2325 2994 2371 est.
3016 2314 3371 2369 —Arnobius
3399 2313 3534 2367 dixit
3565 2330 3579 2364 :
3616 2311 3739 2367 Non

2156 2410 2330 2464 solum
2355 2424 2462 2464 non
2484 2409 2625 2471 dico,
2665 2408 2799 2462 nihil
2842 2414 2962 2462 est:
2988 2405 3082 2461 sed
3110 2406 3250 2471 dico,
3274 2417 3466 2472 magna
3496 2404 3596 2467 vis,
3629 2401 3739 2456 for-

2160 2502 2468 2569 tissimaque
2495 2501 2789 2555 substantia
2823 2499 2954 2554 :sed
3000 2506 3175 2552 tamen
3215 2497 3319 2550 nisi
3361 2496 3559 2549 mixtus
3577 2494 3740 2551 alteri

2159 2591 2318 2647 fuerit
2329 2592 2655 2653 substantiae,
2676 2590 2953 2644 invisibilis
2966 2597 3021 2644 et
3036 2590 3381 2657 incorporeus
3396 2594 3737 2654 perseverat.

2158 2712 2230 2724 -—
2250 2684 2511 2753 Serapion
2538 2684 2670 2737 dixit
2703 2701 2716 2736 :
2748 2682 2888 2751 Ergo
2920 2682 3054 2750 ignis
3086 2682 3225 2735 Deus
3245 2687 3345 2735 est.
3367 2707 3441 2717 —-
3462 2678 3740 2733 Arnobius

2159 2776 2327 2831 dixit:
2353 2776 2468 2831 Hoc
2489 2776 2580 2830 tibi
2610 2775 2749 2837 dixi,
2779 2774 2905 2843 quia
2925 2789 3091 2828 erras.
3114 2771 3359 2841 Nunquid
3390 2779 3561 2824 totum
3588 2769 3740 2838 quod

2158 2866 2423 2921 invisibile
2450 2865 2603 2921 nobis
2628 2873 2685 2919 et
2711 2864 3084 2933 incorporeum
3111 2869 3213 2926 est,
3235 2861 3339 2916 hoc
3363 2860 3522 2914 etiam
3543 2859 3663 2913 Deo
3687 2867 3739 2915 et

2162 2955 2423 3009 invisibile
2477 2961 2533 3008 et
2586 2953 2959 3023 incorporeum
3002 2950 3114 3006 est?
3140 2980 3211 2990 --
3247 2948 3506 3018 Serapion
3555 2948 3739 3002 dixit:

2159 3043 2297 3114 Ergo
2326 3045 2436 3099 Deo
2461 3043 2685 3099 visibilis
2712 3052 2793 3098 est
2812 3041 2948 3111 ignis
2968 3048 3357 3110 et-corporeus.
3377 3038 3739 3095 —-Arnobius

486 3131 607 3186 iislei
640 3131 825 3186 oculos
853 3146 958 3184 non
999 3130 1302 3195 habebant,
1348 3132 1618 3187 hominem
1671 3149 1862 3203 purum
1884 3177 1900 3201 ,
1949 3153 2054 3193 non
2082 3139 2125 3202 C
2156 3136 2293 3191 dixit
2328 3153 2342 3187 :
2386 3134 2574 3190 Omnia
2627 3149 2957 3205 quascunque
2994 3133 3274 3188 invisibilia
3321 3139 3378 3187 et
3416 3133 3738 3201 incorporea

486 3221 635 3276 illum
671 3221 764 3291 qui
789 3221 842 3274 in
863 3221 979 3290 ipso
1008 3228 1123 3274 erat
1152 3222 1363 3275 homine
1384 3222 1567 3277 videre
1585 3232 1892 3293 potuerunt.

555 3312 643 3367 IV.
672 3346 742 3354 —
762 3312 1021 3382 Serapion
1050 3313 1185 3368 dixit
1213 3331 1225 3365 :
1259 3311 1421 3380 Quasi
1449 3316 1635 3384 anguis
1665 3316 1924 3381 lubricus,
1945 3333 2055 3386 quo

484 3405 605 3475 plus
631 3404 1029 3472 constringens,
1062 3404 1182 3474 plus
1220 3402 1286 3459 de
1314 3405 1693 3474 stringentibus
1721 3409 1911 3476 pugnis
1930 3422 2055 3462 eva-

482 3496 583 3549 dis.
617 3494 897 3564 Hominem
924 3495 1006 3548 vis
1026 3510 1144 3550 esse
1172 3492 1363 3549 Filium
1391 3496 1513 3562 Dei,
1537 3512 1605 3551 an
1633 3497 1840 3551 Deum?
1867 3523 1938 3537 -ι
1957 3498 2055 3551 Ar-

482 3585 675 3641 nobius
721 3585 854 3639 dixit
886 3604 899 3640 :
930 3584 1127 3639 Verum
1170 3585 1338 3639 Deum
1385 3595 1440 3640 et
1467 3602 1651 3641 verum
1672 3586 1961 3641 hominem.
1986 3615 2057 3628 -—

480 3676 742 3746 Serapion
769 3675 903 3730 dixit
926 3693 938 3728 :
969 3674 1127 3744 Ergo,
1154 3683 1208 3729 ut
1230 3674 1359 3740 dixi,
1389 3674 1495 3729 duo
1517 3675 1611 3729 lilii
1634 3675 1727 3730 Dei
1755 3684 1899 3740 sunt,
1920 3692 2057 3733 unus

481 3766 730 3829 carnalis,
762 3773 817 3819 et
838 3764 973 3819 alius
993 3765 1301 3834 spiritualis.
1330 3796 1402 3806 ——
1423 3764 1688 3819 Arnobius
1714 3764 1847 3819 dixit
1875 3783 1887 3817 :
1917 3766 2053 3821 Cum

480 3855 674 3908 timore
703 3855 797 3909 Dei
824 3853 1074 3922 loquere;
1109 3854 1475 3924 blasphemum
1514 3864 1596 3910 est
1627 3854 1770 3909 enim
1810 3854 1946 3910 duos
1987 3855 2051 3907 ii-

480 3946 583 4001 lios
609 3944 708 4001 Dei
736 3945 934 4001 dicere.
963 3974 1034 3984 —
1053 3945 1317 4015 Serapion
1344 3945 1479 4003 dixit
1503 3965 1514 4000 :
1545 3946 1687 4015 Ergo
1717 3955 1774 4002 tu
1798 3948 2049 4017 blasphec

480 4052 616 4102 mas,
647 4036 736 4107 qui
765 4035 899 4092 duos
928 4035 1065 4091 iilios
1092 4036 1186 4093 Dei
1212 4036 1362 4091 dicis.
1386 4065 1457 4075 —-—
1484 4037 1750 4092 Arnobius
1775 4037 1909 4091 dixit
1934 4056 1946 4089 :
1983 4037 2049 4090 Et

481 4138 535 4181 tu
577 4128 913 4199 blasphemas
937 4168 957 4194 ,
997 4137 1053 4183 et
1100 4129 1232 4184 mihi
1269 4128 1586 4187 calumniam
1633 4128 2050 4200 blasphemantis

2156 3235 2298 3291 sunt,
2328 3225 2439 3281 Deo
2469 3226 2570 3280 soli
2590 3225 2882 3280 secundum
2903 3226 3023 3291 hoc,
3053 3224 3266 3293 quarab
3294 3239 3360 3278 eo
3387 3230 3568 3277 creata
3585 3232 3737 3288 sunt,

2156 3317 2383 3371 visibitia
2419 3324 2475 3371 et
2501 3330 2760 3386 corporea
2788 3324 2931 3372 sunt.
2957 3343 3033 3355 —-
3057 3314 3316 3384 Serapion
3341 3314 3509 3368 dixit:
3541 3326 3564 3351 ο
3588 3312 3738 3382 Ergo

2157 3407 2369 3471 animo,
2396 3416 2451 3462 et
2479 3408 2715 3475 spiritus,
2739 3416 2792 3462 et
2822 3406 2997 3475 angeli
3028 3406 3274 3475 corporei
3299 3412 3441 3459 sunt.
3464 3432 3537 3443 -—
3563 3401 3739 3458 Arno-

2155 3500 2274 3555 bius
2295 3499 2428 3553 dixit
2453 3518 2464 3551 :
2498 3498 2634 3554 Nolo
2652 3513 2741 3553 me
2768 3513 2866 3567 per
2911 3495 3185 3551 anfractus
3214 3505 3337 3551 tuos
3355 3511 3387 3550 a
3414 3494 3526 3549 Deo
3546 3495 3737 3559 tollas,

2157 3598 2212 3645 et
2258 3589 2327 3643 ad
2375 3590 2615 3656 angelos,
2640 3597 2697 3644 et
2724 3590 2788 3643 ad
2816 3588 3042 3650 animas,
3066 3597 3129 3663 et
3154 3587 3372 3657 spiritus
3397 3586 3600 3640 trahas.
3637 3585 3738 3640 Ta-

2156 3695 2277 3733 men
2305 3695 2374 3734 ne
2402 3688 2556 3747 putes
2577 3694 2662 3734 me
2682 3678 2866 3746 fugere
2885 3678 3357 3745 interrogationem
3381 3683 3548 3739 tuam,
3578 3675 3735 3730 audi.

2154 3769 2420 3838 Quidquid
2449 3783 2751 3823 mensuram
2778 3768 2957 3834 habet,
2985 3782 3180 3837 corpus
3204 3774 3305 3833 est,
3329 3782 3434 3821 non
3455 3766 3733 3830 humanis,

2153 3859 2246 3915 sed
2285 3858 2476 3913 divinis
2495 3858 2664 3913 oculis
2689 3865 2880 3927 patens
2904 3875 2916 3910 :
2950 3858 3241 3911 immensus
3265 3863 3444 3910 autem
3471 3864 3525 3909 et
3547 3855 3735 3910 incor-

2154 3964 2350 4019 poreus
2378 3948 2519 4003 Deus
2539 3948 2685 4003 solus
2711 3956 2794 4002 est
2815 3946 2992 4017 (Joan.
3024 3947 3119 4016 IV).
3150 3946 3349 4002 Omnes
3386 3947 3526 4000 enim
3548 3946 3731 4013 angeli

2156 4056 2185 4093 a
2209 4040 2320 4094 Deo
2349 4037 2471 4093 iacti
2502 4039 2712 4093 initium
2740 4038 2967 4101 habent;
3015 4044 3071 4091 et
3113 4051 3233 4104 qua:
3261 4036 3465 4090 initium
3496 4035 3729 4097 habent,

2155 4140 2209 4185 et
2232 4130 2478 4185 ultimum
2504 4130 2720 4193 habent,
2752 4144 2860 4182 non
2886 4127 3080 4182 nostris
3104 4126 3273 4181 oculis
3298 4126 3554 4189 serviens,
3584 4125 3732 4179 sicut

1656 4277 1762 4333 FB.
1804 4276 2283 4335 FEU-ARDENTH
2321 4275 2546 4339 NOT/E.

547 4456 573 4486 ι
600 4445 763 4499 Vetus
808 4440 1007 4504 codex,
1048 4454 1147 4509 pro
1196 4449 1413 4497 tantum.
1467 4439 1629 4494 habet
1664 4440 1838 4503 tacui;
1868 4440 2048 4507 itaque
2076 4443 2127 4502 D
2151 4439 2279 4509 bere
2307 4454 2500 4509 corpus
2527 4452 2633 4506 quo
2661 4438 2972 4509 subsistunt.
3014 4437 3121 4491 Nec
3164 4434 3592 4509 prgetereundum
3625 4444 3729 4509 _est

474 4514 811 4575 scribendum
847 4509 945 4565 fuit
968 4508 1185 4573 tantum,
1218 4517 1310 4564 aut
1336 4508 1653 4572 addendum,
1675 4517 1725 4562 et
1744 4510 1898 4563 tacui.

546 4587 573 4626 ι)
604 4586 960 4640 Damascenus
1013 4579 1148 4634 libro
1195 4578 1261 4632 de
1305 4578 1511 4631 duabus
1572 4577 1943 4632 Voluntatibus
1989 4587 2045 4633 et

475 4651 955 4727 tiperationibusin
977 4647 1213 4727 Christo,
1227 4656 1285 4727 et_
1300 4648 1352 4701 in
1486 4648 1555 4727 de
1575 4646 1703 4701 Fide
1720 4648 2041 4727 orthodoxa,

475 4716 593 4797 pari
644 4720 988 4797 sitnilitudine
1041 4718 1251 4797 suadet_
1270 4718 1327 4771 in
1371 4716 1585 4797 Christo
1625 4732 1750 4772 vere
1771 4718 1903 4772 duas
1927 4733 2048 4774 esse

474 4788 820 4856 substantias,
847 4792 1057 4844 unicam
1083 4803 1211 4842 vero
1238 4788 1591 4857 bypostasim.

551 4878 573 4907 ε
604 4864 769 4918 Vetus
789 4870 871 4916 est
888 4860 1199 4929 disputatio,
1221 4874 1284 4929 an
1309 4857 1481 4929 angeli
1508 4871 1636 4911 vere
1653 4857 1898 4929 corporei
1918 4857 2045 4920 sint,

473 4952 541 4989 an
573 4947 699 4988 vero
721 4930 1028 4997 substantite
1054 4930 1127 4982 ita
1153 4928 1525 4997 spiritales,_ut
1552 4928 1771 4981 omnino
1798 4936 2047 4995 expertes

476 5006 578 5061 sint
606 5002 858 5055 materim.
889 4996 1041 5052 Plato
1062 4999 1115 5052 in
1142 4995 1327 5066 primis
1352 5006 1407 5051 et
1445 4995 1706 5051 Platonici
1724 5011 1910 5050 omnes
1938 5004 2045 5050 tam
2098 5043 2104 5049 .

477 5073 687 5143 profani
704 5084 865 5143 quam
892 5069 1031 5143 sacri
1051 5067 1402 5143 aﬂi_rma_nte_m
1434 5075 1639 5143 partem
1654 5067 1882 5143 amplexi
1898 5075 2044 5143 sunt,

476 5135 534 5198 ut
564 5135 1079 5212 patet—exApuleio,
1122 5135 1437 5212 Jamhlicho,
1471 5135 1862 5212 Porphyrioet
1889 5136 2038 5212 aliis;

474 5205 602 5266 item
645 5226 711 5265 ex
740 5205 988 5276 Origene,
1014 5207 1326 5273 Augustino,
1352 5217 1480 5268 etc.,
1514 5205 1724 5260 tametsi
1745 5206 1830 5261 hic
1849 5213 1904 5260 et
1924 5205 2041 5276 aliis

471 5281 525 5336 in
548 5282 680 5337 locis
699 5274 943 5334 videatur
967 5278 1209 5347 dubitare
1236 5278 1388 5347 (Aug.
1414 5276 1644 5347 Lvurde
1672 5276 1844 5347 Ciuit.,
1870 5291 1915 5328 c.
1949 5274 2035 5347 Μ,

474 5351 557 5416 15,
583 5352 677 5417 l6;
702 5349 791 5404 lib.
821 5365 857 5403 ιι
886 5348 1121 5409 Periar.;
1146 5343 1487 5417 _Enth.'cap._
1539 5343 1606 5397 59
1630 5362 1643 5405 ;
1666 5356 1713 5398 et
1735 5345 1824 5399 lib.
1852 5361 1939 5399 xxi
1978 5346 2044 5417 de

471 5414 645 5485 Ciuit‘.,
664 5414 714 5476 ε.
741 5420 848 5487 l0).
880 5419 1031 5472 Addo
1058 5425 1115 5471 et
1138 5415 1400 5471 Joannem
1431 5414 2040 5487 Thessalonicensem__id

469 5484 1093 5565 quoque‘afﬁrmantem,
1131 5488 1342 5565 aolione
1363 5486 1550 5565 quinta
1581 5485 1802 5565 septimi
1830 5484 2039 5565 concilii

471 5507 683 5565 quoque
712 5502 1093 5550 aturmantem,
1131 5502 1342 5541 actione
1361 5502 1550 5609 1«(pium
1581 5502 1793 5554 septimi
1830 5502 2039 5538 concnu

471 5562 752 5633 generalis,
768 5559 928 5633 quod
941 5566 1030 5633 est
1044 5556 1333 5633 secundum
1412 5556 1646 5633 faenum.
1685 5553 1971 5633 Tertullian
1979 5570 2040 5608 us

469 5621 630 5688 Etiam
668 5621 892 5711 scripsit
911 5626 1067 5711 (Lib.
1109 5626 1175 5711 με
1212 5624 1396 5711 Carne“
1412 5621 1644 5711 Christi)
1674 5623 2039 5711 [aligelose'sse

470 5701 710 5771 corporis
738 5693 992 5767 alicujus;
1023 5705 1075 5752 et
1100 5696 1331 5750 Joannes
1358 5693 1640 5751 Cassianus
1670 5693 1822 5764 (Coll.
1852 5695 1924 5763 7),
1950 5695 2036 5747 ha-

2148 4503 2420 4563 .lustinuni
2448 4503 2753 4577 Martyrem,
2783 4503 3197 4577 Athenagoram,
3228 4504 3498 4577 Irenaeum,
3524 4518 3591 4557 ex
3622 4503 3729 4577 La-

2151 4578 2275 4632 tinis
2302 4592 2430 4632 vero
2457 4573 2861 4639 Tertullianum,
2885 4573 3237 4637 Lactantium,
3258 4575 3396 4628 addo
3416 4574 3578 4627 etiam
3605 4573 3723 4627 Au-

2150 4648 2439 4715 gustinum,
2471 4661 2537 4699 ex
2565 4647 2737 4713 capite
2763 4655 2918 4701 sexto
2939 4644 3225 4715 Geneseos.
3249 4644 3338 4715 ubi
3357 4644 3611 4715 scriptum
3637 4652 3729 4697 est

2153 4712 2289 4774 iilios
2334 4716 2431 4771 Dei
2475 4712 2744 4784 accepisse
2789 4717 2842 4769 in
2884 4728 3079 4768 uxores
3119 4712 3274 4784 tilias
3304 4712 3605 4776 hominum,
3652 4728 3724 4767 ex

2152 4788 2336 4855 eisque
2355 4788 2593 4853 gigantes
2609 4783 2860 4851 genuisse
2887 4786 2971 4837 alii
3030 4783 3171 4837 ando
3190 4783 3439 4851 opinatos
3456 4795 3594 4846 esse,
3617 4795 3723 4835 an-

2152 4857 2300 4907 gelos
2328 4866 2580 4907 tannuam
2611 4870 2901 4907 corporeus
2942 4800 3272 4907 idneﬂ‘ecisse
3305 4870 3318 4905 :
3346 4851 3489 4907 quod
3536 4857 3723 4905 tamen

2150 4851 2300 4924 gelos
2328 4851 2580 4924 tanquam
2611 4870 2901 4923 corporeus
2942 4851 2994 4924 id
3033 4851 3272 4924 eil‘eeisse
3305 4851 3489 4924 :‘quod
3536 4857 3723 4905 tamen

2150 4922 2217 4979 de
2245 4926 2363 4979 iiliis
2396 4922 2526 4980 Seth
2568 4922 2724 4992 longe
2747 4925 2936 4978 melius
2965 4922 3301 4985 Athanasius,
3334 4922 3723 4992 Nazianzenus,

2148 4988 2985 5066 ﬂiumnymus._Chr§'sostomus,
3030 5000 3089 5046 et
3111 4992 3221 5066 _alii
3260 4988 3722 5066 interpretandum

2146 5058 2482 5121 censuerunt.
2504 5058 2727 5118 Constat
2745 5064 2888 5119 enim
2909 5061 3221 5131 Apostolum
3244 5062 3316 5115 de
3342 5058 3496 5114 malis
3514 5058 3724 5131 angelis

2143 5133 2451 5203 loquentem
2475 5149 2666 5201 negare
2681 5134 2799 5203 illos
2820 5128 3068 5203 componi
3095 5145 3163 5185 ex
3180 5144 3344 5203 carne
3363 5138 3423 5203 et
3434 5128 3717 5203 sanguine;

2143 5214 2198 5259 et
2216 5199 2411 5259 'omnes
2430 5199 2630 5273 passim
2658 5203 2715 5257 in
2740 5199 3029 5273 Scripturis
3056 5200 3316 5273 appellari
3342 5199 3593 5273 spiritus,
3622 5199 3719 5266 qui

2140 5289 2358 5328 carnem
2409 5267 2464 5326 e't
2504 5287 2625 5328 ossa
2670 5287 2776 5326 non
2825 5267 3253 5341 habentg(‘EpIi.
3285 5267 3717 5341 vt;’Lue._xx1v;

2145 5343 2333 5396 Matth.
2362 5360 2448 5397 νιιι
2464 5344 2502 5409 ).
2532 5343 2671 5410 Ergo
2689 5358 2812 5396 eum
2837 5342 2920 5394 hic
2939 5341 3007 5394 ab
3028 5335 3281 5410 Arnobio,
3305 5347 3396 5410 aut
3414 5338 3539 5410 alibi
3560 5352 3593 5390 a
3615 5335 3722 5391 Pa-

2143 5414 2312 5467 tribus
2339 5413 2587 5467 dicuntur
2603 5409 2868 5480 corporei,
2912 5410 2967 5480 id
2992 5409 3208 5480 proprie
3234 5415 3291 5463 et
3316 5409 3561 5463 absolute
3605 5422 3717 5480 non

2140 5491 2223 5537 est
2250 5482 2556 5546 definitum;
2586 5482 2679 5536 sed
2702 5477 2819 5535 sola
2850 5480 2916 5534 ad
2941 5477 3173 5533 divinam
3194 5481 3478 5549 puritatem
3503 5484 3561 5532 et
3583 5477 3720 5530 sim-

2140 5553 2430 5633 plicitatem
2482 5551 2623 5607 facta
2673 5549 3094 5633 comparatione,
3145 5548 3207 5602 ut
3233 5549 3357 5628 _hoe
3381 5548 3502 5603 loco
3529 5554 3718 5633 aperte

2139 5616 2439 5686 indicatur,
2479 5637 2597 5679 cum
2643 5616 2816 5676 solum
2856 5620 3024 5675 Deum
3071 5633 3190 5674 esse
3230 5616 3607 5687 incorporeum
3631 5616 3717 5671 div

2138 5693 2233 5746 cit.
