3936 6176
290 303 351 361 '27
1011 307 1428 364 CONFLICTUS
1469 306 1552 360 DE
1593 306 1722 360 DEO
1762 307 1811 361 Τ]

1918 262 1978 359 LO.
2008 305 2092 359 ET
2137 305 2287 366 ἷΙΝΟ,
2333 305 2478 360 ΕΤΕ.
2525 307 2647 360 UB.
2692 307 2752 361 ll.

3402 312 3502 365 ετει

256 421 352 485 sol,
377 428 432 474 et
455 419 599 482 luna,
623 427 676 472 et
694 419 878 483 stellae,
893 419 985 473 sed
1011 419 1139 473 solis
1163 419 1355 473 divinis
1380 419 1547 473 oculis
1577 418 1819 487 patescit.
1851 425 1894 480 Α
1927 416 2194 470 admixtus
2223 418 2356 470 intra
2385 418 2654 472 fornacem
2679 419 2990 472 excitaverit
3021 417 3276 484 llannnas,
3301 438 3400 475 nec
3426 430 3503 474 te-

256 537 324 553 --
342 509 603 578 Serapion
630 509 765 562 dixit
793 527 805 561 :
831 518 856 544 λ
878 507 1016 576 Ergo
1065 520 1121 564 ct
1164 510 1339 562 anima
1370 509 1600 563 hominis
1629 522 1821 575 corpo-

255 616 342 656 rea
370 607 471 656 est.
493 631 567 641 —-
592 599 859 654 Arnobius
877 599 1012 652 dixit
1038 617 1050 651 :
1083 593 1351 668 Quidqbid
1392 599 1560 664 tangit
1605 605 1659 650 et
1700 605 1819 649 tan-

255 694 414 761 gitur,
450 700 504 745 et
533 692 585 744 in
617 691 737 745 loco
767 692 946 759 aliquo
980 692 1302 757 continetur,
1341 707 1537 760 corpus
1565 705 1684 744 esse
1714 705 1819 742 non

253 784 464 838 dubium
494 791 597 836 est.
629 780 765 836 Cum
793 797 920 850 ergo
944 790 999 837 et
1035 783 1235 836 intrare
1263 783 1495 836 animam
1523 798 1736 850 corpus,
1767 787 1821 834 et

253 876 488 930 habiare
528 875 582 928 in
637 888 885 942 corpore,
931 881 986 928 et
1018 874 1167 927 exire
1204 888 1234 926 e
1273 888 1497 941 corpore
1543 873 1818 935 doceatur,

251 967 519 1035 quomodo
541 982 647 1020 non
668 981 929 1033 corporea
959 980 1096 1029 esse,
1127 965 1494 1032 dignoscitur?
1535 963 1638 1017 Sed
1682 963 1821 1016 inte-

249 1057 364 1119 rim,
388 1056 433 1110 si
478 1054 546 1110 de
570 1056 672 1110 hac
696 1071 758 1110 re
793 1055 1087 1122 longiorem
1119 1055 1197 1108 vis
1225 1054 1637 1122 disputationem
1683 1051 1815 1117 ﬁeri,

250 1146 340 1200 tibi
367 1146 533 1200 etiam
559 1146 666 1200 alio
697 1153 937 1214 tempore
966 1159 1266 1214 preponere
1293 1145 1491 1198 licebit.
1525 1143 1674 1196 Nunc
1690 1157 1818 1195 vero

249 1238 407 1291 aienti
448 1237 580 1290 mihi
620 1237 793 1304 ignem
828 1237 1201 1304 incorporeum
1231 1252 1377 1298 esse,
1411 1237 1547 1289 sicut
1587 1236 1817 1288 animam

251 1336 304 1381 et
355 1327 630 1396 spiritum,
676 1327 830 1380 nobis
873 1327 993 1380 dico
1033 1327 1208 1394 ignem
1251 1327 1623 1396 incorporeum
1675 1341 1812 1382 esse.

251 1417 518 1472 Asserenti
539 1418 689 1482 mihi,
711 1418 756 1471 si
771 1432 874 1487 qua
899 1417 1153 1485 praevales
1175 1417 1402 1476 ratione.
1420 1415 1815 1472 obsiste.—-Se-

252 1508 432 1576 rapion
461 1507 597 1561 dixit
621 1525 634 1560 :
659 1507 861 1560 Novam
899 1522 1012 1561 rem
1041 1507 1219 1561 audio.
1246 1507 1493 1572 Quotidie
1523 1508 1660 1560 inter
1703 1523 1818 1561 ma-

251 1614 345 1652 nus
367 1613 465 1651 nos
492 1598 667 1665 ignem
685 1597 883 1652 habere
911 1597 1086 1661 video,
1113 1597 1206 1650 sed
1228 1613 1366 1650 novo
1381 1599 1604 1665 stropho
1627 1599 1817 1652 verbo-

249 1705 360 1743 rum
396 1690 573 1757 ignem
620 1689 750 1742 mihi
799 1688 912 1742 vult
967 1688 1285 1744 invisibilem
1335 1689 1706 1756 comprobare.
1747 1720 1817 1730 -—-

1928 522 2114 576 porem
2154 510 2370 562 exhibet
2418 510 2668 574 thermis,
2719 526 2815 564 nec
2857 512 3109 564 calorem.
3146 542 3214 551 —
3241 510 3503 580 Serapion

1923 598 2057 651 dixit
2090 617 2101 650 :
2136 599 2410 654 Bencfacis
2452 599 2647 653 docere
2693 600 2936 653 homines
2963 600 3105 668 quod
3137 601 3310 654 nutlus
3345 601 3499 668 igno-

1922 696 2024 742 rat.
2059 718 2126 730 —
2153 688 2418 742 Arnobius
2441 689 2575 743 dixit
2608 708 2620 742 :
2654 689 2709 742 Si
2740 699 2911 743 tecum
2939 689 3195 744 llebraico
3217 690 3362 758 loqui
3389 706 3502 744 sera

1922 793 2080 834 mone
2105 787 2367 847 poteram,
2402 779 2637 846 nunquid
2667 795 2770 832 non
2813 779 3128 847 superﬂuus,
3160 794 3226 832 an
3256 779 3502 833 conside-

1922 877 2068 921 ratus
2088 870 2369 935 argueret?
2383 869 2728 936 —Serapion
2749 869 2911 921 dixit:
2941 870 3012 920 lta
3035 877 3134 922 est.
3149 869 3500 923 ——Arnobius

1922 959 2056 1011 dixit
2097 976 2108 1009 :
2141 957 2216 1011 lta
2245 958 2290 1011 si
2331 967 2505 1011 tecum
2547 959 2733 1025 loquar
2774 958 2917 1025 quod
2947 973 3132 1011 omnes
3153 960 3420 1024 ignorant,
3445 968 3499 1012 et

1922 1064 2028 1102 non
2057 1057 2231 1102 tecum
2261 1048 2364 1100 hoc
2392 1048 2577 1114 loquar
2617 1046 2759 1114 quod
2810 1047 2982 1099 nullus
3033 1046 3258 1112 ignorat,
3289 1047 3499 1101 vincere

1922 1149 1974 1194 te
2020 1156 2124 1208 qua
2169 1140 2376 1194 ratione
2424 1140 2647 1208 potero?
2677 1139 2770 1192 Dic
2799 1152 2947 1206 ergo,
2973 1139 3144 1205 ignem
3167 1138 3341 1191 cernis
3367 1138 3499 1192 duas

1918 1233 2270 1294 substantias,
2307 1247 2373 1284 an
2415 1231 2609 1284 unam?
2635 1258 2706 1268 —
2724 1229 2982 1298 Serapion
3011 1229 3144 1283 dixit
3175 1247 3188 1282 ι
3225 1228 3392 1283 Unam
3418 1229 3498 1282 vi-

1917 1323 2040 1384 dco,
2073 1324 2208 1390 ignis
2235 1323 2456 1377 scilicet.
2479 1351 2552 1362 —
2583 1322 2846 1376 Arnobius
2872 1321 3005 1375 dixit
3030 1339 3041 1373 :
3073 1319 3325 1384 Obsecro,
3352 1319 3496 1388 judi-

1917 1427 2025 1475 ces,
2049 1411 2159 1479 jam
2189 1412 2312 1466 date
2339 1413 2678 1474 sententiam,
2708 1420 2763 1465 et
2792 1419 2912 1464 uter
2941 1419 3180 1464 nostrum
3218 1410 3359 1478 quod
3399 1409 3495 1464 fal-

1917 1502 1992 1554 lat
2019 1501 2373 1555 ostendat.——
2398 1499 2618 1555 Judices.
2633 1500 2882 1553 dixerunt
2924 1518 2936 1550 :
2968 1499 3094 1553 Sine
3122 1516 3280 1554 causa
3313 1514 3494 1568 repro-

1918 1594 2061 1646 bavit
2089 1594 2560 1661 interrogationem
2589 1602 2761 1657 tuam;
2797 1600 2851 1645 et
2890 1608 2986 1646 cur
3023 1592 3206 1644 timeat
3234 1591 3492 1660 Serapion

1916 1684 2047 1736 duas
2072 1685 2396 1738 substantias
2423 1684 2601 1737 dicere
2623 1685 2674 1737 in
2706 1684 2824 1751 igne
2849 1683 2973 1736 dum
2997 1683 3250 1746 cernitur,
3284 1684 3494 1750 ignora-

249 1779 456 1836 Judices
479 1779 729 1834 dixerunt
763 1798 774 1832 :
808 1779 914 1832 Nos
943 1779 1233 1833 Arnobium
1277 1778 1573 1832 audivimus
1604 1793 1709 1831 non
1745 1778 1816 1830 ita
1851 1791 1892 1847 Β
1919 1790 2051 1828 mus.
2087 1773 2257 1835 Unde,
2288 1775 2410 1842 quia
2441 1773 2772 1840 subterfugit,
2811 1789 2908 1827 nos
2937 1789 3043 1826 non
3072 1774 3242 1826 solum
3269 1773 3492 1842 judices,

248 1871 507 1926 dicentem
529 1871 706 1938 ignem
741 1868 1077 1931 invisibilem,
1103 1876 1160 1921 ut
1204 1882 1398 1935 negare
1428 1867 1671 1922 videatur
1697 1884 1814 1922 esse.

249 1959 502 2014 visibilem
521 1973 616 2028 per
629 1959 852 2013 alteram
872 1957 1104 2026 speciem
1118 1957 1414 2024 cuicunque
1432 1957 1586 2012 fuerit
1599 1959 1811 2022 mixtus,

247 2052 355 2104 sive
381 2051 546 2117 ligno,
578 2050 688 2103 sive
711 2049 871 2114 lerro,
897 2056 990 2102 aut
1003 2054 1312 2112 :eramentc,
1341 2055 1434 2101 aut
1459 2056 1700 2116 argento,
1724 2059 1816 2103 aut

248 2155 406 2204 auro;
437 2141 531 2194 sed
557 2157 655 2194 cur
683 2141 784 2194 hoc
802 2139 964 2204 dicat,
997 2137 1224 2207 inquire.

317 2232 400 2286 Vl.
425 2261 497 2272 -—
515 2229 782 2288 Arnobius
803 2232 939 2285 dixit
965 2249 977 2283 :
1005 2229 1217 2285 Gratias
1242 2229 1667 2299 prudentissimis
1685 2246 1814 2300 cog-

246 2323 505 2378 nitoribus
533 2323 726 2388 refero,
757 2324 780 2361 δ
811 2324 920 2391 qui,
946 2339 1160 2378 sensum
1182 2324 1468 2378 verborum
1492 2338 1732 2377 meorum
1750 2338 1816 2376 eo

245 2428 350 2482 quo
380 2423 463 2468 est
489 2429 519 2466 a
541 2429 626 2468 me
645 2415 844 2468 dictum
867 2430 962 2482 per
987 2408 1231 2468 ordinem
1262 2413 1609 2468 ostendentes
1625 2453 1640 2477 ,
1663 2412 1816 2480 quasi

249 2504 417 2558 lucem
457 2504 512 2560 in
553 2504 788 2558 tenebris
834 2503 1163 2558 etl‘ulserunt.
1215 2503 1309 2557 Dic
1355 2517 1501 2571 ergo,
1532 2500 1814 2572 Serapion,

248 2595 387 2661 quod
434 2610 621 2649 verum
663 2603 746 2650 est
778 2613 789 2647 :
822 2593 972 2648 Hanc
1011 2595 1148 2661 ignis
1178 2595 1530 2650 substantiam
1578 2593 1815 2662 nunquid

249 2687 358 2742 sine
386 2687 532 2754 ligno
562 2695 655 2741 aut
682 2701 1001 2756 quocunque
1039 2685 1256 2739 metallo
1300 2684 1481 2739 videre
1518 2693 1692 2754 potes,
1723 2691 1817 2738 aut

245 2779 554 2845 contingere
611 2765 903 2848 prmvales?
931 2777 1288 2847 —-Serapion
1337 2779 1469 2834 dixit
1509 2796 1520 2830 :
1567 2778 1698 2832 Cum
1749 2777 1816 2832 de

249 2869 337 2923 Dei
359 2869 490 2923 Filio
512 2870 794 2938 loquimur,
811 2869 877 2925 ad
898 2870 1178 2935 imaginem
1206 2886 1292 2924 me
1313 2878 1368 2922 et
1393 2869 1605 2924 metalla
1627 2870 1812 2924 trabis.

249 2987 314 2996 —
334 2959 605 3014 Arnobius
632 2960 766 3014 dixit
796 2978 808 3012 :
840 2959 956 3014 Non
978 2961 1173 3015 audi‘sti
1199 2960 1511 3030 Apostolum
1550 2961 1815 3015 dicentem

243 3051 310 3106 de
338 3052 477 3115 Deo,
509 3053 779 3120 quomodo
819 3053 1094 3107 invisibilia
1133 3054 1263 3123 ejus,
1317 3070 1408 3122 per
1447 3071 1508 3107 ea
1534 3069 1648 3124 qua:
1675 3055 1815 3124 facta

1915 1867 2006 1920 sed
2038 1876 2092 1920 et
2123 1875 2289 1920 testes
2318 1875 2371 1919 te
2401 1867 2600 1920 habere
2629 1866 2923 1930 conlidens,
2957 1879 3118 1934 perge
3140 1881 3246 1933 quo
3278 1874 3363 1917 tua
3387 1872 3494 1919 ten-

1915 1958 1990 2011 dit
2019 1959 2209 2012 oratio.

1985 2047 2094 2102 Vll.
2109 2078 2176 2087 —
2199 2049 2465 2101 Arnobius
2485 2048 2617 2101 dixit
2642 2065 2654 2099 :
2683 2047 2822 2115 lgnis
2845 2048 2945 2101 iste
2964 2047 3242 2100 invisibilis
3262 2045 3492 2114 aliquam

1915 2138 2071 2190 aliam
2094 2139 2368 2191 materiam
2393 2139 2679 2205 ingressus,
2706 2138 2922 2191 visibilis
2944 2153 3038 2206 per
3062 2139 3214 2191 istam
3245 2137 3488 2200 emcitur,

1915 2230 2117 2283 habens
2144 2229 2194 2282 in
2225 2244 2284 2281 se
2315 2244 2472 2282 unum
2502 2228 2644 2296 quod
2668 2229 2860 2292 exurit,
2894 2229 3118 2282 alterum
3141 2227 3282 2294 quod
3306 2226 3490 2279 illumi-

1914 2330 2034 2383 nat;
2075 2322 2146 2373 ita
2175 2320 2339 2374 Filius
2366 2319 2430 2374 de
2466 2320 2585 2374 sinu
2631 2319 2802 2373 Patris
2828 2334 3091 2386 egressus,
3136 2319 3380 2386 Virginea
3411 2319 3490 2371 in—

1912 2411 2132 2479 tegritas
2155 2410 2224 2463 ita
2256 2410 2403 2463 illum
2431 2409 2682 2478 suscepit,
2715 2418 2771 2462 ut
2799 2417 2975 2478 potest
2993 2423 3165 2461 massa
3189 2408 3302 2459 auri
3319 2407 3488 2472 ignem

1915 2503 2213 2570 suscipere;
2246 2509 2301 2555 et
2327 2516 2395 2554 ex
2442 2502 2555 2570 ipsa
2592 2516 2766 2554 massa
2789 2500 3039 2570 produxit
3067 2499 3338 2551 hominem
3369 2513 3488 2565 per-

1916 2595 2112 2649 fectum
2137 2610 2202 2647 ea:
2231 2595 2424 2647 semine
2441 2593 2608 2646 David
2637 2593 2914 2646 secundum
2935 2607 3137 2645 carnem
3157 2589 3331 2659 (Rom.
3361 2595 3489 2658 μδ),

1916 2687 1968 2741 in
1998 2703 2105 2756 quo
2134 2694 2249 2740 toto
2278 2686 2428 2754 quasi
2451 2700 2615 2739 aureo
2642 2683 2859 2738 metallo
2889 2684 3001 2753 ipse
3029 2682 3162 2749 ignis
3193 2683 3489 2750 incomprc‘

1915 2778 2190 2833 hensibilis
2216 2775 2714 2845 comprehensibilis
2743 2773 2894 2827 fieret
2911 2813 2925 2835 ,
2954 2772 3291 2842 impassibilis
3317 2771 3488 2840 passi-

1915 2870 2036 2923 bilis
2059 2869 2227 2932 ﬁeret,
2254 2867 2608 2936 impalpahilis
2628 2865 2906 2935 palpabilis
2922 2864 3092 2925 ﬁeret,
3110 2871 3169 2916 ut
3193 2863 3302 2916 dixi
3323 2863 3486 2931 prius,

1917 2976 2080 3014 unum
2109 2959 2252 3028 quod
2282 2959 2457 3013 exurit
2485 2958 2803 3022 incredulos,
2835 2955 2976 3010 aliud
3005 2955 3147 3024 quod
3169 2970 3354 3009 omnes
3375 2970 3488 3009 cre-

1917 3055 2106 3108 dcntcs
2147 3053 2392 3106 illustrat.
2443 3050 2626 3118 Itaque
2664 3065 2761 3119 per
2806 3049 2938 3103 duas
2983 3049 3112 3102 istas
3147 3047 3486 3109 substantias,

248 3140 633 3194 suiuintellecm
652 3142 1058 3210 conspiciuntur,
1078 3144 1388 3210 sempiterna
1416 3161 1611 3214 quoque
1655 3145 1816 3196 virtus
1843 3140 1885 3198 C
1919 3148 2052 3210 auri,
2077 3147 2219 3216 quod
2246 3163 2440 3215 corpus
2469 3156 2567 3210 est,
2601 3154 2654 3199 et
2684 3147 2837 3213 ignis,
2868 3145 3010 3213 quod
3039 3161 3232 3213 corpus
3257 3160 3361 3198 non
3388 3152 3486 3208 est,

245 3235 352 3302 ejus
379 3239 428 3285 et
475 3230 734 3285 Divinitas
758 3230 941 3299 (Rom.
975 3249 1011 3295 ι,
1041 3231 1176 3301 ‘20)?
1205 3232 1344 3300 Ergo
1391 3234 1435 3287 si
1467 3243 1520 3287 tu
1559 3235 1808 3300 vestigas,

243 3323 354 3375 sive
376 3329 433 3375 ut
463 3329 518 3375 tu
544 3321 611 3374 de
635 3337 718 3374 me
745 3322 943 3386 dixisti,
995 3329 1266 3376 tortuosus
1305 3324 1490 3389 anguis
1521 3325 1814 3390 stringente

239 3412 368 3464 mihi
395 3420 446 3466 te
475 3411 686 3466 conaris
703 3410 947 3475 evadere,
981 3410 1164 3464 mediis
1191 3412 1496 3480 justissimis
1521 3414 1812 3480 cognitori-

238 3502 338 3556 bus
364 3504 576 3572 penitus
598 3517 702 3554 non
725 3501 923 3555 evadis.
946 3502 1042 3556 Dic
1067 3516 1216 3569 ergo,
1245 3518 1365 3556 cum
1388 3503 1562 3570 ignem
1584 3503 1639 3556 in
1669 3505 1813 3572 ligno

241 3603 330 3646 aut
360 3606 680 3661 quocunque
706 3593 922 3646 metallo
952 3593 1166 3654 videris,
1204 3608 1364 3646 unam
1391 3594 1443 3646 in
1471 3609 1537 3646 eo
1565 3593 1811 3648 substan-

240 3685 387 3745 tiam,
419 3700 485 3736 an
516 3683 649 3736 duas
669 3683 934 3737 attendis?
959 3715 1031 3725 ——
1057 3681 1317 3752 Serapion
1338 3683 1471 3736 dixit
1503 3701 1514 3736 :
1547 3681 1812 3738 Unam.—

241 3774 506 3828 Arnobius
547 3773 679 3826 dixit
728 3791 740 3824 :
774 3771 888 3826 Non
932 3781 1014 3826 est
1059 3787 1186 3840 ergo
1225 3772 1296 3827 ibi
1336 3789 1435 3828 nec
1460 3773 1678 3841 lignum,
1711 3790 1811 3830 nec

239 3866 456 3928 ferrum,
488 3881 589 3921 nec
617 3868 773 3921 ullius
802 3884 1020 3937 prorsus
1062 3869 1296 3922 materia:
1330 3881 1514 3934 genus,
1547 3883 1642 3937 per
1667 3867 1809 3936 quod

240 3957 407 4010 virtus
446 3957 562 4024 ejus
609 3965 664 4010 et
712 3959 1045 4013 invisibilitas
1093 3967 1428 4026 agnoscatur.
1459 3959 1810 4029 —-Serapion

241 4045 375 4099 dixit
407 4065 419 4099 :
453 4046 546 4101 Est
572 4049 783 4116 quidem
816 4065 910 4118 per
927 4065 1086 4118 quam
1100 4058 1454 4117 cognoscatur
1471 4051 1638 4104 virtus
1661 4059 1714 4104 et
1737 4051 1810 4104 in-

241 4137 539 4203 visibilitas,
573 4147 746 4194 tamen
779 4141 914 4208 ignis
941 4141 1053 4194 sola
1084 4149 1231 4210 patet
1251 4156 1367 4195 esse
1395 4141 1706 4195 substantia.
1738 4173 1811 4184 —

239 4227 504 4283 Arnobius
547 4229 678 4282 dixit
733 4248 744 4282 :
790 4229 895 4284 lsta
947 4231 1083 4299 ignis
1129 4231 1242 4284 sola
1271 4232 1566 4285 substantia
1596 4233 1648 4285 in
1687 4247 1811 4287 aere

239 4321 576 4389 cognoscitur
598 4321 737 4375 intra
765 4323 1087 4376 thermarum
1113 4323 1368 4387 colorem,
1401 4333 1422 4360 ο
1453 4322 1548 4378 sed
1573 4323 1627 4376 ni
1656 4323 1811 4391 lignis

1916 3253 2020 3290 una
2052 3251 2276 3306 persona
2301 3276 2315 3297 ,
2347 3251 2505 3303 quam
2529 3235 2794 3290 cernimus
2821 3243 2911 3289 aut
2936 3235 3091 3298 ferri,
3124 3236 3371 3300 autteris,
3398 3247 3486 3292 aut

1917 3327 2140 3393 argenti,
2173 3333 2265 3378 aut
2292 3326 2426 3389 auri,
2459 3341 2564 3378 una
2593 3326 2832 3380 subsistit
2869 3326 3102 3394 species,
3133 3326 3335 3381 habens
3359 3327 3486 3381 duas

1915 3417 2237 3471 substantias
2282 3417 2395 3470 auri
2433 3417 2544 3469 veri
2580 3424 2634 3469 et
2673 3416 2807 3483 ignis
2837 3417 3061 3469 veri.—
3091 3415 3303 3471 Judices
3339 3416 3486 3471 dixe-

1915 3514 2042 3560 runt
2069 3524 2082 3559 :
2108 3504 2178 3559 Ut
2205 3505 2331 3573 quid
2358 3504 2590 3558 declinat
2615 3503 2876 3574 Serapion
2903 3513 3047 3558 tuam
3076 3506 3485 3560 evidentiSsimte

1915 3597 2113 3652 rationi
2131 3613 2445 3667 responsum
2475 3596 2622 3658 dare,
2656 3597 2946 3660 nescimus;
2970 3595 3130 3660 unde,
3155 3603 3212 3650 ut
3237 3595 3484 3661 diximus,

1913 3702 2077 3758 perge
2099 3704 2204 3757 quo
2227 3695 2314 3741 tua
2337 3686 2505 3740 tendit
2525 3686 2718 3740 oratio.

1986 3779 2116 3834 Vlll.
2143 3811 2217 3822 ——
2239 3778 2501 3832 Arnobius
2528 3777 2664 3830 dixit
2695 3795 2707 3828 :
2739 3774 3069 3829 Calumniam
3110 3791 3270 3845 quam
3309 3777 3359 3831 in
3393 3771 3484 3832 'me

1914 3872 2133 3940 ingessit
2166 3869 2484 3924 conﬁrmare
2509 3869 2633 3922 dum
2672 3868 2868 3930 studet,
2900 3869 3022 3922 fecit
3045 3885 3157 3922 rem
3186 3869 3484 3922 consultam

1914 3963 2078 4018 homo
2101 3962 2313 4030 sapiens
2341 3967 2400 4013 ut
2441 3967 2660 4021 taceret,
2694 3975 2760 4012 ne
2782 3973 2879 4012 suo
2913 3975 2971 4012 se
3025 3974 3120 4012 ore
3164 3959 3484 4014 confutando

1915 4051 2272 4106 convinceret.
2307 4050 2447 4104 Dixit
2491 4051 2630 4104 enim
2677 4065 2761 4104 me
2809 4049 2948 4117 quod
2978 4050 3141 4103 Deum
3182 4050 3316 4105 duos
3354 4049 3484 4105 filios

1914 4144 2111 4198 habere
2139 4158 2235 4212 per
2258 4142 2519 4196 visibilem
2564 4150 2619 4195 et
2647 4141 2964 4195 invisibilem
2994 4142 3342 4196 substantiam
3366 4157 3483 4196 crc-

1915 4233 2090 4289 dendo
2131 4248 2446 4296 assererem,
2478 4248 2597 4286 cum
2636 4247 2797 4285 unum
2842 4231 2936 4285 Dei
2983 4231 3172 4286 Filium
3203 4233 3252 4284 in
3283 4232 3484 4287 duabus

1915 4324 2224 4379 substantiis
2247 4321 2489 4387 credam;
2518 4321 2655 4376 sicut
2679 4335 2844 4374 unum
2881 4319 2996 4373 auri
3039 4313 3330 4386 metallum,
3361 4336 3482 4376 cum

1397 4501 1506 4556 ΡΒ.
1548 4500 2033 4557 FEU-ARDENTII
2072 4501 2298 4559 NOTAE.

306 4655 673 4732 [Scholastici
702 4659 884 4724 paucis
907 4669 961 4711 et
986 4659 1155 4712 acutis
1175 4659 1313 4712 hanc
1330 4657 1692 4732 diﬂicultatem
1715 4672 1808 4712 ex-
1836 4662 1888 4720 D
1915 4657 2224 4732 Ambrosius
2270 4659 2359 4711 lib.
2385 4658 2450 4732 de
2471 4658 2676 4732 Noect
2709 4658 2866 4732 Area,
2899 4675 2945 4713 c.
2979 4657 3066 4732 25,
3104 4659 3476 4732 Hieronymus,

240 4725 472 4807 pediunt,
491 4725 741 4806 dicentes
762 4742 877 4780 eam
901 4743 1209 4796 corpoream
1233 4743 1348 4782 esse
1369 4727 1732 4807 assumptione
1753 4735 1807 4781 et
1846 4778 1862 4800 ο

240 4796 629 4865 informatione,
676 4812 783 4849 non
822 4804 998 4849 autem
1040 4807 1226 4850 natura
1267 4798 1548 4865 propriave
1577 4797 1802 4865 ratione.

239 4864 362 4935 ltcm
391 4867 536 4935 quod
574 4866 922 4935 quorumdam
951 4866 1156 4929 anim-.12,
1185 4875 1241 4920 ut
1263 4863 1440 4930 Mosis,
1465 4865 1611 4929 Elia-,
1635 4863 1802 4928 Onim,

239 4933 506 4998 Jcremiae,
558 4933 610 4988 in
659 4937 1113 5006 qualibuscunqne
1160 4938 1473 5006 corporibus
1519 4936 1804 5003 aliquando

241 5013 613 5073 apparuerunt.
656 5004 760 5059 Sed
801 5007 886 5059 hic
919 5007 1184 5060 Arnobius
1217 5004 1407 5060 asserit
1442 5023 1548 5060 non
1585 5006 1803 5059 dubium

242 5089 355 5130 esse
379 5078 505 5144 quin
547 5091 805 5144 corporea
835 5077 920 5129 sit.
952 5076 1173 5144 Insuper
1201 5075 1582 5139 Tertullianus,
1615 5075 1704 5128 lib.
1736 5075 1803 5129 de

243 5144 442 5211 Anima,
475 5154 620 5199 totus
643 5147 692 5198 in
721 5159 786 5199 eo
811 5156 892 5199 est
925 5155 980 5198 ut
1019 5147 1208 5213 probet
1255 5161 1373 5199 eam
1420 5159 1646 5213 corpore
1673 5161 1803 5198 eon-

243 5223 395 5285 starc.
428 5216 503 5270 Ac
522 5223 666 5270 certe
696 5231 881 5269 omnes
910 5216 999 5285 qui
1021 5231 1139 5269 eam
1169 5231 1237 5268 ex
1277 5215 1492 5285 traduce
1521 5223 1800 5285 parentum

242 5283 384 5354 educi
434 5293 782 5354 putaverunt,
829 5286 878 5338 hi
928 5283 1110 5339 autem
1165 5284 1377 5353 plurimi
1409 5293 1462 5336 et
1505 5284 1800 5351 gravissimi

245 5351 463 5416 fuerunt,
487 5355 671 5408 eadem
718 5370 878 5422 opera
926 5371 989 5408 ex
1040 5351 1262 5408 materia
1288 5362 1341 5408 et
1366 5369 1647 5422 corporum
1678 5354 1801 5406 sub-

241 5427 426 5493 stantia
455 5433 786 5493 compactam
825 5440 942 5479 esse
990 5441 1093 5478 non
1144 5425 1368 5478 obscure
1405 5431 1527 5477 sunt
1555 5422 1795 5492 professi.

240 5489 446 5564 Verum,
479 5489 598 5549 cum
629 5494 823 5561 passim
853 5497 905 5548 in
931 5496 1093 5552 sacris
1121 5494 1310 5548 litteris
1344 5489 1643 5564 appelletur
1686 5494 1796 5561 spi-

241 5562 387 5626 ritus,
415 5573 571 5631 prout
596 5565 755 5616 etiam
778 5565 994 5632 Spiritus
1013 5566 1300 5634 opponitur
1328 5562 1557 5634 corpori,
1582 5564 1798 5633 spiritus

241 5639 409 5704 autem
424 5648 638 5704 carnem
660 5641 714 5687 et
734 5648 850 5687 ossa
868 5651 973 5688 non
993 5633 1364 5704 habeat(Eccl.
1388 5651 1458 5688 vn
1476 5633 1626 5704 μίας.
1646 5651 1792 5700 xxm;

245 5699 388 5755 Rom.
419 5719 537 5767 vni;
587 5701 714 5756 Luc.
747 5705 937 5769 xxiv);
992 5704 1182 5759 deinde
1207 5699 1539 5773 sanctissimi
1580 5703 1814 5770 Patres,

1910 4729 2564 4811 epist._adoAugu’stinum,
2598 4728 2737 4811 idem
2777 4729 3118 4811 Augustinus,
3144 4728 3397 4811 ερξδιξὲε
3429 4742 3480 4787 et

1909 4796 2030 4861 157,
2057 4797 2288 4869 denique
2332 4796 2620 4866 GregOrius
2668 4797 2902 4869 Magnus,
2936 4798 3024 4850 lib.
3059 4815 3147 4853 xxr
3179 4796 3476 4869 Moralium,

1907 4883 2023 4934 cap.
2054 4867 2109 4932 ΕΞ,
2138 4868 2380 4922 eamdem
2426 4876 2736 4921 constanter
2763 4868 2984 4921 credant
3021 4876 3072 4923 ct
3111 4869 3338 4925 doceant
3365 4867 3479 4928 esse

1908 4938 2304 5006 incorpoream;
2332 4936 2577 4991 Ecclesiae
2607 4936 2835 5004 denique
2864 4937 3257 4992 deﬁnitionibus
3291 4943 3477 4998 eadem

1906 5016 2172 5082 statuatur
2211 5021 2332 5082 _e_sse
2370 5007 2659 5082 spiritualis
2696 5016 2751 5058 et
2788 5007 3324 5082 incorporea_(Sca't.
3360 5029 3476 5082 syn.

1906 5088 2006 5128 act.
2040 5076 2105 5147 llr
2132 5086 2181 5130 et
2205 5076 2306 5137 15;
2346 5077 2539 5147 _concil.
2573 5075 2748 5147 Later.
2781 5091 2829 5128 c.
2860 5075 3174 5147 Firmiter),
3218 5075 3476 5137 nefarium

1906 5146 2218 5216 putoialiter
2237 5145 2455 5199 credere
2492 5154 2583 5198 aut
2621 5146 2832 5199 docere.
2861 5146 3043 5216 Itaque
3073 5145 3190 5204 cum
3217 5151 3476 5207 Arnobius

1905 5216 1988 5268 vel
2013 5215 2098 5287 alii
2127 5225 2471 5287 camgvocant
2497 5231 2832 5287 corpoream,
2861 5217 2910 5269 id
2943 5215 3046 5270 non
3076 5219 3390 5287 simpliciter
3415 5239 3476 5276 ac

1903 5285 2118 5358 proprie
2145 5284 2542 5358 intelligendum
2565 5293 2679 5358 est,
2696 5285 3079 5358 sed_:equivoce
3111 5284 3473 5358 ac'conipara-

1905 5355 2057 5428 tione
2083 5355 2312 5428 quadam
2344 5353 2483 5428 facta
2517 5371 2637 5408 cum
2655 5355 2922 5428 Aineifabili
2951 5366 3108 5426 atque
3136 5353 3468 5428 incompara-

1903 5423 1993 5478 bili
2016 5424 2355 5492 simplicitate
2378 5424 2468 5478 Dei
2499 5425 2688 5478 nostri.

1975 5493 2000 5531 ι)
2029 5493 2194 5547 Vetus
2221 5495 2390 5549 codex
2429 5495 2586 5562 paulo
2615 5495 2788 5566 aliter,
2836 5497 3102 5566 nimirum,
3148 5498 3233 5566 qui
3272 5513 3472 5554 sensum

1902 5579 2088 5635 meum,
2128 5580 2186 5617 eo
2233 5581 2330 5633 quo
2357 5575 2432 5635 est
2460 5582 2490 5616 α
2517 5565 2834 5635 ηιενάὶςιυπι,
2864 5565 3092 5618 ordinem
3132 5565 3471 5635 attendentes,

1901 5635 2045 5701 quasi
2067 5633 2156 5688 lux
2177 5635 2229 5686 in
2261 5633 2476 5688 tenebris
2496 5634 2813 5701 c/fulserunt.

1977 5717 1996 5740 °
2028 5702 2082 5756 In
2114 5706 2279 5758 veteri
2309 5705 2426 5758 cod.
2459 5714 2573 5757 erat
2607 5722 2616 5755 :
2649 5705 2739 5757 sed
2767 5706 2818 5756 in
2843 5706 3023 5774 lignis.
