3866 6178
467 283 565 338 279

1795 274 2060 330 ARNUBH
2099 272 2402 330 JUNIOIUS

3576 273 3661 336 180

466 397 687 465 ignitum
714 393 1152 449 fueritinduahus
1180 392 1487 447 substantiis
1514 386 1862 460 probabiliter
1886 400 2034 443 asse—
2063 397 2113 452 Α
2135 386 2410 458 respondit
2437 402 2449 439 :
2495 384 2656 441 Maria
2707 402 2834 456 euge
2886 394 3056 441 mater
3097 385 3345 452 hominis,
3376 395 3430 441 et
3474 402 3564 444 non
3587 390 3662 447 Dei

466 500 600 540 ram.
632 483 912 539 Invisibilis
939 484 1079 538 enim
1109 482 1273 539 Filius
1293 481 1386 537 Dei
1412 480 1605 535 visibili
1628 489 1653 515 ⁸
1677 478 1786 535 ﬁlio
1807 478 2039 534 hominis

467 576 662 629 mixtus
691 589 851 628 unum
875 572 1063 627 Filium
1094 571 1186 627 Dei
1217 571 1364 636 fecit,
1387 577 1448 625 ut
1469 571 1521 625 in
1544 569 1669 640 ipso,
1684 576 1828 624 esset
1855 567 2039 623 visibi-

468 665 550 725 lis,
582 664 721 718 sicut
745 662 899 730 ignis,
922 661 1015 730 qui
1044 661 1324 717 invisibilis
1354 659 1480 723 fuit,
1512 660 1565 715 in
1591 674 1766 715 massa
1804 659 1921 714 auri
1952 665 2042 712 aut

465 752 824 822 cujuscunque
850 751 1054 807 metalli
1080 750 1251 807 factus
1276 750 1518 815 visibilis,
1548 765 1655 805 non
1685 749 1881 815 amisit,
1908 763 2045 817 quo-

467 845 626 900 modo
663 845 809 900 solus
829 844 966 911 ignis
992 843 1108 898 sine
1150 843 1375 898 materia
1403 842 1622 897 alterius
1645 841 1724 896 rei
1749 855 1868 910 qua:
1896 840 2043 894 illum

467 936 730 992 visibilem
780 943 836 990 et
880 934 1188 990 sensibilem
1233 932 1413 996 faciat,
1440 948 1540 989 nec
1576 932 1744 988 videri
1773 939 1951 1002 potest
1977 932 2044 988 ab

467 1027 658 1092 oculis,
680 1041 781 1080 nec
807 1040 838 1079 a
866 1026 1183 1094 corporibus
1209 1025 1427 1079 omnino
1454 1023 1658 1078 sentiri.
1686 1051 1758 1062 —
1783 1022 2044 1092 Serapion

468 1118 639 1173 dixit:
663 1116 902 1184 Intelligo
942 1123 995 1171 te
1024 1115 1089 1171 ad
1117 1116 1222 1171 hoc
1261 1115 1562 1185 pervenire,
1588 1123 1647 1169 ut
1676 1114 1824 1173 dicas
1856 1114 2045 1170 Filium

471 1208 566 1263 Dei
594 1209 893 1263 deseruisse
915 1205 1076 1262 lilium
1108 1207 1357 1271 hominis,
1405 1220 1506 1260 nec
1543 1206 1700 1259 simul
1736 1205 2046 1260 cruciﬁxum

410 1360 416 1367 ,
470 1299 524 1354 in
553 1298 716 1367 ligno.
746 1296 1100 1352 -——Arnobius
1142 1296 1278 1351 dixit
1307 1314 1321 1349 :
1353 1294 1465 1365 Ego
1510 1295 1613 1351 hoc
1650 1310 1918 1366 nunquam
1947 1309 2047 1351 nec

470 1388 633 1445 corde
659 1389 900 1458 concepi,
930 1403 1027 1442 nec
1047 1402 1142 1443 ore
1172 1387 1397 1457 protuli;
1439 1386 1734 1457 quinimmo
1762 1402 1882 1442 cum
1915 1402 2045 1457 pro-

469 1481 630 1551 pheta
651 1480 792 1545 dico,
806 1479 949 1550 quod
972 1495 1076 1534 non
1103 1480 1276 1535 solum
1298 1494 1404 1534 non
1425 1478 1663 1534 deseruit
1681 1493 1803 1532 eum
1818 1478 1872 1533 in
1889 1493 2048 1533 cruce

469 1572 701 1641 positum
728 1588 741 1623 :
771 1584 953 1624 verum
970 1570 1130 1624 etiam
1160 1584 1268 1624 non
1301 1584 1422 1624 eum
1443 1568 1728 1636 dereliq‘uit
1750 1576 1964 1622 euntem
1993 1567 2047 1621 in

470 1659 756 1724 infernum,
781 1670 961 1715 etnon
990 1659 1137 1714 dedit
1157 1667 1401 1715 sanctum
1429 1675 1583 1713 suum
1616 1658 1799 1713 videre
1826 1673 2049 1728 cormp-

2139 488 2243 535 est.
2274 511 2343 523 -—-
2383 478 2649 533 Arnobius
2693 478 2828 533 dixit
2871 497 2882 531 :
2934 476 3036 533 Per
3076 477 3353 532 hominem
3397 476 3461 533 de
3496 476 3665 549 Spiritu

2139 578 2326 625 sancto
2353 566 2673 639 conceptum
2699 578 2755 624 et
2780 577 2965 624 natum
2990 568 3188 623 meruit
3214 569 3374 622 etiam
3400 569 3508 637 ejus
3529 580 3671 627 mater

2142 661 2276 727 ﬁeri,
2308 663 2399 731 qui
2454 662 2526 716 ita
2556 660 2655 717 fuit
2689 676 2919 732 semper,
2950 669 3009 716 ut
3048 668 3106 716 et
3153 675 3261 715 non
3307 659 3459 715 fuerit
3496 669 3672 732 tempus

2139 752 2356 821 quando
2385 766 2492 806 non
2524 753 2640 807 fuit.
2683 784 2755 795 —
2786 752 3045 822 Serapion
3085 751 3223 805 dixit
3259 769 3272 804 :
3304 750 3437 820 Ergo
3479 751 3672 808 Nestorii

2142 853 2343 897 sectam
2372 843 2633 911 sequeris.
2659 872 2728 883 -
2749 842 3015 898 Arnobius
3043 843 3180 897 dixit
3211 860 3224 895 :
3256 841 3519 898 Nestorius
3538 853 3673 901 ceu-

2142 932 2287 988 τόκον
2333 933 2565 1001 negavit,
2594 949 2756 1004 quam
2804 942 2861 988 et
2881 933 3221 1010 Χριστοτόκον
3248 932 3422 988 credo.
3452 965 3519 976 —
3540 933 3670 989 Sera-

2143 1026 2269 1094 pion
2295 1026 2571 1095 respondit
2599 1043 2612 1079 :
2645 1024 2703 1081 Si
2731 1025 2876 1080 illum
2897 1026 3102 1081 creavit
3129 1040 3199 1079 ex
3228 1039 3288 1079 se
3305 1025 3393 1092 qui
3430 1032 3546 1078 ante
3585 1040 3673 1081 non

2144 1116 2261 1180 iuit,
2294 1115 2442 1170 illum
2471 1118 2586 1171 sine
2600 1115 2763 1171 dubio
2801 1130 2907 1170 non
2936 1115 3141 1171 creavit
3167 1116 3259 1184 qui
3279 1129 3485 1185 semper
3508 1114 3674 1169 fuit.—

2145 1208 2413 1268 Arnobius
2439 1209 2574 1263 dixit
2618 1250 2630 1262 .
2666 1206 2721 1261 Si
2774 1207 2840 1261 ad
2892 1208 3134 1262 rationes
3188 1207 3443 1261 humanas
3469 1206 3613 1271 vadis,
3634 1215 3677 1262 et

2146 1304 2304 1359 ﬁdem
2332 1310 2507 1358 tecum
2533 1316 2641 1357 non
2678 1299 2861 1365 ducas,
2891 1298 3061 1362 vadis,
3090 1310 3292 1352 vacuus
3320 1297 3472 1360 redis,
3493 1304 3545 1350 et
3564 1311 3677 1351 sem-

2146 1410 2246 1466 per
2270 1408 2470 1448 vacuus
2507 1389 2864 1462 permanebis.
2895 1417 2966 1429 —
2991 1387 3258 1457 Serapion
3303 1386 3431 1441 dixit
3471 1403 3484 1439 :
3524 1384 3678 1441 Siscis

2147 1485 2272 1556 quia
2300 1498 2406 1538 non
2429 1496 2645 1552 possum
2674 1489 2728 1535 et
2754 1493 2853 1549 ego
2878 1486 3054 1533 tecum
3076 1477 3335 1546 injuriose
3352 1476 3510 1544 loqui,
3536 1476 3678 1544 loque-

2146 1591 2208 1632 re
2229 1574 2503 1643 injuriose.
2525 1571 2874 1626 —Arnobius
2898 1568 3034 1624 dixit
3064 1586 3077 1621 :
3110 1567 3307 1635 lnjuria
3336 1574 3488 1630 esset,
3514 1567 3553 1620 si
3576 1581 3678 1629 non,

2149 1673 2210 1721 ut
2237 1664 2406 1727 vides,
2430 1677 2590 1718 causa
2618 1662 2858 1728 exigeret
2878 1667 2939 1713 ut
2978 1658 3083 1713 hoc
3123 1657 3220 1711 tibi
3260 1656 3501 1710 dicerem.
3521 1685 3584 1697 —
3604 1653 3677 1708 Se-

469 1752 671 1806 tionem
690 1750 804 1821 (Ps.
821 1769 910 1816 xv,
935 1750 1379 1819 iO).——Serapion
1418 1749 1671 1804 dixitzEx
1691 1764 1799 1819 quo
1813 1757 2051 1818 tempore
2083 1753 2127 1812 Β
2153 1754 2339 1824 rapior]
2375 1753 2508 1807 dixit
2540 1769 2553 1804 ε
2584 1750 2713 1816 Qua:
2741 1763 2902 1804 causa
2928 1747 3033 1801 hoc
3060 1745 3231 1813 exigit
3252 1744 3493 1799 sciamus,
3519 1773 3582 1785 ...
3602 1741 3678 1794 Ar.

475 1840 706 1899 Dealitas
726 1840 777 1894 in
801 1841 1088 1901 hominem.
1110 1855 1269 1908 quem
1291 1839 1595 1908 assumpsit,
1619 1838 2050 1906 advenit?——-Ar-

474 1930 667 1985 nobius
696 1928 830 1983 dixit
863 1946 874 1981 :
908 1927 986 1983 Ex
1013 1944 1117 1997 qua
1146 1928 1277 1982 hora
1306 1926 1522 1982 Gabriel
1568 1927 1789 1994 angelus
1826 1927 2048 1981 verbum

472 2019 649 2087 ejecit,
682 2028 737 2074 et
764 2019 849 2072 illa
879 2018 1146 2075 credendo
1187 2019 1453 2088 concepit.
1484 2047 1555 2058 --
1580 2015 1840 2087 Serapion
1869 2017 2002 2073 dixit
2032 2036 2046 2072 :

475 2110 615 2180 Ergo
664 2110 820 2165 simul
848 2118 1138 2179 conceptus
1162 2117 1261 2163 est.
1294 2138 1363 2151 --
1404 2108 1670 2163 Arnobius
1722 2108 2050 2162 dixitzDum

473 2202 848 2271 conciperetur
872 2200 1036 2255 verbo
1065 2200 1227 2254 homo
1262 2200 1314 2253 in
1348 2206 1521 2261 utero,
1553 2198 1644 2269 qui
1682 2213 1803 2253 eum
1825 2182 2053 2252 fabrica-

474 2299 642 2356 verat,
674 2299 730 2345 et
769 2290 943 2345 adhuc
981 2288 1293 2354 fabricabat,
1339 2296 1398 2343 ut
1426 2288 1480 2343 in
1508 2302 1575 2342 eo
1603 2294 1860 2348 maneret,
1892 2296 1947 2340 et
1980 2287 2051 2342 ibi

473 2389 591 2436 erat
616 2381 661 2436 is
688 2381 779 2450 qui
807 2379 1014 2435 initium
1044 2395 1313 2449 nunquam
1344 2378 1549 2443 habuit,
1571 2377 1708 2433 in’eo
1728 2377 1819 2448 qui
1840 2378 2051 2432 initium

473 2472 718 2527 essentia:
744 2486 854 2525 sum
908 2470 962 2524 in
987 2478 1142 2524 utero
1191 2469 1420 2537 Virginis
1448 2467 1771 2522 assumebat.
1802 2499 1872 2509 --
1893 2466 2053 2521 Sera-

474 2564 601 2633 pion
628 2563 760 2617 dixit
803 2580 816 2615 :
848 2561 989 2631 Ergo
1025 2561 1167 2616 Deus
1194 2567 1250 2615 et
1289 2569 1496 2631 patrem
1533 2568 1588 2614 et
1614 2567 1839 2614 matrem
1868 2558 2046 2613 habet.

474 2686 546 2699 -
566 2653 830 2708 Arnobius
858 2651 993 2707 dixit
1023 2670 1035 2703 :
1066 2649 1278 2705 Patrem
1306 2650 1469 2705 habet
1493 2649 1661 2704 Filius
1681 2648 1793 2711 Dei,
1817 2647 1909 2716 qui
1928 2662 2049 2702 eum

475 2744 659 2813 genuit
710 2751 835 2799 ante
881 2750 1121 2813 tempora
1151 2744 1267 2798 sine
1303 2751 1513 2807 matre;
1554 2749 1609 2796 et
1636 2749 1861 2795 matrem
1889 2740 2053 2796 habet

476 2832 765 2902 Virginem,
794 2848 913 2902 qua:
942 2833 1086 2888 illum
1107 2833 1355 2902 concepit
1373 2840 1429 2887 et
1454 2832 1665 2901 peperit
1690 2831 1805 2886 sine
1831 2831 2048 2886 homine

476 2931 649 2994 patre.
674 2921 1019 2993 —Scrapion
1043 2922 1176 2976 dixit
1206 2940 1219 2974 :
1250 2921 1392 2990 Ergo
1413 2928 1586 2976 mater
1613 2921 1710 2975 Dei
1740 2929 1840 2975 est.
1865 2920 2052 2975 -—Ar-

476 3011 669 3067 nobius
694 3011 828 3069 dixit
854 3030 865 3065 :
898 3011 1066 3067 Mater
1084 3010 1281 3067 Christi
1302 3020 1356 3066 et
1384 3011 1571 3066 Dei.—
1601 3010 1860 3080 Serapion
1882 3011 2046 3065 dixit:

2150 1844 2341 1899 nobius
2390 1841 2526 1897 dixit
2558 1858 2571 1894 :
2604 1837 2885 1906 Quomodo
2933 1845 3106 1890 totum
3133 1833 3280 1903 quod
3324 1834 3460 1888 circa
3498 1831 3679 1886 Mariam

2149 1944 2356 2004 gestum
2386 1941 2469 1988 est
2492 1932 2753 1986 rationem
2783 1930 2921 1984 hanc
2948 1928 3112 1982 habet
3141 1927 3386 1997 primam,
3417 1932 3472 1979 ut
3495 1922 3680 1988 credas;

2150 2025 2195 2079 si
2226 2039 2351 2078 vero
2379 2024 2641 2078 rationem
2661 2020 2881 2082 habeas,
2907 2026 2963 2073 et
2991 2015 3149 2073 iidem
3179 2031 3288 2072 non
3318 2015 3524 2075 habeas,
3546 2027 3682 2068 vacua

2151 2118 2254 2171 erit
2277 2116 2414 2170 ratio
2442 2123 2553 2169 tua.
2596 2144 2668 2155 —
2691 2110 2950 2180 Serapion
3005 2108 3142 2163 dixit
3185 2125 3199 2161 :
3230 2106 3337 2161 Aut
3377 2105 3524 2170 ratio,
3551 2101 3682 2163 ratio.

2151 2215 2244 2261 aut
2271 2206 2419 2270 tides,
2452 2202 2583 2258 fides
2610 2204 2731 2258 erit.
2762 2233 2834 2244 —
2861 2199 3131 2255 Arnobius
3152 2224 3155 2239 ι
3176 2197 3313 2252 dixit
3342 2213 3356 2249 :
3387 2193 3494 2273 Non
3536 2197 3682 2263 potest

2152 2295 2283 2350 ﬁdes
2325 2295 2442 2349 sine
2470 2294 2678 2347 ratione
2706 2292 2758 2345 in
2806 2290 2906 2345 hac
2930 2295 3102 2358 parte,
3150 2302 3253 2342 nec
3289 2286 3425 2340 ratio
3464 2283 3569 2338 sine
3601 2278 3683 2335 lida

2151 2389 2457 2445 subsistere.
2488 2417 2561 2428 —
2588 2372 2847 2454 Serapion
2882 2381 3018 2436 dixit
3048 2398 3062 2433 :
3108 2379 3178 2434 Et
3201 2394 3321 2448 quae
3348 2377 3479 2455 Latio
3521 2372 3682 2445 poterit

2151 2494 2239 2535 me
2257 2479 2452 2533 docere
2470 2477 2615 2546 quod
2640 2475 2802 2544 Virgo
2828 2472 3095 2541 concepit,
3126 2469 3290 2538 Virgo
3315 2465 3531 2538 peperit,
3551 2463 3683 2530 Virgo

2152 2578 2277 2642 post
2322 2577 2532 2640 partum
2576 2565 2902 2638 permansit?
2929 2596 3001 2608 —
3038 2560 3310 2617 Arnobius
3337 2559 3498 2614 dixit:
3527 2555 3548 2593 α
3584 2552 3684 2608 llzec

2142 2664 2289 2718 ratio
2312 2669 2396 2718 est
2416 2662 2555 2716 Deus
2574 2659 3009 2729 omnipotens.—
3026 2655 3290 2724 Serapion
3312 2653 3444 2707 dixit
3464 2668 3476 2703 :
3498 2647 3598 2716 Ego
3621 2652 3684 2698 te-

2152 2770 2274 2811 cum
2301 2755 2369 2809 de
2388 2753 2564 2823 puella
2587 2764 2707 2819 ago.
2737 2780 2810 2791 --
2832 2747 3098 2803 Arnobius
3124 2746 3264 2801 dixit
3290 2762 3304 2798 :
3334 2742 3444 2811 Ego
3462 2750 3613 2795 tecum
3633 2735 3687 2789 de

2151 2845 2528 2915 Omnipotente
2555 2855 2675 2910 ago.
2733 2839 2888 2895 Dicas
2942 2838 3092 2892 mihi.
3123 2837 3231 2905 Qui
3281 2835 3407 2891 fecit
3449 2831 3619 2888 coelum
3643 2835 3684 2880 et

2151 2942 2371 3000 terram,
2401 2940 2455 2988 et
2483 2933 2660 2987 omnia
2708 2945 2827 2999 qua:
2868 2929 2921 2983 in
2949 2930 3027 2984 eis
3049 2937 3202 2995 sunt,
3229 2924 3561 2994 Omnipotens
3594 2920 3686 2988 ipse

2150 3035 2254 3091 est,
2278 3042 2344 3080 an
2374 3040 2480 3080 non
2502 3023 2883 3093 Omnipotens?
2905 3053 2978 3064 —
3002 3019 3267 3090 Serapion
3296 3017 3430 3073 dixit
3458 3033 3469 3067 :
3499 3013 3684 3080 Semper

475 3102 612 3168 Quid
640 3110 723 3158 est
750 3100 944 3157 Christi
970 3108 1024 3157 et
1054 3102 1189 3155 Dei?
1212 3134 1283 3144 —
1312 3101 1577 3156 Arnobius
1602 3101 1737 3155 dixit
1771 3119 1782 3153 :
1815 3102 1930 3167 Dei,
1960 3102 2051 3171 qui
2080 3109 2125 3171 (ζ
2154 3118 2299 3173 aliud
2326 3117 2599 3188 ριιοροηίε,
2633 3123 2691 3169 ιη
2730 3114 2870 3168 aliud
2915 3113 3010 3168 ubi
3039 3126 3202 3180 agere
3248 3111 3422 3170 liceat,
3446 3114 3497 3161 et
3521 3117 3611 3158 non
3630 3098 3684 3154 ad

474 3208 599 3247 cum
625 3192 832 3249 initium
852 3206 958 3249 non
984 3193 1221 3258 haberet,
1245 3200 1425 3248 tamen
1445 3193 1712 3248 nascendo
1734 3193 1941 3247 initium
1964 3208 2053 3248 as-

474 3285 701 3353 sumpsit
728 3299 848 3339 cum
891 3283 1121 3339 Christo.
1153 3284 1397 3339 Christus
1438 3286 1578 3340 enim
1625 3285 1739 3341 sine
1790 3285 1900 3340 Deo
1925 3284 1950 3322 δ
1979 3286 2053 3340 si-

476 3372 617 3428 milis
653 3383 736 3430 est
776 3375 989 3430 chris-tis
1027 3377 1145 3432 aliis
1181 3377 1272 3447 qui
1314 3385 1438 3432 ante
1472 3392 1594 3432 eum
1637 3376 1865 3432 fuerunt.
1899 3377 2052 3433 Chri-

474 3472 589 3520 stus
610 3474 789 3522 autem
810 3466 949 3522 Deus
975 3476 1160 3525 noster
1186 3469 1413 3524 similem
1440 3485 1538 3540 per
1566 3479 1810 3526 naturam
1839 3473 2053 3543 penitus

473 3570 582 3612 non
609 3558 799 3624 habet;
828 3568 1020 3632 praeter
1048 3561 1219 3630 ipsum
1243 3561 1387 3617 enim
1416 3562 1591 3617 nullus
1616 3572 1699 3620 est
1725 3564 1968 3622 Christus
1995 3575 2050 3621 et

474 3648 635 3704 Deus.
661 3682 734 3694 —-
771 3650 1031 3721 Serapion
1059 3652 1194 3706 dixit
1222 3670 1234 3703 :
1264 3651 1400 3718 Quid
1441 3667 1568 3720 ergo
1597 3654 1649 3708 in
1687 3664 1843 3725 partu
1872 3656 2049 3713 Mariae

474 3748 656 3795 natum
678 3741 971 3796 credis?—
988 3742 1250 3799 Arnobius
1271 3745 1404 3799 dixit
1429 3763 1441 3798 :
1473 3744 1773 3812 Hominem,
1796 3750 1885 3818 qui
1909 3766 2047 3805 nun-

475 3843 635 3899 quam
676 3829 798 3893 fuit,
830 3846 951 3888 cum
998 3833 1109 3890 Deo
1154 3834 1245 3903 qui
1296 3849 1510 3904 semper
1546 3835 1665 3891 fuit.
1694 3869 1766 3881 —-
1789 3837 2052 3910 Serapion

2153 3210 2479 3276 interrogata
2519 3203 2859 3275 respondeas.
2905 3235 2979 3246 -—
3005 3202 3276 3257 Arnobius
3298 3199 3425 3254 dixit
3462 3212 3475 3248 :
3502 3193 3598 3261 Ego
3622 3191 3684 3243 in-

2152 3297 2500 3366 terrogationi
2548 3303 2651 3350 tua:
2678 3294 2896 3349 studens
2934 3294 3286 3363 respondere,
3337 3291 3586 3353 interrogo
3625 3288 3682 3333 te.

2154 3389 2251 3444 Dic
2277 3389 2425 3453 mihi,
2458 3386 2598 3441 Deus
2625 3394 2708 3440 est
2732 3384 3088 3453 omnipotens,
3117 3398 3187 3437 an
3213 3382 3354 3437 non?
3379 3372 3682 3442 -—Serapion

2155 3477 2289 3532 dixit
2320 3494 2333 3529 :
2365 3475 2465 3541 Qui
2488 3476 2591 3529 hoc
2620 3481 2795 3542 negat,
2820 3471 2949 3526 nihil
2972 3472 3062 3526 illo
3089 3472 3305 3526 stultius
3327 3477 3423 3524 est.
3455 3464 3683 3532 Scriptum

2154 3577 2237 3623 est
2264 3585 2277 3620 :
2307 3565 2455 3620 Dixit
2483 3566 2732 3635 insipiens
2763 3564 2817 3617 in
2850 3563 3004 3616 corde
3029 3578 3141 3624 suo,
3178 3561 3300 3616 Non
3340 3566 3415 3614 est
3438 3556 3563 3609 Deus
3586 3549 3680 3621 (Ps.

2156 3673 2224 3712 ιιι
2250 3696 2265 3721 ,
2298 3655 2371 3725 1).
2396 3686 2467 3698 -
2493 3652 2759 3707 Arnobius
2785 3652 2920 3707 dixit
2951 3670 2964 3705 :
2991 3650 3156 3707 Filius
3184 3665 3313 3720 ergo
3341 3648 3434 3704 Dei
3469 3660 3557 3718 per
3587 3654 3683 3696 om-

2156 3747 2507 3817 nipotentiam
2552 3760 2705 3799 suam
2752 3745 2856 3799 hoc
2908 3744 3082 3798 facere
3120 3745 3309 3807 voluit,
3341 3750 3397 3796 ut
3424 3736 3684 3795 efﬁceretur

2158 3836 2298 3892 illius
2323 3837 2573 3892 hominis.
2600 3867 2673 3879 -
2698 3833 2957 3905 Serapion
2986 3834 3157 3889 dixit:
3184 3834 3348 3904 Cujus
3373 3825 3683 3888 hominist-—

1650 3969 1757 4026 FR.
1799 3966 2279 4032 FEU-ARDENTH
2316 3971 2542 4027 NOTAE.

505 4053 522 4087 ‘
550 4082 576 4109 ι
599 4072 867 4127 Mixtionis
895 4087 1027 4127 voce
1073 4073 1272 4129 nullam
1317 4077 1734 4135 substantiarum
1778 4082 2044 4139 confusio-

476 4158 598 4218 nent
642 4143 861 4218 inducit,
891 4143 1035 4218 quod
1081 4152 1163 4199 est
1188 4142 1494 4218 Eutychetis
1541 4160 1930 4218 commentum;
1958 4153 2054 4209 sed

476 4213 765 4283 perfectam
795 4212 1024 4268 hominis
1050 4228 1170 4268 cum
1203 4212 1377 4272 Verbo
1401 4219 1649 4292 unionem
1672 4230 1728 4275 et
1754 4212 2053 4292 preprieta-

478 4294 583 4337 tem
611 4296 675 4335 ex
707 4296 770 4335 ea
798 4292 1203 4347 promanantem
1228 4289 1767 4345 communicationem
1792 4289 2055 4347 duntaxat

475 4352 743 4430 intelligit.
791 4352 938 4430 Illam
985 4354 1190 4430 etenim
1234 4356 1347 4430 hoc
1381 4360 1608 4430 nomine
1628 4361 1896 4430 explicare
1922 4362 2052 4417 nihil

476 4421 853 4499 addubitarunt
875 4420 1394 4499 lrenaeus‘,_‘_Tertull.,
1417 4428 1667 4499 Cyprian.
1686 4420 1931 4499 August.,
1962 4432 2053 4486 Vi-

476 4491 651 4567 giliug,
677 4501 733 4544 ut
752 4491 829 4567 ad
856 4506 973 4560 cap.
1003 4490 1062 4543 2i
1100 4492 1192 4567 lib.
1224 4510 1279 4549 ιιι
1310 4490 1884 4567 lreméi'patefecinius.

553 4562 584 4634 Et
608 4559 927 4634 Prophetas,
952 4561 1256 4634 sacerdotes
1297 4574 1350 4619 et
1388 4559 1541 4634 rcges
1578 4566 1920 4624 Hebraeorum
1969 4571 2052 4625 in—

478 4631 686 4707 telligit,
722 4631 810 4699 qui
840 4630 891 4707 i_n
921 4632 1302 4707 sacris_litteris
1330 4630 1526 4704 passim
1553 4639 1888 4707 appellantur
1914 4640 2053 4695 chri-

479 4704 567 4774 sti,
591 4710 702 4754 tutu
723 4700 864 4768 quod
886 4699 953 4754 ad
970 4701 1237 4774 publicum
1259 4699 1451 4759 munus
1488 4699 1874 4774 capessendum
1908 4711 2055 4765 inuu-

480 4771 549 4823 cti
581 4779 778 4834 essent,
828 4779 937 4824 tum
961 4773 1102 4840 quod
1134 4774 1423 4829 maximum
1465 4771 1613 4829 illum
1635 4775 1867 4832 futurum
1907 4778 2055 4834 Chri-

481 4849 620 4918 stum
651 4840 1320 4918 nostru_t_n_adumbra_rent;
1351 4845 1550 4918 quieis
1573 4846 1658 4901 vel
1698 4847 1750 4901 in
1792 4849 1895 4903 hoc
1921 4864 2055 4918 prse-

481 4909 665 4964 srrtim
694 4908 959 4978 excelluit,
989 4911 1133 4978 quod
1159 4912 1297 4968 Deus
1310 4908 1656 4978 omnipotens
1682 4918 1768 4970 sit.

556 4978 855 5058 f_Socrates
885 4976 1025 5058 (Lib:
1051 4996 1120 5034 vn
1155 4981 1313 5047 Hist,
1347 5002 1392 5058 ς.
1426 4976 1567 5058 52st
1593 4985 1681 5056 Si)
1712 5002 1774 5042 ac
1802 4985 2057 5058 Evagrius

485 5046 694 5121 (ιλιι-ι,
727 5064 773 5102 c.
804 5047 858 5114 Ξ)
878 5055 1150 5121 testantur
1175 5055 1458 5120 quemdam
1489 5046 1843 5121 Anastasium,
1873 5046 2057 5113 Eccle-

485 5115 576 5198 sin:
594 5115 1215 5198 Constantinopolitante
1241 5124 1340 5198 s_uh
1368 5124 1612 5198 Nestorio
1659 5115 2062 5198 episcdpqure-

485 5190 780 5268 §E’>"Pm".':
816 5187 971 5268 ,δειηο
992 5189 1218 5268 Primum
1253 5193 1510 5268 ,ιξθξτεείιιι
1555 5187 1860 5268 evulsa-sse:
1892 5187 2060 5253 Νὲωο

488 5255 706 5311 λιὰιίεῐιι
735 5255 1016 5326 Deiparam
1047 5267 1219 5313 vocet.
1252 5260 1371 5315 Fuit
1397 5266 1537 5317 enim
1566 5255 1727 5320 honfo
1757 5255 1957 5321 Maria:
1995 5283 2063 5325 ex

490 5328 707 5401 homine
727 5334 906 5401 autem
928 5326 1093 5401 Deum
1111 5331 1257 5384 nasci
1281 5340 1362 5385 est
1387 5333 1731 5401 impossibite.
1749 5335 1883 5391 Cum
1903 5336 2058 5399 hanc,

492 5406 552 5474 ut
577 5398 793 5474 impiam
812 5404 868 5452 et
890 5396 1254 5474 blasphemam
1281 5396 1586 5474 opinionem
1615 5413 1931 5474 coargueret
1953 5396 2066 5461 Leo

491 5464 713 5547 ﬂagitiis
743 5466 911 5547 Rom.
946 5464 1196 5547 Ecclesia:
1224 5464 1460 5539 pontifex
1485 5472 1607 5547 (Ep.
1655 5475 1724 5528 ad
1743 5464 2061 5547 iPutcher.),

490 5534 774 5615 Nestorius
792 5545 979 5615 contra
1001 5534 1243 5615 eamdenj
1274 5550 1334 5615 et_
1355 5534 1585 5615 crassius
1630 5545 1838 5609 extulit,
1871 5554 1927 5601 et
1953 5534 2067 5599 ma;

490 5607 570 5685 gis
594 5608 772 5685 adhuc
799 5607 1117 5685 blasphemis
1146 5609 1531 5685 adjectionihus
1557 5615 1705 5685 auxit
1726 5607 2066 5685 etprOpaga-

492 5679 588 5742 vit,
611 5678 664 5737 in
693 5680 900 5754 synodo
921 5677 1185 5746 Ephesium
1211 5677 1620 5752 blasphemans:
1651 5683 1762 5750 Ego
1781 5677 2062 5740 bime'str-‘cm

2152 4092 2242 4156 aut
2272 4085 2573 4156 trimestrem
2600 4085 2791 4156 factum
2829 4082 2992 4138 Deum
3013 4083 3113 4156 (sic
3140 4085 3283 4139 enim
3311 4082 3562 4156 Christum
3587 4074 3680 4156 ,υθ-

2154 4155 2356 4223 minum
2390 4145 2733 4223 appellabat)’
2754 4145 3071 4223 nequaquam
3113 4151 3386 4209 nominabo
3421 4145 3677 4223 tricolum-

2156 4221 2327 4292 Atque
2350 4216 2545 4278 idcirco
2567 4216 2781 4277 hmresis
2805 4216 2905 4277 ista
2932 4216 3102 4292 magis
3119 4226 3221 4279 sub
3241 4222 3450 4292 nomine
3468 4216 3678 4292 Nestorii.

2153 4289 2313 4361 quam
2356 4293 2623 4364 Anastasii
2639 4292 2888 4364 invaluit.
2932 4289 3143 4362 Negans
3168 4307 3331 4364 porro
3357 4289 3560 4344 Mariam
3585 4292 3682 4364 etcf

2154 4353 2317 4426 ἑὸκον,
2351 4362 2403 4416 id
2433 4371 2533 4426 est,
2558 4362 2650 4415 Dei
2678 4363 2989 4430 genitricem
3011 4353 3067 4417 Et
3090 4353 3334 4426 matrem,
3365 4353 3682 4430 venerandum

2154 4441 2211 4488 et
2231 4446 2479 4501 magnum
2509 4433 2591 4501 (ut
2620 4427 2855 4500 loquitur
2874 4430 3101 4502 Cyrillus
3126 4433 3178 4487 in
3204 4428 3451 4502 Apolog.)
3477 4427 3682 4502 inc-arua.

2081 4529 2133 4588 ι)
2159 4489 2631 4588 ιίοιιίξξῡριιιὶιξίοω
2652 4489 2959 4588 mysterium
2980 4501 3219 4588 lunditus
3241 4489 3520 4588 evertitbat.

2159 4581 2264 4625 tem
2295 4571 2457 4641 Verbi
2481 4571 2548 4625 ab
2575 4570 2830 4641 assumpti
2874 4572 3104 4626 hominis
3129 4570 3419 4626 substantia
3445 4570 3678 4641 separaui,

2155 4641 2396 4711 duosque
2422 4639 2664 4711 C_hristos
2691 4636 3017 4708 contingens,
3046 4640 3215 4695 Deum
3244 4653 3424 4711 unum,
3451 4636 3683 4711 hominm}

2156 4706 2403 4789 alterum.
2442 4709 2699 4789 ‘Eamdem
2727 4706 3258 4789 νιςςοςξριστοτρκονι
3292 4708 3343 4763 id
3369 4714 3464 4789 ρει,
3492 4706 3682 4789 "Et?

2156 4778 2350 4835 Christi
2392 4780 2697 4843 admittens,
2743 4776 2953 4835 Christi'
2985 4782 3201 4836 nomine
3244 4777 3500 4834 hominem
3523 4776 3683 4839 purum

2155 4850 2436 4921 solumque
2456 4849 2801 4921 intelligebat,
2819 4851 2919 4921 qni
2945 4865 3013 4903 ex
3041 4865 3103 4904 ea
3125 4858 3280 4921 natus
3300 4854 3476 4918 postea
3490 4843 3685 4921 ίωυξξεςς

2158 4902 2465 4989 adspirans
2480 4902 2485 4903 ⁷
2500 4902 2559 4973 et
2572 4902 2801 4987 ‘3};th
2818 4902 3211 4989 iisetiam;
3228 4902 3430 4977 iui'sset,
3447 4920 3501 4989 _et
3521 4924 3546 4989 τι
3573 4902 3683 4989 Fili?

2164 4974 2363 5044 Dei-ad
2392 4974 2804 5046 ostentaiionem
2837 5005 2946 5044 sum
2973 4988 3192 5043 Deitatis
3237 4974 3618 5056 circumductus,
3638 4974 3686 5056 tif

2164 5058 2279 5139 solo
2308 5058 2513 5140 habitu,
2545 5075 2651 5141 non
2700 5067 2880 5141 autem
2917 5073 3045 5141 vera
3076 5047 3685 5141 .personaliqueLmtiligff

2166 5112 3117 5184 inveniretur'ut'homo.70rthodoxi
3142 5112 3340 5191 autem,
3373 5112 3443 5178 ἰιι
3467 5120 3559 5175 hoc
3586 5112 3683 5191 1909

2168 5180 2854 5269 amissisanissis
2869 5180 3116 5269 etiam
3133 5180 3213 5269 ge;
3234 5180 3563 5269 ἐρὼτοῖάτων.
3602 5180 3684 5269 [of

2168 5277 2276 5324 est.
2302 5275 2363 5321 et
2399 5254 2493 5322 D'ei
2526 5277 2581 5322 et
2609 5266 2832 5343 Christi,
2864 5254 2956 5343 qui
2993 5265 3149 5343 simul
3173 5254 3324 5343 Deus
3348 5271 3405 5343 et
3431 5254 3680 5343 hamatis};

2170 5314 2594 5408 ὖὲἰέῖαᾶιήἷαῖὶεῇι
2616 5314 3260 5408 ἱόὶίίῑίἕδὲᾗίυῖζέᾖὶεᾶῗ
3268 5314 3483 5400 item.
3504 5314 3683 5395 symbol-

2167 5414 2217 5458 et
2242 5405 2494 5478 in_Apol.;
2524 5406 2766 5478 Euthym.
2796 5409 2850 5460 in
2871 5404 3151 5478 _Panopl.).
3264 5475 3277 5478 _
3544 5451 3664 5478 ag“:

2236 5457 2490 5530 «sine;
2513 5457 3017 5546 animasse;
3029 5457 3191 5547 quiin
3231 5475 3487 5547 eleganter
3507 5457 3684 5547 ξετξῃῖίξ

2167 5524 2490 5615 magnai;
2514 5524 2918 5601 Γὲἷναὶῖὀὶὶεῖᾱ
2930 5524 3191 5615 Exilii}:
3218 5524 3431 5615 τῖὁὶἴέήι
3456 5524 3682 5615 ηιξναδξέιζξ

2166 5617 2211 5669 si
2231 5606 2519 5688 eiemplum
2572 5616 2809 5688 requiris,
2999 5616 3098 5688 erit
3118 5686 3122 5688 Α
3137 5606 3424 5688 singulare:
3453 5612 3548 5660 tota
3588 5606 3686 5658 εν9⁰

2171 5696 2302 5742 mtto
2330 5681 2456 5751 fricti
2484 5694 2559 5739 est
2585 5681 2814 5749 potentia
2841 5686 3081 5749 {crinitis
3107 5681 3299 5756 (Epist.
3324 5681 3416 5744 tu).
