3936 6176
207 283 283 341 an
956 279 1376 342 CONFLICTL'S
1415 285 1502 340 DE
1542 287 1676 342 Ι)Εο
1719 289 1924 344 ΤΗΙΝο
1961 289 2050 346 ΕΤ
2093 291 2247 358 ΟΝΟ,
2291 291 2443 350 ETC.
2486 294 2611 350 LIB.
2653 293 2714 350 ιι.

3309 272 3475 352 ἐπε

202 402 449 460 Arnobius
476 401 612 456 dixit
643 420 656 453 :
687 398 885 456 Mariae.
909 432 980 444 —-
1008 401 1271 471 Serapion
1296 400 1430 455 dixit
1465 419 1476 454 :
1502 399 1646 471 Ergo
1666 401 1770 458 hoc
1798 415 1842 467 Α
1875 417 2006 473 ergo
2055 419 2175 459 cum
2219 403 2330 460 Deo
2360 414 2517 462 natus
2539 415 2642 463 est.
2675 434 2741 448 --
2769 406 3048 462 Arnobius
3097 410 3231 464 dixit
3258 429 3269 462 :
3302 411 3356 465 Si
3381 413 3468 481 pie

201 493 354 550 voluit
391 492 543 562 quasi
580 492 842 562 putative,
873 501 928 546 et
960 507 1066 546 non
1095 491 1377 546 veraciter.
1407 522 1481 533 —
1505 489 1774 546 Arnobius

199 583 356 640 dixit:
388 580 445 634 ιη
476 580 586 635 Deo
617 579 745 634 nihil
777 579 1098 649 putativum,
1129 577 1261 632 nihil
1292 577 1654 638 fantasticum,
1688 579 1772 632 ni-

201 675 263 732 hil
282 671 540 728 mendacii
569 670 771 726 existit.
805 699 874 712 -
896 669 1158 739 Serapion
1185 668 1320 722 dixit
1350 686 1362 721 :
1389 667 1564 723 Unum
1589 684 1619 723 e
1647 669 1775 724 duo-

202 767 446 824 busstare
492 778 598 817 non
647 770 845 832 potest,
897 761 1020 829 quia
1052 759 1214 813 Maria
1266 767 1359 812 aut
1403 761 1641 820 Θιοτόκος
1669 759 1769 813 erit

205 856 370 912 eadem
391 855 651 922 genitrix;
678 860 771 907 aut
791 853 1130 928 Χριστοτὸκυς
1155 850 1342 906 eadem
1365 851 1594 920 genitrix
1617 848 1761 905 Chri-

206 947 354 1002 Sli.-
377 945 643 1000 Arnobius
665 944 800 998 dixit
824 961 836 996 :
864 942 929 997 Ει
950 944 1183 1003 Θεοτόκος
1205 951 1304 1004 est,
1333 950 1389 996 et
1408 942 1765 1018 Χριστοτὸκος.

206 1069 261 1081 -
285 1036 541 1106 Serapion
580 1036 717 1090 dixit
749 1053 762 1088 :
804 1045 827 1072 α
861 1033 1000 1104 Ergo
1033 1034 1260 1088 duorum
1301 1042 1384 1088 est
1425 1041 1597 1088 mater
1631 1031 1770 1088 ﬁlio-

205 1144 321 1185 rum.
337 1158 408 1169 —
422 1127 690 1182 Arnobius
711 1127 876 1182 dixit:
904 1125 1071 1181 Unius
1095 1126 1186 1180 ﬁlii
1207 1133 1380 1180 mater
1399 1132 1500 1180 est.
1521 1158 1592 1168 —
1606 1125 1769 1180 Sera-

203 1222 312 1290 pion
339 1219 470 1273 dixit
503 1237 515 1271 :
549 1218 663 1284 Qua
692 1220 904 1273 ratione
931 1217 1036 1272 hoc
1056 1217 1258 1286 poteris
1286 1217 1502 1280 docere.
1533 1233 1653 1272 cum
1683 1217 1769 1272 Fi-

203 1310 290 1365 lius
330 1311 438 1373 Dei,
465 1309 558 1363 Dei
588 1307 752 1364 Filius
773 1309 868 1374 sit;
895 1309 986 1379 qui
1009 1324 1074 1363 ex
1104 1309 1216 1363 Deo
1246 1307 1405 1363 Patre
1433 1316 1558 1362 ante
1576 1308 1768 1365 saecula

203 1410 272 1457 est
295 1403 498 1470 genitus
528 1399 698 1465 Deus;
741 1408 795 1454 et
824 1400 924 1454 iste
949 1415 1090 1454 nunc
1110 1415 1179 1454 ex
1203 1409 1442 1469 tempore
1469 1400 1539 1454 sit
1557 1400 1769 1468 genitus

202 1490 322 1547 ﬁlius
348 1493 609 1547 hominis?
648 1523 720 1532 —
748 1491 1018 1545 Arnobius
1045 1491 1180 1546 dixit
1214 1509 1226 1544 :
1267 1490 1432 1546 Filius
1462 1491 1556 1546 Dei
1596 1492 1770 1545 omni-

200 1593 369 1655 potens
395 1583 785 1652 omuipotentis
813 1580 988 1636 Patris
1018 1597 1114 1651 per
1141 1582 1588 1651 omnipotentiam
1618 1595 1768 1635 suam

201 1675 288 1730 hoc
311 1675 496 1733 voluit.
531 1683 589 1728 ut
618 1689 755 1727 unus
775 1688 896 1727 cum
925 1688 992 1727 eo
1015 1671 1168 1727 ﬁeret
1189 1672 1354 1726 Filius
1380 1672 1475 1726 Dei
1503 1674 1599 1726 iste
1633 1671 1769 1725 lilius

201 1765 429 1820 hominis.
450 1798 522 1808 —
550 1764 812 1834 Serapion
842 1763 978 1818 dixit
1008 1782 1020 1816 :
1054 1763 1196 1832 Ergo
1224 1765 1391 1817 mixta
1436 1771 1519 1818 est
1566 1763 1767 1817 Divini-

201 1865 268 1911 tas
293 1867 343 1912 et
379 1858 699 1911 humanitas.
753 1887 815 1897 —
845 1854 1115 1910 Arnobius
1142 1855 1278 1909 dixit
1327 1873 1338 1908 :
1371 1854 1509 1921 Quid
1539 1864 1620 1909 est
1661 1855 1765 1911 hoc

199 1947 319 2016 quod
348 1949 426 2002 vis
453 1948 653 2013 dicere,
678 1947 842 2002 Mixta
864 1949 980 2003 est?
1007 1977 1077 1987 —
1105 1945 1366 2015 Serapion
1395 1947 1528 2000 dixit
1559 1965 1570 1999 :
1596 1946 1762 2002 Deum

199 2037 466 2104 hominem,
495 2038 624 2106 quid
655 2038 881 2092 mixtum
910 2037 1086 2091 carnis
1116 2043 1170 2090 et
1202 2035 1358 2090 Verbi
1387 2051 1549 2089 unum
1571 2051 1766 2105 corpus

199 2130 382 2184 eilecit.
407 2162 475 2172 —
502 2129 772 2184 Arnobius
811 2129 949 2183 dixit
979 2147 992 2182 :
1035 2128 1411 2198 Blasphemum
1439 2136 1522 2182 est
1551 2129 1620 2180 ita
1645 2143 1766 2182 cre-

193 2219 320 2285 dere,
381 2228 440 2274 ut
466 2219 622 2289 quasi
670 2216 1032 2274 conﬁantibus
1076 2233 1241 2287 opere
1284 2218 1418 2272 duas
1464 2227 1684 2272 naturas
1713 2219 1766 2272 in

192 2323 330 2363 unam
361 2312 646 2365 credamus
674 2310 948 2364 redactam
977 2323 1096 2363 esse
1125 2309 1500 2363 substantiam.
1533 2307 1767 2363 Evidens

193 2410 260 2456 est
279 2402 418 2456 enim
443 2401 722 2468 utriusque
751 2401 920 2469 partis
947 2399 1224 2470 corruptio
1257 2418 1269 2452 :
1303 2415 1424 2454 nam
1447 2399 1539 2468 qui
1571 2414 1762 2468 capax,

191 2509 280 2548 non
305 2495 600 2562 capabilis;
633 2502 942 2561 penetrans,
972 2509 1077 2547 non
1109 2492 1456 2562 penetrabilis
1501 2499 1621 2558 est;
1667 2492 1768 2546 im-

191 2586 343 2656 plens,
373 2602 478 2640 non
503 2585 794 2654 implebilis
813 2593 924 2650 est;
955 2585 1047 2652 qui
1081 2585 1278 2652 ubique
1306 2583 1530 2638 diﬁusus
1557 2595 1612 2638 et
1650 2583 1768 2638 ubi-

191 2691 277 2744 que
312 2685 460 2732 totus
485 2684 589 2736 est,
621 2664 778 2730 simul
802 2691 899 2746 per
924 2675 1370 2744 omnipotentiam
1411 2675 1482 2728 ita
1512 2690 1571 2728 se
1610 2681 1768 2729 natu-

191 2784 249 2822 ra:
284 2770 473 2824 infudit
501 2770 768 2833 humanm,
797 2769 822 2807 δ
847 2776 905 2823 ut
933 2783 1060 2824 caro
1090 2767 1439 2838 perﬁceretur
1485 2769 1538 2822 in
1571 2767 1764 2834 Verbo,

191 2877 281 2916 non
311 2861 550 2916 Verbum
594 2861 648 2914 in
678 2875 842 2916 carne
883 2857 1254 2930 perﬁceretur.
1308 2859 1425 2914 Non
1466 2861 1608 2915 enim
1638 2859 1768 2916 dicit

191 2953 519 3021 evangelista,
571 2950 807 3006 Verbum
847 2967 969 3006 cum
1000 2965 1162 3006 carne
1212 2959 1400 3006 natum
1445 2961 1547 3017 est,
1599 2963 1620 2990 ο
1672 2950 1768 3006 sed

199 3041 396 3098 Verbum
429 3061 556 3099 caro
588 3046 783 3115 factum
811 3051 882 3097 est
917 3043 1096 3114 (Joan.
1127 3060 1163 3107 ι,
1194 3043 1304 3113 M),
1347 3053 1402 3098 et
1430 3044 1592 3098 homo
1622 3042 1770 3096 nasci

1878 495 1982 552 hoc
2009 496 2236 563 diceres,
2271 498 2416 553 ﬁnita
2444 507 2560 554 erat
2589 501 2896 566 contentio;
2927 516 3070 556 nunc
3097 510 3276 555 autem
3306 518 3466 570 quam

1875 586 2039 656 impie
2066 589 2231 653 dicas,
2265 589 2390 645 hinc
2427 590 2715 658 detegeris.
2755 590 2896 646 Dicis
2935 592 3096 655 enim,
3144 591 3318 646 liomo
3346 607 3466 646 cum

1875 678 1988 733 Deo
2021 688 2176 733 natus
2202 688 2305 741 est,
2341 688 2400 734 ut
2428 681 2675 735 videatur
2709 698 2848 736 nunc
2887 683 2998 752 ipsa
3043 683 3304 736 Divinitas
3350 680 3470 735 Filii

1878 767 1972 824 Dei
1992 770 2286 839 sumpsisse
2316 770 2545 823 initium.
2581 771 2711 824 Dico
2741 780 2920 826 autem
2963 780 3017 825 et
3047 786 3166 840 ego,
3201 772 3274 825 Ita
3304 771 3475 826 homo

1874 875 1996 915 cum
2027 861 2137 915 Deo
2185 871 2340 914 natus
2368 869 2468 923 est,
2519 869 2576 914 ut
2604 861 2742 915 Deus
2771 862 2863 929 qui
2892 877 3106 930 semper
3141 869 3242 926 est,
3273 869 3328 915 et
3351 860 3468 916 sine

1875 952 2048 1018 initio,
2083 953 2360 1008 voluntate
2383 968 2477 1008 sua
2500 968 2604 1022 qua
2636 962 2816 1022 potest
2840 954 3021 1007 omnia
3051 968 3170 1021 quac
3190 953 3299 1006 vult
3324 953 3471 1008 face-

1873 1060 1934 1100 re
1956 1046 2008 1100 in
2038 1046 2181 1100 cmlo
2201 1054 2256 1100 et
2282 1047 2334 1100 in
2366 1056 2527 1109 terra,
2555 1047 2606 1100 in
2655 1047 2790 1100 mari
2830 1054 2885 1100 et
2913 1047 2963 1100 in
2995 1046 3220 1117 abyssis,
3251 1047 3356 1100 hoc
3395 1046 3468 1102 illi

1871 1137 2075 1208 placuit
2115 1146 2192 1198 ut,
2226 1138 2370 1192 salva
2413 1146 2468 1191 et
2510 1139 2717 1206 integra
2747 1139 2955 1193 Deitate
3003 1153 3118 1202 sua,
3154 1136 3304 1191 ﬁeret
3332 1135 3470 1192 ﬁlius

1872 1226 2126 1281 hominis.
2185 1227 2281 1282 Dic
2323 1227 2475 1291 mihi,
2509 1226 2794 1296 Serapion,
2826 1227 3002 1297 potuit
3040 1226 3143 1280 hoc
3175 1224 3372 1290 facere,
3415 1230 3476 1279 et

1873 1318 2080 1383 noluit;
2112 1335 2180 1372 an
2210 1319 2399 1383 voluit,
2433 1327 2488 1372 et
2518 1333 2623 1372 non
2654 1318 2860 1387 potuit?
2889 1316 3169 1373 Invisibilis
3199 1315 3322 1370 huic
3365 1315 3468 1370 ho-

1871 1409 2024 1476 mini,
2064 1425 2224 1478 quem
2254 1408 2562 1478 assumpsit,
2597 1417 2654 1461 ut
2684 1424 2844 1462 unum
2893 1423 3077 1463 secum
3107 1415 3268 1472 esset,
3319 1407 3468 1462 salva

1871 1515 1969 1553 sua
1995 1499 2292 1554 substantia
2323 1499 2525 1562 divina,
2560 1499 2704 1552 salva
2734 1499 2852 1568 ejus
2881 1499 3179 1552 substantia
3209 1499 3464 1563 humana,

1873 1591 2064 1645 ﬁeret?
2088 1589 2146 1645 Si
2174 1591 2365 1655 voluit,
2399 1598 2452 1645 et
2485 1605 2590 1644 non
2633 1591 2827 1661 potuit,
2861 1599 3034 1644 cesset
3069 1605 3187 1645 esse
3215 1589 3468 1656 omnipo-

1873 1695 2012 1749 tens,
2057 1684 2150 1753 qui
2191 1698 2342 1737 suam
2375 1682 2597 1751 implere
2638 1698 2745 1736 non
2789 1682 2963 1751 potuit
3004 1681 3355 1736 voluntatem.
3395 1710 3470 1724 —

1800 1789 1845 1848 Β
1871 1773 2133 1844 Serapion
2163 1774 2299 1828 dixit
2324 1791 2336 1826 :
2362 1772 2511 1827 Hanc
2527 1773 2880 1827 reverentiam
2904 1772 3015 1826 Deo
3039 1772 3169 1826 dare
3188 1771 3465 1839 debemus,

1870 1875 2182 1922 utseorsum
2211 1881 2330 1936 qua:
2361 1865 2453 1918 Dei
2475 1873 2600 1918 sunt
2627 1865 2728 1919 soli
2766 1864 2877 1918 Deo
2899 1864 3108 1926 demus,
3140 1872 3195 1918 et
3223 1879 3467 1919 seorsum

1869 1973 1988 2028 qua:
2017 1967 2140 2012 sunt
2169 1957 2402 2012 hominis
2439 1956 2541 2011 soli
2589 1955 2796 2009 homini
2825 1962 3155 2024 reputemus.
3189 1987 3260 1997 —
3289 1954 3467 2008 Arno-

1869 2048 1988 2101 bius
2037 2047 2215 2102 dixit:
2259 2047 2429 2115 lmpia
2459 2054 2541 2101 est
2587 2046 2687 2100 ista
2740 2045 3060 2110 credulitas,
3091 2043 3118 2081 ἀ
3158 2060 3277 2114 qua:
3306 2059 3468 2114 quar-

1869 2145 1980 2191 tam
2003 2136 2238 2191 admittit
2257 2137 2311 2190 in
2336 2136 2517 2191 divina
2546 2135 2808 2189 Trinitate
2839 2149 3144 2204 personam.
3178 2133 3293 2188 Duo
3323 2132 3466 2188 enim

1869 2227 2069 2282 Christi
2099 2228 2209 2282 duo
2235 2234 2396 2282 erunt
2427 2225 2547 2292 ﬁlii;
2591 2233 2686 2280 aut
2719 2237 2865 2280 certe
2894 2241 3032 2279 unus
3075 2224 3318 2279 Christus
3344 2226 3467 2289 erit.

1873 2334 1982 2372 non
2015 2326 2195 2371 tamen
2227 2317 2393 2370 Filius
2421 2316 2538 2371 Dei.
2581 2315 2648 2370 Et
2677 2317 2766 2371 ubi
2789 2324 2868 2370 est
2897 2316 3038 2386 quod
3067 2315 3322 2386 Symbolo
3349 2315 3470 2370 uni-

1867 2410 2094 2464 versalis
2123 2408 2378 2463 Ecclesia:
2417 2423 2517 2462 nos
2558 2407 2780 2462 credere
2822 2405 3164 2472 conﬁtemur,
3196 2406 3469 2462 Christum

1867 2499 2049 2556 Jesum
2090 2499 2282 2553 Filium
2329 2499 2446 2567 ejus
2475 2499 2690 2552 unicum
2740 2499 3023 2552 Dominum
3066 2506 3330 2561 nostrum,
3363 2497 3455 2568 qui

1869 2601 2029 2648 natus
2055 2601 2139 2646 est
2164 2591 2232 2647 de
2257 2589 2459 2660 Spiritu
2481 2599 2670 2644 sancto
2693 2605 2762 2644 ex
2792 2589 2955 2643 Maria
2986 2588 3238 2658 Virgine?
3255 2587 3356 2656 Qui
3385 2588 3463 2643 si-

1870 2690 1963 2738 cut
2008 2691 2134 2736 ante
2161 2681 2356 2737 saecula
2385 2689 2544 2735 natus
2586 2688 2669 2735 est
2699 2695 2766 2734 ex
2796 2678 2976 2742 Patre,
3009 2680 3164 2734 nobis
3191 2694 3259 2734 ex
3301 2678 3465 2734 Maria

1870 2770 2093 2840 Virgine
2128 2787 2342 2842 semper
2373 2770 2712 2830 conﬁtemur.
2748 2778 2919 2825 totum
2963 2769 3275 2840 accipiendo
3317 2769 3463 2841 quod

1870 2862 1966 2918 Dei
1995 2871 2078 2917 est
2105 2863 2288 2928 homo,
2313 2870 2485 2916 totum
2527 2859 2869 2930 suscipiendo
2911 2859 3051 2914 Deus
3079 2860 3222 2931 quod
3253 2869 3337 2915 est
3366 2861 3466 2914 ho-

1871 2955 2050 3021 minis,
2095 2955 2239 3010 aliud
2279 2970 2436 3025 quam
2479 2955 2622 3010 Deus
2662 2961 2745 3009 est
2787 2969 2906 3011 esse
2945 2969 3053 3007 non
3085 2962 3286 3024 posset.
3336 2951 3468 3009 Pars

1872 3049 2017 3104 enim
2073 3064 2178 3103 una
2221 3048 2611 3118 omnipotentia
2653 3047 2832 3117 plena,
2881 3055 3089 3117 partem
3140 3047 3283 3100 illam
3327 3047 3380 3101 in
3410 3060 3469 3100 se

192 3151 278 3188 non
299 3135 564 3202 judicavit
611 3135 904 3203 indignum.
937 3165 1010 3176 —
1031 3135 1295 3205 Serapion
1330 3135 1465 3189 dixit
1506 3154 1518 3187 ε
1551 3135 1609 3190 Si
1633 3133 1767 3188 Ver-
1873 3139 2170 3208 suscipiens
2215 3153 2335 3209 qua:
2375 3139 2826 3208 omnipotentiam
2885 3153 2990 3190 non
3038 3135 3289 3200 habebat,
3323 3143 3470 3192 tanta

192 3225 296 3280 bum
316 3242 446 3282 caro
476 3226 678 3280 factum
705 3235 812 3293 est,
836 3225 1070 3281 Verbum
1092 3241 1210 3281 esse
1229 3227 1480 3281 cessavit.
1501 3259 1575 3285 .—
1594 3226 1770 3281 Arno-

191 3317 288 3373 bius
330 3319 508 3373 dixit:
547 3317 665 3373 Non
713 3318 877 3373 homo
922 3317 1193 3388 perfectus
1236 3320 1289 3372 in
1339 3319 1582 3387 virginali
1612 3328 1768 3375 utero

192 3422 468 3482 conceptus
509 3417 595 3463 est
639 3416 694 3463 et
722 3409 916 3463 natus?
943 3441 1015 3450 —
1052 3407 1318 3480 Serapion
1364 3409 1500 3464 dixit
1533 3429 1546 3463 :
1590 3408 1766 3465 Homo

1875 3230 1929 3283 in
1954 3230 2044 3282 illa
2074 3244 2135 3284 se
2161 3229 2428 3283 suavitate
2469 3227 2680 3292 infudit,
2713 3236 2792 3292 ut,
2817 3227 2965 3280 salva
2998 3228 3276 3295 utriusque
3305 3227 3472 3296 partis

1875 3322 2196 3386 substantia,
2226 3336 2366 3374 unus
2405 3320 2561 3373 nobis
2591 3319 2686 3373 Dei
2724 3313 2890 3372 Filius
2920 3327 3234 3372 nasceretur
3261 3332 3329 3372 ex
3352 3315 3469 3370 Vir-

1872 3413 2014 3481 gine.
2050 3443 2122 3454 --
2149 3409 2413 3481 Serapion
2443 3410 2580 3464 dixit
2611 3427 2623 3460 ε
2659 3418 2682 3445 ε
2728 3408 2889 3463 Facta
2941 3417 3023 3462 est
3068 3421 3197 3476 ergo
3227 3408 3471 3462 humana:

1349 3562 1457 3617 FB.
1499 3562 1987 3620 FEU-ARDENTII
2025 3563 2253 3620 NOTAE.

248 3714 268 3738 ι
297 3703 557 3759 Eamdem
588 3703 750 3758 fuisse
779 3703 1009 3759 Nestorii
1030 3704 1368 3766 sententiam,
1399 3711 1548 3772 patet
1569 3718 1632 3757 ex
1661 3704 1763 3758 ista

193 3773 436 3829 Vincentii
489 3774 782 3829 Lirinensis
837 3775 904 3828 ad
951 3790 1074 3829 eum
1127 3775 1474 3842 responsione
1535 3791 1547 3826 :
1594 3773 1766 3827 Unum

190 3842 427 3900 Christum
458 3844 658 3908 Jesum,
690 3861 796 3914 non
823 3845 982 3909 duos;
1017 3844 1346 3914 eamdemque
1374 3842 1540 3897 Deum
1568 3847 1766 3914 pariter

190 3925 320 3986 atque
365 3917 630 3970 hominem
679 3913 912 3968 Ecclesia
958 3913 1213 3986 catholica
1261 3913 1537 3986 Conﬁtelur
1566 3930 1583 3966 :
1611 3931 1765 3968 unum

189 3982 369 4056 quidem
405 3988 465 4039 in
506 4002 566 4038 eo
599 4001 895 4056 personam,
945 3983 1038 4056 sed
1087 3983 1214 4056 duas
1261 3982 1597 4046 substantias,
1644 3987 1766 4054 quia

189 4055 412 4110 mutabile
434 4073 542 4110 non
577 4053 653 4110 est
685 4053 906 4108 Verbum
935 4053 1054 4119 Dei,
1081 4060 1138 4105 ut
1189 4055 1357 4124 ipsum
1395 4053 1671 4108 verteretur
1711 4057 1767 4108 in

189 4140 408 4191 carnem;
461 4143 624 4180 unam
653 4141 949 4198 personam,
990 4141 1056 4178 ne
1097 4125 1230 4198 duos
1267 4125 1569 4198 proﬁtenda
1590 4125 1763 4198 ﬁlios,

189 4199 403 4264 quaterni
410 4205 572 4251 tatem
594 4192 825 4250 videatur
840 4196 1034 4264 colere,
1060 4211 1177 4264 non,
1189 4192 1497 4264 Trinitatem
1515 4192 1652 4263 (Lib.
1673 4195 1768 4248 ad-

189 4262 302 4319 ἐστι.
324 4271 536 4336 profari.
570 4263 812 4336 Norat).
836 4263 903 4318 Et
942 4265 1131 4318 beatus
1160 4263 1268 4318 Leo
1303 4265 1377 4317 ait
1409 4282 1421 4316 :
1454 4262 1768 4335 Evangelica

191 4333 456 4406 auctoritas
477 4341 552 4390 ita
582 4333 804 4406 Verbum
832 4336 1082 4405 pradicat
1109 4350 1317 4388 carnem
1349 4337 1562 4406 factum,
1585 4333 1766 4406 utnon

191 4403 303 4476 deos
329 4408 572 4469 christos.
603 4423 698 4476 nec
728 4403 855 4460 duos
884 4407 1054 4476 ﬁlios;
1089 4406 1180 4476 sed
1209 4407 1262 4457 in
1290 4403 1393 4458 uno
1423 4404 1646 4459 Domino
1673 4405 1768 4459 Je-

191 4489 243 4526 ια
266 4475 487 4542 Christo,
512 4485 563 4531 et
591 4475 688 4528 Dei
715 4483 764 4528 et
794 4474 1016 4530 hominis
1054 4474 1200 4529 nobis
1222 4476 1446 4528 insinuet
1474 4477 1769 4541 veritatem;

193 4552 234 4596 et
256 4548 514 4617 utriusque
535 4545 857 4611 substantiw,
881 4547 938 4599 id
964 4555 1058 4612 est,
1091 4545 1337 4617 salvantis
1362 4553 1512 4617 atque
1539 4547 1771 4611 salvatw,

193 4616 647 4690 nec‘proprietates
671 4619 876 4690 possint
897 4616 1166 4690 confundi,
1198 4633 1290 4670 nec
1333 4616 1582 4688 personas.
1613 4619 1776 4690 gemi-

192 4687 294 4760 nari
307 4688 509 4760 _(_I:’pist.
535 4687 606 4760 ad
644 4689 802 4757 episc.
835 4687 1022 4760 Gall.).

255 4755 276 4792 δ
299 4755 471 4828 Vetus
501 4755 694 4822 codex,
727 4766 782 4810 ut
826 4775 948 4812 caro
983 4755 1254 4828 perﬁceret
1296 4758 1350 4811 in
1396 4756 1636 4823 Verbum,
1669 4775 1774 4813 non

199 4821 404 4898 Verbum
434 4831 490 4882 in
519 4821 997 4898 carne'perﬁcereti
1023 4821 1160 4883 Puto
1187 4835 1364 4882 autem
1395 4844 1611 4883 sensum
1625 4821 1773 4893 esse,

193 4891 402 4952 Carnem
427 4901 480 4954 in
509 4891 773 4954 Verbo'et
794 4891 867 4954 'ex
897 4898 1074 4954 Verbo
1104 4899 1394 4968 perfectam
1425 4891 1776 4970 hypostaseos

193 4976 248 5044 ac
268 4981 511 5044 persona;
536 4971 801 5024 rationem
852 4971 1149 5038 accepisse;
1183 4987 1289 5044 non
1319 4968 1510 5044 autem
1541 4968 1776 5044 Verbum

195 5039 240 5087 in
255 5052 410 5094 carne
427 5040 516 5094 vel
540 5056 608 5094 ex
628 5056 790 5112 carne
817 5055 978 5111 quam
1007 5041 1307 5109 assumpsit.
1335 5039 1466 5094 Nam
1501 5039 1637 5110 quod
1656 5041 1775 5112 fuit,

195 5113 500 5181 permansit;
523 5111 659 5181 quod
687 5119 867 5166 autem
897 5127 1002 5166 non
1030 5119 1161 5175 erat,
1194 5113 1492 5180 assumpsit.

261 5187 281 5216 θ
312 5177 728 5237 Prxtermittere
757 5197 970 5251 nequeo
1001 5197 1125 5236 vere
1147 5197 1319 5252 aurea
1339 5177 1476 5252 beati
1525 5182 1778 5252 martyris

197 5253 244 5297 et
263 5252 546 5321 apostolici
575 5253 671 5305 viri
701 5249 889 5321 lgnat'ii
911 5253 962 5306 in
995 5253 1137 5307 hunc
1157 5251 1326 5305 sancti
1353 5249 1574 5306 Joannis
1599 5249 1776 5306 locum

197 5319 389 5394 verba:
430 5320 582 5385 Vere,
610 5319 798 5390 inquit,
846 5322 1243 5394 peperit_dlari_a
1263 5337 1472 5394 corpus,
1505 5321 1612 5394 Deo
1635 5325 1687 5376 in
1717 5340 1776 5377 eo

196 5387 608 5464 inhabitante;et
630 5387 744 5464 vere
762 5387 919 5447 natus
932 5403 1008 5464 est
1028 5392 1170 5446 Deus
1203 5387 1418 5445 Verbum
1447 5409 1512 5446 ea:
1543 5393 1772 5464 Virgine,

198 5472 370 5527 corpus
415 5463 587 5514 simile
615 5461 781 5526 nobis,
811 5463 1070 5532 pussibile,
1106 5465 1218 5516 sine
1261 5471 1492 5532 peccato,
1525 5461 1774 5524 inducas;

199 5541 301 5582 τετε
320 5540 596 5601 conceptus
618 5541 694 5586 est
719 5534 772 5604 in
809 5544 974 5596 utero,
1006 5542 1054 5586 et
1083 5536 1251 5604 [actus
1288 5544 1364 5586 est
1392 5535 1444 5586 in
1485 5542 1651 5596 utero,
1677 5539 1778 5603 [or-

197 5611 332 5676 mnns
369 5609 420 5652 et
443 5603 640 5667 faciens
677 5602 775 5657 sibi
816 5620 1000 5672 corpus
1043 5602 1107 5657 ea:
1159 5603 1388 5674 Virgine.
1433 5605 1544 5658 sine
1585 5602 1779 5658 semine

199 5671 308 5730 tiri;
334 5681 649 5743 portamque
678 5676 730 5726 in
758 5683 924 5733 utero.
972 5676 1100 5728 sicut
1131 5682 1178 5728 et
1209 5671 1302 5726 nos
1333 5684 1560 5741 tempore
1585 5676 1778 5743 portati

595 5742 615 5753 η

200 5751 380 5805 minus,
402 5752 512 5797 etc.
551 5743 738 5812 (Epist.
774 5746 842 5796 ml
875 5745 1210 5812 Trallianos).

1944 3700 1970 3740 ι¹
2002 3704 2303 3776 Νθειοτὶεᾷηἰ
2332 3704 2466 3760 duas
2508 3707 2561 3760 in
2611 3703 2826 3759 Christo
2875 3721 3134 3776 personas
3161 3704 3468 3776 conﬁngen-

1873 3783 1976 3839 tcs,
2007 3775 2202 3829 deinde
2232 3774 2406 3830 Patris
2433 3791 2496 3832 ac
2526 3776 2756 3846 Spiritus
2793 3774 2962 3846 sancti
2991 3777 3122 3829 alias
3147 3775 3280 3829 duas
3309 3775 3471 3830 conli-

1875 3852 2050 3915 tentes
2090 3853 2146 3899 et
2187 3845 2494 3908 adorantes,
2537 3845 2782 3915 quartam
2831 3846 2881 3899 in
2923 3845 3182 3900 Trinitate
3219 3846 3469 3901 admitte-

1873 3914 2004 3968 bant
2034 3925 2089 3969 et
2140 3915 2388 3970 colebant
2435 3914 2741 3986 persOnam.
2770 3915 2855 3986 Ab
2885 3916 2967 3972 his
3009 3915 3298 3972 fascinatus
3325 3917 3466 3971 Ana-

1874 3985 2707 4056 stasiusimperator’przecepit
2755 3985 3180 4056 Quaternitatem
3231 3987 3466 4056 adorari,

1874 4071 1982 4109 non
2014 4054 2329 4108 Trinitatem
2357 4074 2368 4108 :
2394 4065 2614 4126 pr0pter
2635 4054 2784 4124 quod
2816 4055 3018 4110 facinus
3059 4057 3265 4126 caelesti
3288 4055 3465 4109 fulmi-

1871 4139 1940 4196 ne
1964 4140 2267 4196 percussus,
2295 4125 2544 4196 miseram
2561 4127 2791 4179 animam
2808 4126 3104 4189 exhalavit,
3131 4127 3206 4179 uti
3236 4125 3467 4196 Pompo-

1873 4195 1992 4264 nius
2023 4194 2198 4248 Laetus
2228 4196 2278 4247 in
2311 4195 2429 4249 Vita
2461 4195 2575 4263 ejus
2604 4203 2659 4250 et
2687 4196 2775 4248 alii
2815 4198 3086 4249 memoria:
3119 4194 3466 4264 prodiderunt

1873 4263 2086 4388 (Pana).
2121 4264 2251 4346 Lazt.
2286 4265 2538 4329 Blondus,
2572 4268 2609 4320 ι.
2641 4281 2696 4318 ιι.
2729 4265 2912 4318 decad.
2945 4265 3018 4324 1).

1949 4346 1971 4372 θ
2050 4351 2128 4388 :ec
2160 4338 2256 4388 l'ult
2303 4335 2558 4388 Eutvchis
2587 4346 2642 4388 et
2671 4335 2995 4388 asseclarum

1949 4346 1971 4372 ο
2002 4334 2128 4390 Haec
2160 4337 2256 4389 t'uit
2303 4335 2558 4406 Entychis
2587 4346 2642 4390 et
2671 4335 2995 4406 asseclarurn
3039 4334 3155 4403 ejus
3195 4335 3464 4403 impietas,

1872 4419 1976 4474 qua
2001 4414 2059 4459 ut
2074 4406 2328 4460 adversus
2353 4405 2656 4462 Nestorium
2687 4421 2843 4459 unam
2868 4406 2919 4458 in
2941 4405 3156 4459 Christo
3177 4421 3458 4474 personam

1876 4477 2269 4546 contentiosius
2295 4478 2666 4540 constitueret,
2711 4476 3075 4546 imprudenter
3101 4476 3256 4546 simul
3286 4485 3340 4528 et
3369 4477 3467 4529 im-

1801 4532 1854 4592 D
1877 4545 2142 4617 pudenter
2170 4548 2220 4601 in
2251 4562 2318 4602 eo
2347 4548 2424 4604 sic
2452 4532 2692 4603 confudit
2719 4532 3062 4612 substantias,
3095 4554 3153 4617 ut
3180 4545 3466 4617 humanam

1877 4615 2158 4688 aﬂirmarit
2185 4618 2263 4673 sic
2290 4620 2597 4688 absorptam
2636 4634 2666 4671 a
2695 4617 2892 4678 divina,
2956 4618 3094 4688 Aimo
3133 4616 3205 4669 ita
3236 4616 3287 4688 in
3316 4631 3462 4688 eam-

1877 4686 2000 4741 dem
2027 4697 2285 4742 mutatam
2311 4698 2367 4744 et
2394 4685 2737 4748 transfusam,
2765 4696 2824 4740 ut
2844 4686 3055 4755 penitus
3082 4700 3202 4755 esse
3227 4685 3466 4741 desierit.

1878 4756 2048 4826 llujus
2100 4759 2168 4812 im
2212 4759 2390 4814 ietatis
2442 4760 2732 4814 acerrimus
2776 4753 3144 4826 propugnator
3183 4753 3470 4811 Dioscorus

1879 4828 2034 4882 Alex.
2091 4775 2306 4883 aiehat:
2341 4827 2601 4883 Christum
2641 4845 2705 4882 ea:
2733 4827 2930 4880 duabus
2973 4826 3174 4879 naturis
3219 4827 3468 4883 suscipio.

1879 4828 2034 4882 Alex.
2091 4826 2306 4884 aiebat:
2341 4827 2601 4884 Christum
2641 4845 2705 4882 ea:
2733 4827 2930 4880 duabus
2973 4826 3174 4879 naturis
3219 4827 3468 4897 suscipio.

1880 4898 2009 4952 duas
2033 4910 2246 4953 naturas
2276 4917 2380 4954 non
2405 4899 2667 4964 suscipiet.
2699 4898 2990 4952 Damnatus
3029 4911 3190 4966 porro
3220 4911 3248 4949 a
3292 4904 3470 4952 conri-

1882 4968 1955 5023 lio
1981 4967 2402 5025 Chalcedonensi
2433 4969 2797 5023 defendendos
2824 4968 2923 5022 sibi
2951 4974 3292 5037 sumpserunt
3337 4967 3470 5021 Ate-

1884 5038 2049 5108 phali,
2073 5038 2407 5109 Gnapheani,
2433 5037 2822 5109 Philoponiani,
2841 5037 3244 5109 Mon0physitzc,
3269 5052 3332 5109 ac
3360 5037 3472 5093 Mo-

1884 5104 2156 5164 iiothelita:
2175 5104 2461 5178 {adeoque
2491 5104 2848 5174 invaluerunt,
2876 5118 2932 5162 ut
2963 5104 3131 5163 totum
3160 5108 3267 5162 fere
3292 5104 3471 5162 Orien-

1881 5187 1990 5234 tem
2029 5189 2084 5234 et
2121 5179 2311 5236 Africa:
2341 5197 2445 5234 non
2478 5181 2723 5249 exiguam
2753 5187 2959 5248 partem
2992 5179 3472 5249 infecerint,__velut

1881 5265 1948 5325 ex
1973 5249 2463 5325 Paulodiacono,‘
2489 5247 2841 5325 Nicephoro,_
2864 5249 3151 5325 Euthymio
3193 5256 3247 5301 et
3284 5247 3470 5325 ilice-ta

1882 5319 2037 5376 facile
2067 5323 2354 5390 colligitur.
2389 5317 2658 5376 Adversus
2703 5321 2799 5374 has
2829 5317 3069 5390 hmreses
3094 5320 3164 5373 ita
3193 5317 3378 5390 scribit
3398 5317 3468 5390 Alt.

1884 5391 2131 5448 Gelasius
2159 5387 2334 5462 papa:
2368 5390 2479 5445 Nec
2503 5391 2631 5447 duris
2657 5408 2907 5461 personas
2945 5392 2997 5443 in
3032 5389 3234 5442 Chn’sto
3282 5387 3472 5462 intellio

1886 5464 2072 5533 gimus,
2104 5457 2196 5529 per
2231 5457 2287 5516 id
2313 5462 2448 5532 quod
2477 5457 2703 5533 dicimus
2737 5462 2868 5515 duas
2897 5470 3134 5533 naturas,
3169 5465 3223 5510 ut
3265 5457 3474 5533 aduna-

1887 5525 2043 5588 ἵίοηὶε
2073 5525 2376 5587 αἰτὶδίοηεὲη
2423 5535 2594 5598 facere
2621 5532 2906 5592 videamur,
2947 5539 2994 5582 et
3021 5531 3087 5582 sit
3118 5526 3275 5598 (quod
3312 5525 3444 5598 absit
3455 5537 3471 5594 ι

1887 5605 2238 5671 quaternitas,
2281 5620 2382 5657 non
2405 5597 2666 5673 J’rinitas,
2717 5603 2847 5656 sicut
2879 5597 3154 5673 Nestorius
3195 5597 3350 5652 sentit
3394 5598 3475 5651 ins

1887 5689 2065 5728 sanus.
2093 5673 2203 5728 Nec
2243 5671 2608 5746 contundimus
2651 5673 2857 5746 easdem
2900 5671 3072 5746 unitas
3102 5677 3477 5746 naturas,ei_nn

1889 5760 2043 5799 unam
2067 5739 2356 5815 personant
2376 5746 2697 5816 conﬁtemur,
2723 5751 2776 5794 ut
2807 5743 2990 5812 impius
3014 5739 3270 5812 Entyrhrs
3290 5739 3474 5794 credit.
