3936 6176
497 303 599 356 3:27;
1215 315 1222 323 -
1820 291 2087 347 ARNOP."
2128 287 2429 344 JUNIORlS
2606 338 2613 351 .
2774 283 2791 295 ’
3604 301 3683 354 (ἑξηί

496 410 806 465 substantiae
835 406 1299 475 transmigratioin
1316 407 1502 458 Deum.
1522 436 1592 446 -—
1614 403 1879 456 Arnobius
1899 402 2064 454 dixit:
2094 408 2147 461 Α
2172 403 2450 471 mysterio,
2483 401 2625 470 quod
2658 402 2771 471 ipse
2792 401 2957 466 novit,
2983 404 3072 471 qui
3101 406 3345 473 quoniam
3371 414 3523 463 totum
3553 431 3690 469 susci.

496 502 607 555 Non
654 500 730 552 vis
760 499 937 552 dicere
971 515 982 549 :
1016 496 1268 549 Humana!
1304 494 1615 549 substantiae
1654 491 1966 560 corruptio?
1994 490 2072 544 ls-

497 602 601 645 tam
631 593 770 644 cnim
801 588 1319 656 transmigrationem
1367 586 1676 640 substantize
1723 586 1767 637 si
1808 583 1902 638 tibi
1942 598 2073 637 con-

496 696 728 744 cessero,
776 680 1174 747 corruptionem
1217 677 1495 746 probabis;
1542 685 1596 730 et
1638 675 1904 729 videbitur
1932 674 2072 727 Deus

495 786 589 838 per
619 769 936 822 infusionem
972 784 1118 822 suam
1162 783 1191 821 a
1216 775 1357 820 statu
1380 783 1477 819 suo
1506 766 1659 833 quasi
1691 765 1949 818 inclusum
1979 778 2073 817 ex-

492 861 714 914 clusisse
760 861 1132 913 substantiam.
1177 891 1249 901 ——
1291 857 1548 926 Serapion
1593 857 1769 910 dixit:
1803 856 1919 909 Non
1975 855 2071 908 tibi

495 951 753 1005 inclusum
786 968 880 1019 per
906 966 1063 1020 quam
1094 950 1441 1003 humillimam
1482 964 1633 1002 suam
1663 947 2011 1001 substantiam
2040 959 2071 998 a

495 1050 637 1095 statu
685 1057 782 1094 suo
824 1041 1069 1101 exclusit,
1105 1047 1161 1092 ut
1197 1040 1358 1093 homo
1387 1044 1746 1092 reverteretur
1790 1038 1842 1089 in
1884 1036 2070 1098 Deum,

497 1146 602 1184 non
628 1131 764 1183 Deus
793 1138 1094 1183 verteretur
1119 1129 1171 1182 in
1196 1128 1503 1181 hominem?
1520 1159 1591 1169 -
1613 1126 1877 1179 Arnobius
1902 1124 2067 1178 dixit:

495 1221 611 1276 Non
642 1223 813 1275 solum
836 1236 867 1274 a
893 1230 1035 1274 statu
1068 1235 1165 1274 suo
1195 1235 1301 1273 non
1329 1228 1412 1273 est
1439 1219 1653 1272 exclusa
1680 1217 1911 1269 humana
1945 1215 2072 1269 sub-

494 1312 710 1374 stantia,
743 1311 835 1365 sed
890 1311 942 1363 in
973 1317 1114 1364 statu
1166 1325 1263 1363 suo
1304 1308 1474 1375 magis
1502 1315 1585 1362 est
1626 1308 1896 1360 roborata.
1938 1306 2069 1360 Nam

494 1392 631 1455 sicut
671 1409 838 1456 status
874 1399 1194 1467 virginitatis
1233 1398 1429 1475 Mariae,
1473 1397 1690 1451 homine
1726 1404 1986 1465 concepto
2019 1402 2074 1449 et

495 1498 671 1561 parto,
702 1506 810 1544 non
838 1497 921 1544 est
949 1504 1015 1541 ex
1044 1503 1138 1542 sua
1168 1480 1471 1555 integritate
1498 1486 1754 1555 dejectus,
1786 1486 1878 1539 sed
1904 1485 2072 1553 magis

493 1580 886 1652 est.integrior
928 1579 1126 1641 factus;
1178 1579 1249 1631 ita
1278 1585 1450 1631 status
1492 1577 1734 1631 humanm
1761 1575 2072 1629 substantiis

495 1673 547 1724 in
576 1670 838 1725 inlusione
866 1670 1064 1734 divina,
1113 1670 1206 1734 ita,
1257 1671 1492 1737 inquam,
1536 1677 1619 1723 est
1659 1667 1849 1721 fertior
1876 1667 2066 1729 factus,

2174 492 2328 561 piens
2355 493 2498 561 quod
2528 501 2609 547 est
2639 493 2890 557 hominis,
2936 495 3098 550 homo
3125 505 3232 561 est;
3274 506 3436 552 totum
3461 503 3691 571 accipiens

2173 584 2316 651 quod
2345 582 2441 638 Dei
2471 592 2554 637 est
2578 602 2598 659 A:
2630 584 2767 637 alius
2795 600 2953 655 quam
2983 585 3122 641 Deus
3172 602 3289 641 esse
3314 603 3414 642 non
3441 600 3614 659 potest.
3637 625 3695 637 —-

2174 674 2432 742 Serapion
2462 674 2597 727 dixit
2624 692 2637 727 :
2672 674 2737 728 Et
2778 676 2823 728 si
2852 676 3156 731 incarnatus
3180 685 3277 740 est,
3311 686 3367 732 ut
3393 681 3587 742 asseris,
3615 682 3698 735 im-

2172 765 2389 827 mixtus,
2414 765 2682 831 quomodo
2705 781 2809 819 non
2832 774 2915 819 est
2943 765 3079 820 facta
3106 766 3377 822 diminutio
3396 769 3570 823 divinae
3593 773 3698 825 sub-

2170 855 2411 908 stantia}?
2438 887 2508 896 —
2537 855 2801 909 Arnobius
2843 856 2978 911 dixit
3009 876 3023 910 :
3052 858 3215 912 Estne
3249 858 3439 926 aliquid
3466 861 3595 926 quod
3619 869 3697 913 aut

2174 958 2278 996 non
2309 944 2478 1012 possit
2508 942 2666 1007 Deus,
2694 952 2789 998 aut
2811 945 3379 1015 nesciat?—-Serapion
3394 946 3551 1003 dixit:
3582 947 3699 1003 Nihil

2172 1042 2255 1088 est
2278 1034 2421 1102 quod
2452 1050 2558 1088 non
2589 1035 2757 1103 possit
2785 1035 2940 1098 Deus,
2986 1035 3116 1088 nihil
3145 1044 3226 1088 est
3251 1036 3389 1103 quod
3415 1037 3613 1092 nesciat.
3641 1070 3702 1080 —

2173 1124 2440 1177 Arnobius
2464 1124 2597 1177 dixit
2629 1142 2641 1176 :
2667 1123 2806 1207 Ergo
2832 1124 2876 1178 si
2897 1124 3014 1189 scit,
3046 1131 3102 1178 et
3124 1132 3298 1194 potest
3318 1125 3343 1163 ιι
3371 1125 3482 1179 sine
3505 1126 3578 1179 sui
3597 1141 3703 1180 coi-

2170 1218 2422 1287 ruptione
2465 1218 2701 1282 misceri,
2748 1219 2889 1272 sicut
2916 1218 3093 1287 potuit
3138 1219 3398 1273 hominem
3444 1218 3700 1287 suscipere,

2172 1308 2244 1361 ita
2291 1315 2350 1361 ut
2378 1308 2507 1361 nihil
2552 1309 2601 1361 ei
2643 1308 3018 1376 augmenti'de
3067 1309 3401 1378 susceptione
3428 1307 3700 1370 accederet;

2170 1398 2324 1451 scivit
2351 1405 2406 1451 et
2432 1399 2606 1467 potuit
2634 1406 2692 1451 ut
2719 1406 2891 1452 totum
2932 1413 2992 1453 se
3035 1399 3351 1463 infunderet,
3398 1408 3452 1453 et
3479 1398 3597 1452 nihil
3622 1413 3701 1453 ac-

2171 1490 2375 1559 ciperet
2402 1490 2729 1543 detrimenti.

2243 1579 2312 1633 X.
2343 1612 2412 1621 —
2438 1579 2698 1650 Serapion
2729 1580 2863 1634 dixit
2890 1599 2902 1633 :
2944 1581 3071 1648 Quae
3099 1583 3238 1637 ratio
3274 1591 3326 1635 te
3358 1580 3624 1650 compellit,
3658 1588 3706 1633 ut

2172 1663 2597 1739 quotiescunque
2625 1671 2692 1726 de
2721 1671 2856 1727 Filio
2886 1672 2999 1738 Dei,
3044 1685 3067 1711 ο
3097 1674 3187 1743 qui
3217 1682 3298 1728 est
3325 1673 3462 1727 Deus
3486 1679 3625 1724 natus
3649 1685 3702 1723 ex

496 1769 555 1816 ut
584 1761 837 1831 quidquid
873 1776 969 1829 rer
996 1760 1485 1829 prmvaricationem
1516 1758 1641 1811 Adze
1670 1756 1967 1824 fragilitatis
1993 1756 2070 1809 in-
2100 1764 2146 1823 Β
2172 1759 2354 1825 Maria,
2388 1761 2639 1829 loqueris,
2671 1777 2777 1817 non
2799 1763 3116 1819 solunidicis
3141 1763 3450 1819 utsitMaria
3466 1762 3698 1821 Θεοτόκοςς

494 1861 754 1915 euri-erat,
777 1867 874 1921 per
898 1852 1317 1919 assumptionem
1342 1850 1432 1903 Dei
1460 1848 1672 1918 penitus
1694 1864 1797 1901 non
1827 1848 2067 1912 haberet,

494 1952 549 1998 et
571 1943 774 1997 ﬁrmius
789 1958 896 1996 sure
913 1942 1215 2009 integritate
1235 1940 1546 1993 substantiae
1568 1938 1885 2009 possideret,
1907 1952 2070 2007 quam

493 2036 606 2104 ipse
637 2036 803 2088 Adam
833 2043 955 2088 ante
982 2050 1131 2088 suam
1163 2032 1652 2102 pncvaricationem
1675 2032 1927 2101 possedit.

563 2122 653 2179 IX.
678 2155 748 2165 —
768 2124 1024 2192 Serapion
1053 2124 1187 2177 dixit
1218 2140 1230 2175 :
1262 2122 1445 2176 Omnis
1473 2124 1766 2176 substantia
1795 2136 1914 2175 cum
1944 2122 2070 2175 sub-

493 2217 655 2279 sistit,
687 2225 779 2269 aut
807 2231 996 2283 magna
1042 2226 1141 2280 est,
1174 2225 1227 2268 et
1254 2230 1416 2283 parva
1459 2231 1565 2269 non
1597 2226 1710 2280 est;
1742 2224 1833 2269 aut
1875 2214 2070 2282 regalis

494 2317 594 2374 est,
627 2314 681 2362 et
711 2309 917 2377 privata
950 2323 1053 2361 non
1096 2314 1205 2369 est;
1248 2313 1340 2360 aut
1380 2307 1716 2371 immortalis,
1747 2314 1802 2360 et
1830 2306 2070 2359 mortalis

493 2415 601 2452 non
631 2407 744 2464 est;
793 2408 883 2452 aut
914 2399 1063 2452 dives
1108 2405 1208 2463 est,
1244 2406 1299 2451 et
1343 2398 1663 2467 paupercula
1693 2413 1799 2451 non
1826 2408 1940 2460 est;
1976 2405 2070 2449 aut

492 2487 669 2542 divina
695 2497 794 2552 cst,
828 2498 882 2543 et
910 2490 1140 2543 humana
1170 2506 1277 2543 non
1299 2498 1398 2543 est.
1423 2489 1501 2543 Tu
1529 2498 1709 2542 autem
1737 2487 2070 2544 contundens

493 2582 693 2646 omnia,
740 2596 906 2634 unum
946 2595 1011 2633 ex
1061 2580 1268 2635 duobus
1310 2594 1453 2635 stare
1498 2581 1625 2634 dum
1670 2579 1921 2647 denegas,
1969 2596 2070 2635 nec

492 2673 661 2728 Deum
712 2674 865 2728 nobis
892 2688 1097 2737 verum,
1138 2688 1236 2727 nec
1289 2673 1560 2726 hominem
1592 2687 1771 2726 verum
1813 2671 2068 2740 praevales

494 2765 741 2819 edocere.
766 2796 837 2805 -—
864 2764 1131 2818 Arnobius
1159 2763 1294 2816 dixit
1323 2780 1335 2814 :
1361 2762 1495 2816 Audi
1534 2762 1660 2831 quid
1687 2762 1865 2816 dixisti
1894 2781 1905 2815 :
1935 2761 2066 2816 Om-

446 2918 447 2921 η
493 2853 575 2907 nis
603 2853 901 2907 substantia
930 2861 1023 2907 aut
1051 2868 1241 2921 magna
1264 2862 1363 2918 est,
1394 2861 1447 2906 et
1473 2867 1638 2921 parva
1665 2868 1773 2906 non
1808 2862 1907 2907 est.
1939 2851 2067 2906 Sin-

491 2945 712 3012 gulatim
765 2946 858 2999 tibi
908 2960 1140 3015 expono,
1189 2945 1234 2999 si
1278 2945 1452 3000 nescis
1484 2963 1496 2997 :
1524 2943 1582 2998 In
1631 2946 1790 3000 unico
1815 2944 1950 3000 Filio
1972 2945 2067 3000 Dei

492 3038 623 3092 duas
651 3052 769 3091 esse
797 3037 1122 3091 substantias
1149 3035 1408 3107 profiteor
1426 3045 1481 3091 et
1510 3037 1741 3104 assigno.
1773 3036 1945 3090 Habet
1971 3052 2068 3106 per

2172 1852 2265 1906 sed
2293 1867 2506 1921 semper
2548 1855 2651 1909 hoc
2680 1856 2944 1917 nominas,
2992 1856 3136 1925 quod
3184 1855 3224 1908 F
3229 1855 3348 1908 ilius
3376 1853 3588 1907 hominis
3619 1858 3706 1911 est,

2172 1951 2229 1996 ut
2256 1944 2325 1996 sit
2346 1943 2507 1998 Maria
2538 1947 2900 2015 Χριστοτὸκοςίέ
2916 1945 3255 2001 —-Arnobius
3274 1946 3405 1999 dixit
3427 1964 3439 1996 :
3464 1943 3598 1998 Sicut
3621 1953 3706 2008 ego

2173 2049 2443 2101 nunquam
2473 2037 2807 2109 Χριστοτόγον
2822 2038 2935 2090 sine
2949 2036 3196 2092 Θεοτίκον
3220 2037 3360 2101 dico,
3374 2044 3430 2088 et
3447 2043 3501 2087 tu
3521 2034 3585 2086 ita
3599 2046 3709 2086 con.

2179 2126 2378 2181 titendo
2423 2128 2709 2183 conﬁrmas
2736 2129 2893 2182 ﬁdem
2921 2138 3085 2195 tuam,
3118 2138 3175 2184 et
3204 2129 3321 2183 finis
3367 2127 3515 2195 hujus
3541 2134 3708 2179 nostra:

2168 2217 2530 2270 altercationis
2544 2219 2793 2272 occurrit.
2809 2251 2880 2260 -—
2893 2218 3154 2288 Serapion
3170 2220 3304 2273 dixit
3325 2236 3336 2270 :
3358 2216 3500 2272 Unde
3514 2216 3597 2269 tibi
3613 2215 3710 2268 lucc
3766 2286 3776 2296 .

2169 2308 2460 2362 auctoritas
2509 2308 2667 2376 hujus
2713 2308 3038 2365 definitionis
3085 2311 3337 2365 advenit?
3369 2341 3438 2352 ——
3479 2307 3710 2361 Arnobius

2166 2396 2300 2449 dixit
2328 2415 2341 2448 :
2375 2397 2616 2465 Apostoli
2639 2396 2786 2451 Pauli
2814 2415 2918 2452 non
2947 2400 3026 2454 vis
3044 2401 3290 2470 recipere
3315 2401 3415 2454 hoc
3438 2398 3567 2467 quod
3594 2394 3709 2447 dixit

2169 2490 2526 2544 testimonium
2561 2509 2573 2541 :
2604 2489 2798 2544 Factus
2820 2498 2897 2544 est
2924 2494 3121 2561 primus
3161 2494 3310 2548 homo
3336 2494 3389 2546 in
3416 2491 3623 2543 animam
3648 2486 3710 2539 vi—

2167 2590 2378 2639 rentem,
2397 2581 2701 2634 novissimus
2714 2581 2864 2635 homo
2886 2584 2939 2636 in
2952 2585 3189 2653 spiritum
3205 2585 3531 2654 viviﬁcantem
3545 2579 3583 2649 (Ι
3605 2576 3707 2630 Cor.

2161 2684 2273 2733 xv,
2304 2667 2434 2738 tsi)?
2459 2698 2527 2709 -
2563 2669 2823 2739 Serapion
2850 2671 2983 2727 dixit
3014 2691 3026 2724 ε
3061 2673 3153 2729 Dic
3182 2656 3310 2727 mihi
3338 2688 3441 2741 qun
3463 2669 3632 2723 ordine
3661 2672 3709 2718 tu

2167 2760 2327 2814 istum
2349 2776 2561 2815 sensum
2585 2763 2856 2831 accipias?
2876 2796 2948 2805 --
2966 2764 3234 2819 Arnobius
3256 2764 3389 2818 dixit
3418 2781 3429 2814 :
3453 2762 3561 2831 Ipse
3581 2759 3707 2827 Apo-

2166 2850 2336 2904 stolus
2363 2851 2474 2906 suis
2513 2852 2693 2905 verbis
2721 2853 2826 2907 hoc
2852 2854 2997 2921 quod
3022 2854 3133 2908 dixi
3164 2853 3481 2925 explanavit,
3510 2850 3671 2903 dicens
3696 2863 3707 2897 :

2169 2937 2426 3003 Quoniam
2452 2959 2545 3012 per
2572 2943 2830 2997 hominem
2872 2961 3030 3007 mors,
3072 2955 3123 2999 et
3170 2964 3264 3017 per
3290 2945 3535 2999 hominem
3558 2953 3709 2994 resut-

2168 3034 2325 3086 rertio
2352 3043 2687 3088 mortuorum.
2712 3034 2782 3088 Et
2808 3037 2940 3089 sicut
2977 3037 3031 3090 in
3054 3037 3224 3091 Adam
3247 3053 3418 3091 omnes
3439 3033 3710 3090 moriuntur.

489 3125 876 3184 humanitatem
906 3136 963 3181 ut
981 3142 1107 3182 vere
1136 3128 1310 3181 minor
1330 3126 1488 3181 Patre
1508 3128 1580 3201 sit
1609 3126 1786 3197 (Joan.
1816 3143 1922 3192 xiv,
1945 3126 2060 3196 28);
2085 3109 2134 3173 C
2166 3122 2240 3174 ita
2259 3122 2315 3174 in
2339 3120 2541 3177 Christo
2570 3123 2597 3160 (ί
2621 3140 2798 3179 omnes
2824 3125 3147 3195 viviﬁcantur
3186 3127 3234 3196 (ι
3259 3127 3381 3181 Cor.
3407 3140 3492 3187 xv,
3514 3120 3594 3181 2i,
3616 3115 3713 3186 ‘22).

490 3218 651 3274 liabet
680 3218 818 3272 unde
845 3218 1053 3271 initium
1080 3232 1208 3272 vere
1250 3218 1476 3287 sumpsit
1501 3232 1568 3272 ex
1597 3226 1871 3286 tempore;
1905 3218 2067 3272 habet

491 3309 633 3364 unde
660 3323 782 3362 vere
827 3308 897 3362 sit
927 3308 1282 3378 impassibilis,
1326 3308 1488 3362 habet
1534 3315 1594 3361 et
1634 3305 1775 3361 unde
1800 3306 2066 3376 passibilis

490 3400 721 3465 exstitit;
754 3399 915 3453 habet
944 3398 1083 3453 unde
1113 3414 1238 3452 vere
1265 3397 1580 3452 immortalis
1607 3398 1707 3463 sit;
1740 3398 1898 3452 habet
1924 3397 2064 3454 unde

449 3483 459 3493 ’
490 3505 615 3548 vere
644 3493 713 3546 sit
742 3499 981 3546 mortuus
1027 3497 1082 3544 et
1118 3490 1384 3559 sepultus;
1417 3490 1577 3543 habet
1616 3489 1756 3543 unde
1796 3503 2063 3557 nunquam
2108 3522 2113 3527 -

489 3585 719 3641 cessavit
740 3585 939 3646 vivere,
972 3592 1028 3637 et
1054 3583 1219 3636 vitam
1249 3582 1496 3635 omnibus
1529 3581 1619 3650 qui
1639 3582 1823 3634 vivunt
1847 3596 1944 3634 suo
1974 3596 2063 3633 ar-

489 3676 650 3731 bitrio
677 3675 1018 3743 dispensare;
1058 3673 1245 3726 habuit
1295 3672 1457 3725 etiam
1496 3672 1637 3725 unde
1681 3672 1820 3725 inter
1861 3674 2066 3726 animas

489 3767 863 3821 defunctorum
893 3766 1126 3818 animam
1155 3763 1398 3832 corporis
1426 3763 1506 3816 sui
1534 3762 1769 3817 defuncti
1801 3763 1878 3816 ire
1905 3762 1969 3816 ad
1993 3763 2067 3816 in-

490 3859 633 3913 feros
665 3859 1016 3933 permitteret,
1048 3865 1103 3910 et
1130 3856 1304 3909 redire
1335 3855 1451 3924 (Ps.
1503 3854 1614 3922 xv).
1648 3865 1673 3891 κ
1704 3854 1899 3909 Habuit
1926 3857 2067 3911 unde

488 3948 679 4002 mortis
725 3946 1008 4015 imperium
1048 3944 1384 4013 subjugatum
1430 3953 1664 4009 teneret;
1713 3946 1898 4000 habuit
1926 3946 2068 4002 unde

489 4038 680 4094 mortis
709 4037 1014 4105 subiaceret
1043 4038 1266 4107 imperio
1298 4036 1456 4107 (Hel).
1489 4054 1547 4102 ii,
1572 4037 1680 4108 M).
1705 4038 1899 4093 Habuit
1925 4038 2067 4094 unde

490 4131 726 4202 ploraret
747 4129 1075 4194 defunctum,
1110 4138 1162 4184 et
1186 4129 1239 4183 in
1267 4144 1333 4184 eo
1361 4128 1632 4183 eratunde
1655 4128 1866 4197 juberet
1894 4130 2066 4199 ipsum

488 4237 649 4290 quem
699 4222 944 4291 plorabat
986 4230 1256 4275 mortuum
1309 4220 1552 4273 suscitari
1584 4218 1761 4289 (Joan.
1812 4237 1886 4284 xi,
1922 4218 1991 4273 '55
2017 4227 2067 4274 et

486 4312 600 4378 «65).
635 4311 701 4364 Et
726 4312 838 4365 hinc
878 4312 1016 4365 ratio
1047 4311 1346 4364 Divinitatis
1375 4310 1509 4377 ejus,
1536 4317 1594 4363 ut
1621 4325 1743 4363 cum
1780 4309 1913 4363 duas
1938 4309 2067 4363 istas

488 4402 859 4470 integerrimas
887 4400 1211 4455 substantias
1243 4400 1456 4462 habeat,
1488 4414 1650 4452 unum
1676 4407 1882 4469 tantum
1909 4399 1962 4453 in
1983 4399 2067 4453 his

2166 3242 2237 3254 —
2273 3212 2536 3285 Serapion
2560 3216 2697 3270 dixit
2728 3234 2741 3269 :
2771 3216 2943 3271 Video
2968 3218 3113 3286 quod
3158 3218 3370 3274 moliris
3404 3224 3644 3275 astruere,
3670 3215 3718 3262 ut

2166 3307 2291 3375 quia
2320 3307 2373 3360 in
2404 3307 2508 3361 isto
2532 3307 2651 3362 loco
2676 3308 2916 3362 nominat
2939 3308 3236 3377 Apostolus
3262 3309 3523 3364 hominem
3546 3301 3713 3363 solum,

2164 3411 2272 3451 non
2296 3397 2459 3451 etiam
2479 3396 2665 3462 Deum,
2693 3396 2941 3453 docuisse
2964 3398 3207 3452 videatur
3233 3392 3621 3454 resurrectionis
3636 3404 3719 3443 no-

2165 3492 2289 3538 strae
2315 3484 2539 3552 gloriam
2565 3485 2858 3539 celebrare.
2889 3519 2960 3528 —
2986 3485 3257 3542 Arnobius
3282 3486 3414 3541 dixit
3444 3481 3716 3537 :Christum

2164 3577 2379 3643 quando
2403 3576 2569 3641 audis,
2596 3583 2652 3631 et
2677 3591 2780 3629 non
2804 3576 2955 3630 audis
2976 3587 3173 3632 sancta:
3190 3578 3378 3631 Maria:
3402 3572 3618 3642 Virginis
3640 3566 3717 3622 Fi-

2165 3663 2314 3728 lium,
2346 3666 2485 3719 scias
2515 3673 2569 3718 te
2602 3675 2623 3701 ο
2649 3681 2811 3719 unum
2838 3681 2905 3720 ex
2932 3666 3093 3721 rebus
3119 3665 3424 3722 Iudaeorum
3445 3662 3646 3717 audire:
3671 3665 3717 3710 et

2166 3754 2287 3807 ideo
2308 3755 2580 3809 hominem
2623 3756 2765 3809 hunc
2803 3756 2976 3810 solum
3005 3772 3122 3812 esse
3142 3757 3295 3825 justa
3333 3758 3535 3812 ratione
3561 3751 3716 3805 ﬁrma-

2165 3864 2302 3901 mus.
2333 3848 2569 3916 Virginis
2594 3856 2771 3902 autem
2799 3848 2988 3904 Filium
3018 3850 3184 3905 Deum
3230 3860 3288 3907 et
3322 3850 3583 3906 Christum
3619 3853 3719 3896 esse

2165 3939 2426 3995 catholica
2458 3938 2713 3994 ﬁdelitate
2730 3939 2836 3994 hoc
2862 3941 3048 3997 ordine
3069 3943 3409 4007 conﬁtemur,
3439 3946 3494 3993 ut
3520 3933 3714 4006 gloriam

2166 4047 2324 4102 quam
2352 4033 2643 4087 humanum
2667 4047 2836 4100 genus
2854 4048 2953 4103 per
2976 4035 3207 4103 primum
3246 4037 3518 4091 hominem
3559 4028 3720 4084 amise-

2165 4122 2560 4196 rat,peristum
2591 4124 2780 4179 Filium
2813 4125 3060 4194 Virginis,
3091 4128 3182 4197 qui
3214 4129 3357 4182 Deus
3381 4135 3433 4181 et
3457 4126 3628 4185 homo,
3671 4118 3715 4171 in

2166 4219 2475 4291 centuplum
2517 4219 2710 4273 melius
2753 4227 3113 4288 recuperaret.
3161 4220 3295 4275 Nam
3342 4217 3564 4288 paradisi
3593 4211 3721 4279 regio

2168 4322 2265 4377 per
2286 4308 2513 4377 primum
2541 4309 2813 4363 hominem
2842 4310 3036 4377 legitur
3072 4310 3237 4366 fuisse
3268 4312 3495 4373 sublata,
3534 4320 3623 4376 per
3646 4316 3722 4356 80°

2168 4402 2399 4456 cundum
2436 4418 2565 4456 vero
2588 4402 2858 4457 hominem
2888 4409 2943 4457 et
2964 4416 3135 4471 regno
3158 4404 3395 4473 paradisi
3430 4397 3720 4455 restituitur.

490 4464 695 4547 duabus
722 4491 912 4547 Filium
943 4489 1036 4544 Dei
1077 4490 1281 4543 credas.
1313 4520 1386 4530 —
1411 4488 1671 4563 Serapion
1694 4464 1847 4542 dixit
1877 4506 1889 4540 :
1923 4487 2063 4558 Ergo
2091 4473 2142 4533 D
2169 4501 2223 4547 et
2245 4491 2263 4529 τ
2285 4492 2522 4545 omnium
2544 4491 2870 4560 indulgentia
2892 4464 3182 4547 confertur:
3205 4489 3550 4561 —Serapion
3572 4482 3721 4539 dixit:

493 4588 902 4643 conversionem
946 4584 1180 4652 aliquam
1208 4583 1260 4636 in
1289 4581 1598 4651 semetipso,
1630 4581 1769 4636 unde
1807 4584 2066 4653 inciperet

488 4691 607 4731 esse
635 4674 776 4745 quod
806 4690 912 4728 non
943 4683 1078 4738 erat,
1120 4672 1323 4727 habuit.
1353 4702 1427 4714 —
1447 4672 1712 4726 Arnobius
1736 4672 1872 4727 dixit
1900 4692 1912 4727 :
1948 4674 2063 4730 Non

489 4769 561 4822 ita
608 4775 689 4820 est
721 4784 733 4819 :
778 4766 869 4820 sed
900 4767 1077 4819 ser’mo
1107 4762 1297 4826 Patris,
1346 4777 1616 4832 nunquam
1644 4778 1674 4815 a
1705 4761 1862 4818 Patre
1890 4764 2064 4820 disce-

487 4858 639 4922 dens,
688 4858 850 4911 homo
879 4858 1078 4926 quippe
1132 4855 1244 4913 ﬁeri
1298 4855 1546 4924 dignatus
1594 4863 1677 4910 est
1715 4865 1923 4912 secreto
1969 4875 2066 4916 suo

2166 4582 2312 4651 Ergo
2334 4583 2447 4637 haec
2484 4589 2631 4636 tanta
2656 4577 2918 4637 beneﬁcia
2965 4582 3128 4637 homo
3153 4582 3311 4637 nobis
3339 4575 3596 4651 praestitit,
3632 4584 3723 4624 non

2170 4675 2335 4729 Filius
2364 4673 2459 4728 Dei
2486 4673 2667 4728 Deus?
2695 4706 2765 4716 —
2791 4672 3059 4727 Arnobius
3086 4673 3218 4727 dixit
3268 4691 3282 4726 :
3315 4667 3633 4727 Calumniam
3659 4657 3728 4712 vis

2172 4783 2238 4822 ex
2268 4782 2329 4821 ea
2369 4765 2535 4830 nasci,
2567 4780 2634 4819 ex
2660 4779 2763 4833 qua
2793 4771 2948 4818 natus
2975 4771 3058 4818 est
3097 4763 3190 4832 qui
3221 4777 3319 4817 nos
3347 4777 3415 4816 ex
3441 4755 3581 4814 omni
3604 4751 3725 4806 iibe-

2172 4865 2318 4914 raret
2364 4865 2420 4912 et
2458 4856 2527 4911 ab
2567 4856 2714 4913 omni
2748 4863 3005 4927 peccato;
3032 4862 3089 4909 et
3130 4852 3255 4908 inde
3283 4853 3363 4907 vis
3401 4864 3488 4907 me
3514 4847 3726 4901 vinctum

1656 4971 1767 5026 ΥΒ.
1811 4973 2017 5029 FEU~A
2025 4974 2295 5031 RDENTII
2331 4972 2557 5028 ΝΟΤᾸΞ.

488 5064 558 5119 Et
606 5065 660 5118 in
690 5063 935 5133 Symbolo
964 5062 1257 5133 Athanasii,
1288 5063 1480 5115 dicitur
1519 5060 1750 5115 Christus
1776 5080 1886 5116 esse
1912 5081 2063 5133 unus,

488 5153 590 5189 non
618 5130 918 5204 confusione
943 5130 1261 5204 substantiw,
1305 5133 1395 5186 sed
1424 5133 1622 5185 unitate
1654 5149 1890 5202 persona:
1925 5132 2062 5204 (Lib.

487 5215 667 5261 contra
696 5202 749 5259 Ν
754 5219 845 5258 est.
876 5212 926 5257 et
948 5203 1212 5272 Eutych).

562 5290 585 5313 σι
620 5276 710 5329 llis
760 5275 972 5344 penitus
1018 5269 1213 5344 similia
1265 5269 1778 5344 scribit_Gregorius
1823 5271 2067 5344 pontifex

486 5341 776 5409 Maximus,
794 5346 886 5398 lib.
905 5360 1028 5398 xviii
1052 5341 1260 5410 Moral.,
1281 5358 1397 5410 cap.
1417 5341 1506 5405 27,
1525 5342 1781 5396 adversus
1794 5343 2060 5409 eumdem,

485 5414 614 5470 licet
630 5430 919 5485 suppresso
952 5414 1183 5477 nomine,
1215 5409 1538 5464 NestOrium.

561 5485 586 5524 δ
614 5479 1124 5539 ,Ιαιίιάιὶιιιοηιιίιηιιε
1147 5487 1358 5534 veteres
1378 5495 1485 5533 non
1514 5479 1856 5535 abhorruisse
1886 5496 1915 5535 a
1936 5496 2058 5535 ver-

484 5555 570 5610 bis
612 5557 840 5610 misceri.
891 5551 1231 5615 commisceri,
1274 5564 1339 5604 ac
1385 5548 1645 5618 componi,
1690 5550 1904 5619 quando
1934 5551 2059 5604 inti-

485 5639 631 5678 mam
663 5625 820 5680 Vet'bi
849 5640 968 5677 eum
998 5636 1161 5677 carne
1186 5619 1478 5675 unitionem
1499 5656 1514 5679 ,
1557 5619 1821 5687 simulque
1872 5635 2061 5675 conse-

486 5702 740 5762 quentem
797 5694 1183 5764 proprietatum
1228 5687 1763 5745 communicationem
1796 5690 2063 5758 explicare

2173 5064 2477 5187 voiu‘iiéiiits'
2496 5132 2668 5187 codex
2695 5130 2855 5186 etiam
2884 5129 2972 5184 hic
3004 5127 3157 5183 valde
3183 5128 3402 5182 mutilus
3444 5130 3555 5186 est;
3585 5116 3730 5174 habet

2174 5203 2315 5258 enim
2341 5219 2353 5253 :
2391 5200 2489 5265 Qui
2514 5210 2669 5255 natus
2696 5208 2771 5255 est
2799 5216 2863 5253 ea:
2887 5198 3079 5263 Maria,
3104 5206 3161 5251 ut
3189 5200 3257 5252 sit
3286 5196 3462 5250 Maria
3482 5191 3724 5265 θεοτόκαςς

2170 5272 2261 5327 sed
2283 5264 2480 5340 semper
2509 5271 2600 5325 hoc
2630 5272 2904 5324 nominans
2930 5268 3063 5339 quod
3089 5268 3230 5338 filius
3256 5266 3478 5320 hominis
3501 5269 3604 5325 est,
3631 5264 3723 5310 etc.

2172 5340 2379 5396 Caetera
2412 5355 2508 5394 nos
2536 5340 2857 5395 addidimus.

2243 5408 2267 5447 ἀ
2299 5408 2610 5464 Communis
2629 5409 2794 5477 editio
2825 5405 3471 5477 LatinaLviviﬁcabuntur.

2172 5479 2409 5535 Arnobio
2438 5463 2637 5533 faciunt
2685 5476 2905 5531 Ruﬁnus
2934 5477 2985 5529 in
3016 5463 3362 5544 Expositione
3388 5464 3653 5543 Symboli.
3681 5463 3728 5513 ει

2167 5549 2543 5608 Tertullianus,
2574 5547 2611 5600 1.
2636 5564 2689 5601 1v
2716 5547 2970 5602 adversus
2994 5545 3335 5599 Marcionem.

2242 5628 2267 5656 θ
2308 5617 2447 5683 Quid
2471 5619 2513 5672 si
2544 5618 2861 5683 legeremus,
2883 5632 3040 5668 unum
3067 5632 3131 5668 ea:
3162 5612 3407 5683 Rabbiuis
3425 5612 3451 5663 ἔ)

2249 5688 2265 5725 ί
2299 5682 2413 5742 Non
2438 5688 2578 5742 male
2602 5682 2800 5752 forsan,
2826 5688 3011 5750 omnis,
3039 5686 3121 5741 vel
3151 5682 3400 5737 omnibus.
