3936 6176
255 338 352 395 235

1009 334 1426 390 CUNFIJCTUS
1466 334 1549 386 DE
1586 332 1716 388 Ι)Εο
1754 333 1958 387 ’1⁷31Νο
1996 332 2083 386 ΕΤ
2122 333 2279 399 UNO,
2320 334 2468 389 ETC.
2518 335 2643 389 LIB.
2688 335 2748 390 II.

3391 345 3491 398 ςιις

254 470 453 521 tenere,
480 452 619 509 unde
639 469 669 508 a
698 452 921 507 vinculis
948 451 1236 517 solvimur;
1268 459 1322 503 et
1348 448 1469 503 inde
1500 449 1578 502 vis
1603 448 1729 501 mihi
1759 447 1819 501 li-

1925 451 2174 504 Θεοτὸκου
2224 448 2446 503 formam
2477 450 2531 504 in
2579 449 2690 503 Deo
2719 450 3243 515 honoremus._ltem
3290 455 3342 508 in
3391 459 3491 509 alia

250 552 513 604 hertatem
541 544 770 605 auferre,
811 542 951 596 unde
990 542 1207 594 libertas
1242 554 1396 594 servo
1417 536 1638 602 tnundo,
1663 548 1819 591 etca-

250 639 395 710 ptivo
426 636 725 705 ingenuitas
750 641 1054 702 generatur.
1081 663 1150 675 -—
1173 630 1432 699 Serapion
1459 628 1592 682 dixit
1623 646 1634 680 :
1671 626 1820 682 Unde

252 735 348 789 ista
370 741 477 786 tam
508 731 649 784 bona
674 736 889 796 tamque
916 725 1170 796 praeclara
1201 723 1521 778 nascuntur?
1542 753 1614 764 -—
1646 724 1818 774 Arno-

251 826 365 880 hius
410 824 545 877 dixit
576 840 588 873 :
621 820 699 874 Ex
732 821 830 873 ista
858 816 1194 873 confessione
1223 822 1280 869 ut
1305 813 1476 869 dicam
1505 813 1599 867 Dei
1628 811 1821 865 Filium

254 916 303 970 in
330 929 493 969 carne
522 911 749 974 venisse,
780 909 991 964 dicente
1032 905 1275 976 apostolo
1308 923 1320 957 :
1348 902 1445 967 Qui
1474 911 1625 973 negat
1643 900 1819 955 Iesum

253 1006 507 1061 Christum
533 1005 587 1056 in
608 1017 764 1055 carne
783 1000 994 1061 venisse,
1020 997 1101 1050 hic
1120 994 1464 1048 Antichristus
1492 1000 1567 1046 est
1596 992 1638 1062 (I
1659 990 1817 1044 Ioan.

253 1113 307 1161 ιι,
330 1094 443 1163 22).
468 1093 566 1147 Est
612 1105 743 1159 ergo
770 1104 916 1151 caro,
950 1088 1053 1141 hoc
1078 1093 1178 1150 est,
1224 1083 1492 1155 perfectus
1517 1084 1681 1136 homo
1704 1087 1817 1146 est;

254 1197 306 1243 et
326 1186 416 1257 qui
436 1184 583 1239 venit
602 1183 656 1236 in
681 1195 860 1244 carne,
879 1178 966 1234 hic
993 1185 1075 1232 est
1104 1176 1265 1230 Filius
1286 1175 1381 1230 Dei
1411 1174 1708 1237 invisibilis,
1732 1172 1821 1228 hic

255 1287 333 1333 est
358 1275 625 1346 perfectus
653 1273 813 1335 Deus,
842 1269 1005 1323 Filius
1042 1268 1157 1333 Dei,
1184 1274 1397 1322 creator
1420 1265 1670 1329 hominis,
1699 1280 1820 1319 cum

255 1384 358 1438 quo
384 1367 631 1434 dignatus
655 1371 737 1416 est
766 1361 880 1414 ﬁeri
908 1357 1046 1414 ﬁlius
1074 1357 1323 1411 hominis.
1356 1387 1427 1397 —
1447 1354 1707 1424 Serapion
1734 1369 1821 1408 re-

218 1470 221 1473 "
256 1458 463 1528 spondit
494 1475 505 1508 :
538 1454 681 1522 Ergo
709 1452 866 1516 Deus,
897 1466 1027 1505 suus
1066 1458 1279 1505 creator
1319 1454 1417 1501 est.
1459 1476 1531 1487 -—
1557 1443 1822 1499 Arnobius

258 1549 384 1603 dixit
413 1566 428 1599 :
462 1544 562 1600 Ubi
601 1559 709 1599 non
741 1550 824 1598 est
856 1540 1164 1597 commixtio
1195 1538 1318 1605 viri,
1359 1536 1451 1608 qui
1489 1544 1701 1592 creator
1728 1550 1821 1589 ex-

258 1640 385 1696 stitit
410 1637 560 1693 nati?

322 1729 411 1785 XI.
434 1761 504 1772 —
522 1727 784 1796 Serapion
810 1724 943 1779 dixit
973 1740 987 1776 :
1018 1721 1239 1776 Multum
1266 1735 1353 1774 me
1376 1726 1678 1787 suspeetum
1701 1715 1822 1770 red-

1922 538 2317 606 pmedicatione,
2348 538 2498 607 cujus
2546 538 2750 591 initium
2780 539 2881 593 hoc
2926 549 3007 594 est
3041 560 3051 591 :
3082 541 3235 613 Stepe
3284 559 3489 599 mecu-n

1919 626 2123 681 fructus
2153 628 2270 680 vitae
2309 643 2546 692 versans,
2579 637 2633 681 et
2683 630 3009 683 terrestrium
3040 648 3215 685 rerum
3241 633 3493 704 multipli-

1920 734 2035 773 cem
2065 719 2494 784 mutabilitatem,
2523 734 2812 788 sparsaque
2844 737 2941 789 per
2963 723 3124 776 vitam
3156 725 3371 778 insidias
3398 742 3491 778 co—

1919 808 2115 876 gitans,
2145 809 2396 862 haesitans
2425 810 2715 862 exclamavi
2741 828 2754 864 :
2777 809 2910 874 Quis
2925 812 3121 879 poterit
3150 812 3404 866 liberari?
3425 814 3491 868 Et

1918 908 2040 969 post
2062 900 2333 969 paululum
2363 900 2438 954 ait
2471 918 2482 952 :
2512 899 2765 969 Spiritum
2794 901 2969 955 divina
3021 920 3233 974 separat
3281 922 3488 969 natura,

1920 992 2011 1059 qui
2039 992 2416 1045 humanitatem
2439 991 2553 1059 ejus
2582 992 2800 1046 creavit.
2825 991 3088 1062 Quidquid
3118 1010 3184 1048 ex
3212 995 3375 1049 Maria
3401 1013 3491 1050 na-

1920 1090 2032 1135 tum
2062 1090 2163 1148 est,
2200 1082 2266 1137 de
2294 1082 2494 1153 Spiritu
2521 1092 2707 1138 sancto
2735 1091 2835 1148 est,
2876 1085 2966 1153 qui
3000 1093 3054 1138 et
3086 1086 3376 1140 secundum
3401 1086 3491 1154 ju-

1920 1173 2120 1253 stitiam
2146 1174 2371 1244 replevit
2394 1174 2534 1243 quod
2566 1182 2803 1229 creatum
2833 1184 2932 1230 est.
2965 1175 3077 1231 Hoc
3104 1177 3239 1246 quod
3267 1181 3491 1253 manife-

1918 1252 2109 1319 statum
2123 1268 2264 1318 estin
2282 1282 2455 1328 carne,
2466 1266 2808 1336 justiﬁcatum
2824 1275 2897 1321 est
2916 1269 2969 1321 in
2987 1267 3185 1337 Spiritu
3205 1269 3244 1339 (I
3265 1269 3395 1322 Tim.
3413 1286 3487 1334 ιιι,

1919 1355 2029 1425 16).
2049 1355 2180 1409 Item
2194 1356 2265 1409 ait
2286 1374 2298 1409 :
2314 1356 2413 1422 Qui
2431 1355 2553 1411 fecit
2566 1372 2688 1413 eum
2710 1358 3048 1411 metuendum
3061 1358 3407 1424 daemonibus,
3425 1360 3491 1414 de

1919 1461 2027 1516 quo
2055 1444 2184 1501 dicit
2211 1446 2325 1514 ipse
2354 1445 2624 1512 Dominus,
2653 1445 2767 1518 Ego
2788 1448 2842 1499 in
2867 1446 3065 1517 Spiritu
3096 1447 3191 1501 Dei
3213 1450 3361 1519 ejicio
3382 1449 3491 1503 dte-

1916 1536 2095 1589 monia
2136 1534 2357 1605 (Matth.
2384 1551 2482 1599 xu,
2516 1536 2635 1604 28),
2674 1550 2788 1602 ipse
2825 1548 3044 1589 carnem
3068 1535 3187 1603 ejus
3206 1535 3333 1590 fecit
3355 1546 3499 1592 tem-

1917 1627 2089 1696 plum.
2115 1626 2265 1681 Unde
2284 1626 2416 1681 dicit
2434 1626 2673 1696 Baptista
2701 1625 2847 1682 :Vidi
2868 1627 3125 1696 Spiritum
3142 1639 3381 1681 sanctum
3400 1628 3496 1682 de-

1916 1721 2238 1773 scendentem
2272 1723 2335 1773 de
2352 1718 2564 1783 cwlo,et
2603 1730 2895 1771 manentem
2927 1721 2981 1772 in
3008 1720 3261 1787 eo(Joan.
3307 1736 3346 1784 I,
3380 1719 3494 1792 52).

258 1823 362 1885 (lis,
389 1835 511 1876 cum
540 1826 595 1872 et
620 1824 951 1878 creaturam,
979 1821 1035 1866 et
1061 1825 1303 1874 carnem,
1334 1816 1390 1862 et
1434 1807 1704 1861 hominem
1723 1846 1738 1870 ,
1767 1812 1824 1859 et
1856 1804 1896 1862 Β
1923 1805 2056 1860 Item
2086 1806 2245 1875 paulo
2265 1814 2386 1874 post
2411 1824 2423 1859 :
2456 1805 2555 1872 Qui
2582 1806 2728 1860 dedit
2756 1806 2805 1860 ei
2827 1807 3180 1862 elevationem
3203 1809 3255 1861 in
3277 1808 3487 1873 omium,

258 1913 419 1969 tilium
440 1909 642 1979 repetis
658 1949 672 1972 ,
705 1914 882 1960 tamen
903 1903 1095 1957 Filium
1116 1900 1211 1954 Dei
1235 1898 1425 1952 Filium
1454 1896 1614 1950 fuisse
1642 1894 1821 1948 Mariae

259 2019 358 2057 non
380 2000 580 2054 fateris.
603 1995 955 2049 —Arnobius
975 1992 1109 2046 dixit
1144 2009 1155 2043 :
1188 1989 1242 2044 Si
1270 2005 1375 2044 non
1400 1995 1542 2042 esset
1571 1985 1707 2040 ﬁlius
1732 1987 1825 2039 ho-

258 2092 410 2146 minis
430 2090 594 2144 Filius
616 2087 709 2142 Dei
736 2086 929 2149 factus,
953 2082 1117 2135 Maria
1146 2090 1317 2134 mater
1336 2079 1432 2134 Dei
1454 2094 1571 2134 esse
1600 2093 1706 2132 non
1726 2094 1823 2146 po-

260 2192 413 2238 terat.
442 2180 545 2234 Per
573 2179 737 2232 ﬁlium
765 2190 893 2243 ergo
915 2189 1067 2230 suum
1089 2171 1226 2226 facta
1248 2180 1331 2225 est
1351 2179 1520 2223 mater
1547 2169 1667 2222 Filii
1697 2168 1819 2232 Dei;

256 2289 351 2342 per
381 2271 603 2326 formam
632 2266 773 2321 servi
792 2280 951 2334 quam
979 2262 1263 2331 assumpsit
1283 2260 1555 2321 Dominus,
1589 2258 1725 2312 facta
1744 2264 1825 2312 est

264 2370 427 2416 mater
455 2358 691 2422 Domini;
714 2371 815 2409 nec
838 2362 1050 2424 poterat
1069 2368 1185 2407 esse
1206 2352 1459 2413 Θεοτόκος,
1486 2350 1584 2404 nisi
1604 2360 1824 2426 Χριστο-

266 2452 396 2511 τόκος
426 2449 540 2503 ﬁeri
587 2447 886 2501 meruisset.
918 2443 1053 2498 Audi
1095 2443 1221 2512 quid
1267 2444 1497 2497 habebat
1541 2442 1824 2511 concipere

266 2542 316 2595 in
338 2549 512 2605 utero,
544 2546 636 2592 aut
659 2536 785 2606 quid
826 2533 1057 2588 habebat
1085 2547 1291 2603 parere,
1323 2540 1414 2585 aut
1440 2532 1568 2599 quid
1596 2531 1826 2585 habebat

260 2633 444 2701 pannis
466 2630 753 2690 involvere,
778 2634 833 2681 et
862 2626 913 2679 iu
938 2624 1198 2695 prmsepio
1226 2638 1425 2693 ponere
1450 2621 1597 2692 (Luc.
1631 2627 1705 2691 ι),
1734 2628 1825 2674 aut

264 2721 380 2788 quid
421 2720 654 2775 habebat
692 2719 919 2779 lactare,
969 2722 1061 2768 aut
1101 2714 1228 2782 quid
1268 2713 1498 2767 habebat
1540 2712 1730 2767 tollere
1770 2718 1825 2766 et

266 2813 438 2882 fugere
465 2812 518 2865 in
550 2808 838 2879 Egyptum
865 2805 1078 2879 (Matth.
1105 2821 1160 2871 ιι,
1189 2804 1298 2873 15),
1328 2812 1421 2857 aut
1445 2803 1570 2872 quid
1596 2802 1826 2857 habebat

267 2918 498 2958 crescere
525 2909 685 2955 mtate
713 2908 768 2953 et
794 2897 1075 2969 sapientia,
1106 2904 1198 2951 aut
1233 2896 1358 2964 quid
1386 2903 1577 2950 octava
1605 2895 1693 2949 die
1716 2894 1823 2949 cir-

267 2993 505 3057 cumcidi,
549 3000 640 3046 aut
667 2990 793 3061 quid
836 2989 1068 3044 habebat
1095 2987 1355 3057 baptizari
1380 3002 1411 3040 a
1438 2985 1642 3040 Joanne
1671 2983 1818 3057 (Luc.

269 3086 339 3152 ιι),
362 3085 462 3138 nisi
488 3092 631 3138 esset
657 3083 818 3137 homo
847 3078 1144 3150 perfectus,
1169 3078 1223 3132 in
1252 3094 1359 3148 quo
1389 3086 1531 3133 esset
1558 3075 1825 3148 perfectus

1922 1896 2014 1959 ait,
2038 1895 2184 1949 dedit
2204 1895 2453 1950 mandata
2483 1896 2739 1965 apostolis
2764 1911 2900 1965 quos
2930 1896 3090 1964 elegit
3116 1912 3213 1966 per
3239 1896 3493 1966 Spiritum

1920 1994 2182 2051 sanctum,
2216 1993 2271 2039 et
2313 1993 2500 2055 postea
2529 1986 2766 2041 elevatus
2795 1993 2877 2042 est
2918 1986 2970 2039 iu
3009 1987 3202 2041 emtum
3233 1986 3382 2056 (Act.
3413 1986 3489 2056 ι).

1921 2077 2074 2134 Hunc
2098 2080 2276 2148 itaque
2295 2080 2386 2148 qui
2407 2077 2618 2134 Christo
2647 2087 2851 2133 tantam
2883 2079 3110 2147 donavit.
3137 2080 3494 2149 dispensatio-

1920 2185 2063 2233 nem,
2095 2169 2184 2238 qui
2215 2179 2399 2223 natum
2427 2179 2617 2239 putant
2661 2186 2934 2237 carneum,
2966 2180 3220 2241 separant
3247 2186 3279 2224 a
3317 2170 3494 2224 divina

1922 2268 2130 2316 natura.
2162 2261 2295 2316 Item
2321 2262 2374 2316 in
2404 2263 2507 2315 alia
2535 2256 2931 2331 pmdicatione,
2976 2262 3127 2330 cujus
3157 2262 3366 2316 initium
3394 2261 3496 2316 hoc

1922 2361 2024 2418 est,
2054 2353 2208 2408 Nulla
2257 2353 2493 2407 deterior
2529 2354 2787 2423 (egritudo
2827 2353 3077 2407 humanis
3121 2352 3312 2407 animis
3339 2367 3495 2421 quam

1923 2444 2242 2512 ignorantia.
2268 2443 2334 2497 Et
2352 2445 2511 2514 paulo
2538 2451 2660 2513 post
2684 2463 2695 2498 :
2724 2441 2750 2481 ἀ
2780 2443 2883 2499 Ista
2904 2451 3083 2499 autem
3111 2443 3313 2499 faciunt
3332 2444 3495 2498 Deum

1923 2534 2213 2589 secundum
2243 2542 2365 2603 post
2390 2534 2600 2588 beatam
2629 2533 2869 2600 Mariam,
2901 2551 3019 2589 cum
3042 2542 3267 2589 matrem
3290 2543 3496 2604 tempo-

1922 2623 2091 2678 ralem
2146 2624 2463 2678 creatricem
2517 2632 2817 2693 temporum
2873 2624 3137 2678 Deitatem
3192 2624 3495 2692 assignant;

1923 2714 2088 2768 immo
2116 2730 2217 2768 nec
2242 2722 2467 2768 matrem
2493 2712 2689 2769 Christi
2718 2729 2836 2769 eam
2867 2729 2985 2769 esse
3015 2715 3349 2784 permittunt,
3380 2728 3498 2782 qua:

1924 2811 1980 2859 et
1999 2802 2333 2882 Χριστοτόκος
2373 2812 2473 2859 est.
2505 2804 2654 2870 Nam,
2680 2804 2818 2859 sicut
2845 2804 2919 2858 illi
2946 2804 3113 2869 aiunt,
3140 2820 3245 2859 non
3265 2804 3497 2858 humana

1924 2903 2137 2957 natura,
2166 2894 2257 2947 sed
2287 2893 2428 2948 Deus
2460 2894 2687 2948 Verbum
2736 2895 2802 2949 ab
2851 2896 2937 2949 illa
2994 2904 3150 2950 natus
3199 2903 3298 2961 est,
3327 2903 3383 2949 et
3435 2911 3498 2949 ea

1923 2998 2041 3055 quae
2068 2984 2273 3054 peperit
2300 3000 2406 3039 non
2436 2993 2518 3038 est
2544 2993 2715 3039 mater
2741 2985 2871 3039 nati.
2911 2984 3191 3052 Quomodo
3220 2986 3360 3040 enim
3389 3000 3499 3039 ma-

1928 3083 2012 3129 ter
2040 3089 2156 3128 esse
2182 3082 2360 3144 potest
2387 3074 2547 3129 alieni
2576 3090 2605 3127 a
2636 3089 2733 3128 sua
2774 3082 2963 3128 natura
2988 3077 3011 3127 ?
3041 3073 3098 3128 Si
3126 3082 3303 3128 autem
3332 3081 3500 3149 mater

270 3179 428 3243 Deus,
456 3178 548 3247 qui
577 3178 749 3246 ipsum
780 3174 934 3228 sicuti
963 3172 1233 3226 hominem
1263 3171 1315 3224 in
1343 3178 1496 3225 utero
1525 3169 1820 3223 fabricavit.
1849 3167 1897 3233 C
1928 3171 2028 3230 est,
2058 3173 2118 3218 ut
2145 3165 2212 3219 ab
2242 3165 2370 3234 ipsis
2397 3174 2640 3228 vocatur,
2673 3164 2976 3219 humanitas
3022 3173 3106 3219 est
3147 3165 3288 3234 quod
3318 3173 3501 3218 natum

271 3301 325 3311 -
349 3268 608 3335 Serapion
629 3267 762 3320 dixit
794 3283 806 3318 :
836 3263 1068 3319 Nestorii
1096 3270 1176 3317 est
1208 3263 1308 3317 ista
1336 3261 1598 3316 doctrina.
1627 3294 1699 3304 —
1726 3261 1825 3315 Ar-

258 3360 448 3415 nobius
496 3358 665 3411 dixit:
700 3366 726 3392 ι
752 3356 1026 3410 Nestorius
1061 3370 1179 3424 qua:
1223 3355 1413 3409 asserit
1445 3369 1553 3424 pra:
1582 3354 1825 3409 manibus

256 3447 464 3512 habeo;
492 3447 533 3501 si
562 3445 751 3514 jubent
794 3443 1000 3512 judices
1043 3444 1301 3499 recitabo.
1325 3476 1396 3486 -
1421 3441 1632 3498 Judices
1676 3443 1826 3497 dixe-

254 3546 417 3593 runt:
450 3535 683 3604 Legatur
727 3535 870 3603 quod
898 3535 965 3590 ab
1010 3533 1245 3590 Arnohio
1273 3533 1524 3597 offertur,
1557 3542 1614 3587 ut
1659 3532 1828 3601 possit

260 3627 569 3696 Serapionis
594 3626 640 3679 si
668 3640 793 3679 vera
814 3633 897 3681 est
918 3624 1150 3692 objectio
1170 3624 1546 3679 demonstrari.
1585 3622 1825 3689 Cumque

260 3729 475 3788 accepta
505 3726 647 3773 esset
673 3717 910 3781 homilia,
944 3716 1010 3769 ad
1054 3715 1230 3770 locum
1262 3716 1400 3770 lecta
1446 3721 1528 3769 est
1565 3715 1634 3767 ita
1667 3733 1679 3766 :
1710 3714 1826 3767 Non

259 3813 464 3883 peperit
490 3811 821 3866 sanctissima
854 3808 1018 3863 Maria
1041 3807 1325 3868 Deitatem,
1345 3823 1467 3861 nam
1488 3806 1621 3877 quod
1650 3815 1827 3859 natum

260 3912 331 3957 est
351 3901 417 3955 de
444 3918 619 3967 carne,
650 3917 774 3954 caro
798 3908 873 3953 est
904 3897 1083 3971 (Joan.
1107 3915 1182 3960 ιιι,
1211 3896 1286 3967 6).
1312 3898 1426 3952 Non
1451 3896 1657 3966 peperit
1678 3911 1828 3950 crea-

262 4001 376 4045 tura
406 3998 704 4045 creatorem
730 4008 743 4055 ;
774 3989 866 4043 sed
894 3989 1105 4059 peperit
1132 3989 1402 4043 hominem
1426 3988 1650 4041 Deitatis
1674 3987 1698 4024 δ
1721 3988 1817 4040 mi-

262 4085 502 4137 nistrum.
536 4081 651 4135 Non
693 4081 972 4135 :editicavit
996 4080 1163 4133 Deum
1193 4078 1423 4133 Verbum
1450 4079 1679 4149 Spiritus
1706 4095 1829 4135 san-

263 4182 378 4228 ctus
407 4190 419 4225 :
466 4171 614 4237 Quod
640 4174 775 4226 enim
803 4188 867 4225 ex
900 4172 1015 4241 ipsa
1069 4180 1245 4224 natum
1273 4178 1378 4247 es},
1408 4172 1501 4234 ait,
1534 4170 1596 4224 de
1630 4169 1828 4241 Spiritu

262 4272 435 4318 sancto
463 4272 540 4318 est
566 4261 777 4335 (Matth.
810 4277 847 4326 ι,
875 4261 987 4330 20).
1017 4261 1127 4315 Deo
1157 4261 1337 4329 itaque
1363 4260 1543 4315 Verbo
1571 4262 1827 4330 templum

265 4369 324 4407 ex
348 4353 567 4419 Virgine
593 4351 889 4407 aediﬁcavit.
931 4349 999 4404 Et
1044 4352 1202 4422 paulo
1248 4360 1407 4421 post:
1438 4364 1459 4390 ε
1492 4351 1594 4406 Per
1632 4368 1690 4407 se
1736 4353 1827 4423 qui

266 4453 415 4499 natus
461 4453 543 4498 est
589 4442 731 4498 Deus
773 4442 828 4496 in
855 4452 1010 4497 utero
1057 4443 1196 4498 Deus
1222 4452 1322 4497 est.
1355 4442 1423 4496 Et
1468 4445 1627 4513 paulo
1654 4453 1777 4515 post
1809 4464 1821 4499 :

1924 3264 2007 3312 est
2027 3297 2042 3321 ,
2085 3264 2140 3310 et
2165 3272 2274 3310 non
2303 3256 2499 3310 Deitas.
2532 3254 2812 3326 Proprium
2844 3265 2925 3310 est
2953 3258 3095 3311 enim
3123 3272 3314 3325 parere
3342 3257 3499 3309 matri

1924 3347 2171 3401 essentiae
2189 3360 2298 3399 suae
2317 3346 2541 3400 similem
2564 3364 2578 3399 :
2606 3355 2696 3400 aut
2717 3348 2859 3400 enim
2881 3362 2986 3400 non
3009 3347 3111 3400 erit
3132 3354 3321 3409 mater,
3345 3348 3389 3400 si
3415 3361 3502 3401 es-

1923 3439 2109 3492 sentia:
2137 3453 2245 3491 suae
2272 3437 2495 3491 similem
2527 3453 2632 3491 non
2662 3439 2963 3506 pepererit;
2995 3424 3088 3493 aut
3114 3440 3157 3493 si
3184 3448 3359 3494 mater
3386 3447 3496 3503 est,

1924 3531 2168 3585 essentia:
2189 3544 2297 3585 sua:
2337 3528 2563 3583 similem
2592 3530 2815 3599 peperit.
2862 3528 2991 3583 Item
3023 3538 3144 3599 post
3171 3530 3273 3583 alia
3309 3549 3321 3582 :
3354 3530 3498 3583 Deus

1925 3623 2066 3678 enim
2094 3623 2355 3678 mensium
2384 3631 2438 3679 et
2459 3633 2670 3680 creator
2698 3632 2797 3687 est,
2822 3632 2876 3678 et
2904 3639 3010 3678 non
3031 3624 3292 3677 mensium
3314 3633 3499 3692 partus
3546 3622 3549 3623 ⁷

1927 3725 2035 3782 est;
2059 3716 2346 3772 fabricator
2373 3725 2571 3773 sancta:
2599 3717 2777 3771 Maria:
2808 3733 2912 3771 non
2938 3724 3123 3786 postea
3145 3732 3210 3771 ex
3230 3715 3430 3785 Spiritu
3446 3715 3500 3771 in

1926 3807 2041 3876 ipsa
2072 3806 2373 3862 fabricatus.
2406 3806 2511 3862 Sed
2532 3810 2648 3863 sine
2674 3824 2793 3862 mea
2824 3808 3065 3863 doctrina
3104 3809 3225 3863 audi
3252 3808 3497 3876 angelum

1927 3896 1995 3950 ad
2024 3896 2195 3967 ipsum
2216 3896 2414 3966 Ioseph
2443 3898 2707 3953 dicentem
2735 3917 2747 3950 :
2773 3900 2961 3966 Accipe
2987 3915 3199 3970 puerum
3219 3907 3268 3952 et
3286 3907 3500 3951 matrem

1927 3989 2039 4056 ejus
2071 3984 2290 4055 (Matth.
2320 4004 2375 4052 ιι,
2404 3987 2543 4051 l3).e
2565 3988 2730 4056 Igitur
2757 3990 2908 4059 pueri
2936 3989 3087 4054 dixit,
3121 4004 3225 4042 non
3255 3988 3497 4043 Deitatis.

1928 4082 2060 4137 Item
2089 4080 2345 4151 posthaec
2375 4096 2386 4131 :
2417 4078 2507 4133 Vis
2527 4079 2623 4133 tibi
2643 4080 2764 4133 addi
2790 4079 3080 4135 secundum
3105 4079 3501 4136 testimonium?

1930 4172 2181 4244 Completi
2202 4178 2320 4225 sunt
2348 4172 2522 4234 itaque
2544 4170 2657 4222 dies
2694 4177 2751 4221 ut
2777 4177 3003 4239 pareret,
3033 4176 3084 4221 et
3108 4170 3309 4238 peperit
3339 4168 3502 4236 ﬁlium

1929 4283 2075 4321 suum
2120 4262 2519 4333 primogenitum
2562 4258 2790 4329 (Luc.tt,
2813 4260 2867 4324 6,
2892 4262 2966 4328 7).
2991 4259 3130 4313 Ecce
3144 4259 3310 4313 habes
3351 4257 3503 4326 Cujus

1928 4363 2100 4410 mater
2124 4353 2221 4408 fuit
2244 4351 2600 4429 χριστοτὸκος,
2630 4348 2684 4402 id
2708 4358 2807 4411 est,
2833 4347 2985 4416 pueri
3015 4355 3205 4407 mater,
3229 4361 3386 4417 quem
3411 4362 3502 4417 pe-

1927 4448 2069 4519 perit
2088 4443 2276 4508 Maria,
2305 4457 2414 4495 non
2442 4438 2696 4505 Deitatis,
2719 4452 2835 4507 qua:
2864 4438 3042 4492 omnia
3068 4437 3501 4505 circumstringit.

1424 4574 1534 4629 FR.
1576 4576 2051 4634 FEU-ARDENTII
2087 4575 2317 4632 NOTIE.

331 4695 355 4723 ι
380 4682 1454 4759 Nestoriumcertepolygraphum‘fuisse
1497 4702 1604 4741 non
1645 4703 1710 4742 ex
1748 4689 1830 4743 his
1854 4693 1907 4752 ἵ)
1932 4690 2178 4756 difficile;
2208 4696 2268 4743 ut
2297 4690 2544 4743 nimirum
2573 4689 2647 4741 ita
2691 4686 2925 4755 legatur,
2950 4690 3036 4759 qui
3064 4691 3117 4743 in
3164 4698 3307 4751 uterp
3350 4699 3504 4743 natus

266 4756 517 4811 duntaxat
561 4756 629 4825 ab
676 4755 1134 4825 Arnohiodcitatis
1181 4755 1312 4808 locis
1357 4766 1610 4825 apparet,
1646 4775 1829 4813 verum

267 4827 419 4880 etiam
459 4840 527 4879 ex
564 4823 844 4892 Nicephori
891 4823 982 4876 lib.
1014 4839 1120 4888 xtv,
1166 4840 1283 4893 cap.
1334 4823 1437 4888 56,»
1466 4826 1699 4881 Socratis
1738 4830 1826 4882 lib.

268 4910 350 4965 vn,
374 4913 421 4951 c.
447 4895 535 4957 39.,
556 4902 611 4947 et
633 4894 776 4947 Actis
795 4893 974 4960 magni
1003 4895 1210 4947 concilii
1242 4894 1515 4963 Ephesini,
1533 4900 1617 4951 ubi
1634 4901 1830 4965 scripta

268 4964 376 5032 ejus
404 4974 908 5027 commemorantur,
946 4979 1063 5032 qum
1099 4965 1346 5017 laudabili
1375 4976 1615 5020 veterum
1654 4964 1831 5021 studio

269 5036 546 5103 divinaque
573 5033 928 5103 providentia,
954 5041 1011 5085 ut
1038 5042 1092 5087 et
1114 5034 1336 5087 aliorum
1360 5036 1831 5090 hmresiarcharum

270 5112 625 5168 monumenta,
651 5103 937 5173 perierunt.

338 5174 362 5244 β
392 5174 556 5244 Vetus
595 5175 784 5235 codex,
817 5173 1173 5244 ministerium.
1212 5173 1411 5228 Ibidem
1440 5190 1538 5244 pro
1571 5192 1671 5229 non
1701 5192 1829 5231 con-

272 5242 509 5312 diﬁcavit,
539 5243 762 5310 legimus
790 5241 1213 5312 nonhwdiﬁcavit.

344 5329 361 5350 τ
393 5312 450 5365 In
481 5312 626 5367 Actis
654 5313 864 5382 concilii
889 5310 1140 5379 Ephesini
1174 5314 1363 5380 legitur
1389 5332 1400 5366 :
1434 5312 1556 5367 Non
1583 5331 1672 5382 per
1699 5332 1754 5369 se
1781 5325 1832 5369 et

271 5382 540 5453 secundum
581 5399 636 5435 se
668 5381 804 5435 Deus
831 5389 925 5444 est,
956 5382 1090 5451 quod
1117 5383 1171 5453 iu
1217 5393 1362 5437 utero
1409 5381 1682 5453 formatum
1732 5394 1828 5438 est.

276 5449 392 5503 Non
422 5467 513 5521 per
538 5468 591 5505 se
617 5462 667 5505 et
695 5449 976 5505 secundum
1018 5468 1087 5523 se
1120 5451 1261 5507 Deus
1288 5462 1382 5515 est,
1409 5449 1557 5523 'quod
1601 5455 1829 5522 Spiritus

274 5525 430 5591 sancti
459 5536 612 5590 Opera
637 5523 870 5590 e/fectum
909 5532 1004 5574 est.
1035 5521 1087 5574 Ν
1092 5538 1158 5575 an
1187 5540 1278 5591 per
1305 5540 1360 5576 se
1386 5521 1443 5575 et
1475 5524 1750 5576 secundum
1778 5541 1833 5576 se

278 5587 408 5643 Deus
434 5587 528 5663 est,
555 5587 690 5663 quod
709 5595 760 5645 in
789 5600 1112 5663 metmmento
1134 5587 1392 5646 cenditum
1413 5601 1507 5655 est,
1525 5604 1624 5647 etc.
1655 5593 1825 5663 (Tom.

276 5673 328 5721 ιι,
357 5676 403 5732 (ξ.
436 5661 487 5722 7,
513 5660 659 5713 novat
687 5664 860 5721 odim.
890 5660 963 5713 Ex
992 5664 1185 5727 quibus
1223 5665 1395 5718 locum
1434 5665 1573 5716 hunc
1613 5660 1829 5716 Arnubii

278 5737 455 5783 nostro
508 5742 677 5785 vetere
722 5733 904 5785 codice
955 5743 1262 5803 corruptum
1293 5738 1574 5787 emendare
1618 5744 1831 5787 nonest

1929 4770 2022 4825 est,
2052 4779 2144 4825 per
2171 4778 2225 4815 se
2250 4759 2390 4813 Deus
2418 4773 2518 4811 non
2536 4766 2666 4822 erat,
2696 4766 2800 4811 etc.

2004 4832 2027 4867 ιι
2055 4827 2303 4885 Fortasse
2344 4832 2431 4883 isti
2474 4827 2665 4881 melius
2718 4828 3001 4893 legeretur.
3045 4827 3315 4881 Invehitur
3359 4830 3501 4885 enim

1932 4900 1986 4953 in
2039 4900 2223 4968 Patres
2276 4898 2622 4968 orthodoxos,
2661 4896 2992 4968 eisdemque
3023 4899 3190 4951 multa
3240 4899 3497 4968 imponit,

1932 4978 1992 5023 ut
2027 4984 2094 5023 ex
2131 4967 2365 5036 ejusdem
2408 4966 2619 5037 concilii
2665 4964 2918 5034 Ephesini
2966 4964 3113 5020 Actis
3162 4964 3498 5037 perspicitur.

1932 5039 2011 5093 Ita
2056 5038 2231 5091 forsan
2260 5045 2315 5089 et
2345 5036 2676 5091 commodius
2705 5037 2861 5104 paulo
2910 5044 3031 5105 post
3068 5036 3358 5104 legeretur,
3388 5056 3501 5091 cum

1930 5116 2146 5163 matrem
2175 5107 2503 5175 temporalem
2546 5108 2776 5160 Creatori
2805 5116 3090 5176 temporum
3114 5116 3164 5161 et
3191 5106 3386 5161 Deitati
3411 5126 3489 5161 asc

1932 5187 2182 5301 "gilii;
2208 5245 2369 5315 paulo
2398 5244 2563 5316 fusius
2590 5244 2822 5316 citantur
2844 5247 2894 5299 in
2922 5263 3074 5302 conc.
3114 5246 3403 5316 Ephesino,
3436 5263 3503 5301 cx

1933 5315 2163 5387 Nestorii
2210 5312 2568 5385 quaternione
2612 5312 2700 5377 9|,
2744 5312 3199 5387 siczAngelorum
3244 5331 3340 5369 vox
3384 5324 3501 5369 est:

1934 5385 2120 5456 Surge,
2143 5392 2192 5456 et
2212 5387 2388 5455 accipe
2413 5400 2644 5454 puerum,
2673 5392 2949 5456 etmatrem
2974 5385 3110 5455 ejus.
3136 5386 3290 5456 Atqui
3311 5396 3503 5438 certum

1932 5465 2008 5508 est
2044 5454 2386 5524 archangelos
2435 5454 2721 5525 nativitatis
2761 5454 3056 5525 mysterium
3102 5464 3165 5525 te,
3188 5454 3341 5525 longe
3377 5470 3504 5507 eata-

1932 5526 2060 5577 ctius
2081 5527 2430 5594 perspexisse;
2458 5540 2620 5591 neque
2643 5524 2695 5575 hi
2721 5530 2888 5594 tamen
2908 5524 3111 5594 dicunt,
3133 5524 3319 5594 Surge,
3343 5535 3391 5576 et
3415 5540 3504 5577 αε-

1932 5542 2060 5577 crtus
2116 5542 2430 5593 erspexisse;
2458 5542 2620 5591 neque
2643 5542 2695 5575 ut
2721 5542 2888 5576 tamen
2915 5542 3111 5585 meum,
3133 5542 3319 5594 Surge,
3343 5542 3391 5576 et
3415 5542 3504 5577 πη

1930 5597 2041 5662 cipe
2066 5542 2248 5657 genus,
2278 5603 2325 5646 et
2353 5594 2735 5664 malrent_ejtts;
2762 5593 2868 5654 sed,
2892 5592 3077 5664 Surge,
3104 5600 3151 5645 et
3179 5595 3352 5664 accipe
3376 5610 3506 5664 pue-

1930 5682 2040 5717 rum
2080 5673 2129 5716 ct
2156 5672 2372 5717 matrem
2400 5665 2509 5735 ejus
2539 5662 2706 5733 (Tam.
2734 5678 2789 5720 ιι,
2811 5678 2856 5715 ιτ.
2884 5662 2957 5730 8).
