3936 6176
1767 294 2037 355 susurru
2075 277 2379 354 JUNIOBIS
3578 290 3663 351 ut

1367 408 1613 466 Videam
1665 418 1837 465 autem
1882 411 2026 483 magi
2052 414 2104 474 Α
2130 419 2217 465 cat
2258 428 2270 463 :
2321 407 2447 464 Non
2499 409 2741 465 erubesco
2803 407 3175 483 anngelium;
3220 410 3372 465 virtus
3420 414 3545 467 enim
3584 413 3664 469 Dei

2132 503 2187 557 in
2219 500 2440 556 salutem
2477 509 2556 557 est
2592 503 2734 557 omni
2771 501 2999 558 credenti
3047 501 3221 574 (Rom.
3253 518 3287 569 I,
3319 501 3422 574 lli).
3461 504 3534 559 ’l‘u
3556 518 3666 575 ergo

2131 611 2253 651 eum
2284 597 2555 652 erubescis
2583 597 2689 652 hoc
2716 595 2939 652 credere
2987 596 3266 651 Dominum
3284 637 3297 658 ,
3326 611 3475 667 quem
3522 597 3665 656 Deum

2130 686 2512 756 impassibilem
2542 687 2728 742 volens
2761 686 3066 751 ostendere,
3099 686 3428 742 liberatorem
3456 696 3667 746 nostrum

2129 778 2302 833 solum
2332 777 2605 832 hominem
2628 778 2886 847 assignas.
2920 775 3073 833 Unde
3105 792 3318 833 necesse
3342 786 3421 833 est
3443 779 3561 834 mihi
3598 780 3668 835 in-

2129 876 2404 938 terrogare
2425 876 2479 925 te
2506 887 2519 922 :
2544 868 2674 936 Quis
2693 878 2777 925 est
2802 870 2892 939 qui
2922 884 3021 939 pro
3059 868 3211 924 nobis
3229 884 3410 939 passus
3433 880 3526 935 est,
3547 870 3707 1001 Deusf

2131 977 2196 1001 an
2243 963 2447 1001 hnmn?
2472 995 2544 1001 _
2573 962 2832 1001 Arnnixinc
2878 958 3008 1001 divit
3046 980 3058 993 ο
3092 960 3155 1001 Et
3206 962 3364 1001 hnmn
3410 970 3552 1001 nstin
3595 970 3665 1001 ac!

2129 977 2198 1018 an
2243 963 2447 1017 homo?
2472 962 2833 1018 —-Arnobius
2878 958 3058 1017 dixit:
3092 960 3157 1016 Et
3206 962 3364 1017 homo
3409 970 3553 1018 natus
3595 970 3667 1019 est

2127 1055 2289 1119 Deus;
2321 1065 2376 1110 et
2402 1055 2565 1111 homo
2585 1071 2775 1126 passus
2802 1062 2902 1111 est.
2920 1088 2990 1099 ——
3010 1054 3268 1125 Serapion
3283 1055 3408 1111 dixit
3436 1071 3451 1109 :
3475 1055 3536 1110 Et
3552 1071 3669 1125 quo-

2127 1147 2290 1203 modo
2319 1143 2702 1218 impassibilem
2725 1144 2892 1203 Deum
2924 1144 3018 1202 Dei
3047 1144 3236 1202 Filium
3266 1163 3294 1202 a
3322 1147 3553 1218 passione
3579 1148 3667 1203 bu-

2126 1234 2402 1295 manitatis
2427 1245 2743 1293 extraneum
2771 1237 2987 1294 reddis?
3006 1271 3077 1281 —
3096 1234 3357 1294 Arnobius
3379 1238 3505 1293 dixit
3529 1257 3541 1291 :
3568 1235 3669 1294 Sic-

2125 1336 2185 1384 ut
2216 1338 2373 1385 natus
2397 1336 2479 1386 est
2505 1344 2575 1385 ex
2601 1335 2865 1400 tempore,
2890 1344 3011 1385 cum
3041 1330 3112 1385 sit
3138 1338 3261 1384 ante
3289 1337 3517 1400 tempora
3538 1331 3669 1398 geni-

2125 1427 2231 1486 tus,
2261 1428 2317 1475 et
2344 1430 2521 1475 tamen
2553 1420 2694 1476 Illius
2718 1420 2951 1476 hominis
2998 1429 3100 1485 est,
3133 1420 3203 1476 ita
3233 1428 3289 1475 et
3327 1436 3446 1475 cum
3471 1420 3536 1476 sit
3561 1434 3668 1476 vero

2124 1511 2485 1583 impassibilis,
2514 1526 2642 1568 vere
2670 1527 2858 1584 passus
2878 1520 2980 1576 est,
3011 1520 3066 1567 et
3092 1527 3212 1567 cum
3239 1510 3308 1566 sit
3329 1526 3450 1566 vere
3473 1510 3668 1566 immor-

445 311 544 365 '38?

443 418 578 476 Audi
608 428 665 473 ct
694 417 837 473 aliud
886 414 1250 471 testimonium
1301 430 1312 465 :

441 511 665 573 atellam,
698 510 860 582 gavisi
888 514 1009 562 sunt
1039 504 1231 579 gaudio
1269 520 1462 577 magno
1489 501 1659 569 ualde,
1682 510 1733 558 et
1767 503 2028 557 intrantes

440 603 648 657 domum
696 602 1001 655 invenerunt
1048 611 1264 667 puerum
1317 611 1433 648 cum
1480 591 1656 648 Maria
1703 600 1870 647 matre
1914 592 2026 664 ejus

443 690 1170 765 (Matth.n,I0.II).Ubique
1196 686 1346 757 pueri
1395 695 1588 751 mater,
1632 701 1738 740 non
1777 685 2022 749 Deitatis,

440 783 602 852 Virgo
625 780 965 853 praedicatur.
1002 789 1024 812 ε·
1052 776 1188 844 Quid
1220 777 1378 845 igitur
1407 776 1625 831 ordinas
1653 790 1872 830 carnem
1911 790 2043 830 ma»-

436 882 572 928 trem
601 870 857 925 Deitatis?
877 868 946 923 Et
967 869 1127 939 paulo
1149 876 1271 938 post
1294 885 1306 919 ε
1340 864 1543 935 Virgini
1561 869 1881 943 Χριστοτόκῳ
1897 883 2021 922 con-

436 963 553 1032 tigit
588 978 779 1033 parere
815 962 1233 1035 humanitatem,
1272 957 1366 1014 Dei
1402 959 1567 1015 verbo
1602 959 1825 1014 Deitatis
1863 959 2010 1013 mini.

432 1056 678 1110 sterium.
691 1053 840 1107 —Et
859 1068 980 1107 cum
1004 1052 1205 1120 legeret
1224 1049 1340 1105 lucc
1357 1051 1565 1118 judices
1585 1050 1867 1105 dixerunt:
1888 1049 2027 1106 Hac-

431 1156 590 1203 tenus
618 1146 850 1202 Nestorii
884 1145 1025 1201 dicta
1058 1143 1325 1199 sul'liciant
1358 1156 1370 1196 :
1413 1141 1545 1212 quid
1580 1142 1645 1197 ad
1683 1141 1797 1197 hrcc
1830 1142 2025 1197 sentiat

431 1238 715 1308 Serapion,
735 1236 953 1307 pandat.

500 1329 614 1386 XII.
642 1360 710 1371 -
734 1329 996 1399 Serapion
1024 1327 1305 1399 respondit
1329 1346 1342 1381 :
1374 1324 1433 1382 Si
1463 1326 1537 1381 ita
1563 1340 1672 1381 non
1697 1326 1892 1390 sentit,
1923 1341 2024 1381 nec

426 1423 599 1478 credit
626 1420 912 1484 Arnobius,
943 1436 1109 1490 quare
1133 1418 1436 1488 frequentat
1460 1417 1798 1493 Χριστςιτρκον
1819 1425 1872 1473 ει
1902 1427 2023 1474 Θεο-

426 1516 575 1571 τὸκον
588 1515 612 1544 ⁴²
630 1546 703 1558 --
723 1514 992 1569 Arnobius
1011 1512 1147 1568 dixit
1172 1530 1185 1566 :
1210 1510 1265 1567 Si
1288 1513 1620 1588 Χριστοτόκον
1640 1510 1782 1575 dico,
1807 1519 1863 1566 et
1884 1526 2023 1582 nego

426 1607 689 1669 Θιοτόκον,
722 1604 748 1643 δ
779 1613 926 1660 recte
950 1604 1131 1673 arguis
1152 1618 1238 1659 me
1260 1603 1657 1669 Nestorianum,
1682 1603 1763 1658 vel
1786 1618 1882 1673 per
1905 1603 2022 1659 leve
2121 1602 2264 1668 talis,
2295 1617 2422 1657 vere
2450 1610 2694 1657 mortuus
2748 1609 2830 1658 est
2879 1617 3001 1657 cum
3054 1601 3289 1673 ρειεείὺίιί
3317 1616 3430 1657 ευο.
3458 1599 3669 1655 Monum

426 1698 785 1753 accusationis
814 1705 919 1752 ture
945 1697 1228 1765 vestigium
1274 1696 1498 1751 forsitan
1547 1696 1836 1752 accusaris.
1870 1695 2023 1754 Nunc
2121 1700 2198 1771 est
2226 1693 2367 1748 enim
2395 1709 2462 1746 ex
2486 1692 2797 1763 inﬁrmitate
2824 1701 3024 1757 nostra,
3051 1692 3146 1746 sed
3165 1693 3279 1746 vivit
3306 1707 3371 1746 ea:
3393 1693 3567 1746 virtute
3588 1688 3669 1745 Dei

426 1801 556 1844 vero
588 1797 729 1842 totus
757 1786 1083 1842 defensionis
1109 1803 1244 1842 mea:
1270 1802 1459 1842 cursus
1498 1787 1777 1857 impugnat
1815 1801 2022 1857 negan-
2056 1788 2097 1845 Β
2128 1782 2193 1853 (ΙΙ
2220 1781 2342 1838 Cor.
2375 1798 2488 1848 xm,
2518 1781 2595 1852 4).
2629 1782 2872 1838 Humana
2901 1783 3041 1838 enim
3070 1782 3389 1852 possibilitas
3416 1782 3479 1836 ab
3504 1796 3565 1837 co
3590 1779 3668 1850 qui

427 1888 535 1936 tem
566 1881 809 1936 Θιοτόκον
849 1878 1103 1944 Mariam;
1126 1888 1182 1934 et
1210 1886 1267 1933 tu
1294 1893 1505 1933 meeum
1526 1877 1831 1933 Nestorium
1860 1877 2013 1933 dam-

426 1989 545 2037 nas,
567 1988 687 2027 cnm
711 1987 797 2027 me
818 1980 993 2027 tecum
1016 1980 1330 2026 exsecretur
1349 1969 1643 2027 Nestorius.
1661 2002 1732 2013 —
1751 1969 2016 2039 Serapion

423 2064 562 2117 dixit
586 2080 599 2116 :
631 2061 736 2116 Pro
758 2077 863 2132 qua
888 2076 946 2116 re
968 2076 1052 2115 me
1077 2069 1252 2116 tecum
1277 2070 1592 2116 exsecratur
1612 2059 1892 2116 Nestorius
1908 2062 1932 2115 ?
1946 2094 2018 2105 -

423 2155 693 2209 Arnobius
712 2154 883 2209 dixit:
914 2151 1019 2207 Pro
1048 2168 1116 2208 eo
1144 2151 1286 2221 quod
1310 2161 1488 2206 tecum
1526 2161 1766 2207 sanctam
1793 2150 2015 2208 Mariam

422 2248 658 2305 Θιοτόκον
688 2261 793 2300 non
825 2258 983 2314 nego.
1014 2277 1086 2288 —
1114 2243 1379 2314 Serapion
1408 2243 1543 2299 dixit
1577 2261 1590 2296 :
1636 2242 1899 2299 Sermone
1929 2259 2017 2299 ar-

423 2337 783 2408 gumentando
804 2338 1048 2394 Ozo'réxov
1073 2336 1163 2407 qui
1189 2334 1485 2400 conﬁteris,
1515 2336 1849 2411 Χριστοτὸκον
1871 2336 2015 2391 illam

421 2429 712 2484 asserenda
767 2429 1067 2497 impugnas.
1103 2457 1172 2467 ——
1202 2426 1472 2481 Arnobius
1515 2426 1651 2481 dixit
1682 2444 1695 2479 :
1730 2426 1810 2481 Tu
1852 2439 2016 2494 negas

422 2519 692 2578 Christum
722 2519 913 2575 Filium
944 2519 1036 2574 Dei
1066 2519 1224 2574 esse?
1269 2549 1340 2560 —
1366 2517 1629 2587 Serapion
1670 2517 1807 2572 dixit
1840 2537 1853 2572 :
1898 2518 2015 2574 Non

422 2625 560 2680 nego
588 2610 859 2667 Christum
888 2609 1080 2665 Filium
1110 2609 1238 2674 Dei;
1269 2607 1362 2664 sed
1401 2616 1455 2663 te
1490 2608 1710 2678 increpo
1738 2608 1831 2678 qui
1861 2607 2016 2663 Chri-

423 2708 565 2757 stum
594 2701 869 2756 hominem
899 2699 1114 2763 asseris,
1147 2704 1203 2753 et
1233 2713 1338 2752 non
1369 2695 1559 2752 Filium
1591 2697 1706 2751 Dei.
1738 2730 1807 2741 —
1837 2698 2013 2753 Aruo-

421 2789 544 2847 bius
586 2791 760 2846 dixit:
795 2790 1096 2858 Antequam
1136 2797 1448 2844 nasceretur
1498 2803 1563 2843 ex
1618 2786 1818 2855 Maria,
1851 2788 2015 2845 Filius

422 2880 518 2937 Dei
549 2888 675 2936 ante
706 2879 840 2934 fuit?
863 2911 935 2922 —-
959 2878 1220 2948 Serapion
1249 2877 1383 2931 dixit
1414 2896 1427 2930 :
1460 2875 1591 2943 Quis
1619 2877 1735 2932 haec
1768 2887 1789 2915 ε
1821 2887 2016 2947 pnctcr

421 2969 713 3028 Photinum
740 2971 974 3026 dixerit?
999 3003 1071 3014 —
1100 2971 1370 3028 Arnobius
1405 2971 1541 3025 dixit
1572 2988 1585 3022 :
1629 2968 1770 3038 Ergo
1801 2985 2016 3041 semper

421 3060 542 3117 fuit.
582 3095 655 3107 --
699 3058 963 3132 Serapion
1011 3062 1189 3117 dixit:
1222 3060 1450 3132 Semper
1491 3062 1609 3116 fuit.
1647 3093 1721 3103 —
1747 3062 2014 3120 Arnobius

2124 1876 2466 1946 impassibilis
2495 1885 2796 1947 permanet,
2830 1876 2903 1931 ita
2932 1886 3179 1947 suscepta
3207 1886 3309 1942 est,
3337 1886 3393 1931 ut
3415 1892 3528 1932 cum
3571 1876 3670 1946 ipso

2121 1979 2265 2026 esset
2281 1970 2497 2039 quando
2518 1978 2832 2040 conceptus,
2855 1973 3070 2039 quando
3091 1978 3265 2033 natus,
3288 1968 3493 2039 quando
3516 1966 3670 2038 bapti-

2119 2072 2289 2128 zatus,
2320 2062 2537 2132 quando
2569 2071 2822 2126 tentatus,
2864 2062 3080 2132 quando
3108 2064 3455 2127 venundatus,
3483 2058 3673 2131 quando

2118 2153 2364 2216 traditus,
2386 2153 2603 2223 quando
2626 2153 2829 2219 irrisus,
2853 2154 3068 2224 quando
3088 2154 3463 2224 colaphizalns,
3485 2149 3674 2223 quando

2120 2245 2288 2316 spinis
2311 2255 2618 2308 coronatus,
2649 2244 2864 2314 quando
2895 2244 3016 2300 felle
3062 2244 3291 2308 cibatus,
3335 2252 3388 2299 ct
3414 2251 3556 2297 aceto
3589 2255 3676 2312 po-

2122 2346 2281 2403 tatus,
2312 2337 2527 2406 quando
2556 2337 2843 2393 crueilixus
2865 2345 2967 2401 est,
2991 2346 3046 2392 et
3072 2347 3337 2402 mortuus,
3362 2346 3412 2391 et
3439 2335 3672 2405 sepultus.

2120 2425 2244 2482 Non
2287 2428 2429 2483 enim
2459 2428 2728 2498 dereliquit
2758 2445 2872 2482 eum
2901 2429 2954 2482 in
2985 2429 3217 2499 inferno,
3246 2444 3338 2482 nec
3382 2426 3514 2482 dedit
3562 2440 3670 2479 san-

2118 2528 2255 2573 ctum
2304 2535 2452 2574 tutan
2503 2519 2676 2573 videre
2729 2521 3115 2590 corruptionem
3149 2518 3265 2579 (Ps.
3311 2535 3397 2581 xv,
3427 2516 3527 2588 ω).
3557 2515 3673 2570 Cum

2119 2611 2236 2682 ipso
2264 2611 2425 2666 etiam
2458 2612 2613 2666 tertia
2638 2610 2725 2666 die
2754 2612 3046 2666 resurrexit
3076 2626 3106 2665 a
3150 2611 3402 2676 mortuis,
3431 2627 3543 2666 cum
3571 2608 3672 2679 ipso

2118 2702 2356 2758 ascendit
2380 2702 2431 2759 in
2454 2703 2642 2768 cmlos,
2666 2719 2786 2758 cmn
2820 2703 2935 2772 ipso
2957 2702 3107 2758 sc-Iet
3126 2702 3193 2756 ad
3211 2702 3477 2757 dexteram
3499 2698 3670 2764 Panas,

2118 2808 2239 2849 cum
2271 2809 2337 2849 co
2366 2802 2624 2848 venturus
2657 2802 2739 2847 est
2783 2791 2967 2861 judex.
3001 2791 3277 2862 Siquidem
3322 2792 3563 2863 apostolis
3586 2806 3674 2844 au-

2117 2887 2219 2955 geli
2252 2886 2303 2940 in
2335 2887 2465 2941 hora
2494 2884 2825 2942 ascensionis
2851 2886 3099 2941 dixerunt
3127 2904 3140 2939 :
3170 2884 3272 2940 llic
3298 2885 3468 2949 Iesus,
3495 2884 3572 2955 qui
3597 2899 3675 2935 as-

2115 2987 2349 3048 sumptus
2374 2988 2450 3033 est
2478 2995 2510 3032 a
2537 2978 2678 3033 vobis
2718 2979 2772 3033 in
2823 2981 3039 3045 C(t’lttm,
3071 2978 3147 3032 sic
3175 2978 3372 3044 veniet,
3404 2987 3502 3034 etc.
3543 2975 3680 3047 (Act.

2116 3086 2154 3134 I,
2187 3069 2304 3136 il).

422 3154 559 3211 dixit
584 3172 597 3207 :
631 3153 763 3222 Quis
789 3163 873 3209 est
894 3154 1015 3216 iste,
1033 3154 1124 3223 qui
1151 3163 1313 3209 natus
1335 3155 1450 3209 est?
1469 3186 1540 3197 —
1559 3152 1819 3223 Serapion
1840 3155 1974 3210 dixit
1997 3174 2009 3210 :
2042 3162 2088 3225 C
2190 3160 2323 3216 XIII.
2354 3194 2427 3204 —
2452 3159 2711 3230 Serapion
2742 3159 2878 3216 dixit
2906 3179 2918 3215 :
2952 3158 3008 3215 In
3036 3175 3104 3215 co
3126 3154 3308 3232 magis
3335 3159 3677 3216 Nestoriamnu

422 3245 542 3318 ipse
564 3249 655 3317 qui
685 3262 899 3318 seraper
923 3247 1042 3303 fuit.
1072 3280 1144 3290 —
1172 3246 1444 3303 Arnobius
1467 3246 1639 3303 dixit:
1672 3246 1773 3315 Qui
1803 3264 2016 3320 semper

421 3337 521 3392 fuit
549 3354 716 3410 purus
744 3346 900 3394 natus
942 3346 1045 3399 est,
1076 3346 1169 3394 aut
1194 3354 1318 3394 cum
1344 3338 1581 3404 homine,
1613 3347 1708 3394 aut
1734 3347 1886 3395 extra
1916 3340 2015 3396 ho-

421 3429 622 3487 minem
641 3470 657 3496 ,
685 3437 777 3485 aut
805 3446 902 3502 per
927 3430 1235 3486 hominem?
1275 3462 1349 3472 —
1373 3430 1635 3502 Serapion
1685 3431 1820 3487 dixit
1852 3450 1864 3484 :
1897 3431 2013 3489 Non

423 3520 519 3575 tibi
544 3521 675 3586 dixi,
707 3523 830 3591 quia
871 3521 1143 3585 hominem
1197 3521 1277 3576 vis
1323 3521 1629 3577 ostendere.
1656 3523 2017 3579 —Arnobins

421 3612 560 3669 dixit
584 3632 596 3667 :
626 3612 681 3669 Si
712 3614 983 3670 hominem
1015 3614 1344 3679 dicerem,et
1362 3629 1472 3687 non
1501 3613 1658 3668 simul
1686 3613 1875 3677 Deum,
1897 3618 2017 3670 sine

422 3703 780 3760 diminutione
829 3705 1108 3760 Dealitatis
1162 3720 1272 3760 suae
1320 3705 1474 3760 simul
1507 3714 1690 3759 uatmn
1741 3721 2012 3775 negarent,

423 3805 571 3850 recte
602 3794 701 3849 ista
731 3810 1053 3865 opponeres.
1080 3828 1151 3839 —
1170 3793 1433 3865 Serapion
1464 3794 1741 3864 respondit
1768 3814 1780 3849 :
1816 3795 2018 3853 Erube-

423 3885 532 3941 seis
555 3884 724 3940 Deum
753 3895 956 3950 natum,
986 3886 1155 3942 Deum
1177 3894 1463 3954 tentatum,
1494 3886 1660 3942 Deum
1682 3886 2012 3955 crucifixum,

423 3985 697 4035 mortuum
738 3987 795 4035 et
841 3980 1111 4050 sepultum
1161 3980 1372 4048 dicere,
1422 3996 1544 4037 cum
1591 3989 1648 4036 et
1689 3980 1888 4038 Paulus
1932 3984 2014 4039 di-

2123 3261 2177 3307 te
2200 3251 2494 3320 justissima
2525 3251 2775 3307 cxislitno
2807 3251 3042 3315 ratione,
3072 3252 3220 3321 (procl
3268 3251 3429 3306 libros
3473 3245 3677 3304 Nestorii

2123 3342 2522 3407 circumferens,
2549 3341 2573 3380 ἀ
2604 3343 2662 3397 S.
2688 3340 2871 3414 Cyrilli
2902 3343 3162 3412 episcopi,
3184 3344 3278 3413 qni
3307 3353 3489 3399 contra
3518 3339 3679 3396 Nestoo

2124 3436 2262 3490 rium
2294 3434 2518 3504 plurima
2541 3433 2806 3490 catholico
2829 3448 3080 3489 sermone
3100 3434 3335 3505 scripsit,
3363 3433 3486 3488 nihil
3506 3443 3680 3487 memo-

2124 3524 2345 3579 ravcris.
2371 3556 2441 3566 -ι
2462 3522 2733 3577 Arnobius
2753 3522 2887 3576 dixit
2913 3540 2925 3574 :
2957 3520 3171 3577 Gratias
3196 3524 3293 3580 tibi
3316 3538 3435 3593 ago,
3465 3521 3679 3591 omnipo-

2126 3620 2245 3667 tens
2274 3613 2435 3677 Deus,
2464 3611 2608 3680 qmni
2653 3627 2718 3665 ex
2749 3626 2844 3666 ore
2872 3610 3186 3682 Serapionis
3217 3614 3493 3669 victoriato
3519 3620 3680 3682 protu-

2118 3703 2246 3759 listi.
2278 3737 2350 3746 —-
2372 3702 2589 3757 Judices
2617 3701 2869 3757 dixerunt
2894 3720 2906 3755 :
2934 3702 2990 3757 In
3021 3719 3128 3773 quo
3149 3719 3401 3760 sermone
3429 3704 3516 3759 tibi
3546 3713 3679 3756 antu.

2119 3812 2236 3852 mas
2262 3795 2540 3851 victoriam
2570 3794 2830 3865 prolatam
2859 3796 3019 3851 esse?
3047 3826 3116 3837 —
3142 3795 3414 3853 Arnobius
3441 3796 3569 3851 dixit
3597 3791 3680 3847 :Iu

2119 3903 2227 3957 quo
2247 3888 2324 3944 ait
2355 3905 2368 3942 :
2403 3884 2462 3941 S.
2483 3886 2667 3959 Cyl-illi
2716 3887 2988 3958 episcopi,
3020 3888 3109 3957 qui
3155 3901 3349 3946 contra
3404 3886 3678 3944 Nestorium

2120 3981 2287 4037 multa
2315 3979 2585 4035 catholico
2614 3995 2863 4036 sermone
2890 3981 3119 4051 scripsit.
3154 3980 3384 4040 Constat
3408 3995 3531 4051 ergo
3557 3973 3680 4049 apud

1597 4092 1707 4148 FR.
1750 4093 2228 4150 FEU-ARDENTII
2269 4090 2496 4148 NOT/E.

493 4190 516 4219 ⁸
546 4179 893 4255 Commodius
913 4180 1052 4255 forte
1073 4181 1361 4255 legeretur,
1392 4180 1531 4255 Quid
1555 4183 1713 4255 igitur
1740 4184 2001 4238 carnalem

421 4262 635 4325 matrem
671 4254 927 4325 efﬁngitis
956 4251 1198 4308 Deitati?
1237 4253 1303 4308 Et
1340 4254 1501 4325 paulo
1542 4251 1682 4321 post,
1727 4257 2004 4325 nou‘male

420 4321 959 4390 legeretur,"l)éitatis
1006 4326 1316 4389 ministrum,
1344 4321 1423 4377 rei
1452 4325 1762 4377 ministrant.
1814 4322 2006 4377 Nesto-

421 4393 533 4447 rius
584 4409 813 4463 namque
868 4393 1138 4448 Christum
1179 4395 1448 4448 hominem
1496 4393 1751 4448 censebat
1800 4402 2005 4448 tantum

420 4478 538 4518 esse
563 4462 785 4517 Deitatis
813 4464 1099 4517 ascititium
1131 4464 1464 4526 ministrum,
1496 4471 1589 4516 aut
1607 4464 2002 4532 cooperarinm,

420 4542 479 4587 ut
507 4548 573 4588 ex
604 4533 842 4601 ejusdem
872 4534 1047 4587 verbis
1071 4534 1122 4588 ia
1153 4535 1384 4590 concilio
1412 4533 1592 4587 citatis
1611 4541 1859 4602 apparet.

493 4603 669 4677 ὺ-Υειι
700 4604 820 4677 cod.
859 4604 947 4659 hic
983 4604 1212 4677 mutilus
1228 4612 1328 4665 est,
1358 4604 1596 4677 habens:

419 4676 495 4728 ris
525 4671 902 4747 Nest'orianumr
938 4674 1030 4747 vel
1059 4692 1152 4746 per
1194 4674 1302 4747 lere
1346 4675 1702 4747 accusationis
1741 4671 2008 4747 vestig'ium

419 4746 643 4816 forsitan
672 4746 950 4799 accusaris.
985 4744 1094 4799 Nos
1120 4762 1216 4816 pro
1249 4746 1448 4816 viribus
1469 4745 1847 4816 expressimus.

498 4826 519 4851 ο
555 4813 706 4869 llunc
728 4816 943 4870 tradunt
971 4818 1021 4869 in
1055 4812 1247 4870 minori
1267 4813 1476 4869 Galatia
1507 4812 1703 4879 ortum,
1735 4812 1935 4870 Cnecis
1955 4823 2009 4871 et

420 4882 626 4956 Latinis
672 4885 862 4940 litteris
902 4886 1166 4940 eruditum
1190 4927 1205 4950 ,
1239 4888 1608 4956 episcopatum
1648 4885 2009 4956 Syrmiensem

420 4955 842 5026 administrasse,
869 4964 925 5009 et
948 4970 1068 5009 cum
1092 4957 1211 5012 aliis
1232 4955 1551 5012 orthodoxis
1573 4957 1624 5010 in
1651 4955 1860 5011 Nicena
1881 4972 2010 5026 syn-

421 5023 527 5079 odo
566 5024 815 5078 Arianam
854 5026 1184 5094 impietatem
1224 5026 1525 5083 damnasse.
1584 5026 1688 5083 Sed
1735 5023 2006 5082 communi

419 5095 669 5150 erunibus
696 5095 1063 5150 hmresiarchis
1091 5098 1300 5158 morbo,
1333 5098 1381 5152 id
1411 5107 1493 5152 est
1514 5097 1796 5166 superbia,
1824 5111 2003 5151 vana:-

418 5180 548 5236 queg
580 5166 765 5232 gloria:
814 5167 1141 5236 appetentia,
1176 5170 1389 5223 tandem
1439 5170 1491 5223 in
1520 5165 1756 5231 Ehionis,
1790 5165 2008 5222 Sabellii

421 5234 486 5292 ac
524 5234 865 5292 Samosateni
886 5234 1147 5293 haeresim
1178 5239 1459 5303 incidisse,
1492 5239 1628 5293 adeo
1659 5246 1716 5292 ut
1743 5245 2011 5291 assereret

419 5306 585 5361 Deum
628 5307 893 5377 singulum
934 5323 1054 5363 esse
1083 5317 1137 5364 et
1159 5310 1493 5373 solitarium;
1523 5316 1577 5363 et
1604 5323 1756 5363 more
1783 5305 2007 5362 Judaieo

417 5378 780 5433 confitendum
811 5394 931 5434 esse
962 5394 1067 5433 non
1119 5388 1229 5434 tres
1258 5393 1535 5448 personas,
1564 5378 1657 5433 sed
1684 5393 1842 5448 uuam
1870 5378 2008 5430 dun-

419 5455 587 5512 taxat,
620 5449 745 5504 licet
768 5449 865 5503 tria
883 5450 1100 5504 nomina
1121 5446 1297 5504 eidem
1327 5448 1711 5503 tribuerentur.
1730 5446 2004 5502 Christmn

419 5532 583 5586 porro
613 5520 812 5575 nudum
852 5535 971 5576 esse
998 5520 1293 5585 hominem,
1324 5528 1379 5573 et
1408 5534 1476 5574 ex
1505 5518 1753 5574 humanae
1775 5532 2003 5587 genera-

419 5588 581 5641 tionis
611 5598 798 5645 natura
824 5591 1032 5645 initium
1056 5590 1284 5654 habere,
1314 5604 1487 5659 neque
1515 5605 1634 5645 esse
1656 5586 2002 5643 antestecula

418 5661 655 5729 genitum
675 5659 863 5729 .(Socr.
894 5662 929 5714 I.
961 5676 1016 5725 tt,
1049 5677 1094 5714 ο.
1122 5660 1183 5726 8;
1215 5659 1253 5714 Ι.
1290 5676 1379 5723 vn,
1412 5677 1458 5713 c.
1487 5658 1583 5724 32;
1618 5659 1827 5714 Sozam.
1857 5659 1895 5729 ι,
1928 5674 1997 5722 tv,

417 5745 461 5781 ς.
497 5729 559 5794 li;
606 5728 795 5782 Theod.
835 5730 853 5783 ι
904 5748 952 5786 v.
999 5747 1046 5784 c.
1080 5729 1176 5797 Il;
1221 5729 1369 5785 Hier.
1415 5733 1467 5784 in
1502 5730 1671 5796 (Ioh).
1700 5728 2003 5785 Haeresihus

2110 4191 2288 4238 autem
2330 4180 2448 4249 ejus
2484 4179 2917 4235 constantissime
2953 4194 3073 4236 sese
3115 4182 3429 4249 objecerunt
3467 4180 3680 4237 Athana-

2107 4254 2237 4315 sius,
2274 4252 2605 4315 Amhrosins,
2628 4250 3020 4321 illieronvmns,
3057 4251 3407 4321 I'Zpiphanius,
3462 4250 3679 4306 l’rnden-

2107 4325 2233 4385 tius,
2268 4321 2591 4392 Victorinus,
2623 4320 2988 4375 Nazianzenus
3024 4320 3192 4392 etalii
3218 4324 3415 4392 passim
3447 4329 3681 4392 praestau-

2112 4403 2194 4447 tes
2229 4392 2349 4445 viri.
2391 4390 2679 4461 Socrates,
2705 4392 2794 4444 lib.
2834 4407 2880 4456 ι,
2919 4406 3038 4461 cap.
3079 4391 3168 4454 ευ,
3212 4390 3379 4448 refert
3417 4390 3680 4461 Eusebium

2110 4463 2496 4532 Caesariensem
2551 4457 3079 4532 conhttasscrlibritm
3108 4462 3388 4532 cujusdam
3432 4457 3678 4532 Marcelli,

2112 4531 2326 4588 Photini
2384 4531 2757 4602 pmiceploris,
2812 4531 2980 4602 tribus
3032 4530 3253 4602 integris
3303 4530 3678 4602 voluminibus,

1682 4596 1790 4658 eote
1817 4619 2006 4681 argue-
2035 4596 2088 4657 Ι)
2111 4619 2248 4681 quos
2264 4596 2789 4681 aliqbanqurmcos
2810 4601 2917 4681 vidi
2947 4601 3086 4657 inter
3108 4596 3299 4659 niamts
3316 4602 3536 4659 Joannis
3558 4597 3681 4654 Cur-

2113 4670 2265 4738 terii;
2296 4672 2448 4738 cujus
2472 4671 2647 4727 anima
2679 4686 2810 4741 pace
2832 4670 3056 4741 Irtiatur.

2184 4746 2208 4781 «⁸
2239 4742 2468 4819 Cyrinus
2492 4740 2826 4819 Alexandria:
2848 4740 3313 4819 fratre_TI_icophili
3340 4740 3573 4819 episcopi
3603 4751 3683 4819 nae

2112 4822 2218 4880 ttts,
2250 4812 2333 4867 vir
2361 4812 2463 4866 Iuit
2500 4812 2713 4879 ingenio
2744 4812 3227 4876 excellentissimo;
3250 4815 3300 4869 in
3331 4812 3475 4870 inlini
3504 4812 3682 4864 doctri-

2114 4900 2300 4956 narum
2333 4898 2590 4956 gen‘cre‘a
2622 4891 2811 4954 patruo
2841 4883 3131 4948 educatus,
3160 4885 3314 4956 tertia
3345 4881 3680 4956 l'tttslroitilttltt

2111 4947 2357 5023 ejusdeni
2391 4951 2475 5006 die
2506 4947 2711 5007 elecius
2748 4960 2803 5008 et
2830 4962 3062 5023 ornatus
3090 4963 3173 5009 est
3198 4947 3567 5009 Alexandrinae
3594 4947 3684 5002 Ec-

2114 5020 2290 5080 clesia:
2328 5023 2780 5095 archiepiscopus.
2808 5020 3045 5095 “Hostem
3084 5024 3599 5095 porroiaccrrimum
3633 5025 3684 5071 et

2113 5093 2578 5164 vigilantissimum
2600 5093 2927 5164 ﬁestoriiac
2953 5093 3197 5149 errorum
3227 5094 3345 5164 ejus
3373 5095 3553 5164 fuisse,
3583 5101 3682 5164 non

2116 5159 2279 5240 modo
2316 5180 2383 5219 ex
2422 5163 2569 5219 Actis
2596 5162 2849 5240 Ephesini
2887 5165 3121 5240 concilii,
3157 5159 3690 5240 etti'itoiiiineleej

2116 5236 2238 5291 stini
2270 5250 2421 5305 papae
2451 5228 2724 5304 praesedit,
2766 5249 2951 5305 verum
2980 5228 3143 5293 etiam
3182 5251 3248 5290 ex
3276 5235 3394 5305 ejus
3416 5228 3683 5305 Epistolis.

2116 5302 2407 5361 Duodecim
2448 5302 2727 5373 Capitulis,
2774 5302 3057 5373 Apologia,
3094 5302 3356 5375 .Dialogis,
3395 5303 3680 5359 Thesauro,

2110 5376 2340 5447 aliisque
2377 5375 2647 5446 perductis
2684 5377 3054 5447 monumentis
3091 5377 3331 5447 apertius
3368 5383 3485 5438 est,
3533 5381 3686 5447 (ιιιίξιιι

2108 5438 2292 5501 dicere
2319 5438 2393 5502 sit
2410 5461 2649 5501 necesse.
2683 5441 2917 5515 Prosper
2938 5438 3240 5515 Aquitanus
3262 5453 3418 5500 vocat
3442 5438 3570 5515 cuni
3580 5438 3689 5515 βιο-

2110 5516 2316 5591 riosiss.
2365 5516 2646 5591 catholicae
2682 5507 3191 5591 ﬁdei-defensorem
3235 5514 3495 5591 ﬂ‘heodq
3534 5507 3683 5591 ῆι]

2109 5586 2276 5656 Ηίειτ,
2304 5601 2350 5641 c.
2382 5583 2480 5652 25;
2504 5583 2748 5656 Niceph.,
2780 5583 2816 5640 ι.
2845 5602 2951 5651 xiv,
2979 5603 3026 5641 ε.
3062 5587 3129 5642 14
3155 5598 3206 5643 et
3234 5582 3339 5652 35:
3365 5588 3477 5640 Act.
3505 5582 3683 5637 concit.

2108 5655 2351 5712 Citati-ed.
2384 5657 2472 5711 lib.
2498 5655 2563 5709 de
2589 5655 2725 5725 grat.
2761 5656 2853 5709 Dei
2882 5668 3019 5711 cont.
3055 5659 3200 5730 ωε).
