3936 6176
1016 205 1438 267 CONFLICTUS
1477 205 1564 261 DE
1603 202 1739 261 ι)Εο
1778 203 1985 259 τηιΝο
2022 202 2110 259 ET
2152 204 2307 272 UNO,
2349 205 2501 262 ETC.
2545 205 2669 260 LIB.
2714 206 2775 261 ll.

3427 208 3531 264 ιω

263 326 615 397 Serapionem
674 324 846 379 sancti
898 320 1084 395 Cyrilli
1133 334 1323 376 sanam
1389 318 1850 390 apostolicamque
1879 324 1927 382 Α
1953 318 2087 374 tudo
2116 318 2327 375 Domini
2370 320 2690 390 parvitatem
2718 321 2928 375 servilis
2957 320 3162 385 forma,
3213 321 3286 376 ita
3314 332 3373 377 ut
3416 323 3531 391 ipsa

268 434 381 475 esse
402 417 724 473 doctrinam.
752 446 825 459 -ο
847 412 1061 469 Judices
1087 412 1338 468 dixerunt
1362 426 1378 465 :
1406 410 1466 467 Si
1493 410 1597 466 hoc
1625 423 1851 479 negave-

266 510 334 563 rit
358 506 642 577 Serapion,
676 521 784 561 non
812 504 989 561 solum
1027 519 1058 558 a
1082 504 1240 559 nobis
1257 544 1273 569 ,
1297 501 1394 557 sed
1423 502 1586 557 etiam
1613 516 1645 555 a
1666 509 1850 557 sancta

266 599 627 656 Alexandrina
655 598 803 654 etab
831 596 1142 661 universali,
1163 611 1283 665 quze
1313 594 1364 649 in
1389 601 1506 649 toto
1527 593 1726 648 mundo
1746 600 1848 661 est,

265 691 504 749 Ecclesia
534 690 801 747 catholica
833 689 1154 759 reprobatus
1194 686 1464 742 abscedat.
1491 717 1564 729 —-
1585 684 1853 740 Arnobius

264 784 396 840 dixit
428 801 442 837 :
475 783 801 852 Apostolicze
828 779 1219 836 recordationis
1256 779 1338 832 vir
1375 775 1432 832 S.
1471 775 1720 848 Cyrillus,
1752 774 1852 829 Ec-

263 872 441 931 clesia:
477 871 855 927 Alexandrinae
883 869 1188 939 episcopus,
1232 882 1353 922 cum
1384 866 1725 934 cognovisset
1747 863 1853 918 Nc-

263 964 564 1020 storianum
593 961 787 1029 dogma
820 958 1150 1015 contrarium
1181 956 1303 1013 lldei
1332 957 1614 1028 pullulare,
1642 955 1855 1025 scripsit

265 1067 360 1124 per
387 1060 559 1108 totam
589 1050 902 1120 Egyptum,
936 1058 962 1086 ι
1012 1056 1068 1103 et
1103 1048 1170 1103 ad
1218 1057 1463 1103 sanctum
1503 1045 1851 1102 leestinum

266 1142 577 1215 apostolicae
611 1139 1003 1196 recordationis
1041 1139 1336 1194 antistitem
1364 1136 1540 1201 misit;
1570 1138 1755 1193 dicens
1783 1135 1852 1191 ad

266 1233 478 1288 laudem
510 1246 664 1287 suam
696 1230 984 1300 pertinere,
1013 1229 1060 1284 si
1089 1230 1156 1284 ab
1184 1244 1251 1284 eo
1279 1229 1369 1299 qui
1400 1228 1741 1298 pontillcatus
1764 1243 1854 1282 ar-

267 1339 382 1381 cem
416 1323 689 1384 .tenebat,
721 1319 911 1375 fuisset
939 1319 1138 1390 aliquid
1181 1318 1545 1373 emendatum.
1569 1318 1594 1355 δ
1624 1316 1853 1372 Sanctus

266 1427 393 1468 vero
421 1410 747 1468 Cudestinus
773 1410 847 1464 ita
886 1412 1242 1482 ἕγκωμίαστης
1271 1407 1389 1477 ejus
1414 1409 1649 1473 exstitit,
1692 1417 1752 1463 ut
1795 1408 1853 1463 in

267 1501 498 1559 Nestorii
540 1501 900 1557 damnationis
945 1500 1202 1555 dictasset
1246 1500 1608 1555 sententiam:
1640 1500 1865 1554 laudem“

267 1594 395 1651 vero
423 1593 610 1665 Cyrilli
658 1601 713 1647 et
741 1593 794 1647 in
823 1600 1114 1662 conspectu
1143 1591 1238 1647 Dei
1289 1599 1345 1647 et
1394 1591 1633 1647 omnium
1661 1591 1852 1661 pracdi—

1946 411 2119 466 forma
2146 411 2374 477 servilis,
2402 425 2562 480 quam
2591 411 2897 482 assumpsit,
2922 419 3160 467 cessaret
3187 425 3306 466 esse
3325 411 3533 466 servilis

1947 520 2046 575 per
2062 519 2185 559 eum
2214 503 2495 558 Dominum
2533 503 2625 573 qui
2672 517 2792 558 eam
2837 503 3144 572 assumpsit.
3177 501 3233 558 Si
3264 503 3407 558 enim
3437 503 3533 572 qui

1949 604 2141 648 natura
2188 609 2294 648 non
2320 593 2411 647 lilii
2439 593 2556 658 Dei,
2586 608 2683 662 per
2725 593 2900 662 ipsum
2945 592 3251 648 efﬁciuntur
3281 592 3369 646 lilii
3401 591 3530 657 Dei;

1948 692 2151 753 quanto
2194 684 2364 752 magis
2408 683 2526 753 ipse
2571 683 2664 753 qui
2713 692 2902 737 natura
2933 682 3098 737 Filius
3139 683 3230 738 Dei
3261 691 3364 747 est,
3392 682 3536 739 hunc

1950 790 2071 829 cum
2101 789 2209 843 quo
2241 775 2516 829 voluntate
2553 789 2649 828 sua
2697 774 2821 827 alvo
2850 773 3095 842 virginali
3145 783 3437 843 conceptus
3478 780 3536 828 et

1950 874 2108 920 natus
2128 873 2230 930 est,
2264 865 2336 919 ita
2377 864 2678 919 sublimavit
2709 863 2762 917 in
2791 863 2988 923 Deum,
3018 872 3074 916 ut
3102 865 3157 917 in
3196 865 3401 918 nomine
3421 863 3535 934 ejus

1951 972 2103 1010 omne
2122 972 2253 1027 genu
2282 956 2524 1026 ﬂectatur
2552 957 2851 1018 celestium,
2883 957 3201 1009 terrestrium
3227 963 3277 1009 et
3300 956 3534 1026 inferno-

1950 1065 2066 1102 rum
2093 1046 2259 1119 (Phil.
2305 1064 2362 1109 ιι,
2398 1047 2526 1117 l0)?
2555 1057 2578 1085 °
2601 1046 2733 1101 ltem
2763 1062 3058 1118 prmcessor
3087 1061 3240 1101 meus
3278 1045 3537 1101 Damasus

1952 1139 2192 1195 scribens
2219 1139 2288 1194 ad
2323 1138 2603 1193 Paulinum
2643 1138 2989 1194 Antiocheme
3036 1137 3286 1194 Ecclesiae
3326 1139 3536 1208 episco-

1952 1244 2116 1299 pum,
2158 1228 2299 1283 inter
2345 1237 2539 1282 czetera
2586 1229 2661 1281 ait
2693 1246 2706 1281 :
2739 1227 3269 1283 Auatbematizamus
3307 1243 3403 1284 eos
3443 1228 3533 1298 qui

1952 1319 2089 1375 duos
2119 1317 2257 1374 ﬁlios
2279 1319 2373 1374 Dei
2395 1327 2662 1384 asserunt,
2687 1319 2916 1372 alterum
2937 1320 3027 1387 qui
3051 1334 3116 1374 ex
3138 1319 3299 1374 Patre
3327 1325 3408 1373 est
3439 1333 3537 1388 ge-

1952 1411 2114 1472 nitus,
2147 1418 2202 1465 et
2222 1411 2452 1465 alterum
2474 1410 2566 1478 qui
2594 1424 2661 1464 ex
2690 1411 3059 1479 assumptione
3080 1410 3257 1464 carnis
3277 1418 3436 1464 natus
3450 1417 3537 1465 est

1953 1516 2019 1555 ex
2048 1500 2284 1569 Virgine.
2316 1501 2447 1556 ltem
2476 1502 2590 1571 ipse
2616 1502 2926 1571 apostolica:
2948 1502 3222 1556 memoria:
3243 1505 3325 1556 vir
3352 1502 3546 1558 Dama-

1953 1606 2045 1645 sus
2074 1591 2127 1645 in
2151 1592 2320 1646 altera
2342 1592 2571 1662 epistola
2588 1592 2653 1646 ad
2677 1590 2958 1646 Paulinum
2980 1609 2993 1644 :
3012 1592 3538 1649 Auathematizamns

268 1694 472 1750 cesset,
512 1698 758 1739 asserens
805 1698 1023 1738 sensum
1069 1682 1188 1752 ejus
1226 1681 1609 1752 praeclarorum
1656 1690 1855 1737 nostra:
1888 1686 1929 1745 Β
1955 1695 2052 1735 eos
2076 1681 2168 1751 qui
2195 1683 2332 1737 duos
2382 1682 2437 1736 in
2480 1681 2763 1737 Salvatore
2795 1681 2931 1737 ﬁlios
2974 1681 3340 1738 confitentur:
3372 1697 3537 1741 unum

269 1777 561 1849 provincia:
617 1777 993 1847 episcoporum
1043 1775 1425 1846 praedicatione
1470 1774 1747 1840 roborari;
1795 1782 1852 1830 et

268 1868 503 1934 Damasi,
532 1869 820 1935 Ambrosii,
854 1868 1042 1923 Hilarii
1070 1868 1215 1923 hunc
1260 1866 1424 1922 fuisse
1465 1882 1682 1924 sensum
1737 1868 1858 1923 evi-

269 1959 458 2015 denter
484 1959 753 2029 exposuit.
786 1969 807 1997 ε
837 1957 927 2012 Ait
953 1957 1097 2012 enim
1126 1956 1180 2011 in
1212 1957 1330 2027 ipso
1353 1957 1585 2012 concilio
1611 1974 1624 2010 :
1657 1956 1856 2012 Recor-

270 2047 366 2103 dor
389 2049 565 2104 beatae
593 2048 866 2102 memoriae
893 2044 1234 2101 Ambrosium
1250 2046 1303 2101 in
1319 2046 1407 2101 die
1422 2046 1615 2101 natalis
1642 2045 1854 2101 Domini

273 2140 437 2195 nostri
459 2138 585 2194 Jesu
606 2137 823 2201 Christi,
856 2153 1071 2193 omnem
1097 2137 1287 2193 fecisse
1305 2139 1563 2209 populum
1587 2154 1693 2193 una
1721 2154 1854 2194 voce

274 2230 381 2285 Deo
408 2244 605 2284 canere
628 2248 641 2281 :
662 2228 814 2295 Veni,
844 2227 1175 2298 Redemptor
1194 2229 1453 2296 gentium,
1486 2228 1710 2284 ostende
1736 2243 1855 2299 ρει·-

277 2330 383 2374 tum
398 2318 654 2387 Virginis,
682 2320 911 2373 miretur
931 2334 1092 2373 omne
1117 2319 1389 2383 sacculum,
1413 2318 1536 2374 talis
1555 2319 1711 2374 decet
1733 2335 1854 2388 par-

276 2420 355 2464 tus
377 2408 565 2464 Deum.
607 2408 856 2477 Nunquid
881 2408 1000 2463 talis
1040 2416 1228 2479 partus
1270 2407 1425 2463 decet
1448 2408 1760 2463 hominem?
1786 2407 1855 2464 Et

276 2500 502 2570 adjecit:
527 2499 670 2570 Ergo
697 2514 888 2556 sensus
914 2500 1094 2555 fratris
1122 2500 1290 2556 nostri
1304 2499 1487 2573 Cyrilli
1511 2501 1563 2556 in
1588 2501 1692 2556 hoc
1711 2501 1855 2571 quod

276 2592 399 2647 dicit
444 2593 685 2657 Θιοτόκρν
729 2591 974 2658 Mariam,
1003 2592 1160 2648 valde
1207 2593 1533 2659 concordat,
1562 2593 1685 2649 talis
1710 2594 1856 2648 decet

272 2690 452 2749 partus
480 2681 667 2737 Deum.
692 2682 861 2739 Deum
888 2690 1045 2753 partu
1074 2694 1173 2739 Suo
1193 2684 1357 2754 Virgo
1381 2685 1590 2753 effudit,
1614 2687 1732 2757 ipso
1757 2702 1855 2758 po—

275 2778 417 2825 tente
439 2771 532 2842 qui
556 2771 949 2842 omnipotentia
976 2772 1168 2842 plenus
1193 2781 1297 2828 est.
1325 2770 1350 2810 ἀ
1376 2772 1614 2829 Hilarius
1638 2789 1857 2845 quoque

276 2860 355 2915 vir
372 2861 722 2930 aerisingenii
732 2862 975 2918 scribens
990 2863 1045 2917 in
1056 2861 1429 2919 Constantium
1451 2864 1852 2935 imperatorem,

274 2949 342 3006 de
358 2951 725 3007 incarnatione
745 2951 955 3007 Domini
980 2954 1059 3009 sic
1077 2954 1154 3008 ait
1171 2972 1183 3006 :
1208 2952 1374 3009 Filius
1388 2954 1482 3010 Dei
1503 2955 1676 3011 factus
1691 2956 1856 3013 homo

1953 1779 2078 1825 ante
2106 1770 2548 1837 incarnationem,
2566 1781 2622 1825 et
2639 1772 2802 1827 alium
2827 1780 2950 1843 post
2968 1782 3295 1843 assumptum
3319 1788 3538 1830 carnem

1952 1874 2020 1915 ex
2048 1859 2271 1928 virgine,
2317 1869 2374 1915 et
2400 1878 2507 1916 non
2546 1863 2794 1917 eumdem
2829 1863 2921 1918 Dei
2952 1862 3141 1918 Filium
3160 1904 3175 1927 ,
3201 1872 3253 1917 et
3295 1873 3453 1920 antea
3484 1872 3539 1920 et

1950 1957 2140 2020 postea
2173 1950 2345 2019 ipsum
2390 1966 2509 2007 esse
2546 1951 2821 2007 Christum
2864 1968 3050 2008 verum
3080 1952 3176 2008 Dei
3203 1951 3416 2020 Filium,
3446 1956 3539 2025 qui

1955 2048 2117 2095 natus
2144 2049 2228 2095 est
2254 2055 2323 2095 ex
2352 2040 2588 2109 Virgine,
2618 2042 2962 2098 conﬁtentur.

2023 2129 2313 2185 XlV.—Et
2331 2145 2453 2186 cum
2475 2142 2890 2202 persequeretur
2919 2133 3033 2190 haec
3056 2134 3341 2200 Arnobius,
3358 2135 3546 2192 -—-Se-

1952 2222 2143 2292 rapion
2171 2221 2306 2276 dixit
2336 2239 2350 2274 ε
2385 2221 2501 2277 Νυη
2528 2222 2644 2277 haec
2671 2226 2768 2278 abs
2796 2239 2855 2279 re
2879 2225 3134 2293 quaesivi;
3166 2227 3258 2281 sed
3277 2227 3426 2281 Vtiltli
3454 2227 3537 2282 vi-

1952 2312 2083 2369 dere
2108 2312 2340 2369 studium
2369 2329 2468 2383 pro
2499 2314 2760 2370 catholica
2786 2315 3097 2371 defensione
3133 2326 3319 2372 contra
3349 2317 3540 2374 Nesto-

1952 2405 2162 2460 rianum
2191 2405 2385 2474 dogma
2429 2407 2500 2459 ita
2530 2406 2845 2461 instructum
2869 2445 2886 2471 ,
2926 2407 3065 2463 sicut
3092 2408 3423 2465 Nestoriame
3451 2426 3540 2466 as-

1959 2498 2213 2554 sertionis
2237 2498 2479 2553 eruditus
2512 2514 2592 2553 es.
2618 2531 2690 2542 -
2712 2499 2978 2555 Amobius
3004 2501 3140 2556 dixit
3174 2519 3187 2555 :
3218 2501 3329 2572 Ego
3355 2518 3409 2557 et
3437 2502 3541 2559 Ne-

1959 2588 2113 2642 storii
2145 2603 2386 2643 errorem
2412 2587 2787 2643 declinandum
2810 2589 3002 2657 didici,
3041 2602 3097 2647 et
3138 2589 3321 2665 Cyrilli
3358 2591 3540 2649 defen-

1956 2677 2186 2733 dendam
2233 2692 2352 2733 esse
2377 2677 2677 2733 doctrinam
2707 2680 2922 2747 agnovi.
2957 2713 3032 2724 —
3065 2682 3328 2754 Serapion
3356 2685 3490 2740 dixit
3523 2702 3538 2739 :

1957 2765 2144 2822 Profer
2171 2782 2301 2838 ergo
2328 2768 2535 2838 aliqua,
2577 2784 2675 2838 per
2700 2783 2820 2839 quae
2850 2772 2904 2825 in
2936 2786 3046 2827 uno
3074 2772 3166 2828 Dei
3207 2773 3347 2831 Filio
3370 2776 3546 2848 Cyril-

1957 2857 2068 2914 lum
2105 2857 2238 2915 duas
2276 2859 2476 2915 doceas
2515 2863 2810 2916 asseruisse
2856 2863 3214 2927 substantias,
3259 2865 3546 2923 humanam

1964 2953 2173 3009 scilicet
2191 2959 2246 3008 et
2265 2953 2518 3008 divinam.
2536 2952 3003 3010 -—Protulitillico
3014 2955 3285 3012 Arnobius
3302 2959 3547 3013 codicem

269 3039 432 3098 Deus.
464 3040 532 3095 Et
576 3051 970 3112 prteposterans
1001 3047 1200 3115 repetit
1226 3062 1238 3098 :
1275 3044 1417 3100 Deus
1464 3045 1603 3101 lilius
1630 3047 1860 3102 hominis
1886 3051 1933 3115 C
1962 3046 2310 3117 epistolamm
2336 3042 2542 3116 Cyrilli,
2568 3045 2662 3115 qui
2706 3046 2759 3100 in
2788 3048 2966 3117 capite
2991 3047 3130 3103 hanc
3157 3048 3391 3104 habebat
3428 3051 3545 3121 epi-

260 3135 446 3192 lactus
474 3144 557 3190 est
584 3135 747 3201 Deus,
789 3153 895 3193 non
924 3136 1067 3194 Deus
1114 3137 1287 3194 factus
1314 3147 1400 3223 est
1426 3139 1612 3206 homo,
1639 3149 1694 3196 et
1723 3139 1862 3197 lilius

262 3225 505 3282 Dominis
522 3224 698 3282 factus
732 3237 814 3283 est
842 3227 1007 3285 Filius
1027 3227 1143 3284 Dei.
1168 3227 1451 3299 Superavit
1478 3232 1620 3286 enim
1646 3232 1858 3301 magni-

1965 3137 2160 3194 stolam
2192 3154 2206 3189 :
2246 3135 2262 3175 ί
2295 3134 2525 3207 Cyrillus
2550 3137 2815 3193 universis
2856 3139 3123 3209 episcopis
3164 3151 3218 3194 et
3264 3141 3546 3213 presbyte-

1960 3231 2055 3294 ris,
2088 3239 2143 3285 et
2170 3228 2510 3294 diaconihus,
2540 3230 2786 3299 patrihus
2812 3231 3200 3287 monachorum
3240 3241 3297 3289 et
3335 3233 3420 3290 his
3455 3234 3549 3305 qui

1441 3339 1554 3395 FB.
1597 3338 2072 3396 FEU-ARDENTII
2108 3338 2338 3395 NOTAE.

340 3441 371 3469 ι
401 3429 744 3486 Manifestum
775 3439 857 3486 est
883 3446 952 3486 ex
979 3430 1220 3486 historiis
1257 3430 1637 3486 ecclesiasticis
1663 3428 1862 3486 lees-
1900 3484 1909 3489 -

271 3503 444 3572 tinum
465 3516 734 3572 summum
763 3499 1018 3572 Ecclesiai
1043 3501 1353 3570 pontificem
1380 3517 1409 3554 a
1436 3500 1640 3572 Cyrillo
1668 3502 1861 3572 cenios

271 3588 392 3627 rem
421 3570 619 3624 factum
658 3571 733 3642 de
772 3570 1004 3626 Nestorii
1046 3568 1361 3641 impietate,
1398 3568 1637 3642 ejusdem
1674 3568 1860 3642 Cyrilli

269 3643 563 3713 pietatemA
576 3640 749 3713 simul
767 3649 822 3694 et
848 3642 1084 3713 studium
1122 3640 1409 3713 plurimum
1458 3640 1740 3713 laudasse;
1776 3643 1858 3713 ip—

271 3710 504 3781 sumque
534 3710 847 3781 Nestorium
874 3712 1067 3765 litteris
1093 3710 1436 3766 dehortatum
1471 3718 1530 3766 ut
1568 3711 1636 3765 ah
1663 3710 1858 3781 impie-

271 3790 390 3837 tate
418 3779 715 3835 desisteret
747 3798 760 3833 :
801 3782 944 3850 quod
972 3782 1026 3834 ni
1057 3781 1261 3836 faceret
1305 3782 1443 3835 intra
1485 3780 1672 3836 decem
1712 3779 1854 3846 dies,

271 3850 394 3906 fore
421 3857 481 3903 ut
512 3850 808 3921 noumodo
838 3866 866 3904 a
896 3850 1275 3906 communione
1304 3852 1512 3920 piorum
1543 3851 1658 3920 ipse
1680 3852 1863 3921 rejice-

272 3932 468 3983 retur,
520 3919 615 3974 sed
662 3921 823 3991 etiam
868 3936 935 3974 ex
981 3922 1226 3989 catalogo
1263 3919 1604 3991 sacerdotum
1646 3919 1863 3991 penitus

273 3992 647 4059 eximeretur._
679 3988 904 4059 Insuper
941 3992 1217 4059 isietiam,
1268 3990 1334 4043 ad
1372 3988 1866 4059 Joannem'Antio-

274 4060 514 4131 ebenum
547 4097 562 4120 ,
590 4057 933 4131 AJuvenalem
996 4058 1504 4131 JerOsoly‘mitanum
1534 4100 1550 4124 ,
1614 4058 1866 4114 Rulinum

274 4128 851 4199 Thessalonicensem,
884 4129 1194 4188 Flavianum
1214 4128 1624 4199 Philippensem
1653 4137 1708 4183 et
1736 4131 1869 4184 alios

274 4213 416 4254 vere
434 4197 748 4267 apostolicis
768 4199 943 4253 missis
963 4201 1223 4269 epistolis.
1250 4197 1540 4254 excitatum
1571 4215 1600 4252 a
1622 4198 1870 4253 Nestorio

273 4272 544 4323 adversus
591 4272 843 4336 pietatem
890 4270 1090 4324 bellum
1138 4270 1327 4324 iisdem
1372 4270 1656 4337 exposuit,
1704 4279 1758 4323 et
1801 4269 1871 4324 ad

274 4352 573 4394 commune
614 4345 886 4392 certamen
932 4354 1033 4408 pro
1080 4340 1267 4393 eadem
1318 4339 1594 4393 retinenda
1639 4354 1736 4408 pro
1774 4354 1871 4394 sua

277 4408 614 4478 auctoritate
642 4407 1203 4478 excitavit‘f(Niceph.,
1237 4408 1328 4463 lib.
1359 4426 1468 4473 xiv,
1501 4425 1546 4462 ε.
1582 4407 1651 4464 55
1677 4417 1731 4463 et
1764 4408 1870 4475 34;

278 4476 509 4547 Euagr.,
540 4476 629 4548 lib.
674 4494 711 4542 ι,
746 4494 792 4530 c.
823 4479 887 4543 ὃς
914 4476 1144 4532 Liberet.
1174 4482 1229 4532 in
1260 4477 1455 4548 Brem).
1491 4479 1727 4548 Denique
1753 4494 1874 4533 cum

280 4562 386 4615 pro
429 4548 540 4602 alio
569 4547 801 4602 Nestorii
850 4549 970 4603 loco
1015 4549 1386 4603 substituendo
1420 4547 1870 4614 'contenueretur,

1963 3439 2019 3486 et
2047 3431 2305 3484 unitatem
2335 3425 2783 3484 constituendam.

2040 3512 2061 3579 τε
2096 3499 2171 3554 De
2198 3499 2431 3579 quodam
2448 3498 2687 3579 concilio
2728 3498 2967 3579 gemma
2997 3500 3290 3579 Qtelestinp
3318 3518 3550 3579 congre-

1963 3577 2125 3641 gato,
2143 3568 2294 3641 cujus
2321 3568 2549 3638 epistola
2590 3568 2805 3641 concilii
2839 3568 3094 3639 Ephesini
3123 3572 3188 3625 ad
3218 3568 3547 3641 Nestorium,

1964 3638 2221 3712 semelet
2259 3640 2451 3712 iterum
2501 3638 2744 3712 meminit
2783 3638 3086 3712 {itemque
3115 3644 3353 3712 synodus
3395 3638 3549 3712 Alex.

1964 3709 2191 3781 epistola
2222 3708 2289 3781 ad
2315 3707 3011 3781 Nestoriutn,ACyrillusque
3038 3707 3266 3781 epistola
3296 3712 3363 3767 ad
3389 3711 3552 3768 Joan-

1965 3779 2089 3854 nem
2118 3779 2536 3854 Antiochenam,
2583 3779 2818 3854 arbitror
2854 3779 3150 3854 Arnobiurn
3192 3783 3357 3850 loqui,
3389 3799 3553 3854 quan-

1967 3850 2256 3919 doquidem
2299 3849 2722 3918 Ephesinonon
2749 3849 3005 3919 interfuit
3032 3892 3047 3916 ,
3091 3849 3335 3907 Romano
3374 3849 3553 3910 autem

2006 3917 2242 3974 méfuisse
2262 3917 2595 3989 compertum
2618 3928 2721 3975 est.
2745 3917 2857 3974 Nisi
2890 3923 3102 3975 tandem
3134 3922 3362 3978 volueris
3385 3924 3554 3978 inter-

1993 3991 2133 4043 ‘uisse
2153 3989 2679 4062 Ephesimesynodo
2697 4004 2794 4060 per
2813 3989 3040 4053 litteras,
3073 3992 3265 4059 quibus
3294 4001 3349 4046 ct
3376 4003 3554 4062 partes

1970 4074 2096 4130 suas
2142 4059 2343 4130 Cyrillo
2399 4059 2759 4130 Alexandrino
2802 4062 3239 4130 commendavit,
3288 4059 3554 4130 simulque

1971 4128 2270 4201 Nestorium
2300 4129 2370 4183 oh
2400 4128 2995 4201 liazresilnjbdicavit,
3046 4130 3182 4184 sicut
3226 4129 3425 4201 Niceph
3466 4128 3555 4187 rus

1971 4199 2465 4271 [ecitatli_b._x1v,i
2488 4214 2607 4268 cap.
2651 4197 2740 4271 5d.
2786 4196 2997 4253 Litterae
3031 4202 3325 4271 referuntur
3346 4196 3482 4257 ionio
3511 4201 3554 4258 ll

1973 4265 2191 4339 Concilii
2219 4268 2467 4339 Ephesini
2485 4309 2499 4331 ,
2531 4265 2665 4339 c'apt
2676 4267 2766 4339 Η.

2047 4336 2073 4375 ἀ
2106 4338 2230 4393 Ητεε
2261 4336 2605 4402 adornantes,
2645 4336 2831 4392 Hilarii
2863 4348 2971 4393 tres
3001 4339 3167 4394 libros
3210 4338 3261 4392 in
3292 4340 3557 4395 Constan-

1974 4407 2107 4479 tium
2137 4409 2421 4478 diligenter
2461 4411 2820 4479 percurrimus
2842 4452 2857 4473 ,
2901 4409 2952 4463 in
2982 4410 3175 4479 quibus
3204 4409 3332 4463 nihil
3364 4411 3555 4466 horum

1977 4477 2222 4546 legimus.
2243 4477 2573 4552 quapropter
2595 4488 2811 4552 oportet
2833 4479 2931 4533 hos
2956 4477 3173 4552 mutilos
3202 4495 3349 4552 esse;
3383 4479 3557 4552 ρατιο-

1977 4552 2175 4602 stinum
2204 4549 2334 4603 vero
2357 4549 2416 4601 et
2454 4549 2752 4603 'Arnohium
2800 4550 3037 4617 integros
3072 4550 3337 4604 habuisse.
3388 4549 3557 4607 Recte

279 4617 491 4671 eisdem
530 4615 723 4671 Joanni
761 4618 1010 4673 Antioch.
1060 4618 1254 4683 Rullo,
1300 4618 1446 4672 Flavi
1483 4636 1552 4673 no
1590 4628 1645 4674 et
1685 4618 1876 4674 Proclo
1978 4626 2158 4673 tamen
2188 4619 2326 4673 libro
2374 4635 2517 4674 nono
2545 4621 2611 4674 de
2652 4615 3136 4680 Trinitate‘docct,
3175 4621 3336 4674 unitis
3374 4622 3427 4675 in
3470 4621 3555 4675 id-

278 4687 507 4767 scripsit
554 4687 712 4767 nihil.
740 4689 957 4743 obstare
1002 4689 1414 4767 quominusqui
1463 4690 1689 4767 alterius
1725 4689 1875 4767 urbis
1904 4690 1954 4749 D
1980 4688 2151 4767 ipsum
2194 4689 2419 4754 naturis,
2443 4699 2646 4743 naturae
2675 4690 2951 4767 utriusque
2973 4705 3084 4743 rem
3116 4691 3356 4767 eamdem
3398 4706 3555 4767 esse;

280 4766 378 4811 aut
394 4757 513 4825 jam
537 4757 608 4810 sit
628 4757 929 4826 episcopus,
958 4767 1049 4813 aut
1069 4760 1257 4813 saltem
1285 4757 1543 4824 delectus,
1568 4757 1871 4813 Constanti-

279 4829 532 4900 nopolim
572 4828 958 4900 transferatur,
1003 4830 1173 4900 qniid
1204 4830 1462 4900 instauret
1502 4830 1645 4900 quod
1677 4829 1870 4900 impius

280 4896 573 4970 Nestorius
598 4896 1306 4970 labefactaveratXNiceph”
1339 4899 1376 4970 ις
1408 4896 1589 4965 χινξο,
1623 4899 1733 4970 57).

356 4965 554 5038 {Tam
595 4966 734 5038 male
763 4975 983 5036 accepta
1015 4965 1313 5038 lucrativo);
1339 4966 1519 5023 Graeca
1552 4985 1648 5038 per
1675 4965 1872 5023 veteris

279 5036 494 5091 codicis
521 5036 860 5104 scriptorem,
891 5045 949 5091 ut
989 5038 1140 5091 nobis
1177 5037 1244 5091 de
1274 5038 1361 5091 illa
1390 5036 1586 5092 diutius
1623 5039 1869 5093 divinan-

280 5106 416 5178 dum
450 5104 610 5178 fuerit
634 5122 654 5178 ;_7
686 5115 961 5176 postremo
991 5115 1168 5161 tamen
1199 5108 1399 5161 auxilio
1429 5110 1667 5178 perdocti
1697 5107 1872 5164 Patris

283 5175 584 5247 frentanis
633 5175 787 5241 fulti,
846 5192 965 5232 eam
1019 5178 1313 5247 integritati
1361 5175 1471 5232 sufe
1519 5180 1866 5233 restituimus.

279 5244 517 5303 Constat
545 5261 709 5317 porro
724 5260 797 5317 ex
825 5248 1030 5317 aliquot
1057 5244 1297 5317 epistolis
1322 5247 1380 5305 Β.
1406 5247 1699 5314 Ctelestini,
1723 5257 1871 5303 tomo

282 5317 494 5386 primo,
516 5316 986 5386 cap.l7,concdii
1014 5316 1270 5386 Ephesini
1298 5319 1527 5381 insertis,
1555 5335 1673 5373 eum
1703 5320 1873 5373 maxi-

281 5384 358 5439 rni
392 5384 594 5456 fecisse
625 5384 904 5456 Sallyrilli
946 5384 1157 5441 labores
1182 5398 1237 5441 et
1275 5388 1477 5451 studia,
1506 5389 1719 5456 quando
1748 5404 1873 5443 eum

280 5453 500 5523 passim
529 5453 785 5523 appellat,
815 5456 1069 5510 dilectum
1100 5457 1336 5520 fratrem,
1363 5458 1415 5510 in
1446 5453 1570 5512 vera
1601 5456 1703 5512 fide
1729 5469 1879 5512 tuen-

280 5523 352 5579 da
404 5523 758 5595 fortissimum
804 5528 1194 5595 antagonistam
1219 5567 1233 5591 ,
1277 5526 1494 5582 fratrem
1534 5535 1589 5581 et
1632 5537 1877 5583 sanctum

283 5593 678 5663 coepiscopum
704 5634 718 5658 ,
767 5593 1044 5651 strenuum
1086 5598 1365 5654 catholicm
1409 5597 1529 5653 ﬁdei
1576 5598 1873 5662 vindicem;

283 5659 449 5733 cujus
468 5659 714 5717 doctrina
736 5674 927 5735 potens
948 5675 1064 5719 erat
1092 5667 1159 5721 ad
1184 5668 1566 5723 retundendam
1590 5659 1875 5724 falsitatem

1977 4758 2049 4812 ita
2085 4767 2260 4833 tamen
2292 4768 2351 4813 ut
2380 4768 2570 4833 neutro
2609 4767 2791 4833 careat
2820 4759 2871 4812 in
2902 4769 3131 4833 utroque
3160 4775 3227 4814 ne
3253 4759 3386 4815 forte
3416 4760 3585 4833 Deus,

1973 4842 2094 4882 esse
2120 4828 2282 4883 homo
2312 4829 2581 4884 nascendo
2607 4828 2895 4894 desineret,
2918 4836 2974 4883 et
2994 4828 3157 4884 homo
3179 4847 3390 4885 rursum
3414 4828 3591 4895 Deus",

1972 4900 2240 4952 manendo
2271 4915 2375 4952 non
2402 4907 2564 4953 esset.

2049 4950 2072 5004 ὁ
2101 4950 2244 5039 inter
2266 4950 2561 5039 Damasum
2580 4975 2634 5023 et
2661 4965 3177 5039 hunchlestinum
3206 4970 3558 5039 interponun-
3655 4950 3661 4957 ⁵

1975 5045 2064 5109 tur
2105 5036 2378 5109 S)l'lllllS,
2410 5040 2759 5102 Anastasius,
2807 5038 3179 5105 Innocentius,
3221 5036 3465 5095 lusimus
3502 5050 3559 5095 et

1974 5108 2301 5179 Bonifacius.
2335 5108 2777 5179 llabetur_autem
2809 5117 2957 5179 torno
2988 5112 3160 5179 primo
3189 5110 3553 5165 Conciliortun

1973 5180 2211 5251 ejusdem
2242 5178 2451 5251 Damasi
2484 5179 2550 5232 ad
2581 5177 2855 5233 Paulinum
2884 5177 3411 5235 Thessalonicensem
3445 5181 3560 5251 rpi~

1975 5248 2134 5319 stola,
2169 5249 2221 5301 in
2244 5265 2347 5317 qua
2379 5249 2627 5317 leguntur
2654 5252 2752 5304 ista
2773 5289 2788 5314 ,
2820 5251 3329 5305 Anatltematizamus
3357 5266 3443 5303 eos
3470 5248 3560 5319 qui

1930 5375 1938 5383 ,
1977 5318 2106 5372 duos
2153 5319 2293 5390 ﬁlios
2322 5330 2589 5383 asserunt,
2621 5337 2779 5374 unum
2825 5332 2944 5390 ante
2981 5320 3171 5376 alecula
3196 5359 3214 5386 ,
3245 5329 3295 5374 et
3341 5318 3558 5374 alterum

1976 5396 2091 5462 post
2110 5391 2517 5462 assumptiouem
2549 5392 2723 5444 carnis
2752 5407 2817 5462 ea;
2849 5389 3074 5462 Virgine.

2058 5459 2075 5530 ἶ
2109 5458 2317 5515 Titulus
2353 5460 2508 5530 hujus
2538 5461 2780 5530 epistola:
2806 5460 2885 5530 ita
2909 5458 3050 5515 nunc
3098 5458 3157 5515 in
3174 5476 3314 5516 nova
3331 5458 3561 5515 Concilii

1979 5525 2235 5601 Ephesini
2281 5525 2516 5586 editione
2545 5525 2795 5601 redditur,
2823 5529 2992 5601 (Tom.
3041 5529 3079 5590 ι,
3111 5546 3165 5601 c.
3193 5529 3245 5600 l)
3273 5548 3286 5581 :
3311 5531 3557 5599 Cyrillus,

1980 5597 2310 5671 presbyteris,
2342 5601 2590 5666 diaconis,
2624 5597 2898 5664 Patribus,
2930 5597 3234 5671 monachis,
3256 5597 3559 5671 mterisque

1981 5669 2273 5725 solitariam
2300 5673 2456 5725 vitam
2485 5673 2741 5726 vobiscum
2767 5669 3142 5735 exercentibus,
3181 5681 3228 5723 et
3251 5672 3303 5724 in
3332 5670 3434 5735 ﬁde
3461 5669 3555 5725 Dei
