3936 6176
421 295 514 353 9.91

1729 285 1999 342 AllNOBll
2037 285 2342 346 JUNIORIS

3567 285 3682 342 ηοξ

417 413 692 470 vobiscum
722 411 888 466 vitam
913 408 1206 464 solitariam
1236 406 1454 472 habent,
1478 413 1533 461 et
1554 405 1606 459 in
1633 403 1732 459 ﬁde
1754 405 1849 458 Dei
1870 419 2000 459 con-
2027 415 2072 468 Α
2103 406 2286 460 mundi
2323 422 2352 460 a
2402 417 2622 478 peccato
2655 425 2666 460 :
2710 405 2968 463 Jeremias
3012 409 3079 464 ab
3119 415 3274 463 utero
3313 404 3687 461 sanctiﬁcatus

419 507 612 561 ﬁrmati
639 513 780 570 sunt,
801 503 1008 558 dilectis
1029 510 1082 556 et
1102 500 1444 565 charissimis,
1470 508 1526 554 et
1541 497 1750 566 regioni
1771 496 1996 550 Alexan-

417 597 583 652 drina:
605 597 654 648 in
679 595 789 648 Deo
805 593 1048 646 sa'lutem.
1074 589 1254 660 Nuper
1267 588 1483 659 quidam
1507 603 1573 642 ex
1591 587 1746 640 vobis
1767 585 1997 638 Alexan-

416 685 583 739 driam
634 699 783 736 more
829 682 990 736 solito
1042 681 1394 734 advenerunt:
1446 675 1820 732 Percunctauti
1864 689 1996 728 vero

415 776 542 829 mihi
591 783 646 827 et
682 773 888 826 discere
919 771 1205 824 admodum
1235 769 1490 838 cupienti,
1537 768 1584 821 si
1623 766 1865 818 modeste
1895 761 1998 816 Pa-

415 873 555 918 trum
584 863 807 929 vestigia
851 878 946 915 vos
987 875 1202 929 quoque
1231 864 1539 920 sectantes,
1585 855 1742 908 tidem
1782 867 1996 921 quoque

413 962 617 1008 rectam
647 959 702 1006 et
731 949 1127 1004 immaculatum
1159 948 1452 1000 enitescere
1475 943 1833 1003 contendatis,
1867 957 1997 995 cor.-

417 1043 725 1095 versatione
773 1047 948 1092 autem
1007 1039 1218 1106 egregia
1278 1037 1517 1090 decorati
1563 1035 1830 1102 religiose
1878 1034 1997 1086 vita:

418 1133 618 1186 sanctis
661 1131 930 1184 laboribus
975 1139 998 1164 α
1035 1129 1362 1182 voluntatem
1405 1141 1584 1179 veram
1627 1123 1998 1177 existimantes

425 1239 521 1292 pro
553 1239 694 1276 novo
725 1223 906 1275 labore
934 1221 1142 1274 noviter
1169 1221 1419 1273 tolerare.
1451 1217 1517 1270 Et
1536 1225 1658 1286 post
1687 1231 1853 1284 pauca
1883 1215 1956 1268 ait
1981 1233 1993 1268 :

421 1317 446 1354 ιι
492 1316 840 1384 Seinpiterme
887 1313 1160 1367 memoria:
1208 1310 1368 1364 Pater
1405 1318 1588 1363 noster
1634 1308 1994 1372 Athanasius,

416 1407 507 1478 qui
547 1407 916 1461 Alexandrina:
963 1404 1216 1459 Ecclesiae
1262 1404 1632 1472 episcopatum
1675 1401 1829 1454 annis
1862 1415 1997 1469 qua-

417 1498 656 1566 dragiuta
689 1505 743 1552 et
771 1511 864 1550 sex
895 1496 1204 1556 eoornavit,
1237 1493 1324 1561 qui
1357 1491 1596 1562 profanis
1624 1490 1998 1544 hasreticorum

419 1588 642 1656 argutiis
707 1584 1174 1654 inexpugnabilem
1234 1589 1289 1636 et
1330 1581 1680 1650 apostolicam
1724 1579 2001 1634 obtinebat

417 1680 772 1750 sapientiam,
821 1687 878 1731 et
927 1678 1077 1745 quasi
1131 1675 1509 1729 odoratissimo
1563 1679 1836 1740 unguento
1889 1671 2000 1724 suis

2097 503 2196 561 est,
2230 503 2284 550 et
2312 495 2544 552 Joannes
2571 513 2690 551 cum
2721 505 2859 552 esset
2883 498 2934 552 in
2964 507 3138 560 utero,
3169 496 3453 552 exsultavit
3479 494 3686 564 gaudio

2097 585 2162 638 ad
2193 601 2378 639 vocem
2401 584 2579 639 Maria:
2600 586 2856 650 Θιοτόκου,
2882 586 3045 640 Deum
3071 585 3345 656 portantis.
3371 585 3496 638 "me
3517 581 3688 636 Athaé

2099 676 2278 729 nasius
2315 675 2488 741 dixit,
2515 675 2596 730 vir
2623 692 2843 730 summa:
2871 677 3204 731 auctoritatis
3227 717 3241 738 ,
3291 684 3345 729 et
3389 676 3474 730 cui
3514 674 3688 728 debet

2096 767 2270 829 credi,
2313 773 2364 821 et
2405 783 2674 837 nunquam
2720 769 2854 822 dixit
2882 785 2942 824 ea
2973 785 3092 839 qua}
3119 769 3318 823 sanctis
3345 767 3538 821 litteris
3571 781 3687 820 non

2097 858 2424 912 conveniunt
2453 877 2465 911 :
2497 875 2672 929 neque
2701 867 2912 930 poterat
2944 860 3057 914 ﬁeri
3085 867 3142 914 ut
3167 876 3350 914 verum
3385 859 3690 928 pricclarus

2100 949 2180 1002 vir
2207 956 2261 1004 et
2297 951 2774 1005 memoratissimus
2805 953 3106 1019 ignoraret,
3138 966 3295 1021 quem
3326 951 3487 1005 etiam
3515 950 3571 1003 in
3623 947 3687 1003 S.

2097 1039 2304 1110 synodo
2327 1079 2342 1102 ,
2385 1055 2504 1110 quae
2544 1051 2670 1095 tunc
2706 1043 2962 1110 temporis
2997 1041 3184 1096 Niczete
3223 1049 3514 1096 convocata
3555 1047 3646 1093 est
3669 1079 3685 1102 ,

2103 1140 2125 1164 ο
2149 1140 2274 1184 ante
2300 1132 2434 1186 alios
2462 1133 2706 1187 admirati
2729 1142 2870 1187 sunt.
2901 1133 3144 1187 Nondum
3167 1131 3378 1202 quidem
3409 1132 3461 1186 in
3492 1131 3690 1184 sedem

2099 1223 2438 1290 episcopatus
2483 1223 2834 1288 ascenderat,
2885 1223 2977 1276 sed
3019 1223 3188 1277 adhuc
3225 1221 3693 1276 annumerabatur

2099 1311 2324 1365 clericis.
2357 1309 2618 1365 Caeterum
2663 1313 2966 1378 sagacitatis
2993 1297 3050 1365 et
3084 1311 3356 1364 modestia:
3399 1325 3562 1364 causa
3583 1355 3601 1375 ,
3632 1317 3692 1363 et

2101 1411 2320 1471 propter
2348 1402 2619 1467 subtilem,
2637 1403 3214 1470 incomparabilemque
3243 1402 3523 1455 scientiam
3541 1399 3691 1453 asci-

2099 1499 2186 1546 tus
2223 1508 2252 1544 a
2283 1490 2442 1546 Patre
2481 1500 2666 1546 nostro
2700 1493 3022 1547 beatissimie
3062 1491 3334 1546 memorias
3368 1489 3690 1545 Alexandro

2099 1583 2374 1651 episc0po,
2403 1582 2588 1636 aderat
2614 1599 2846 1653 semper,
2882 1590 2936 1637 et
2969 1583 3119 1652 quasi
3149 1579 3288 1635 ﬁlius
3321 1580 3338 1618 τ
3371 1581 3692 1650 gubernans

2099 1680 2306 1742 patrem
2352 1673 2403 1726 in
2447 1674 2663 1741 agendis
2699 1675 2862 1728 rebus
2907 1673 3186 1728 consilium
3231 1672 3384 1740 ejus,
3425 1674 3694 1740 viamque

416 1769 630 1838 scriptis
658 1766 890 1820 la-tiﬁcat
911 1768 1096 1820 orbem
1125 1775 1406 1827 terrarum,
1439 1762 1590 1830 cujus
1621 1762 1775 1816 ﬁdem
1796 1768 1999 1815 rectam
2034 1761 2074 1817 Β
2103 1763 2284 1816 utilem
2315 1765 2769 1819 subministrabat.
2806 1775 2828 1809 II
2859 1764 2964 1820 Sed
2993 1766 3244 1834 quoniam
3272 1763 3384 1816 ﬁeri
3416 1771 3603 1833 potest
3632 1772 3692 1818 ut

418 1867 474 1913 et
500 1873 677 1912 veram
711 1857 1020 1924 dogmatum
1050 1855 1327 1910 scientiam
1349 1863 1662 1909 cunctorum
1696 1852 1994 1906 testimonia

417 1949 787 2018 comprobant,
819 1961 939 2002 cum
966 1947 1032 2000 de
1066 1951 1411 1999 sacrosancta
1439 1943 1732 2007 'l‘riuitate,
1763 1950 1816 1995 et
1840 1942 1996 1996 unius

417 2039 747 2103 substantize,
779 2037 922 2108 quod
951 2036 1135 2092 Grmce
1157 2036 1351 2090 dicitur
1373 2037 1664 2106 ὁμοούσιον,
1687 2049 1822 2103 opus
1843 2049 1992 2088 com-

419 2137 664 2199 poneret,
701 2130 752 2182 in
781 2129 918 2182 libro
946 2129 1107 2181 tertio
1137 2127 1426 2182 identidem
1456 2135 1696 2181 sanctam
1725 2125 1994 2199 Virginem

416 2221 656 2276 Θιστόκον
685 2219 940 2290 appellat.
986 2217 1117 2274 Utar
1146 2227 1326 2273 autem
1363 2218 1664 2272 necessario
1696 2217 1915 2270 vocibus
1943 2227 2000 2270 et

417 2311 738 2366 dictionibus
767 2311 924 2372 illius,
956 2325 1076 2378 qua:
1103 2325 1162 2364 se
1193 2311 1266 2364 ita
1295 2310 1524 2364 habent:
1554 2319 1576 2347 ο
1607 2309 1760 2373 Haec,
1791 2309 1996 2378 inquit,

413 2401 682 2456 sententia
721 2408 804 2454 est
843 2408 898 2454 et
937 2400 1218 2454 character
1243 2409 1442 2454 sanctae
1487 2399 1812 2468 Scriptum,
1854 2399 1996 2468 quod

418 2505 560 2560 saepe
599 2490 829 2544 diximus
847 2529 864 2554 ,
892 2489 1158 2559 duplicem
1188 2505 1308 2546 esse
1335 2489 1389 2545 in
1422 2505 1482 2543 ea
1511 2490 1580 2544 de
1607 2489 1887 2546 Salvatore
1924 2490 2004 2545 si—

418 2581 835 2651 gniﬁcationem.
883 2581 1010 2636 [lare
1045 2597 1166 2636 cum
1215 2581 1604 2646 recitarentur,
1640 2613 1711 2623 —
1736 2579 1996 2650 Serapion

418 2672 698 2742 respondit
736 2691 750 2725 :
797 2671 990 2726 Nescio
1025 2673 1068 2727 si
1111 2672 1432 2726 Athanasius
1478 2671 1610 2725 dixit
1638 2671 1902 2741 duplicem
1931 2669 1999 2726 de

421 2762 701 2817 Salvatorc
721 2761 1186 2828 signiﬁcationem.
1227 2793 1274 2804 «-
1293 2760 1506 2816 Judicos
1525 2763 1776 2814 dixerunt
1801 2778 1814 2812 :
1844 2760 1999 2815 Nulla

419 2861 600 2922 potest
629 2853 840 2906 ratione
866 2853 1128 2921 quiSpiam
1159 2852 1394 2916 mentiri,
1423 2867 1542 2919 qua:
1577 2851 1630 2904 iu
1659 2851 1886 2904 archivis
1913 2863 2000 2904 re—

423 2943 662 2995 tinentur
689 2942 1060 2996 Alexandrinm
1088 2940 1359 3000 Ecclesiae.
1397 2939 1546 2995 Unde
1575 2943 1821 3010 permitte
1859 2941 1996 2995 reci-

421 3035 518 3086 tari
549 3048 669 3086 cum
715 3034 860 3086 omni
889 3033 1122 3086 silentio.
1179 3031 1324 3086 Certi
1365 3033 1506 3085 enim
1547 3047 1728 3085 sumus
1765 3032 1833 3085 de
1860 3031 1996 3086 scri-

2099 1853 2263 1921 aliqui
2292 1853 2601 1908 existiment
2641 1855 2802 1908 etiam
2831 1870 2859 1908 a
2889 1854 3181 1908 venerabili
3209 1862 3263 1908 et
3301 1853 3480 1906 divina
3529 1851 3692 1908 Scri-

2098 1952 2252 2012 ptura
2275 1953 2525 2014 oportere
2548 1960 2646 1998 nos
2671 1945 2973 2014 hujusmodi
3001 1945 3246 2000 laborare
3260 1951 3573 2010 tractatum,
3595 1941 3694 1997 ad-

2093 2033 2284 2104 jiciant
2313 2037 2473 2090 etiam
2505 2043 2742 2090 sanctam
2787 2043 2842 2090 et
2868 2034 3154 2088 maximam
3190 2033 3430 2105 synodon
3455 2073 3472 2098 ,
3501 2047 3696 2102 neque

2097 2126 2338 2180 Θωτόκον
2366 2125 2566 2180 dixisse
2593 2124 2804 2179 Domini
2835 2133 3058 2179 matrem
3081 2165 3096 2190 ,
3140 2138 3242 2178 nec
3267 2124 3488 2177 omnino
3517 2137 3698 2192 super
3733 2193 3747 2202 ν

2098 2213 2202 2268 hoc
2228 2214 2425 2284 aliquid
2455 2213 2709 2269 statuisse
2738 2231 2752 2266 :
2781 2229 2879 2283 age
2903 2215 3064 2268 modo
3093 2222 3350 2282 quantum
3380 2225 3576 2267 verum
3607 2227 3643 2266 e
3677 2221 3698 2266 t

2097 2304 2616 2375 dispensationisque
2637 2304 2702 2358 de
2717 2303 2932 2359 Christo
2953 2305 3287 2372 intelligitur,
3310 2303 3695 2368 ostendamus,

2097 2396 2349 2466 quoniam
2383 2395 2536 2449 nobis
2565 2395 2727 2448 modo
2754 2393 2932 2448 divina
2959 2393 3232 2462 Scriptura
3273 2393 3450 2462 przcdi.
3469 2401 3565 2446 ata
3598 2393 3693 2447 sit.

2098 2484 2252 2553 Quod
2299 2494 2480 2539 autem
2508 2492 2562 2539 et
2609 2486 2708 2555 ipsi
2754 2483 2942 2539 Patres
2990 2484 3151 2539 locuti
3196 2484 3304 2538 sint
3353 2497 3473 2537 cum
3517 2481 3695 2540 ﬁdem

2099 2584 2338 2631 sanetam
2367 2584 2424 2630 et
2447 2574 2472 2612 ι
2504 2575 2868 2630 inviolabilem
2897 2575 3232 2639 detinerent,
3276 2575 3578 2644 inspirante
3611 2573 3698 2629 eis

2097 2667 2378 2722 veritatem
2405 2665 2609 2736 Spiritu
2635 2672 2843 2730 saneto,
2877 2680 3051 2735 neque
3074 2666 3215 2722 enim
3251 2666 3350 2736 ipsi
3375 2665 3696 2734 loqueban-

2099 2764 2204 2823 tur,
2237 2757 2528 2812 secundum
2556 2772 2742 2811 vocem
2779 2755 3095 2822 Salvatoris,
3125 2757 3218 2812 sed
3245 2754 3472 2824 Spiritus
3501 2755 3608 2810 Dei
3637 2764 3699 2812 et

2098 2845 2273 2902 Patris
2303 2849 2622 2916 loquebatur
2649 2848 2700 2902 in
2729 2847 2860 2916 ipsis
2895 2846 3112 2916 (Matth.
3146 2847 3222 2917 x).
3256 2845 3324 2900 Et
3361 2845 3524 2916 paulo
3557 2854 3696 2916 post

2099 2940 2174 2993 ait
2203 2957 2217 2990 τ
2247 2937 2445 2994 Sancta
2473 2949 2529 2992 et
2556 2938 2789 2992 maxima
2817 2939 3054 3008 synodus
3079 2952 3143 2991 ex
3173 2937 3466 2992 substantia
3501 2935 3604 2989 Dei
3635 2945 3696 2991 et

2099 3029 2274 3086 Patris
2293 3032 2368 3086 ait
2388 3029 2414 3096 ,ι
2449 3031 2620 3100 ipsum
2649 3031 2886 3098 genitum
2918 3028 3256 3098 Uuigenitum
3283 3028 3456 3098 (Joan.
3486 3028 3549 3096 ι),
3591 3045 3698 3097 per

419 3125 588 3194 pluris
614 3134 809 3179 sancta:
837 3125 1108 3178 memoria:
1131 3122 1312 3194 Cyrilli
1333 3125 1591 3192 episcopi,
1625 3139 1796 3193 neque
1823 3125 1998 3178 Arno-
2024 3115 2070 3176 C
2100 3137 2258 3192 quem
2289 3123 2470 3176 omnia
2508 3130 2730 3190 propter
2763 3135 2863 3175 nos
2902 3121 3144 3174 homines
3166 3160 3181 3184 ,
3225 3129 3278 3173 et
3320 3129 3540 3188 propter
3584 3133 3694 3172 no-

419 3215 596 3279 bium,
630 3232 802 3285 neque
830 3217 1061 3282 aliquem
1103 3231 1260 3284 posse
1304 3216 1480 3282 aliqua
1515 3215 1724 3269 ratione
1761 3217 1995 3270 mentiri.

422 3305 487 3357 Et
529 3307 749 3360 recitata
777 3315 902 3359 sunt
929 3306 1126 3374 scripta
1156 3305 1214 3359 S.
1247 3305 1430 3376 Cyrilli
1457 3306 1696 3374 episcopi
1723 3305 1790 3359 de
1834 3305 1995 3359 Atha-

423 3397 590 3450 nasio.
610 3395 960 3448 -—Arnobius
981 3393 1114 3448 dixit
1147 3413 1159 3446 :
1189 3394 1398 3449 Sancta:
1421 3395 1711 3465 Scriptum
1731 3395 1998 3464 duplicem

422 3487 618 3539 habent
644 3487 709 3539 de
730 3485 1010 3539 Sulvatore
1038 3485 1500 3554 signiﬁcationem,
1525 3487 1667 3553 quod
1699 3486 1838 3540 Deus
1855 3502 2000 3542 sem-

421 3591 517 3643 per
547 3575 644 3628 fuit
667 3613 682 3638 ,
724 3583 778 3627 et
804 3583 887 3628 est
920 3573 1105 3639 Filius,
1135 3585 1189 3628 et
1219 3575 1448 3628 Verbum
1469 3613 1484 3638 ,
1514 3583 1570 3627 et
1594 3575 1793 3638 lumen,
1826 3584 1882 3629 et
1905 3591 1994 3629 sa-

419 3665 620 3734 pientia
659 3663 832 3716 Patris
865 3682 877 3694 ·
921 3671 974 3717 et
1010 3666 1099 3732 qui
1149 3672 1335 3732 po~tea
1384 3673 1603 3733 propter
1646 3681 1744 3718 nos
1778 3679 1992 3718 carnem

419 3755 642 3822 sumpsit
665 3770 729 3807 ex
753 3753 916 3807 Maria
938 3755 1153 3820 Virgine
1175 3755 1420 3826 Θεοτὸκῳ,
1443 3763 1495 3807 et
1517 3756 1674 3808 homo
1696 3757 1866 3810 factus
1890 3766 1988 3810 est.

417 3845 549 3900 Item
598 3854 720 3914 post
746 3846 850 3899 alia
896 3863 909 3896 :
955 3846 980 3882 ἀ
1013 3846 1162 3900 Multi
1211 3856 1389 3900 autem
1429 3851 1600 3904 sancti
1647 3851 1896 3914 fuerunt,
1937 3861 1993 3905 et

2101 3223 2266 3269 stram
2289 3216 2515 3268 salutem
2547 3211 2888 3268 descendisse
2910 3213 2976 3266 de
3006 3213 3174 3272 cmlis.
3197 3213 3528 3265 incarnatum
3557 3227 3693 3266 esse

2101 3313 2157 3360 et
2183 3306 2454 3360 hominem
2483 3305 2678 3359 factum
2697 3347 2710 3371 ,
2743 3319 2957 3374 passum
2987 3319 3106 3358 esse
3132 3313 3187 3358 et
3214 3303 3598 3366 resurrexisse,
3635 3312 3695 3358 et

2099 3400 2154 3454 in
2185 3407 2426 3467 tempore
2462 3405 2749 3452 venturum
2784 3396 3036 3466 judicem.
3080 3396 3146 3448 Et
3177 3405 3296 3465 post
3335 3411 3522 3465 pauca.
3549 3397 3640 3448 ait
3671 3413 3691 3450 :

2100 3489 2447 3561 Apprehendit
2495 3490 2655 3554 igitur
2704 3505 2873 3542 semen
2910 3487 3150 3552 Abrahae,
3192 3495 3243 3542 et
3281 3488 3692 3541 communicavit

2099 3581 2246 3634 carni
2275 3588 2324 3633 et
2371 3580 2614 3650 sanguini
2644 3578 2736 3631 Dei
2771 3577 2999 3632 Verbum
3033 3577 3188 3648 (Heb.
3231 3595 3286 3641 ll,
3321 3576 3417 3638 ii,
3455 3575 3563 3644 l6),
3600 3577 3691 3630 fa-

2099 3672 2248 3727 ciens
2284 3686 2478 3740 corpus
2525 3686 2592 3724 ex
2635 3670 2876 3732 muliere,
2910 3678 2970 3724 ut
3015 3685 3120 3722 non
3149 3669 3320 3723 solum
3351 3668 3490 3721 Deus
3513 3708 3528 3731 ,
3582 3669 3691 3724 sed

2099 3762 2259 3815 etiam
2288 3761 2450 3814 homo
2481 3759 2650 3814 factus
2687 3761 2980 3814 secundum
3020 3774 3117 3812 nos
3146 3766 3366 3826 propter
3403 3756 3692 3811 coaduna-

2099 3853 2298 3905 tionem
2327 3849 2672 3916 intelligatur.
2705 3847 2846 3916 Ergo
2871 3865 2939 3902 ex
2965 3849 3169 3902 duabus
3195 3847 3354 3901 rebus
3377 3845 3534 3899 simul
3559 3847 3689 3901 evi-

1581 3939 1690 3994 ΕΒ.
1733 3940 2220 3996 FEU-ARDE-NTII
2263 3933 2486 3994 ΝΟΤᾸΞ.

419 4033 716 4080 constanter
742 4023 1197 4096 perseverantibus,
1231 4025 1431 4080 dilectis
1458 4034 1506 4080 et
1535 4027 1986 4084 desideratissimis

417 4097 664 4168 fratribus
692 4094 750 4147 iu
775 4094 997 4148 Domino
1026 4097 1264 4160 salutem,
1293 4105 1389 4150 etc.
1430 4097 1731 4152 Delevinius
1755 4099 1986 4168 patribus

416 4165 802 4219 monac/torum.

489 4245 512 4270 ⁸
537 4233 678 4287 Nova
711 4235 874 4288 editio
897 4235 1136 4288 continet
1166 4252 1178 4286 :
1217 4233 1330 4287 Nec
1359 4252 1462 4288 non
1491 4237 1877 4290 exercitationis
1904 4237 1979 4290 la-

415 4303 560 4357 bores
587 4306 640 4356 in
670 4304 1314 4374 prwcipuisuoluptatibus
1343 4305 1614 4368 haberetis,
1647 4314 1748 4359 etc.
1783 4305 1987 4372 Quibus

416 4385 635 4444 apparet
667 4373 749 4428 hic
781 4373 1056 4440 legendum
1089 4373 1232 4434 esse,
1266 4376 1590 4443 voluptatem.

486 4440 511 4480 ἱ)
543 4441 692 4496 Hunc
721 4443 894 4495 locum
928 4443 978 4495 in
1017 4453 1198 4496 vetere.
1226 4440 1410 4496 cortice
1439 4446 1591 4496 valde
1621 4445 1883 4509 mutilum,
1917 4461 1982 4499 ex
2018 4440 2062 4497 D

413 4512 650 4577 subjecta
695 4528 832 4584 nova
860 4512 1228 4584 translatione
1263 4511 1466 4584 Peltuui
1516 4515 1754 4582 epistula}
1801 4515 1984 4584 Cyrilli

415 4584 694 4636 restituere
719 4582 916 4634 licebit.
951 4581 1120 4633 liabet
1149 4583 1288 4634 enim
1329 4599 1340 4631 τ
1377 4581 1557 4636 Percel
1587 4584 1690 4636 bris
1730 4581 1988 4638 memoria:

415 4651 576 4703 Pater
615 4661 786 4724 noster
821 4651 1136 4724 Athanasius
1161 4693 1189 4724 ,Α
1219 4652 1303 4719 qui
1353 4660 1483 4724 tor’os
1524 4653 1870 4724 quadraginta
1899 4671 1990 4707 sex

413 4737 578 4794 armos
603 4721 972 4794 Alexandrina:
996 4719 1239 4794 Ecclesia
1266 4719 1623 4794 pontiﬁcatum
1643 4719 1846 4794 egr'egia
1875 4740 1990 4776 cum

413 4789 567 4842 laude
613 4793 804 4859 gessit,
849 4789 1240 4859 loquacibusque
1279 4793 1593 4859 imp-urorum
1633 4789 1989 4846 ltiere'ticorum

413 4860 712 4931 commentis
765 4861 952 4931 invicta
999 4859 1251 4931 planeque
1287 4862 1573 4930 apostolica
1620 4864 1876 4930 sapientia
1911 4879 1990 4915 re—

413 4929 569 4990 stitit;
593 4930 776 4998 quique
803 4930 1008 4999 scriptis
1036 4930 1141 4981 suis
1163 4929 1750 4998 relati,ragrantissimo
1769 4933 1986 4999 quodam

412 5010 667 5070 unguento
711 4998 1044 5070 totum_lutnc
1081 5002 1250 5052 orbem
1285 5003 1500 5070 miriﬁce
1540 4998 1812 5060 recreavit,
1845 5011 1892 5053 et
1926 5001 1989 5054 ob

411 5066 709 5132 dogntatunt
751 5065 1034 5140 absolutam
1069 5065 1433 5139 integritalcni.
1467 5071 1688 5140 ﬁdrique
1717 5073 1987 5123 rectitudi-

413 5152 554 5201 nem,
596 5152 784 5206 magna
815 5136 952 5206 apud
981 5154 1156 5190 omnes
1179 5136 1443 5192 existimat
1468 5136 1565 5193 one
1592 5136 1640 5192 et
1686 5142 1988 5192 auctoritate

413 5206 531 5277 (ait,
573 5215 676 5258 etc.
715 5205 850 5277 Ergo
881 5222 977 5274 pro
1003 5211 1289 5272 coronavit,
1329 5213 1468 5277 quoi
1500 5219 1581 5262 est
1616 5211 1666 5262 in
1698 5211 1862 5262 veteri
1891 5225 1986 5262 co-

411 5275 548 5349 dici-,
580 5276 862 5349 legendum
893 5280 1110 5349 ornavit,
1145 5287 1198 5330 et
1238 5293 1332 5346 pro
1349 5275 1619 5331 iobtinebat
1647 5280 1984 5349 sapientiam,

411 5343 560 5416 forte
579 5343 874 5416 legendum.
908 5345 1180 5416 objii'iebat
1207 5343 1536 5416 sapientiam.

486 5427 506 5450 ’τ
537 5415 666 5488 _Acta
690 5415 904 5469 concilii
933 5415 1187 5486 Ephesini
1217 5435 1228 5468 :
1261 5416 1465 5470 Divina:
1496 5417 1782 5488 Scriptura:
1805 5434 1987 5488 scapus

409 5499 470 5535 ac
498 5484 784 5537 character.

480 5549 503 5586 ἀ
535 5551 658 5604 llaec
683 5561 807 5606 sunt
834 5553 886 5607 in
917 5555 1159 5609 oratione
1184 5563 1373 5622 quarta
1404 5565 1590 5611 contra
1622 5557 1868 5621 Arianos,
1899 5572 1984 5612 re—

413 5618 838 5697 ieruutur_etiam
865 5632 1007 5697 to_mo
1035 5618 1448 5693 prideoncilii
1481 5625 1751 5696 Epliesiui,
1781 5618 1899 5697 cap.
1929 5627 1977 5692 l,

412 5699 464 5740 et
495 5698 623 5742 tom.
655 5690 718 5755 ll,
746 5707 865 5760 cap.
899 5692 948 5743 '7.

2165 4041 2186 4065 ε
2218 4028 2447 4098 Cyrillus
2471 4044 2538 4082 ex
2561 4029 2910 4083 translatione
2935 4027 3143 4081 Peltaui
3176 4046 3188 4080 :
3221 4026 3287 4080 In
3313 4029 3538 4082 omnium
3569 4030 3683 4082 nd-

2090 4099 2243 4153 mirat
2267 4115 2364 4152 one
2390 4098 2591 4152 habitus
2614 4109 2709 4152 est.

2170 4191 2177 4204 -
2227 4168 2282 4220 lu
2331 4169 2472 4222 Actis
2516 4169 2727 4221 concilii
2773 4166 3026 4239 Ephesini
3075 4167 3311 4234 legitur:
3353 4165 3502 4239 Yers:
3519 4167 3684 4239 batur

2088 4253 2202 4290 cum
2232 4255 2352 4292 sene
2381 4248 2622 4307 tanquam
2645 4239 2786 4306 [ilius
2815 4236 2928 4291 cum
2958 4250 3122 4306 patre,
3154 4239 3220 4288 ad
3247 4236 3444 4306 quidris
3473 4238 3681 4292 utiliter

2089 4308 2466 4376 conﬁciendum
2495 4324 2602 4359 sese
2630 4309 2806 4360 ducem
2839 4307 3070 4374 prwbens
3089 4346 3104 4368 ,
3133 4323 3335 4376 necnon
3355 4307 3406 4357 in
3432 4308 3679 4360 omnibus

2087 4375 2201 4446 quia
2225 4377 2457 4430 obeunda
2489 4387 2657 4444 torent
2686 4377 3004 4429 commodum
3031 4379 3128 4429 iter
3157 4375 3449 4446 ostendens.

2162 4457 2186 4493 κ
2207 4447 2436 4515 Cyl-illus
2458 4447 2507 4498 in
2535 4445 2676 4499 Actis
2696 4447 2903 4514 synodi.
2931 4449 3218 4514 interprete
3244 4445 3482 4515 Pcltano,
3509 4445 3678 4514 longe

2089 4514 2262 4585 aperti
2283 4533 2326 4569 is
2358 4533 2370 4568 :
2417 4514 2600 4567 Verum
2625 4518 2744 4584 quia
2773 4516 3145 4585 rerisimlleiest
3168 4532 3268 4568 non
3293 4514 3560 4576 docturos
3586 4517 3676 4570 llic

2123 4584 2358 4647 uosdam,
2386 4586 2470 4655 qui
2492 4601 2556 4636 ea:
2575 4601 2723 4637 sacra
2753 4585 3022 4644 divinaque
3043 4584 3312 4654 Scriptura
3339 4600 3397 4636 ea
3427 4601 3543 4651 qum
3571 4585 3673 4639 hoc

2123 4605 2358 4647 uosaam,
2386 4605 2470 4655 qui
2492 4605 2556 4636 επ
2575 4605 2723 4637 sacra
2753 4605 3022 4644 atrumque
3043 4605 3311 4654 ocrtpturu
3339 4605 3397 4636 εξι
3427 4605 3543 4651 qua:
3571 4605 3672 4639 Hoc

2089 4605 2200 4709 ἵοεο
2229 4665 2427 4708 asserta
2452 4663 2572 4706 sunt
2607 4655 2990 4708 corroboranda
3018 4671 3128 4708 esse
3163 4655 3549 4711 eaistimabunt,
3581 4656 3672 4708 di-

2099 4736 2270 4779 cturos
2287 4736 2539 4791 pra'terea
2559 4735 2800 4778 sanctam
2829 4725 2974 4777 illam
3012 4739 3349 4791 magnamque
3375 4739 3416 4774 δι
3437 4724 3634 4777 nodum
3654 4762 3672 4786 ,

2090 4811 2252 4864 neque
2273 4793 2478 4864 Domini
2501 4805 2717 4846 matrem
2738 4798 2978 4848 Θεοτιίκον
3005 4810 3217 4864 usquam
3247 4793 3417 4860 appell
3436 4809 3552 4852 .sse,
3578 4810 3672 4846 ne-

2091 4862 2186 4932 que
2229 4863 2504 4931 quidquam
2549 4864 2757 4916 omnino
2803 4880 2955 4933 super
2981 4880 3043 4915 ea
3084 4879 3138 4915 re
3184 4862 3496 4933 dei-ferisse,
3529 4879 3668 4933 age,

2091 4930 2311 5000 quonam
2333 4930 2482 4998 parto
2511 4948 2756 4984 arcanum
2785 4932 2852 4984 ill.
2877 4933 2912 4984 ά
2939 4933 3230 4985 α-ίοηοιηῑηι
3253 4930 3442 4983 Christi
3472 4930 3669 4999 iugite-

2092 5002 2222 5054 rium
2261 5019 2351 5070 per
2383 5001 2582 5054 divinas
2611 5017 2806 5070 quoque
2846 5001 3044 5070 litteras
3083 5001 3414 5069 pra’dicatunt
3441 5003 3527 5062 sit,
3571 5018 3671 5068 pro

2092 5071 2226 5140 ririli
2249 5069 2394 5137 parte
2423 5069 2631 5140 planum
2663 5073 2930 5138 faciamus.
2965 5069 3147 5138 Itaque
3171 5071 3344 5122 verbis
3372 5071 3473 5123 illis
3501 5077 3674 5124 Aruo-

2090 5139 2184 5201 bii,
2206 5139 2451 5209 qtmntum
2475 5156 2642 5193 rerum
2663 5149 2756 5202 est,
2783 5141 3102 5209 addendum,
3131 5141 3448 5204 mysterium.

2165 5211 2186 5244 δ
2232 5209 2485 5280 l’eltanus
2519 5210 2802 5280 reddidit:
2853 5208 3083 5280 Sincera,
3130 5210 3504 5280 iaculputazque
3543 5209 3669 5278 [iaci

2090 5294 2339 5332 caunncm
2368 5278 2656 5332 ediderunt.
2699 5279 2862 5346 Igitur
2902 5279 2988 5332 hic
3027 5278 3305 5346 legendum
3335 5278 3626 5332 desinerent
3649 5317 3667 5342 ,

2091 5363 2189 5416 pro
2213 5350 2520 5400 detinerent.

2168 5418 2182 5454 ί
2217 5416 2348 5489 (lum
2378 5416 2657 5489 Grajcesit
2683 5415 2826 5489 apud
2858 5415 3458 5489 Cyrillum-ysywnps'aov
3483 5437 3666 5489 pavor

2088 5489 2189 5548 ενῆ,
2209 5484 2362 5557 natus
2382 5498 2456 5541 est
2473 5484 2797 5557 Unigenitus,
2816 5495 2866 5557 et
2889 5484 3222 5540 sanctissima
3237 5484 3668 5555 syi'iodusaper'to

2086 5555 2400 5626 proﬁteatur
2427 5573 2546 5611 eum
2577 5555 2696 5611 esse
2723 5556 2972 5626 genitum,
3001 5573 3104 5609 non
3141 5558 3356 5626 factum,
3387 5569 3457 5626 ex
3484 5564 3668 5610 vetere

2085 5623 2305 5681 Arnobii
2335 5627 2520 5681 codice
2542 5623 2778 5682 delemus
2804 5625 2972 5696 ipsum
3010 5623 3204 5697 factum
3235 5623 3596 5695 Unigenitum.
