3936 6176
462 198 477 221 Ι

252 286 344 343 ⁸195

991 282 1408 341 CONFLICTUS
1445 283 1533 337 DF.
1571 283 1704 338 Ι)Εο
1745 282 1949 338 TRINO
1986 283 2072 339 ΕΤ
2114 283 2266 375 ΒΝρ,
2310 285 2460 341 ETC.
2503 287 2627 340 LIB.
2668 289 2729 343 ll.

3390 295 3494 348 29$

252 401 428 457 denter
452 410 521 451 cx
543 395 753 451 Deitate
780 404 837 451 et
863 396 1194 451 humanitate
1221 395 1535 452 Emmanuel
1557 405 1657 459 est,
1686 411 1821 449 unus
1849 397 1898 455 Α
1925 393 2210 460 Arnobius,
2242 404 2297 451 et
2320 398 2528 452 ratione
2557 399 2809 465 humana,
2839 402 3236 457 etauctorilate
3264 403 3395 472 legis
3417 408 3498 459 di.

261 501 427 544 tamen
458 486 716 541 Dominus
740 484 895 540 Jesus
921 484 1182 551 Christus,
1211 503 1346 540 unus
1381 501 1508 541 vere
1547 485 1731 550 Filius,
1768 493 1824 541 et

253 591 275 617 ·
303 579 456 641 Deus,
481 586 536 631 et
564 592 671 631 non
692 576 854 630 homo
882 576 1174 641 deificatus,
1196 576 1247 630 id
1268 585 1350 630 est
1377 575 1684 646 Theopetis,
1714 577 1820 632 sic-

252 680 306 723 ut
343 670 430 722 alii
458 683 554 737 per
586 666 810 736 gratiam
842 685 854 719 :
888 667 1027 720 Deus
1056 676 1232 722 autem
1260 669 1427 735 magis
1455 684 1612 722 verus
1634 668 1688 722 in
1718 668 1819 721 hu-

252 775 397 814 mana
426 758 596 812 forma
626 758 889 827 apparuit.
915 757 1044 812 Item
1076 758 1236 828 paulo
1266 768 1388 827 post
1419 777 1433 808 :
1464 757 1596 813 Cum
1629 760 1697 813 sit
1724 759 1823 827 igi-

259 865 338 911 tur
363 854 699 909 manifestum
733 854 877 923 quod
904 869 1008 909 non
1036 854 1231 908 dicitur
1255 853 1500 908 Christus
1526 861 1677 907 extra
1705 868 1824 907 car-

254 960 386 1009 nem,
416 954 472 999 et
509 953 815 1014 separatum
855 944 947 998 Dei
979 944 1209 998 Verbum
1228 984 1245 1009 ,
1272 944 1462 998 deceat
1485 954 1665 999 autem
1697 961 1820 999 eum

252 1036 412 1103 magis
439 1036 519 1090 sic
545 1035 830 1099 nominari,
863 1033 1338 1103 postquam'homo
1362 1034 1534 1089 factus
1556 1043 1656 1101 est,
1688 1052 1814 1105 pro.-

252 1130 431 1183 bamus
457 1137 637 1182 autem
667 1128 835 1181 sacris
876 1128 1065 1182 litteris
1094 1126 1250 1181 (idem
1287 1127 1544 1183 facientes
1579 1128 1723 1195 quod
1750 1128 1820 1182 sit

252 1219 558 1274 naturaliter
587 1218 754 1279 Deus,
783 1228 838 1272 et
862 1218 915 1271 in
946 1217 1337 1272 coadunatione
1366 1233 1461 1272 sua
1496 1234 1616 1272 cum
1657 1233 1818 1273 carne

252 1309 576 1362 convenerit.
611 1311 737 1361 item
765 1308 924 1375 paulo
948 1316 1069 1375 post
1088 1309 1164 1360 ait
1195 1326 1207 1360 :
1237 1308 1385 1362 Sicut
1405 1310 1544 1362 enim
1565 1312 1619 1362 in
1651 1310 1818 1365 Adam

247 1396 515 1458 morimur,
536 1398 614 1448 ita
636 1396 663 1435 ι)
683 1397 734 1448 in
754 1395 962 1450 Christo
980 1413 1157 1451 onmes
1200 1399 1530 1467 viviﬁcamur
1568 1399 1742 1461 (Rom.
1762 1419 1818 1467 ν,

252 1483 336 1548 l9;
359 1488 376 1537 ι
398 1484 525 1539 Cor.
543 1501 632 1545 xv,
649 1486 763 1556 22).
786 1486 919 1540 Nam
937 1487 983 1541 si
1000 1502 1106 1540 non
1130 1500 1215 1542 est
1234 1504 1425 1558 passus
1446 1494 1683 1545 humano
1699 1507 1821 1545 iuo-

248 1590 299 1629 re
319 1591 417 1643 pro
436 1576 617 1638 nobis,
641 1592 773 1643 ergo
806 1590 981 1644 neque
1009 1577 1199 1631 divino
1222 1593 1374 1632 more
1408 1589 1607 1633 nostrae
1623 1578 1819 1633 salutis

250 1664 429 1719 habuit
456 1665 739 1719 rationem.
773 1665 976 1721 Dicitur
996 1667 1143 1736 prius
1177 1678 1197 1705 ε
1227 1676 1477 1736 tanquam
1505 1668 1666 1723 homo
1697 1684 1815 1723 esse

1925 491 2079 556 vince,
2111 498 2166 544 et
2192 492 2575 546 assertionibus
2609 492 2845 561 priorum
2875 494 3245 564 episcoporum
3276 510 3498 564 magno-

1923 595 2041 633 rum
2065 587 2227 649 atque
2258 589 2565 635 sanctorum
2604 582 2619 619 ί
2652 583 2949 648 Ambrosii,
2994 584 3199 650 Hilarii,
3231 584 3499 655 Gregorii,

1922 668 2017 722 sed
2056 676 2117 723 et
2156 669 2430 724 Athanasii
2465 680 2520 725 et
2547 672 2712 740 ipsius
2737 672 2937 744 Cyrilli,
2968 675 3377 746 doctrinamque
3401 693 3498 733 eo-

1922 774 2039 812 rum
2068 758 2207 813 hanc
2232 759 2395 814 fuisse
2420 761 2697 815 evidenter
2723 765 2977 828 ostendit,
3000 779 3119 832 quae
3137 766 3270 820 duas
3288 775 3496 823 astruat

1922 846 2245 901 substantias
2272 848 2325 900 in
2352 864 2460 903 uno
2488 848 2622 902 Filio
2651 850 2747 904 Dei
2773 853 3023 916 existere,
3054 853 3268 908 deitatis
3294 856 3496 910 scilicet

1920 946 1977 992 et
2003 938 2350 993 humanitatis
2382 958 2394 993 :
2427 954 2523 1009 per
2545 955 2679 1008 quas
2709 941 2841 995 duas
2861 944 3186 997 substantias
3214 944 3267 997 in
3292 954 3497 1001 tantum

1921 1026 2057 1082 duos
2085 1027 2226 1083 illius
2252 1044 2374 1083 esse
2406 1044 2510 1082 non
2541 1030 2739 1094 credit,
2774 1041 2832 1083 ut
2857 1032 3017 1085 etiam
3051 1033 3122 1084 ita
3153 1034 3372 1089 credere
3395 1050 3497 1088 vo-

1920 1115 2091 1173 lentes
2133 1118 2322 1186 legerit
2349 1119 2592 1185 Damasi,
2622 1129 2677 1174 et
2710 1120 2924 1185 Hilarii,
2952 1130 3008 1176 et
3034 1122 3302 1177 Ambrosii
3338 1140 3495 1179 exse-

1919 1209 2159 1263 oratione
2187 1210 2487 1264 damnatos.
2537 1208 2813 1280 Snperﬂue
2852 1212 3030 1281 itaque
3068 1229 3341 1268 moramur
3377 1218 3497 1285 pal-

1917 1312 2059 1350 mam
2087 1297 2215 1352 dare
2243 1300 2497 1363 vincenti,
2524 1316 2642 1354 cum
2667 1302 2828 1355 etiam
2843 1300 3094 1372 S.Cyrilli
3124 1304 3361 1374 episcopi
3387 1307 3498 1375 plac

1916 1387 2051 1441 rima
2079 1390 2381 1457 protulerit,
2415 1391 2608 1458 quibus
2630 1398 2684 1444 et
2711 1407 2740 1444 a
2771 1401 2959 1446 sancto
2986 1392 3282 1449 Athanasio
3305 1396 3495 1462 legitur

1915 1478 1973 1533 in
2011 1495 2121 1533 uno
2151 1480 2246 1534 Dei
2274 1480 2408 1535 Filio
2438 1481 2604 1536 Deum
2634 1482 3013 1551 hominemque
3041 1483 3352 1549 adunatum,
3383 1501 3491 1541 non

1916 1577 1976 1624 ut
2006 1568 2235 1624 Verbum
2263 1572 2407 1640 quod
2434 1586 2645 1641 semper
2669 1571 2723 1625 in
2753 1571 3015 1641 principio
3044 1572 3180 1638 fuit,
3223 1583 3280 1627 et
3314 1576 3368 1627 in
3398 1590 3493 1629 sua

1915 1657 2177 1713 Dealitate
2204 1667 2407 1724 manet,
2446 1660 2548 1728 hoc
2574 1661 2719 1728 quod
2748 1676 2961 1730 semper
3003 1661 3140 1725 fuit,"
3164 1656 3261 1731 per
3297 1678 3493 1718 assum-

252 1764 519 1821 mortuus;
548 1757 908 1811 resnrrexisse
933 1773 1064 1812 veno
1092 1766 1273 1828 postea
1296 1797 1311 1824 ,
1348 1759 1477 1827 quia
1503 1767 1618 1813 crat
1656 1769 1811 1814 natu-

1919 1749 2158 1818 ptionem
2209 1750 2441 1804 hominis
2482 1751 2624 1805 Deus
2657 1767 2776 1806 esse
2803 1753 3062 1818 cessavit;
3094 1754 3189 1807 sed
3235 1762 3296 1808 ut
3333 1754 3495 1811 homo

250 1848 425 1901 raliter
454 1846 617 1902 Deus.
648 1847 789 1915 Ergo
817 1849 862 1903 si
892 1864 995 1903 non
1038 1856 1121 1903 est
1147 1864 1335 1918 passus
1370 1850 1677 1910 carnaliter,
1720 1865 1821 1905 nec

254 1949 491 1994 mortuus
520 1940 811 1995 secundum
837 1939 1159 2009 Scripturas,
1187 1956 1287 1995 nec
1311 1940 1607 1995 vivificatus
1632 1942 1819 2011 spiritu

248 2029 283 2097 (l
311 2029 429 2083 Pet.
477 2047 554 2093 ιιι,
588 2030 711 2101 l8),
743 2045 843 2085 nec
884 2031 1022 2085 idem
1052 2031 1271 2086 omnino
1298 2032 1512 2086 revixit.
1548 2030 1615 2086 Et
1640 2033 1686 2086 si
1716 2033 1820 2089 hoc

248 2134 423 2173 verum
453 2129 553 2184 est,
584 2122 765 2174 inanis
802 2130 880 2174 est
907 2122 1039 2192 ﬁdes
1084 2130 1264 2178 nostra
1294 2123 1337 2194 (1
1378 2121 1500 2177 Cor.
1528 2139 1617 2189 xv,
1649 2124 1735 2192 Μ)
1765 2133 1821 2180 et

246 2210 412 2266 adhuc
442 2226 626 2265 sumus
650 2212 701 2265 in
732 2213 968 2281 peccatis
996 2213 1213 2267 nostris.
1243 2212 1375 2267 item
1404 2222 1523 2282 post
1544 2214 1817 2283 paululum

251 2300 320 2353 ait
347 2318 358 2352 :
391 2300 569 2355 Audio
597 2302 844 2355 eumdem
872 2301 1155 2356 Dominum
1192 2311 1432 2357 nostrum
1462 2301 1644 2359 Iesum
1672 2302 1820 2358 Chri-

242 2404 371 2447 stum
395 2393 675 2448 evidenter
704 2392 969 2448 dicentem
998 2394 1064 2448 de
1087 2410 1181 2449 sua
1221 2395 1397 2448 anima
1428 2412 1440 2447 :
1474 2393 1647 2450 Nemo
1676 2399 1822 2450 tollet

244 2499 346 2535 eam
369 2501 403 2536 α
437 2500 537 2547 me,
563 2483 652 2536 sed
672 2500 764 2554 ego
789 2500 979 2552 ponam
1003 2501 1117 2538 eam
1143 2500 1208 2538 ex
1234 2500 1314 2538 me
1340 2500 1359 2537 :
1386 2491 1688 2553 potestatem
1719 2495 1817 2539 Ita-

246 2572 326 2624 beo
360 2573 591 2642 ponendi
620 2590 764 2637 eam,
797 2590 1003 2627 rursum
1029 2582 1335 2644 potestatem
1379 2574 1539 2628 habeo
1584 2574 1818 2629 sumendi

242 2678 348 2714 eam
396 2661 586 2733 (Joau.
621 2679 674 2727 x,
718 2663 824 2732 l8).
858 2664 1140 2719 Descendit
1180 2664 1322 2719 enim
1370 2664 1424 2718 in
1468 2673 1694 2719 mortem
1723 2680 1818 2734 per

244 2766 456 2805 carnem
487 2767 638 2805 suam
660 2790 677 2815 ,
710 2753 802 2821 qui
844 2764 1073 2808 mortem
1100 2755 1396 2823 ignoravit,
1427 2764 1497 2833 ut.
1513 2771 1613 2811 nos
1636 2771 1816 2811 resur-

245 2855 425 2909 gamus
459 2858 579 2897 cum
610 2859 676 2898 eo
718 2845 768 2897 in
800 2846 983 2899 vitam.
1017 2845 1227 2901 Revixit
1262 2848 1403 2902 enim
1433 2864 1553 2903 cum
1588 2848 1815 2918 spolias-

239 2942 313 2985 set
338 2933 578 2997 inferna,
612 2951 716 2989 non
748 2942 1001 3004 tanquam
1038 2937 1201 2991 homo
1228 2937 1378 3006 juxta
1404 2954 1524 3003 nos,
1580 2936 1605 2974 ἀ
1634 2939 1727 2994 sed
1758 2945 1818 2993 ut

240 3021 370 3075 Deus
399 3024 460 3076 in
490 3038 653 3077 carne
682 3025 956 3080 nobiscum
996 3034 1047 3081 et
1078 3042 1235 3096 supra
1274 3043 1390 3082 nos.
1433 3025 1816 3098 Consequeba-

1922 1837 2182 1908 inciperet
2209 1853 2327 1893 esse
2347 1839 2488 1894 Deus
2515 1841 2658 1909 quod
2686 1848 2812 1895 ante
2852 1856 2960 1895 non
3002 1842 3177 1896 fuerat
3201 1885 3215 1908 ,
3260 1843 3314 1896 in
3344 1852 3495 1899 utero

1921 1935 2210 1997 conceptus
2238 1935 2323 1982 est
2365 1927 2719 1996 Emmanuel,
2761 1938 2818 1984 et
2862 1931 2985 1986 ideo
3033 1935 3269 1994 Θιοτὸκος
3309 1933 3494 1999 Maria,

1919 2020 2043 2087 quia
2074 2019 2237 2074 homo
2257 2020 2347 2088 qui
2370 2029 2659 2090 conceptus
2683 2029 2764 2075 est
2786 2030 2842 2077 et
2869 2030 3027 2078 natus
3052 2039 3082 2076 a
3113 2032 3355 2093 tempore
3375 2040 3496 2080 con~

1920 2110 2185 2179 eeptionis
2221 2110 2363 2165 Deus
2391 2111 2554 2179 cmpit
2587 2125 2708 2165 esse
2747 2111 2802 2165 in
2830 2120 2988 2166 utero
3008 2154 3023 2178 ,
3066 2121 3122 2167 et
3162 2114 3303 2169 Deus
3330 2122 3412 2168 est
3442 2115 3493 2167 in

1917 2208 2097 2270 partu.
2141 2199 2241 2255 Hic
2267 2215 2456 2257 sensus
2482 2199 2685 2272 Cyrilli,
2717 2202 2804 2257 hic
2830 2218 3022 2257 sensus
3048 2205 3354 2268 Athanasii,
3399 2205 3496 2258 Da-

1916 2290 2074 2357 masi,
2106 2290 2405 2356 Ambrosii,
2434 2289 2711 2360 Gregorii,
2741 2291 2948 2359 Hilarii,
2979 2293 3065 2348 hic
3093 2293 3313 2348 Arnobii
3343 2312 3494 2349 com-

1888 2374 1895 2381 ’
1918 2379 2174 2448 probatus
2194 2388 2294 2434 est.
2328 2380 2436 2435 Aut
2462 2381 2737 2436 dexteram
2763 2380 3023 2452 Serapion
3043 2385 3490 2453 concordiaz‘jun-

1916 2478 2027 2539 gat,
2058 2478 2151 2524 aut
2178 2470 2483 2526 confutatus
2510 2471 2786 2527 abscedat.

1984 2558 2126 2616 XVI.
2152 2589 2225 2600 —
2251 2558 2512 2631 Serapion
2540 2561 2815 2632 respondit
2845 2580 2859 2615 :
2908 2560 2964 2616 Si
2993 2578 3101 2617 non
3148 2579 3307 2618 omne
3352 2563 3492 2634 quod

1915 2653 2343 2709 consideratione
2370 2654 2617 2722 concepit
2637 2653 2869 2720 animus,
2890 2652 3053 2707 fuerit
3076 2654 3369 2720 climatum,
3387 2670 3493 2709 non

1916 2745 2019 2799 erit
2042 2744 2215 2798 lucida
2244 2744 2484 2798 veritatis
2508 2744 2765 2799 ostensio.
2793 2742 2941 2799 Unde
2968 2754 3029 2798 ut
3050 2745 3346 2799 evidentius
3367 2763 3493 2815 pos-

1915 2839 2014 2894 sim
2044 2839 2427 2893 assertionibus
2452 2838 2671 2892 Arnobii
2702 2838 2942 2907 praebere
2968 2853 3320 2899 consensum,
3355 2839 3492 2892 inte-

1915 2942 2068 2997 grum
2096 2929 2409 2998 opusculum
2436 2927 2620 2999 Cyrilli
2650 2928 2826 2981 tradat
2854 2927 2907 2980 in
2937 2934 3117 2982 Vestro
3161 2927 3492 2981 recitandum

1919 3021 2124 3084 auditu,
2147 3036 2216 3076 ne
2244 3021 2382 3075 lorte
2403 3019 2958 3074 castratis-sententiis
3006 3019 3284 3073 con‘unoda
3316 3020 3493 3088 potius

240 3118 316 3163 tur
342 3112 492 3165 enim
522 3122 715 3167 natura
759 3114 812 3167 in
849 3115 966 3183 ipso
1003 3116 1177 3184 primo
1219 3117 1675 3173 immortalitatem
1697 3157 1715 3184 ,
1758 3108 1882 3174 etC
1916 3120 1941 3158 ε
1970 3111 2259 3165 secundum
2300 3109 2611 3163 arbitratum
2660 3109 2909 3171 secuerit,
2941 3115 2998 3161 ιιι
3043 3108 3338 3162 defensioni
3385 3125 3491 3162 sua:

240 3201 666 3256 centundebatnr
707 3220 881 3270 mors,
929 3221 1049 3273 qua:
1089 3208 1215 3261 vita:
1242 3223 1437 3278 corpus
1463 3225 1614 3264 more
1642 3211 1811 3265 hostis

240 3289 505 3345 invaserat
531 3310 543 3344 :
574 3296 1020 3361 quemadmodum
1048 3298 1174 3352 vicit
1201 3298 1388 3362 Adam,
1421 3301 1569 3355 sicin
1597 3300 1808 3357 Christo

238 3380 432 3437 devicta
473 3393 572 3439 est.
606 3385 790 3454 itaque
818 3390 1125 3444 ascendenti
1152 3399 1207 3444 et
1247 3401 1467 3462 propter
1503 3410 1601 3449 nos
1629 3402 1684 3449 et
1710 3411 1807 3465 pro

239 3475 380 3529 nobis
407 3475 481 3529 ad
510 3477 785 3532 (mlestem
816 3477 1028 3534 Patrem
1056 3490 1109 3536 et
1140 3483 1450 3550 Dominum,
1483 3492 1540 3539 ut
1579 3487 1807 3543 terrenis

238 3564 538 3621 hominibus
571 3578 594 3605 ο
636 3570 875 3637 pervium
907 3578 963 3625 et
991 3574 1304 3629 ascensibile
1333 3574 1533 3630 faceret
1573 3577 1766 3632 coelum
1789 3618 1804 3644 ,

238 3656 584 3725 triumphales
611 3667 795 3714 cantus
823 3660 1088 3717 referebat
1108 3656 1317 3718 divinus
1345 3665 1647 3720 modulator
1670 3685 1683 3720 :
1709 3668 1809 3722 As-

239 3748 396 3800 cendit
438 3748 584 3802 Deus
611 3752 665 3804 in
699 3750 866 3821 jubilo
903 3751 1019 3822 (Ps.
1055 3771 1195 3817 m1,
1227 3754 1302 3825 6).
1354 3754 1503 3811 Unde
1530 3764 1585 3811 et
1612 3756 1807 3813 Paulus

240 3837 308 3890 ait
335 3857 348 3891 :
384 3837 486 3903 Qui
515 3841 802 3908 descendit,
833 3845 942 3915 ipse
969 3853 1047 3899 est
1072 3854 1121 3899 et
1153 3848 1236 3916 qui
1264 3848 1495 3902 ascendit
1524 3866 1676 3919 super
1701 3866 1806 3906 cte-

242 3930 334 3996 los,
362 3942 417 3991 ut
446 3934 757 4004 adimpleret
794 3937 968 3990 omnia
1013 3936 1170 4008 (Eph.
1196 3955 1267 4004 1v,
1312 3939 1388 4011 9).
1419 3940 1723 4010 item-juxta
1755 3942 1809 3994 ll-

242 4036 352 4075 nem
391 4024 557 4093 hujus
598 4024 848 4094 Epistula:
877 4027 994 4080 ait:
1035 4027 1150 4081 Non
1192 4029 1499 4096 ignoramus
1540 4031 1656 4099 ejus
1690 4032 1806 4099 glo-

242 4111 361 4164 riam
399 4115 490 4183 qui
541 4122 625 4168 est
646 4112 817 4168 factus
860 4116 1021 4171 homo
1045 4115 1198 4184 juxta
1228 4133 1346 4182 nos,
1393 4120 1589 4173 mansit
1624 4127 1802 4175 tamen

242 4200 369 4254 idem
399 4205 493 4273 qui
524 4203 700 4258 fuerat
728 4205 886 4259 Deus.

303 4288 409 4346 XV.
440 4326 517 4335 —
543 4293 757 4351 Judices
785 4294 1030 4350 dixerunt
1059 4314 1071 4349 :
1100 4295 1177 4350 Ex
1211 4296 1500 4352 abundanti
1545 4298 1799 4354 satisfecit

1913 3200 2167 3269 probaret
2202 3196 2385 3269 Cyrilli
2413 3196 2738 3251 concordare
2777 3197 3091 3250 doctrinam.
3123 3229 3193 3237 —
3223 3197 3489 3252 Arnobius

1911 3289 2047 3344 dixit
2080 3306 2093 3341 :
2124 3287 2274 3341 Licet
2303 3285 2507 3340 inﬁnita
2538 3286 2643 3339 sint
2672 3286 2940 3340 volumina
2969 3302 3087 3353 quae
3129 3286 3359 3339 doceant
3386 3284 3493 3356 Cy»

1910 3382 2087 3436 rillum
2127 3380 2199 3433 ita
2227 3380 2294 3432 de
2328 3378 2553 3431 Domino
2580 3375 2706 3430 Jesu
2733 3377 2963 3430 sensisse
3013 3384 3067 3429 et
3097 3376 3409 3440 credidisse,
3434 3386 3491 3429 ut

1910 3472 1964 3526 in
1994 3486 2100 3525 uno
2128 3469 2221 3521 Dei
2249 3467 2383 3521 Filio
2412 3466 2554 3520 Deus
2581 3480 2740 3518 verus
2764 3474 2819 3519 et
2849 3480 3004 3518 verus
3032 3466 3192 3518 homo
3219 3480 3338 3518 esse
3372 3479 3490 3517 cre-

1911 3559 2113 3614 dendus
2140 3558 2212 3611 sit
2250 3564 2305 3610 et
2338 3555 2614 3617 colendus,
2657 3562 2711 3607 et
2738 3554 2811 3606 ita
2851 3568 2968 3608 esse
3011 3553 3229 3606 Mariam
3258 3562 3489 3609 Θεοτοκαι

1909 3652 2045 3707 sicut
2070 3648 2427 3724 Χριστοτὸκον;
2459 3654 2635 3699 tamen
2663 3659 2787 3698 ecce
2817 3643 2950 3696 liber
2978 3658 3043 3697 ex
3074 3643 3301 3710 integro,
3334 3644 3376 3696 si
3398 3642 3488 3711 ju-

1908 3747 2065 3808 betis,
2094 3741 2401 3797 recitandus
2430 3735 2669 3791 oiicrtur.
2694 3768 2765 3778 —
2792 3734 3007 3789 iudices
3043 3734 3291 3788 dixerunt
3340 3752 3352 3787 :
3401 3732 3489 3789 Se-

1910 3836 2014 3892 mel
2044 3834 2253 3888 animus
2281 3828 2628 3883 contentione
2656 3826 2921 3881 attonitus
2949 3827 3108 3879 etiam
3130 3842 3250 3880 cum
3284 3826 3488 3895 integer

1907 3926 2082 3980 lectus
2108 3922 2287 3987 fuerit,
2319 3935 2424 3974 non
2455 3917 2746 3973 dehabebit
2784 3915 2930 3986 quod
2974 3916 3199 3983 ingerat,
3224 3923 3278 3969 et
3304 3931 3489 3986 sulier-

1912 4014 2021 4069 ﬂuo
2041 4012 2313 4066 molimine
2351 4014 2577 4075 occupet
2602 4021 2871 4060 morarum
2916 4006 3085 4074 spatia
3116 4023 3127 4056 :
3154 4012 3330 4059 tamen
3361 4005 3486 4072 quia

1911 4115 1992 4162 est
2019 4119 2127 4175 prae
2155 4101 2398 4156 manibus
2437 4100 2576 4154 liber
2610 4096 2666 4151 S.
2708 4095 2912 4167 Cyrilli,
2936 4098 3208 4150 recitetur.
3241 4097 3483 4166 Cumque

1909 4200 2097 4253 fuisset
2120 4193 2290 4250 codex
2321 4198 2569 4261 apertus,
2585 4189 2840 4243 recitatus
2863 4195 2944 4241 est
2974 4185 2998 4223 δ
3023 4188 3208 4241 titulus
3247 4189 3342 4252 sic,
3375 4195 3481 4242 etc.

1391 4431 1499 4485 FR.
1542 4426 2027 4486 FEU-ARDENTII
2065 4420 2290 4480 ΝΟΤᾹΞ,

309 4549 327 4568 η
357 4536 492 4590 Cum
522 4549 676 4591 vetus
704 4539 871 4593 codex
911 4541 1133 4593 haberet
1168 4539 1510 4604 allii-mando,
1551 4549 1600 4593 et
1648 4542 1798 4595 homo
1833 4548 1877 4605 ο
1904 4538 2068 4592 nostri
2096 4550 2252 4588 causa
2279 4532 2422 4584 nobis
2445 4529 2630 4605 similis
2656 4527 2883 4605 e/fcctus.
2917 4524 3151 4605 Obtinuit
3189 4535 3359 4579 autem
3386 4545 3483 4580 ua-

243 4603 526 4673 dei/icotus,
561 4609 895 4672 negationem
933 4611 1246 4671 addidimus,
1293 4618 1339 4662 et
1374 4627 1475 4663 non
1516 4610 1665 4663 homo
1694 4612 1804 4664 dei-

244 4674 451 4749 ﬁtatus,
493 4676 747 4749 quoniam
779 4694 918 4731 nunc
947 4680 1084 4747 apud
1128 4680 1383 4749 Cyrillum
1427 4680 1660 4745 legitur:
1704 4680 1804 4743 Qui

243 4743 383 4818 simul
415 4744 554 4797 Deus
576 4754 623 4818 et
645 4747 795 4818 homo
817 4758 916 4818 est,
947 4743 1049 4801 non
1078 4743 1229 4803 homo
1262 4743 1551 4818 deiﬁcatus,
1583 4766 1678 4817 par
1697 4751 1802 4804 illis

272 4812 443 4888 ui__per
471 4814 695 4888 gratiam
721 4815 910 4888 dicitur:
946 4827 1146 4871 natura:
1182 4812 1459 4888 participes
1498 4812 1800 4888 efﬁciuntur.

272 4828 321 4862 ιιι
351 4830 443 4881 per
471 4828 695 4883 gratiam
721 4828 910 4868 dictum
946 4828 1146 4871 natura:
1182 4828 1459 4884 partietpes
1498 4828 1671 4888 ofﬁcim

241 4828 434 4956 auibus
453 4886 723 4956 c_t_insentit
745 4884 1073 4956 Euthymius,
1102 4898 1251 4954 parte
1273 4904 1358 4941 xw
1383 4887 1671 4956 Pauoplize.

308 4953 330 4986 δ
356 4950 444 5006 Sic
465 4951 824 5007 Tertullianus
845 4950 936 5008 lib.
964 4973 993 5008 v
1021 4950 1272 5011 adversus
1294 4957 1479 5021 Marc.,
1505 4950 1558 5011 et
1580 4958 1802 5013 Ruliuus

244 5031 509 5096 ex_poiiens
534 5023 833 5096 symbolum
865 5027 1106 5090 praesenti
1139 5034 1377 5095 tempore
1406 5028 1587 5095 legunt
1611 5067 1623 5091 ,
1657 5044 1798 5080 mor-

245 5087 492 5160 tiﬁcamur
518 5087 919 5160 et'riviﬁcamur.

310 5167 331 5194 ι
361 5157 560 5213 Vocem
591 5157 819 5215 mortuus
849 5163 1057 5229 ignorat.
1083 5171 1235 5218 vetus
1261 5165 1462 5229 codex;
1506 5164 1803 5220 addidimus

244 5238 362 5292 ergo
396 5243 461 5281 ex
494 5231 592 5303 hac
628 5229 831 5303 Peltani
862 5234 1208 5286 translatione
1252 5251 1262 5284 :
1300 5234 1545 5287 Traditur
1582 5251 1802 5303 namque

245 5306 448 5371 mortem
468 5300 633 5367 primo
648 5301 848 5370 quidem
862 5304 1132 5369 oppetiisse
1152 5313 1205 5355 ut
1227 5303 1404 5365 homo;
1427 5321 1547 5356 mox
1567 5320 1683 5356 vero
1711 5300 1802 5370 per

244 5365 447 5443 quod
469 5365 569 5420 sua
597 5365 786 5422 natura
814 5365 904 5425 est
928 5372 1085 5436 Deus,
1118 5374 1168 5424 in
1196 5374 1347 5425 vitam
1371 5375 1534 5425 denuo
1567 5365 1796 5426 rediisse.

245 5430 301 5482 Si
338 5434 493 5510 igitur
538 5449 751 5491 mortem
792 5430 1083 5494 secundum.
1110 5443 1407 5510 Scrtptura‘s
1447 5459 1659 5507 corpore
1698 5458 1797 5494 non

246 5506 545 5582 pertulisset,
586 5525 746 5582 neque
771 5511 952 5582 spiritu
982 5506 1261 5582 vipiﬁcutrls
1292 5506 1553 5565 revixisset
1587 5529 1800 5582 quoque.

312 5568 337 5651 εξ
368 5568 617 5630 Peltanus
642 5568 937 5647 elegantius
970 5599 981 5631 :
1010 5568 1213 5636 Revixit
1239 5583 1375 5635 enim
1403 5568 1807 5649 despoliutis'in-

251 5637 385 5706 feris,
430 5660 533 5698 non
562 5656 614 5698 ut
651 5637 841 5703 ιιοῖινιε
878 5652 1192 5706 conditionis
1233 5653 1404 5715 homo,
1436 5637 1525 5704 sed
1550 5661 1605 5702 ut
1648 5651 1802 5712 Deus,

1911 4619 1956 4661 tu
1967 4625 2023 4659 ra
2050 4609 2103 4659 iu
2127 4606 2237 4673 ipso
2261 4600 2577 4676 tanquuuriu
2608 4600 2783 4676 capite
2801 4597 3281 4676 incorruptionem.

1984 4688 2006 4713 ο
2048 4666 2298 4727 Peltanus
2329 4688 2341 4722 :
2376 4668 2544 4722 Nobis
2590 4677 2740 4720 terra:
2765 4666 2915 4735 hujus
2944 4666 3209 4734 inquilinis
3236 4666 3367 4717 vium
3411 4667 3480 4719 ml

1907 4746 2086 4800 caelum
2116 4741 2304 4797 munivi
2312 4748 2349 4792 t.

1986 4818 1999 4853 τ
2034 4814 2199 4881 llujns
2229 4820 2283 4864 et
2310 4808 2660 4881 plurimorum
2703 4804 2927 4881 aliorum
2958 4802 3172 4881 Butram
3197 4805 3483 4881 sententia:

1906 4871 2203 4940 recitantur
2232 4871 2378 4935 toruo
2421 4876 2655 4932 secundo
2702 4874 2925 4927 Concilii
2956 4871 3208 4941 Ephesini
3234 4913 3247 4934 ,
3279 4889 3397 4940 cap.
3429 4874 3477 4926 7.

1980 4966 2005 5002 ις
2044 4951 2354 5007 Addidimus
2394 4946 2702 5007 secundum;
2742 4943 2933 4997 deinde
2968 4958 3065 5011 pro
3094 4945 3333 5008 servierit,
3383 4960 3483 5010 po.

1906 5026 2107 5078 suimus
2127 5021 2361 5080 secuerit,
2394 5025 2451 5071 ut
2478 5015 2668 5069 melius
2697 5015 2937 5066 custrutis
2963 5014 3230 5065 sententiis
3254 5028 3478 5081 respon-

1943 5102 2074 5149 cret.

1906 5096 2097 5216 detegi
2126 5175 2213 5213 res
2245 5163 2441 5224 agatur
2462 5154 2529 5207 de
2552 5152 2792 5222 superius
2823 5152 2983 5205 citata
3015 5151 3257 5224 epistola,
3293 5151 3478 5205 titulus

1906 5243 1988 5288 est
2014 5251 2025 5284 :
2062 5221 2635 5297 Cyrillusvpreshyteris,
2663 5223 2911 5297 diarouis,
2938 5232 3039 5273 etc.
3073 5221 3282 5297 initium
3310 5237 3473 5297 vero:

2015 5282 2209 5361 iliis"qu
2232 5282 2335 5349 uno
2360 5282 2610 5348 t'obisrum
2632 5302 2835 5346 a'tatcm
2872 5292 3086 5361 degunt,
3116 5299 3219 5343 etc.
3252 5291 3476 5361 Scripsit

1907 5374 2043 5426 idem
2067 5358 2345 5437 epistolam
2372 5363 2785 5437 achstorium,
2813 5358 2962 5437 cujus
2986 5361 3197 5437 _i..i_tium
3223 5358 3479 5437 estuiAd-

1908 5426 2150 5495 renernnt
2178 5435 2545 5489 Alexandriam
2592 5435 2705 5507 viri,
2738 5442 2841 5489 etc.
2882 5431 3105 5507 Scripsit
3133 5428 3271 5507 clad
3303 5426 3480 5479 Tlico~

1908 5511 2117 5564 dosium
2156 5508 2343 5575 imper.
2378 5505 2567 5557 librum
2614 5504 2853 5575 derecta
2884 5501 2939 5575 in
2964 5496 3125 5575 Deum
3154 5496 3313 5575 Fidei;
3338 5511 3476 5575 _rtn--

1910 5595 2131 5649 sinuque
2169 5568 2554 5649 ad'EudAociam
2598 5585 2652 5625 ct
2699 5570 3039 5649 [fulciteriam
3079 5568 3475 5649 imperatrices,

1911 5635 2147 5716 ejusdem
2189 5647 2419 5700 nominis
2456 5643 2681 5697 alterum
2730 5642 2942 5701 librum,
2993 5646 3048 5689 et
3087 5635 3379 5689 secundum
3411 5636 3478 5688 ad
