3866 6178
435 279 537 334 2-95

1760 264 2027 321 ARNOBII
2067 263 2368 319 JL'NIORIS

3596 257 3683 313 επ

506 385 664 442 XVII.
685 383 891 438 —-Post
916 384 1055 438 hanc
1084 379 1363 450 epistolam
1385 377 1595 447 publice
1625 376 2012 446 perlectam,—
2043 379 2087 436 Α
2117 381 2341 427 matrem
2369 372 2572 434 habuit,
2603 379 2656 426 et
2686 371 2848 426 homo
2878 370 2999 435 luit,
3051 368 3301 438 nunquid
3331 384 3448 424 eam
3494 383 3686 439 negasse

433 479 649 535 Iudices
666 475 869 546 praefati
896 475 1176 528 dixerunt:
1203 468 1342 524 Ecce
1363 483 1433 524 ex
1460 469 1667 533 integro
1688 466 1825 521 liber
1845 467 2014 520 lectus

433 576 518 623 est
541 566 712 621 sancti
739 562 939 634 Cyrilli,
972 574 1132 628 quem
1171 558 1441 613 Arnobius
1484 555 1605 610 ﬁdei
1635 571 1744 610 suae
1785 569 2014 609 concor-

432 658 558 712 dem
585 654 822 708 noscitur
844 650 1154 721 protulisse;
1196 649 1242 702 si
1281 648 1407 716 quid
1438 645 1720 716 Serapioni
1763 644 2020 699 remansit

432 747 578 817 quod
601 748 827 814 ingerat,
857 743 1076 811 pandat.
1105 772 1175 782 ——
1202 739 1462 808 Serapion
1492 738 1663 792 dixit:
1697 736 1810 805 Ego
1833 751 2018 791 amore

435 838 559 894 ﬁdei
589 840 774 900 ducor,
807 845 862 890 et
890 834 1028 888 vinci
1058 848 1145 887 me
1172 833 1341 900 magis
1373 831 1591 899 gloriari
1620 837 1812 899 potero
1857 844 2019 897 quam

435 928 711 986 confundi.
738 925 852 980 Non
875 925 1018 980 enim
1047 923 1114 978 de
1137 939 1231 977 sua
1257 921 1481 976 victoria
1511 935 1698 974 servus
1733 933 1892 987 agere
1920 919 2018 972 de-

436 1021 566 1084 bet,
608 1019 697 1087 qui
727 1017 792 1071 de
830 1018 1036 1070 honore
1074 1013 1285 1068 Domini
1314 1013 1398 1067 vel
1428 1011 1856 1065 exhonoratione
1903 1009 2020 1078 ejus

437 1127 556 1166 cum
592 1125 853 1165 conservo
889 1107 1181 1169 contendit,
1210 1121 1228 1137 ··
1259 1113 1314 1158 et
1343 1114 1398 1156 ut
1418 1104 1526 1156 vult
1554 1102 1839 1156 ostendere
1867 1117 2021 1155 suum

439 1203 721 1258 Dominum
759 1201 1083 1254 inhonorare
1131 1199 1184 1251 in
1232 1197 1343 1251 suis
1386 1197 1740 1250 sermonibus.
1778 1195 2024 1248 Beatissi-

439 1310 584 1350 mum
609 1293 968 1363 correptionis
1013 1305 1181 1358 genus
1209 1297 1291 1343 est
1333 1290 1385 1342 in
1431 1303 1540 1357 quo
1581 1303 1686 1341 non
1739 1287 1913 1354 agitur
1956 1287 2023 1340 de

439 1400 601 1440 censu
627 1383 884 1454 pecuniae,
929 1397 1028 1435 nec
1055 1381 1121 1434 de
1151 1381 1311 1434 rebus
1337 1381 1421 1433 his
1450 1394 1674 1447 quarum
1706 1385 1830 1447 post
1857 1378 2024 1447 depo-

438 1476 686 1530 sitionem
725 1474 967 1543 corporis
1002 1488 1108 1526 non
1154 1486 1374 1540 egemus
1413 1490 1425 1523 :
1477 1471 1571 1525 sed
1617 1471 1793 1539 agitur
1833 1471 1900 1525 de
1943 1472 2025 1526 his

439 1581 556 1638 qua:
585 1566 650 1619 ad
697 1575 1012 1635 perpetuum
1059 1564 1309 1632 gaudium
1355 1565 1650 1633 pertinent,
1680 1564 1764 1617 vel
1788 1563 2029 1630 irrogant

439 1664 699 1711 internum
737 1654 1063 1709 incendium.
1113 1653 1238 1707 Htcc
1263 1653 1383 1707 ideo
1430 1653 1637 1719 ingere,
1669 1661 1730 1707 ut
1766 1653 1813 1707 si
1855 1655 2027 1708 adhuc

2117 465 2387 519 hominem
2419 477 2538 516 esse
2565 462 2832 532 putandus
2880 462 3000 516 est?
3043 460 3333 530 Impressit
3380 459 3534 527 igitur
3569 459 3688 517 hunc

2117 552 2314 615 locum,
2346 551 2414 606 de
2442 567 2550 622 quo
2575 560 2691 606 erat
2711 552 3011 608 contentio.
3051 560 3075 587 ο
3110 549 3396 605 Nestorius
3416 551 3552 603 enim
3568 553 3692 607 nullo

2118 644 2280 699 modo
2309 659 2494 714 passus
2519 655 2602 700 est
2630 644 2826 699 debere
2866 645 3114 700 Θεοτὸκον
3158 643 3334 708 credi,
3381 651 3434 698 et
3474 642 3586 698 ideo
3604 642 3694 698 fre-

2118 736 2301 803 quenti
2331 737 2627 791 assertione
2658 735 2708 789 id
2739 736 2866 803 egit,
2902 744 2958 790 ut
2989 751 3121 789 eum
3170 735 3276 788 hoc
3316 734 3462 804 quod
3505 738 3694 803 negavit

2121 830 2357 888 Θειτόκος
2381 829 2652 884 edoceret.
2683 859 2752 868 —
2772 828 3040 897 Serapion
3072 828 3215 882 dixit
3249 845 3261 879 :
3291 827 3436 882 Doce
3462 841 3582 895 ergo
3601 843 3698 883 sen-

2123 938 2240 977 sum
2271 920 2452 992 Cyrilli
2482 922 2642 975 talem
2666 922 2956 985 exstitisse,
2988 928 3052 975 ut
3104 920 3285 990 ipsum
3335 920 3430 988 qui
3453 936 3517 974 ex
3556 919 3698 975 Maria

2123 1024 2280 1068 natus
2317 1024 2398 1068 est
2448 1013 2617 1067 Deum
2666 1014 2814 1068 illum
2863 1021 2918 1068 et
2957 1013 3245 1067 hominem
3284 1018 3615 1066 memoraret.
3640 1037 3698 1051 κ-

2125 1105 2393 1160 Arnobius
2421 1105 2554 1160 dixit
2589 1123 2601 1158 :
2637 1105 2701 1158 Et
2730 1121 2829 1160 nos
2859 1120 3134 1166 assumus,
3168 1113 3228 1160 et
3281 1104 3417 1157 liber
3443 1105 3528 1171 qui
3557 1103 3697 1158 lectus

2125 1205 2242 1262 est;
2276 1198 2461 1266 accipe
2489 1213 2554 1251 ex
2586 1212 2652 1250 eo
2681 1212 2801 1265 quae
2823 1197 2961 1251 lecta
2985 1206 3115 1250 sunt
3135 1194 3214 1250 ita
3245 1194 3390 1248 :Non
3416 1195 3530 1248 ideo
3557 1195 3698 1251 factus

2125 1299 2208 1344 est
2239 1290 2402 1345 homo
2424 1291 2758 1357 unigenitum
2791 1289 2886 1342 Dei
2916 1288 3179 1350 Verbum,
3217 1297 3274 1339 nt
3299 1287 3440 1340 Deus
3471 1301 3582 1341 esse
3604 1301 3699 1340 ces-

2125 1393 2299 1446 saret,
2333 1382 2424 1436 sed
2456 1389 2513 1434 ut
2561 1382 2612 1435 in
2658 1380 3025 1450 assumptione
3068 1380 3237 1432 etiam
3285 1379 3465 1433 carnis
3503 1379 3700 1447 propria:

2128 1473 2424 1540 majestatis
2470 1473 2696 1540 gloriam
2739 1473 3097 1526 intueremur.
3144 1469 3275 1524 Hmc
3320 1469 3492 1539 primo
3531 1469 3699 1524 dixisse

2127 1565 2173 1619 si
2215 1581 2321 1619 non
2366 1562 2581 1629 sufﬁcit,
2626 1579 2746 1632 qua:
2781 1565 2834 1617 in
2881 1562 3138 1617 secundis
3181 1561 3322 1615 dixit
3364 1560 3593 1614 ausculta
3624 1558 3700 1613 :In

2129 1671 2293 1711 carne
2329 1656 2538 1725 positus
2587 1655 2840 1708 audiebat
2885 1651 3104 1707 Patrem
3157 1651 3453 1711 dicentem,
3488 1649 3611 1705 Sede
3644 1649 3699 1702 ad

441 1748 616 1815 aliqua
648 1745 924 1814 protulero
945 1753 1133 1798 contra
1163 1744 1477 1804 Arnobium.
1529 1759 1634 1796 non
1685 1758 1870 1796 amore
1900 1759 2028 1797 con-
2066 1747 2105 1803 Β
2134 1749 2397 1801 dexteram
2418 1764 2585 1800 meam
2615 1746 2738 1816 (Ps.
2771 1763 2877 1811 crx,
2911 1746 2994 1813 ι).
3020 1745 3164 1798 Audi
3186 1745 3355 1799 etiam
3387 1743 3511 1812 quid
3535 1742 3701 1796 dixerit

442 1837 697 1892 tentionis
726 1837 1002 1890 existimer
1024 1836 1329 1904 protulisse,
1359 1845 1418 1888 ut
1445 1835 1512 1888 de
1542 1849 1660 1887 mea
1686 1835 2029 1888 contentione

440 1942 610 1983 coner
656 1927 786 1980 mihi
845 1941 1104 1994 generare
1145 1925 1453 1990 victoriam;
1517 1925 1610 1978 sed
1653 1933 1711 1978 ut
1749 1925 2029 1979 victoriam

443 2017 615 2086 ipsam
645 2016 886 2070 veritatis
913 2017 1183 2069 elimatam
1230 2031 1330 2084 per
1357 2015 1538 2070 omnia
1585 2014 1822 2067 membra
1853 2031 1949 2068 sua
1976 2023 2032 2069 et

444 2107 780 2178 Splendidam
816 2107 1086 2161 Arnobius
1127 2105 1399 2176 proferat,
1443 2114 1502 2159 ut
1543 2106 1673 2159 nihil
1711 2106 1840 2160 mihi
1887 2106 2030 2174 quod

444 2215 588 2255 nunc
610 2200 832 2268 egerim,
866 2198 1059 2267 agendi
1090 2199 1192 2251 hoc
1221 2206 1464 2266 tempore
1493 2197 1814 2251 remansisse
1841 2205 2030 2251 conte-

443 2302 632 2349 stetnr.
663 2323 732 2334 ——
759 2289 976 2344 Judices
1013 2289 1124 2342 dati
1167 2289 1419 2342 dixerunt
1470 2305 1482 2340 :
1531 2287 1626 2342 Dic
1667 2301 1796 2355 ergo
1818 2289 1862 2342 si
1903 2287 2042 2356 quid

444 2383 539 2438 tibi
570 2395 850 2451 superesse
877 2381 1178 2448 cognoscis.

518 2471 698 2527 XVIII.
731 2503 802 2514 ——
829 2471 1092 2540 Serapion
1117 2470 1250 2524 dixit
1283 2487 1296 2522 :
1327 2469 1433 2524 Iste
1470 2469 1606 2524 liber
1633 2470 1724 2538 qui
1755 2471 1925 2525 lectus
1952 2478 2035 2525 est

445 2565 502 2621 S.
535 2565 742 2637 Cyriiii,
777 2579 882 2618 non
906 2563 1064 2617 docet
1095 2562 1146 2616 in
1182 2560 1318 2615 Filio
1349 2561 1443 2615 Dei
1485 2561 1619 2615 duas
1663 2561 1992 2616 substantias
2015 2603 2030 2627 ,

445 2656 540 2714 sed
586 2672 748 2711 unam
791 2663 1021 2710 conatur
1061 2651 1366 2708 ostendere.
1423 2681 1482 2691 —
1529 2650 1797 2705 Arnobius
1837 2650 1971 2704 dixit
2019 2669 2031 2703 :

447 2748 624 2822 Ipsam
655 2765 837 2812 unam,
867 2762 1027 2817 quam
1059 2753 1285 2801 conatur
1305 2742 1589 2798 ostendere
1633 2744 1914 2814 pande.—
1933 2743 2035 2799 Se-

451 2843 639 2914 rapion
685 2841 858 2896 dixit:
904 2839 1130 2894 Deitatis
1169 2845 1396 2898 tantum,
1427 2851 1537 2890 non
1567 2835 1946 2900 humanitatis;
1980 2843 2039 2890 ut

451 2933 542 2989 Dei
593 2940 766 2985 mater
810 2930 1022 2986 dicatur
1068 2928 1254 2992 Maria,
1308 2942 1414 2982 non
1459 2935 1640 2982 tamen
1683 2935 1738 2980 et
1782 2927 2034 2981 hominis.

451 3023 581 3078 Nam
606 3022 842 3077 Θεοτόκον
871 3020 982 3072 vult
1010 3034 1134 3074 eam
1162 3019 1377 3080 vocari,
1410 3033 1517 3071 non
1545 3017 1915 3091 Χριστοτόκονς
1947 3025 2040 3070 aut

2132 1841 2292 1895 tertio
2323 1840 2598 1895 :Divinam
2613 1839 2783 1895 secuti
2798 1839 3160 1910 Scripturam,
3182 1837 3277 1890 Dei
3303 1836 3530 1891 Verbum
3558 1831 3581 1871 ἀ
3600 1848 3700 1888 cum

2131 1929 2439 1984 conditione
2459 1929 2790 1998 copulantes,
2820 1928 3112 1982 humanam
3163 1936 3223 1981 et
3264 1928 3562 1986 mortalem,
3590 1924 3704 1978 diri-

2133 2037 2364 2091 namqne
2406 2030 2653 2074 naturam
2697 2022 2749 2074 in
2796 2035 2960 2074 unum
3009 2019 3221 2087 aliquid
3267 2017 3615 2078 conferentes,
3643 2016 3702 2069 ita

2136 2123 2318 2168 tamen
2349 2122 2407 2168 ut
2433 2114 2746 2182 simpliciter
2785 2128 2890 2166 non
2930 2113 3095 2166 homo
3127 2110 3436 2165 Theoferus
3472 2107 3704 2174 intelliga-

2135 2214 2249 2271 tur,
2283 2205 2376 2261 sed
2401 2207 2542 2260 Deus
2565 2207 2892 2268 incarnatus,
2916 2205 3004 2273 qni
3028 2220 3130 2274 per
3150 2202 3596 2272 dispensationem
3619 2211 3702 2254 co.
3762 2229 3768 2236 -

2135 2297 2425 2368 pulationis
2456 2297 2623 2367 (nota
2653 2296 2780 2367 quid
2814 2291 2997 2364 dicat)
3029 2311 3238 2365 corpus
3265 2293 3368 2347 sibi
3413 2308 3478 2346 ex
3506 2291 3700 2357 Virgine

2137 2397 2327 2445 sancta
2358 2388 2596 2443 ascribit.
2629 2386 2744 2441 Hoc
2771 2387 2912 2441 enim
2944 2387 3128 2449 modo,
3167 2401 3270 2441 nec
3297 2385 3456 2438 aliter
3485 2381 3702 2449 intelligi-

2135 2490 2227 2538 tur
2251 2481 2516 2539 Christus.
2537 2479 2785 2535 Ausculta
2810 2479 2971 2532 etiam
2993 2486 3194 2548 quarto
3211 2479 3334 2534 loco
3346 2475 3472 2547 quid
3487 2481 3694 2528 astrnat:

2135 2572 2194 2628 In
2223 2571 2441 2627 Christo
2469 2571 2757 2624 asserimus
2785 2569 2927 2640 quod
2965 2569 3219 2624 coierunt
3263 2563 3493 2635 quadam
3528 2571 3698 2613 arcana

2137 2662 2500 2732 ineil'abilique
2528 2661 2737 2716 ratione
2769 2662 2820 2716 in
2852 2676 3013 2714 unum
3044 2659 3232 2713 Deitas
3256 2665 3313 2710 et
3343 2655 3565 2709 humana
3591 2661 3702 2704 con-

2137 2753 2291 2819 ditio,
2320 2759 2380 2807 ut
2427 2753 2478 2806 in
2507 2751 2694 2807 eodem
2733 2751 2887 2806 simul
2917 2758 2972 2804 et
3000 2750 3169 2804 homo
3210 2744 3538 2814 intelligatur
3574 2737 3703 2808 juxta

2142 2861 2261 2908 nos,
2295 2852 2352 2900 et
2376 2845 2520 2898 Deus
2548 2859 2709 2913 supra
2739 2857 2854 2897 nos.
2882 2839 3081 2908 Quinto
3107 2840 3275 2895 etiam
3310 2837 3431 2892 loco
3459 2831 3573 2887 audi
3600 2823 3704 2900 quid

2140 2935 2338 2991 dixerit
2361 2934 2430 2990 de
2457 2932 2594 2989 Filio
2621 2932 2716 2987 Dei
2749 2947 2763 2985 :
2796 2929 3132 3000 Sicutipsius
3161 2927 3327 2983 Verhi
3376 2922 3516 2994 quod
3543 2926 3616 2974 est
3650 2930 3704 2969 ex

2142 3025 2255 3080 Deo
2284 3023 2466 3087 Patre,
2499 3021 2716 3092 propria
2745 3019 2842 3074 fuit
2880 3035 3007 3074 caro
3037 3019 3126 3074 illa
3157 3032 3292 3088 pura
3326 3023 3486 3084 atque
3509 3019 3704 3062 venera-

451 3113 496 3169 si
526 3113 632 3166 ait.)
655 3110 944 3173 consentit,
974 3119 1029 3163 et
1071 3108 1414 3186 Χριστοτόκον
1454 3109 1646 3179 pande.
1681 3138 1750 3147 —
1777 3107 2041 3161 Arnobius
2069 3111 2113 3174 C
2144 3116 2285 3180 bilis,
2313 3129 2434 3183 qua:
2456 3129 2522 3168 ex
2544 3119 2726 3166 sancta
2756 3110 2973 3178 Virgine
3003 3115 3296 3180 procreata
3329 3114 3431 3168 est,
3461 3103 3528 3156 ita
3553 3094 3704 3150 omnia

453 3202 585 3258 dixit
615 3219 628 3253 :
660 3200 890 3256 Sanetus
916 3197 1146 3270 Cyrillus
1174 3209 1361 3254 contra
1393 3215 1487 3253 eos
1534 3199 1626 3268 qui
1659 3207 1898 3253 sanctam
1929 3197 2041 3252 Ma-

453 3293 587 3351 riam
615 3295 854 3348 Θεοτόκον
882 3300 1098 3358 negant,
1123 3299 1338 3345 secutus
1368 3291 1576 3360 priores
1605 3305 1730 3345 suos
1758 3291 2043 3360 eyisc0pos

455 3381 834 3452 Theophihnn,
877 3382 989 3437 sive
1038 3380 1409 3444 Athanasium,
1444 3381 1680 3436 ostendit
1723 3381 1868 3435 illam
1915 3392 2040 3438 Θεο-

455 3478 601 3533 τὸκον
641 3475 930 3537 eXstitisse,
978 3488 1049 3526 ne
1095 3473 1229 3527 l'ortc
1275 3487 1458 3541 parem
1493 3473 1693 3549 habere
1739 3481 2039 3543 putaretur,

457 3583 575 3623 cum
623 3570 962 3643 Xptaroroeo;
992 3565 1203 3619 dicitur.
1265 3564 1290 3602 lt
1345 3563 1584 3618 Fuerunt
1633 3565 1777 3618 enim
1825 3573 1880 3618 et
1925 3564 2043 3617 alite

457 3658 829 3722 Christotocae,
865 3659 1006 3711 nulla
1036 3666 1211 3710 tamen
1238 3656 1308 3708 ita
1334 3657 1670 3731 Χριστοτὸλος
1692 3664 1746 3708 et
1771 3656 2040 3721 Θεοτόκος,

462 3755 516 3802 et
542 3748 692 3814 virgo
732 3748 916 3800 cﬁ'ecta
948 3746 1056 3798 feta
1088 3755 1172 3799 est
1200 3745 1338 3797 sicut
1367 3744 1550 3797 Maria.
1576 3744 1878 3798 Memorans
1917 3759 2046 3812 ergo

461 3838 563 3892 hoc
587 3838 731 3906 quod
762 3837 933 3903 majus
962 3846 1044 3889 est
1073 3837 1332 3898 Θεοτόκος,
1363 3835 1508 3902 quod
1533 3835 1705 3888 minus
1730 3847 1814 3889 est
1838 3847 2050 3911 Χριστο-

462 3931 611 3991 rem;
638 3928 803 3982 siluit.
835 3925 996 3979 Modo
1042 3926 1134 3995 qui
1179 3933 1304 3979 ante
1353 3926 1506 3988 dixit,
1536 3925 1699 3979 Maria
1747 3935 1954 3997 patrem
1996 3937 2051 3982 et

2143 3220 2264 3274 quae
2309 3204 2459 3260 carni
2497 3185 2828 3258 conveniunt
2854 3200 3056 3268 absque
3101 3199 3225 3253 solo
3276 3200 3516 3268 peccato,
3555 3184 3705 3274 subire

2145 3273 2350 3358 debuit,
2377 3304 2400 3332 θ
2431 3303 2484 3348 et
2514 3293 2695 3349 omnia
2740 3298 2801 3346 ut
2837 3301 3151 3345 nasceretur
3191 3303 3259 3344 ex
3291 3293 3482 3341 matre.
3531 3273 3706 3332 Audisti

2144 3387 2273 3458 quid
2321 3385 2493 3441 dixit?
2523 3415 2590 3426 —
2616 3381 2878 3452 Serapion
2921 3379 3202 3449 respondit
3251 3396 3264 3431 :
3303 3372 3512 3430 Audivi.
3538 3393 3602 3406 -—-
3625 3364 3704 3458 Ar-

2148 3457 2341 3537 nobius
2369 3477 2502 3533 dixit
2532 3495 2544 3530 :
2578 3474 2820 3546 Explana
2850 3473 2979 3526 mihi
3009 3469 3151 3541 quod
3196 3469 3352 3524 dixit.
3384 3491 3453 3504 --
3479 3457 3706 3527 Serapion

2147 3569 2425 3639 respondit
2475 3585 2487 3619 :
2527 3565 2666 3620 Caro
2714 3579 2848 3634 pura
2895 3573 3058 3631 atque
3110 3557 3463 3616 honorabilis,
3505 3563 3613 3621 qua!
3652 3557 3704 3597 εἰ

2149 3667 2334 3714 sancta
2384 3656 2548 3709 Maria
2594 3662 2874 3723 procreata
2923 3659 3024 3715 est,
3057 3651 3280 3705 omnino
3332 3657 3388 3702 ut
3433 3642 3705 3698 nasceretur

2150 3763 2215 3802 ex
2245 3755 2435 3801 matre.
2466 3778 2536 3788 —
2557 3745 2827 3798 Arnobius
2853 3743 2988 3797 dixit
3031 3760 3044 3794 :
3076 3740 3348 3812 Quidquid
3391 3731 3622 3792 intelligis
3660 3723 3704 3778 in

2153 3839 2256 3893 hoc
2275 3837 2417 3900 loco,
2451 3834 2533 3890 fac
2562 3851 2648 3889 me
2677 3834 2836 3889 scire.
2875 3862 2941 3872 -—
2965 3833 3230 3903 Serapion
3263 3831 3398 3886 dixit
3428 3869 3436 3879 .
3468 3825 3574 3879 Hoc
3597 3823 3705 3889 pulo

2154 3928 2300 3982 illum
2329 3926 2544 3989 dixisse,
2577 3924 2720 3994 quod
2741 3925 2920 3980 carnis
2945 3933 3144 3979 sanctae
3170 3931 3350 3978 mater
3369 3921 3439 3975 sit
3457 3916 3605 3981 Virgo
3623 3909 3704 3962 ista

1631 4041 1740 4095 ΡΒ.
1785 4040 2282 4097 FEU-ARDENTII
2322 4040 2551 4096 ΝΟΤᾹΞ.

460 4155 674 4212 easdem
720 4154 787 4208 de
829 4163 974 4209 recta
1013 4155 1065 4208 in
1112 4153 1292 4209 Jesum
1323 4155 1593 4210 Christum
1627 4155 1910 4209 Dominum
1944 4173 2040 4210 no-

460 4236 628 4283 strum
675 4224 796 4288 ﬁde,
847 4226 1085 4294 aliasque
1126 4225 1190 4278 ad
1237 4227 1476 4280 diversos
1519 4227 1806 4294 epistolas;
1846 4228 2040 4295 quibus

461 4297 784 4421 graviSsitnis
833 4297 1178 4364 plurimisque
1225 4298 1556 4364 argumentis
1603 4296 1880 4350 catholica:
1921 4297 2041 4350 ﬁdei

496 4375 706 4421 omnium
741 4374 1057 4421 nronnguat.
1079 4368 1307 4419 haereses
1340 4383 1466 4420 vero
1491 4367 1619 4421 Arii.
1656 4365 1886 4421 I’hotini.
1914 4383 2041 4421 oric-

496 4375 706 4436 ogmnta
741 4374 1057 4436 propugnat,
1079 4368 1307 4419 haereses
1340 4383 1466 4436 vero
1491 4367 1619 4426 Arii,
1656 4365 1886 4428 I’hotini,
1914 4383 2044 4434 pra:-

461 4434 646 4492 sertim
686 4451 812 4489 vero
856 4434 1084 4487 Nestorii
1132 4437 1390 4502 coarguit.
1437 4435 1564 4500 Quae
1607 4436 1784 4489 omnia
1831 4444 1937 4488 tam
1989 4438 2040 4489 in

463 4507 620 4562 editis
666 4504 780 4572 ejus
828 4505 1102 4573 operibus,
1149 4519 1308 4572 quam
1357 4515 1502 4558 tomo
1547 4505 1565 4557 I
1610 4513 1664 4556 rt
1693 4504 1734 4556 ll
1785 4505 2041 4560 Actorum

2147 4157 2424 4227 Cyrillum,
2451 4157 2502 4210 in
2528 4165 2673 4210 tomo
2701 4156 2874 4227 primo
2895 4153 3120 4210 Concilii
3145 4156 3370 4225 Ephes.,
3404 4155 3454 4208 in
3477 4160 3701 4227 quacun-

2148 4219 2540 4281 tinenturvhaec
2589 4219 2748 4280 verba
2795 4243 2807 4277 :
2846 4225 2906 4281 Si
2953 4243 3061 4280 rem
3104 4219 3409 4281 diliaemius
3448 4219 3700 4277 conﬁdere

2147 4314 2279 4420 quat,
2307 4314 2458 4378 sacra
2495 4295 2649 4367 Virgo
2679 4313 2783 4350 non
2805 4295 3052 4366 Deipara,
3085 4298 3176 4351 sed
3197 4285 3523 4366 Christipara
3543 4285 3696 4360 appel-

2171 4383 2238 4420 an
2281 4385 2311 4419 (ι
2337 4375 2452 4419 erit.

2171 4383 2311 4420 anan
2337 4383 2452 4419 erit.

2220 4436 2244 4473 ἀ
2286 4436 2339 4507 Id
2371 4445 2470 4499 8.“,
2504 4436 2835 4490 humanitate
2865 4443 3048 4507 nostra
3094 4437 3146 4490 in
3178 4437 3412 4504 Virginis
3440 4425 3703 4507 utero}?in

2151 4515 2265 4561 tute
2313 4506 2568 4560 Altissimi
2616 4507 2829 4559 condita
2859 4515 2912 4558 et
2955 4506 3197 4559 formata.
3252 4507 3342 4561 Sic
3383 4505 3518 4558 enim
3563 4505 3697 4561 etiam

463 4560 673 4632 concilii
695 4560 946 4643 Eplies'ini
976 4560 1210 4643 reperire
1233 4591 1295 4627 ac
1319 4576 1494 4641 legere
1517 4573 1684 4627 cuivis
1705 4574 1919 4627 obvium
1942 4585 2044 4630 est.
2080 4573 2127 4630 Ι)
2154 4560 2514 4630 Tertullianus
2539 4577 2746 4629 locutus
2774 4585 2856 4630 est
2897 4573 3045 4643 (Lib.
3070 4577 3133 4630 de
3167 4560 3351 4631 Resnr.
3386 4577 3588 4643 amni:
3618 4560 3700 4616 M-

534 4656 557 4683 °
601 4646 850 4699 Fortasse
884 4647 1182 4712 .‘egendum,
1224 4654 1274 4696 et
1299 4653 1351 4696 ut
1399 4647 1516 4697 velit
1551 4645 1773 4713 seipsum
1805 4645 2046 4698 invictum

464 4716 747 4780 ostendere,
789 4724 894 4770 etc.
943 4713 1106 4768 Paulo
1138 4724 1276 4784 post,
1307 4715 1370 4767 de
1397 4714 1475 4767 his
1507 4729 1622 4785 qua:
1653 4714 1721 4766 ad
1748 4723 2048 4784 perpetuum

466 4786 728 4856 gaudium,
757 4786 1067 4851 adjecimus.
1103 4786 1379 4854 pertinent.

538 4864 560 4888 ··
599 4852 733 4906 Cum
779 4871 972 4909 nomen
1019 4852 1213 4909 Christi
1265 4854 1621 4908 communiter
1662 4862 1933 4922 sumptum
1981 4856 2049 4910 ab

467 4924 718 4978 unctione
753 4924 1067 4993 deducatur,
1095 4927 1345 4993 unctique
1368 4927 1614 4993 legantur
1640 4932 1850 4977 veteres
1877 4941 2052 4980 sacer-

467 4995 637 5065 dotes,
671 4992 968 5065 pontiﬁces,
1021 5010 1175 5062 reges
1215 4992 1270 5048 et
1299 4992 1573 5065 propheta:
1614 4995 1920 5065 priusquam
1952 5012 2051 5064 pu-

468 5063 603 5117 hlica
652 5062 860 5115 obirent
891 5079 1150 5134 munera;
1201 5062 1474 5134 ipsi'certe
1521 5066 1680 5118 etiam
1727 5062 1964 5134 Christif
1995 5072 2050 5118 et

470 5143 878 5205 matreseorum
906 5132 1249 5205 Christipane
1273 5136 1528 5205 appellari
1552 5144 1793 5204 possunt.
1822 5133 1950 5186 Nam
1980 5135 2048 5205 de

471 5203 550 5277 his
588 5203 854 5277 scripturn
891 5212 973 5277 e~_t
1023 5221 1035 5256 :
1088 5201 1267 5277 Nolite
1309 5201 1515 5277 tqtigere
1554 5201 1787 5277 chrisma,
1819 5221 1956 5277 meos
1987 5203 2046 5277 (_I

470 5273 599 5327 Par.
634 5271 749 5333 xvi,
791 5271 887 5337 ‘29.;
920 5271 1011 5325 Ps.
1046 5288 1148 5334 etv,
1181 5272 1291 5342 15).
1339 5271 1417 5328 De
1449 5277 1550 5329 hoc
1578 5276 1847 5328 disserunt
1892 5271 2049 5328 Justi-

470 5359 570 5398 nus
600 5342 909 5414 inillialogo,
932 5342 1163 5414 :l‘ertull.
1199 5344 1250 5397 in
1272 5344 1622 5414 Apologetico
1641 5386 1655 5410 ,
1700 5354 1756 5398 et
1781 5343 2046 5398 Eusebius

471 5414 623 5468 initio
652 5411 896 5467 Historia:
925 5413 1048 5467 Ecc.

545 5496 565 5521 ε
611 5483 918 5538 Vinrentius
949 5483 1238 5538 Lirinensis
1264 5492 1448 5553 aperte
1477 5492 1706 5539 testatur
1740 5485 2042 5539 Nestorium

469 5553 689 5607 Mariam
729 5555 985 5622 virginem
1037 5555 1315 5624 Deiparam
1365 5565 1602 5610 Θεοτκον
1648 5571 1900 5623 negasse,
1949 5555 2044 5608 sed

469 5627 1057 5698 xPiqroro'xov_t:intnin
1113 5626 1376 5698 nominari
1431 5625 1660 5698 voluisse
1713 5624 2040 5698 (Lib._adv.

467 5693 675 5763 profari.
723 5695 860 5763 nov).
915 5695 1099 5750 Exstat
1146 5696 1382 5764 ejusdem
1431 5694 1660 5748 Nestorii
1705 5693 1931 5764 epistola
1979 5693 2047 5750 ad

2149 4648 2291 4700 dicta
2321 4646 2646 4708 conditione,
2681 4662 2776 4715 pro
2824 4641 2954 4698 Ot'lie
3003 4649 3249 4710 condito;
3296 4656 3351 4700 et
3389 4641 3698 4715 conditiorth

2151 4719 2375 4770 colentes
2414 4700 2655 4769 ad;ersus
2682 4700 3038 4780 lcornditorem,
3080 4717 3129 4769 id
3169 4700 3250 4770 est
3273 4758 3286 4779 ,
3319 4723 3615 4782 creaturam.
3645 4700 3698 4782 ξΞι

2155 4787 2315 4856 paulo
2342 4795 2461 4854 post
2491 4805 2502 4838 :
2537 4784 3324 4858 Non_Tlufoferusintelligatur.
3353 4785 3530 4838 Exstat
3548 4779 3637 4832 hoc
3655 4779 3697 4858 in

2153 4850 2396 4925 superius
2441 4858 2600 4910 citata
2649 4850 2840 4925 (ΣπιΗῖ
2881 4857 3105 4924 epistola
3143 4850 3405 4910 z'Adrerte
3440 4850 3697 4925 quorum

2155 4921 2985 4989 Isaias(Iani.vn,I4)‘Domimim
3015 4943 3116 4980 non
3158 4929 3410 4981 hominem
3445 4921 3694 4988 Deiferum,

2154 5006 2243 5049 aut
2287 5005 2494 5048 numine
2535 4996 2788 5064 afﬂatum,
2831 4997 3157 5050 instrumenti
3193 4996 3488 5051 Dirim'tatis
3523 4993 3696 5064 Ala-urunt

2154 5066 2266 5119 loco
2298 5054 2615 5135 assumptum
2650 5075 2697 5136 et
2743 5054 3044 5132 usurpatum
3083 5069 3404 5136 pronuntiet;
3448 5054 3694 5136 {QIUMQ’E

2152 5151 2266 5188 rere
2293 5127 2622 5188 ineat-Iratum
2682 5134 2826 5188 Hem
2868 5127 3093 5188 rursum.
3124 5137 3329 5192 srholio
3367 5127 3692 5203 «tetigigvlllll

2154 5206 2543 5264 incarnatione,
2567 5221 2684 5274 cap.
2714 5203 2802 5267 25,
2831 5205 2954 5257 illud
2987 5205 3159 5272 ipsum
3192 5207 3397 5260 refellit.
3429 5200 3694 5274 Quinetiam

2152 5262 2600 5328 anathematismo
2629 5262 2816 5342 quinto
2837 5278 2912 5346 a_it
2943 5292 2954 5326 :
2990 5262 3186 5346 Siquis
3211 5277 3382 5330 dicere
3401 5262 3544 5325 αὶῖιιει
3569 5262 3693 5346 Cliti:

2151 5356 2286 5415 {tum
2315 5346 2571 5398 hominem
2600 5341 2797 5397 tantum
2849 5341 3114 5415 Deiferum
3135 5387 3149 5410 ,
3183 5365 3288 5401 non
3317 5358 3481 5400 rerum
3530 5341 3695 5415 dum???

2151 5412 2338 5534 Deum,
2363 5418 2672 5483 unicumque
2695 5431 2759 5467 ac
2783 5412 3076 5469 naturalem
3106 5416 3204 5471 Dei
3231 5416 3425 5471 Filium
3443 5424 3560 5469 esse,
3583 5414 3693 5455 ana-

2151 5492 2318 5534 ttema
2352 5488 2436 5534 sit.

2149 5488 2318 5536 thema
2352 5488 2436 5536 εἶτ.

2225 5565 2246 5589 θ
2292 5553 2458 5608 Docet
2490 5553 3030 5609 communicationem
3085 5556 3394 5612 idiomatum
3433 5554 3484 5608 in
3509 5543 3691 5604 Christo

2149 5623 2343 5679 factam
2373 5639 2510 5697 esse,
2541 5625 2701 5697 etiam
2731 5639 2761 5678 a
2792 5624 3228 5697 priino__instanti
3275 5637 3432 5697 atque
3459 5617 3694 5678 moment0

2151 5695 2523 5764 conceptionis
2546 5693 2662 5763 ejus
2691 5695 2742 5747 in
2772 5693 2926 5748 utero
2959 5695 3206 5765 Virginis.
