3936 6176
236 326 317 385 ΞΟῚ
934 321 1352 379 CONFLICTUS
1389 321 1477 377 DE
1516 321 1648 376 DEO
1686 320 1891 377 TRINO
1928 320 2017 377 ET
2056 319 2211 387 UNO,
2255 321 2404 377 ETC.
2447 321 2571 377 LIB.
2614 321 2676 378 ll.

3343 335 3442 390 9.123

234 458 330 513 qua:
348 437 564 511 peperit.
582 467 653 479 —
671 437 940 493 Arnobius
963 440 1099 494 dixit
1130 457 1142 491 :
1169 438 1260 494 Vis
1285 437 1464 492 videre
1493 439 1615 507 quia
1633 438 1769 491 bene
1798 444 1843 498 Α
1872 437 2116 502 obsecro,
2147 436 2225 492 uti
2246 437 2516 507 quomodo
2546 438 2717 508 primo
2745 436 2885 506 loco,
2909 446 2962 494 et
2986 439 3239 506 secundo,
3265 453 3318 496 et
3340 451 3441 497 trr~

232 530 534 588 intellexisti?
568 527 861 583 Considera
904 529 1032 598 quid
1075 529 1162 583 isti
1189 526 1424 582 sermoni
1469 526 1761 595 subjunxit.

227 624 291 688 Si,
312 622 482 693 inquit,
515 629 667 675 extra
694 635 911 675 carnem
960 621 1287 689 intelligatur
1306 619 1505 680 Deitas,
1536 618 1648 687 ipsa
1671 633 1768 686 per

226 718 385 773 seerit
429 717 543 768 sine
590 721 799 777 matre,
845 723 898 768 et
944 720 1089 768 recte
1136 713 1372 781 quidem.
1408 710 1765 781 ——Serapion

224 808 333 862 dixit
380 824 391 858 :
443 803 575 859 Peto
616 811 673 858 ut
720 804 936 873 planum
986 803 1111 856 mihi
1152 802 1316 856 facias
1362 801 1489 870 quid
1541 808 1764 855 conetur

224 904 449 950 astruere.
476 921 548 931 —
575 892 843 947 Arnobius
866 893 1001 946 dixit
1035 910 1046 944 :
1082 891 1222 945 Luce
1264 891 1458 944 clarius
1494 898 1576 944 est
1619 888 1764 957 quod

222 988 297 1041 Dei
334 994 550 1039 matrem
584 984 806 1038 Mariam
847 999 967 1038 esse
995 999 1093 1053 per
1119 999 1357 1047 carnem,
1392 998 1551 1051 quam
1591 981 1763 1035 solam

220 1078 404 1140 ereavit,
437 1085 691 1146 exponat.
738 1075 918 1130 Deitas
940 1076 1102 1141 enim,
1133 1076 1225 1139 ait,
1257 1075 1371 1128 sola
1406 1082 1632 1128 matrem
1655 1090 1762 1128 non

219 1168 368 1231 habet,
397 1175 457 1220 ut
486 1167 854 1231 subaudiatur,
885 1168 1009 1236 quia
1038 1167 1179 1221 Deus
1217 1175 1273 1222 et
1311 1167 1471 1221 homo
1500 1182 1639 1221 unus
1666 1165 1762 1221 Dei

218 1256 353 1311 Filius
374 1266 457 1311 est
484 1256 583 1311 iste
623 1257 727 1325 qui'
761 1266 917 1310 natus
961 1265 1062 1311 est.
1095 1255 1246 1312 Unde
1273 1265 1427 1314 sexto
1474 1258 1595 1313 loco
1636 1258 1762 1312 sub-

216 1350 424 1419 jungens,
453 1350 528 1402 ait
558 1368 570 1401 :
599 1347 655 1404 Si
683 1349 1013 1404 voluerimus
1041 1355 1187 1403 recte
1221 1348 1462 1412 calcare,
1493 1363 1602 1401 non
1638 1347 1761 1401 Dei-

218 1450 351 1494 tatem
371 1440 585 1505 nudam,
616 1440 710 1494 sed
738 1441 878 1493 inter
903 1454 1119 1494 carnem
1142 1446 1198 1493 et
1224 1447 1409 1493 natum
1436 1439 1760 1509 permixtum

217 1530 291 1583 Dei
330 1526 498 1582 Patris
526 1528 761 1583 Verbum
807 1536 1050 1582 sanctam
1076 1528 1347 1596 Virginem
1376 1543 1608 1593 creasse,
1641 1541 1760 1595 qua:

215 1620 353 1674 electa
379 1628 479 1681 est,
514 1619 580 1675 ad
606 1619 948 1689 puerperium
970 1617 1354 1681 venerandum,
1386 1625 1445 1671 ut
1472 1617 1760 1671 carnaliter

212 1726 310 1765 eum
349 1719 581 1781 pareret,
630 1711 721 1780 qui
759 1724 974 1764 carnem
1002 1709 1250 1777 dignatus
1283 1716 1366 1762 est
1385 1701 1647 1762 ‘induere.
1686 1735 1760 1744 —

1870 525 1964 590 tio,
1995 524 2139 593 quod
2163 524 2231 579 de
2269 540 2332 580 ea
2360 543 2439 590 re,
2488 527 2555 582 de
2583 542 2688 596 qua
2730 528 2921 596 agitur,
2955 528 3150 584 dixerit
3193 528 3441 601 Cyrillns,

1868 614 1940 668 ita
1971 631 2065 683 per
2090 613 2329 668 ordinem
2366 618 2802 671 commemoravit
2844 617 2969 670 Arni
2990 619 3125 681 hius,
3152 627 3209 673 ut
3239 621 3443 678 veniret

1866 707 1933 760 ad
1981 715 2217 770 sextum;
2249 720 2391 762 nunc
2434 722 2502 761 ne
2542 707 2680 762 forte
2733 710 3019 778 sumpserit
3062 710 3167 765 alia
3209 713 3440 782 capitula

1865 796 2125 866 ejusdem.
2144 798 2264 852 libri
2289 798 2638 863 evidentiora,
2670 814 2787 870 qum
2816 800 2918 854 hoc
2958 801 3129 871 ipsum
3159 803 3441 859 ostendete

1863 888 2097 950 valeant,
2146 903 2279 943 mea:
2314 888 2563 957 petitioni
2601 890 2896 944 concedite.
2933 923 3004 932 —-
3046 890 3256 947 Judices
3284 895 3436 949 dixe-

1864 989 1991 1035 runt
2024 997 2036 1033 :
2069 981 2149 1035 Ad
2177 995 2336 1049 quam
2376 987 2585 1049 partem
2606 981 2740 1037 velis
2779 997 2902 1035 eum
2939 981 3115 1038 facere
3153 984 3336 1040 dicito.
3368 1016 3441 1028 —

1863 1071 2126 1142 Serapion
2168 1072 2301 1128 dixit
2350 1090 2363 1125 :
2404 1071 2515 1142 Ego
2561 1073 2776 1143 quidem
2835 1075 3273 1143 probatissimum
3325 1076 3439 1147 jam

1863 1167 2000 1235 apud
2030 1183 2117 1221 me
2136 1168 2344 1223 retineo
2360 1207 2374 1231 ,
2399 1175 2455 1223 et
2473 1168 2599 1222 totis
2627 1182 2694 1221 ex
2713 1167 3006 1222 visceribus
3031 1169 3190 1225 credo
3218 1171 3291 1226 ita
3320 1187 3438 1227 esse

1862 1263 1921 1309 ut
1940 1255 2176 1310 defendit
2201 1257 2483 1311 Arnobius.
2520 1266 2543 1293 α
2568 1255 2879 1328 Sympolilm
2907 1266 2961 1312 et
2989 1260 3361 1331 Sympatriota:
3383 1264 3437 1318 in

1861 1345 1964 1401 hoc
1986 1361 2169 1401 errore
2193 1348 2373 1417 positi,
2407 1348 2458 1401 in
2488 1362 2595 1416 quo
2622 1362 2721 1416 ego
2750 1347 2853 1413 fui,
2897 1350 3039 1403 nulla
3073 1359 3322 1420 poterunt
3349 1370 3437 1408 ra-

1861 1436 2008 1491 tione
2038 1438 2105 1491 ab
2135 1437 2238 1492 hoc
2264 1452 2447 1492 errore
2472 1439 2675 1503 vocari,
2703 1439 2805 1492 nisi
2834 1440 2933 1494 hac
2971 1441 3104 1509 sola,
3136 1449 3195 1495 ut
3230 1443 3436 1499 dicatur

1860 1526 1964 1580 illis
1992 1535 2047 1581 et
2072 1528 2331 1597 probetur
2352 1529 2423 1581 ita
2444 1526 2502 1583 S.
2531 1529 2784 1600 Cyrillum
2808 1531 3040 1585 tenuisse
3083 1532 3436 1591 "Arnobius

1859 1615 1994 1669 dixit
2026 1634 2039 1669 :
2065 1616 2336 1685 Deprecor
2362 1625 2415 1671 et
2438 1632 2537 1686 ego
2566 1619 2872 1688 aequitatem
2900 1629 3131 1675 vestram
3154 1631 3212 1676 ut
3232 1640 3328 1692 per
3354 1641 3437 1680 or-

1860 1709 2039 1764 dinem
2066 1710 2184 1765 loca
2205 1711 2575 1765 ostendentem
2597 1712 2764 1766 sancti
2792 1710 2974 1782 Cyrilli
3000 1713 3139 1780 libri,
3171 1717 3437 1786 patienter

211 1802 435 1872 Serapion
465 1802 599 1857 dixit
628 1800 873 1866 :Clausis
896 1802 1113 1856 auribus
1138 1798 1333 1877 mentis
1363 1808 1534 1853 totum
1559 1799 1755 1853 librum
1787 1801 1832 1859 B
1859 1811 2173 1872 exspectare
2192 1802 2504 1871 dignemini,
2536 1818 2815 1871 quousque
2840 1804 2995 1859 tinem
3019 1807 3132 1875 ejus
3153 1809 3431 1876 attingam.

206 1893 341 1946 istum
366 1894 543 1947 audivi
576 1912 589 1946 :
622 1901 677 1947 et
702 1892 823 1946 ideo
861 1908 969 1947 non
1001 1892 1106 1946 vidi
1153 1892 1285 1946 istas
1322 1892 1455 1946 duas
1494 1905 1753 1960 personas

205 1986 247 2037 in
267 2000 361 2039 uno
389 1985 484 2039 Dei
529 1984 665 2038 Filio
704 1984 887 2055 Cyrilli
928 1984 1225 2039 assertione
1269 1998 1569 2053 expressas.
1617 1981 1751 2036 Nam

205 2078 449 2145 quomodo
520 2093 627 2133 non
673 2076 792 2131 dua:
862 2072 1188 2132 docerentur
1231 2088 1476 2146 persona“:
1512 2074 1754 2142 virgineo

204 2178 334 2238 partu
360 2169 545 2233 editae,
578 2185 700 2224 cum
728 2170 871 2223 dicat
895 2168 1064 2223 Deum
1108 2168 1397 2223 carnaliter
1426 2175 1631 2231 natum,
1662 2165 1755 2233 qui

202 2258 415 2327 dignatus
430 2267 517 2314 est
544 2260 852 2314 assumere?
881 2259 1331 2313 cie—Arnobius
1355 2257 1488 2312 dixit
1513 2274 1525 2309 :
1561 2255 1756 2325 Utique

200 2364 388 2404 carnem
403 2350 563 2404 simul
577 2365 697 2405 cum
715 2358 1052 2420 assumptOre
1068 2349 1260 2402 carnis.
1280 2348 1598 2417 Assumptor
1612 2348 1754 2402 enim

201 2442 351 2496 carnis
366 2441 509 2496 Deus
532 2451 634 2505 est,
652 2458 779 2497 caro
793 2450 971 2496 autem
991 2441 1199 2509 integer
1222 2441 1382 2495 homo
1410 2446 1520 2505 est;
1552 2440 1758 2507 integer

200 2545 350 2586 autem
372 2535 537 2589 homo
567 2542 670 2600 est,
699 2534 791 2602 qui
816 2548 1033 2588 carnem
1061 2540 1115 2586 et
1138 2532 1368 2586 animam
1404 2532 1585 2586 habet.
1623 2529 1758 2584 Nam

201 2620 492 2692 Apollinaris
504 2623 626 2679 ideo
638 2626 920 2680 damnatus
934 2632 1033 2690 est,
1047 2624 1168 2692 quia
1184 2640 1281 2694 pro
1293 2623 1469 2677 anima
1487 2623 1654 2677 Deum
1667 2637 1763 2692 po-

197 2715 285 2766 suit
298 2714 646 2769 incamatum.
664 2713 731 2768 Et
742 2714 862 2770 ideo
877 2730 963 2769 res
976 2714 1027 2768 in
1043 2713 1247 2785 synodo
1258 2713 1470 2769 Nicaena
1481 2713 1761 2768 damnatas

198 2817 279 2857 nec
295 2805 599 2859 meminisse
617 2804 890 2860 debemus.
924 2803 1062 2857 Audi
1090 2816 1216 2871 ergo
1231 2802 1288 2858 S.
1306 2801 1560 2874 Cyrillum
1574 2801 1762 2858 dicen-

196 2904 285 2949 tem
300 2897 348 2949 in
362 2897 543 2952 libello
554 2897 790 2966 ejus‘qui
813 2897 982 2952 lectus
995 2904 1095 2951 est.
1111 2896 1167 2950 Si
1180 2905 1343 2963 recte,
1357 2897 1547 2965 inquit,
1572 2909 1763 2967 sapere

196 2987 519 3053 voluerimus,
548 2997 604 3044 et
633 2990 879 3044 semitam
909 2988 1024 3043 sine
1052 3004 1235 3043 errore
1250 2988 1477 3052 calcare,
1504 3003 1609 3042 non
1638 2986 1764 3041 Dei—

196 3083 338 3137 tatem
363 3079 692 3148 permixtam
732 3078 828 3133 Dei
873 3076 1049 3132 Patris
1066 3076 1301 3132 Verbum
1341 3083 1584 3133 sanctam
1639 3076 1762 3132 Vir-

1855 1891 2159 1947 —Judices
2183 1892 2435 1947 dixerunt
2485 1909 2498 1944 :
2544 1890 2693 1947 Licet
2736 1897 3150 1963 exspectationis
3184 1898 3327 1952 nulla
3368 1900 3439 1954 sit

1856 2000 2035 2048 causa,
2069 1991 2252 2037 tamen
2281 1990 2474 2037 vestrae
2501 1983 2747 2052 petitioni
2776 1985 3113 2040 annuendum
3155 2003 3274 2041 esse
3320 2006 3438 2046 ere—

1857 2075 2064 2139 dentes,
2088 2074 2323 2143 patimur
2363 2088 2429 2127 ex
2465 2071 2756 2127 abundanti
2790 2073 2906 2129 loca
2929 2074 3092 2129 libelli
3119 2078 3324 2131 ostendi
3369 2079 3437 2133 ab

1859 2164 2244 2247 Arnobio,quo
2280 2163 2490 2233 possint
2522 2170 2578 2218 et
2623 2163 2893 2219 auditores
2941 2167 3131 2232 nostri,
3179 2176 3233 2222 et
3280 2169 3437 2237 hujus

1860 2255 2085 2311 actionis
2110 2240 2308 2308 nostra:
2336 2254 2564 2309 lectores
2593 2262 2685 2308 aut
2704 2269 2810 2309 non
2842 2270 3041 2319 errare,
3074 2265 3185 2324 aut,
3211 2259 3254 2313 si
3289 2275 3438 2315 erra-

1857 2350 2051 2415 verint,
2093 2350 2160 2403 ab
2203 2349 2401 2403 erroris
2442 2349 2635 2403 itinere
2671 2349 2934 2405 revocari.
2982 2349 3096 2404 Erit
3134 2352 3229 2406 Dei
3269 2354 3437 2410 uestri

1859 2449 2045 2511 parata
2073 2440 2355 2495 clementia
2376 2440 2561 2494 electis
2596 2439 2679 2494 bis
2707 2448 2766 2494 ut
2793 2440 3015 2495 redeant
3050 2442 3116 2496 ad
3142 2440 3429 2513 Christum,

1862 2530 1930 2584 ad
1950 2544 2155 2601 pacem,
2189 2530 2253 2584 ad
2276 2530 2617 2585 concordiam
2647 2528 2769 2584 ﬁdei
2807 2532 3115 2598 catholicae,
3146 2535 3236 2602 qui
3272 2552 3437 2593 unum

1862 2622 1959 2678 Dei
1985 2621 2177 2677 Filium
2222 2623 2276 2676 in
2304 2622 2437 2676 duas
2464 2629 2645 2691 partes
2685 2621 2913 2679 divisum
2952 2624 3318 2680 existimantes
3357 2636 3439 2681 te-

1862 2730 1993 2771 nere
2020 2706 2315 2769 Romanam
2344 2712 2659 2780 Ecclesiam,
2710 2715 2917 2785 seipsos
2943 2716 3316 2773 miserabiliter
3339 2736 3437 2776 oc-

1863 2800 2125 2872 ciderunt,
2149 2805 2361 2860 dicente
2390 2805 2507 2875 ipso
2546 2804 2774 2860 Domino
2813 2813 3000 2861 nostro
3024 2805 3149 2862 Jesu
3174 2807 3385 2865 Christo
3417 2829 3432 2866 :

1869 2895 2050 2951 Omnis
2071 2897 2157 2967 qui
2184 2895 2428 2950 irascitur
2464 2894 2621 2965 fratri
2657 2910 2750 2948 suo
2796 2893 2824 2932 δ
2867 2897 2978 2950 sine
3005 2913 3163 2952 causa
3193 2916 3312 2953 reus
3338 2902 3438 2955 erit

1865 2986 2082 3041 concilio
2111 2983 2344 3055 (Matth.
2375 3001 2426 3050 v,
2456 2980 2582 3054 22).
2628 2982 2769 3039 Ecce
2820 3000 2983 3040 causa
3011 2986 3155 3041 nulla
3191 2996 3292 3054 est,
3329 3001 3350 3029 α
3381 2997 3439 3046 et

1866 3074 2170 3131 interfectio
2192 3074 2329 3129 facta
2358 3082 2442 3130 est
2466 3073 2816 3144 populorum;
2839 3076 2987 3131 vadit
3006 3075 3158 3132 furor
3179 3094 3353 3135 aecus
3382 3081 3438 3136 in

196 3166 349 3233 ginem
375 3170 668 3234 creavisse,
699 3184 818 3239 quae
857 3169 1028 3224 electa
1073 3177 1155 3224 est
1192 3169 1261 3224 ad
1288 3169 1628 3239 puerperium
1656 3184 1752 3222 ve-
1781 3174 1827 3234 ο
1857 3167 2107 3222 universo
2134 3166 2333 3237 populo
2359 3164 2662 3221 Christiano
2700 3181 2801 3236 per
2831 3168 3134 3239 episcopos,
3160 3186 3257 3241 per
3283 3188 3437 3242 pres-

194 3259 487 3327 nerandum,
521 3268 580 3314 ut
603 3260 889 3314 carnaliter
907 3275 1028 3316 eum
1058 3268 1290 3331 pareret,
1315 3262 1406 3330 qui
1427 3276 1643 3317 carnem
1671 3268 1755 3319 est

194 3346 418 3416 dignatus
445 3365 746 3406 assumere.
774 3384 845 3393 -—
870 3349 1084 3406 Judices
1113 3351 1362 3406 dixerunt
1394 3369 1406 3404 :
1437 3349 1630 3420 Liquet
1656 3350 1753 3405 de-

192 3434 465 3496 fensionem
520 3439 746 3496 Amobii
785 3441 969 3513 Cyrilli
1005 3442 1389 3497 assertionibus
1426 3441 1713 3496 convenire
1737 3479 1751 3504 ,

193 3527 365 3597 injusta
386 3547 520 3601 ergo
546 3532 688 3587 ratio
708 3540 791 3588 est
810 3546 928 3602 quae
946 3540 1230 3587 cunctatur
1249 3531 1457 3587 deferre
1479 3532 1755 3586 victoriam

189 3618 233 3672 ei
247 3623 331 3690 qui
358 3632 482 3693 post
530 3623 901 3679 altercationis
928 3623 1130 3680 exitum
1158 3624 1387 3694 palmam
1426 3631 1681 3678 meretur.

247 3708 380 3769 XIX.
419 3747 496 3759 -—
535 3714 801 3785 Serapion
845 3716 981 3771 dixit
1016 3734 1029 3769 :
1080 3714 1185 3771 Per
1218 3714 1483 3784 justitiam
1525 3724 1755 3771 vestram

1856 3261 2092 3331 byteros,
2123 3273 2222 3328 per
2257 3257 2534 3324 diaconos,
2579 3272 2679 3328 per
2705 3259 3172 3330 archimandritas,
3191 3278 3289 3333 per
3328 3280 3439 3320 om-

1859 3366 1956 3404 nes
1978 3364 2117 3420 pene
2138 3350 2528 3405 monachorum
2554 3357 2609 3404 et
2627 3348 3092 3408 innumerabilium
3121 3355 3321 3410 turbas.
3347 3356 3440 3413 Sic

1859 3450 1973 3497 tota
2001 3439 2285 3512 Egyptus,
2315 3440 2394 3495 sic
2421 3447 2534 3494 tota
2557 3446 2640 3495 est
2673 3437 2955 3496 Palaestina
2986 3443 3225 3506 turbata,
3259 3453 3318 3499 ut
3354 3448 3437 3501 et-

1860 3535 1999 3591 fusio
2037 3533 2309 3604 sanguinis
2350 3533 2571 3587 humani
2599 3539 2799 3587 terram
2836 3533 3009 3603 ipsam
3050 3535 3433 3606 inebriaverit;

1862 3638 1918 3684 et
1945 3643 2106 3683 causa
2146 3627 2262 3683 sola
2307 3626 2540 3681 rumoris
2580 3632 2682 3691 est,
2726 3625 2922 3682 nullius
2966 3643 3187 3697 prorsus
3214 3631 3432 3686 erroris.

1862 3718 1997 3774 Nam
2016 3735 2139 3776 cum
2168 3718 2414 3784 omnibus
2442 3716 2709 3790 Egyptiis
2730 3725 2784 3772 et
2803 3716 2952 3788 Syris
2980 3718 3289 3789 praedicatio
3310 3737 3435 3776 san-

1340 3869 1450 3924 rn.
1490 3869 1985 3928 FEll-ARDENTII
2018 3842 2251 3928 Noras.

212 3987 274 4063 mf
310 3977 507 4046 Quanti
534 3979 741 4063 passim
770 3977 921 4063 ﬁeret
963 3980 1225 4063 pietas‘ac
1262 3981 1622 4063 eruditio-divi
1651 3983 1755 4063 Cy-

315 4064 409 4119 per
453 4046 766 4105 universam
794 4046 983 4105 Asiani
1003 4059 1060 4105 et
1100 4050 1353 4121 Africam,
1385 4066 1453 4106 ex
1489 4046 1753 4121 hispatét.

214 4116 272 4200 ub
307 4116 803 4200 NolatDesiderins
830 4125 885 4178 in
915 4123 1234 4200 quibusdam
1259 4116 1755 4200 (ὶι-φοριιυηιςςοηί,

186 4192 317 4247 cibus
356 4196 651 4264 ascriptum
694 4210 813 4249 esse
846 4192 1163 4264 evangelico
1202 4193 1373 4264 textui
1402 4197 1527 4259 εἰκῆ,
1572 4194 1625 4248 id
1652 4203 1753 4261 est,

188 4267 379 4332 temere,
400 4263 626 4319 autsine
640 4281 819 4318 causa.
837 4263 1078 4332 Deinque
1099 4263 1443 4331 sequentibus
1457 4264 1721 4332 adjectum
1740 4282 1753 4316 :

191 4326 279 4391 Qui
305 4326 498 4405 diaerit
537 4334 725 4405 Bac/to
754 4336 867 4388 sine
893 4326 1084 4399 causa;
1131 4326 1216 4405 qui
1245 4333 1436 4405 dixerit
1465 4326 1608 4405 fatue
1642 4336 1755 4388 sine

184 4413 358 4475 causa;
397 4404 624 4474 insuper
652 4403 1098 4475 Chrysostomum
1121 4402 1151 4466 ,’
1180 4402 1327 4457 hom.
1361 4403 1429 4475 10
1453 4402 1506 4457 in
1530 4403 1750 4475 blatta,

186 4473 391 4544 tenuere
418 4473 536 4544 hoc
551 4475 727 4544 ipsum
754 4473 1034 4543 legendum
1044 4487 1190 4544 esse,
1214 4473 1428 4544 tametsi
1458 4475 1511 4529 in
1530 4473 1755 4541 Vulgata

186 4537 406 4597 editione
434 4537 628 4599 Latina
660 4559 769 4599 non
794 4537 1236 4614 éxstet._AQuihus
1284 4543 1429 4614 addo
1450 4537 1756 4614 antiquissi-

184 4613 967 4686 mumﬂmartyrem‘lrenaeum,
995 4612 1098 4686 lib._
1118 4628 1200 4674 ιν,
1233 4626 1351 4686 cap.
1383 4611 1472 4666 27.

250 4688 271 4715 ε
307 4680 623 4755 Nestorium
653 4684 704 4738 in
734 4684 922 4755 primis
953 4680 1420 4755 hominemjuisse
1444 4682 1755 4739 seditiosum

183 4754 328 4820 atque
373 4753 683 4818 crudelem,
728 4750 877 4820 patet
920 4768 986 4807 ex
1027 4751 1208 4806 libello
1236 4750 1418 4807 Basilii
1461 4755 1759 4809 archiman-

182 4815 345 4887 dritas,
373 4838 488 4894 quo
528 4815 679 4893 apud
715 4815 1075 4894 Theodosium
1096 4829 1161 4894 et
1185 4821 1612 4894 Valentinianum
1653 4824 1754 4878 im-

184 4899 282 4948 Per-
322 4890 578 4963 graviter
614 4893 962 4963 conqueritur
997 4891 1065 4946 de
1094 4890 1231 4963 illius
1271 4892 1519 4947 barbarie
1548 4895 1601 4947 in
1637 4894 1754 4962 pios

181 4962 462 5016 monachos
492 4971 550 5015 et
587 4960 829 5026 clericos,
861 4962 1107 5016 nolentes
1146 4960 1264 5028 ejus
1295 4963 1591 5017 bairesibus
1627 4960 1753 5017 sub-

181 5030 403 5103 Stiribere
433 5050 448 5083 :
486 5031 712 5085 Mandat
739 5034 757 5103 (
781 5030 986 5101 inquit)
1018 5030 1415 5103 decurionibus,
1444 5041 1499 5085 ut
1525 5049 1619 5086 nos
1646 5048 1752 5103 cae-

182 5093 316 5167 dant.
345 5099 484 5155 Caesi
514 5103 585 5153 ad
613 5093 1265 5156 tribunat'eccl'esiasticum
1294 5093 1621 5167 adducimur,
1662 5101 1754 5155 ibi-

179 5163 379 5237 demque
402 5171 547 5244 Δινιεζιιι
585 5171 822 5244 scelerati
848 5172 1191 5244 detruduntur,
1222 5172 1523 5244 vapulamus
1546 5213 1560 5236 ,
1587 5163 1754 5244 jacta-

181 5250 299 5313 mur,
330 5241 654 5310 calcibusquc
680 5243 989 5305 impetimnr.
1015 5240 1120 5295 Diu
1145 5241 1459 5313 multumque
1478 5243 1531 5294 in
1551 5240 1750 5313 apiario-5

182 5307 275 5369 pali
306 5307 631 5381 tonsistorio
669 5313 913 5375 diremti,
962 5313 1082 5365 inde
1123 5313 1259 5381 fame
1307 5307 1638 5374 tabescentes,
1679 5312 1750 5365 ad

179 5378 452 5452 tiipplicum
493 5383 813 5452 ergastulum
839 5378 1158 5452 deducimur.
1202 5380 1338 5434 Hinc
1365 5383 1584 5435 civitatis
1613 5398 1750 5448 pra:-

180 5444 307 5523 {tcto
323 5451 460 5502 tradi
491 5444 581 5504 nos
604 5452 818 5505 curauit.
848 5450 949 5503 Per
982 5453 1113 5504 hunc
1142 5467 1263 5523 ergo
1285 5454 1421 5521 ferro
1451 5444 1623 5523 onusti
1640 5492 1655 5516 ,
1679 5453 1749 5523 ad

177 5512 660 5592 {lilblicttmfeorum
690 5538 946 5575 carcerem
974 5512 1339 5586 abstra/tiimt'r,
1372 5531 1473 5575 etc.
1509 5512 1692 5592 (Tom.
1724 5522 1745 5576 Ι

178 5580 365 5641 Concil.
400 5589 597 5660 [ip/tes.
624 5608 669 5644 c.
694 5592 806 5659 28.)
830 5591 1030 5646 ibidem
1057 5601 1112 5647 et
1141 5593 1205 5646 de
1234 5580 1337 5662 pio'
1357 5580 1742 5649 Constantino-

1854 3968 1995 4038 polis
2027 3967 2230 4037 populo
2268 3964 2492 4038 publice
2539 3964 2835 4038 aliquando
2884 3975 3074 4021 contra
3128 3964 3439 4038 Nestorium

1854 4035 2192 4091 acclamante
2223 4052 2236 4088 :
2258 4035 2513 4105 Regulam
2540 4035 2812 4102 habemus,
2833 4038 3128 4106 episcopum
3156 4053 3257 4089 non
3284 4036 3442 4087 liabe-

1852 4129 1986 4176 mus,
2010 4112 2152 4184 idem
2181 4111 2407 4184 Basilius
2435 4111 2665 4181 scribit:
2694 4109 2835 4184 Pars
2868 4111 3006 4184 illius
3035 4113 3147 4184 ipso
3187 4116 3430 4184 temporis

1854 4182 2071 4236 articulo
2106 4181 2473 4251 comprehensa
2496 4221 2509 4244 ,
2556 4187 2606 4233 et
2632 4180 2712 4231 ad
2745 4177 2976 4233 tribunal
3014 4177 3304 4251 abstracta,
3335 4185 3431 4237 tali

1854 4252 2178 4306 immanitate
2216 4249 2535 4303 diverberata
2554 4256 2977 4320 exceptoqueest,
3001 4250 3167 4319 qualis
3210 4268 3274 4305 ne
3293 4255 3431 4320 apud

1852 4320 2101 4393 barbaras
2149 4321 2352 4393 quidem
2398 4320 2636 4393 nationes
2677 4318 3019 4393 quandoque
3055 4322 3251 4393 usitata
3308 4318 3426 4393 fuit.

1855 4391 1921 4445 Et
1949 4394 2015 4447 de
2041 4388 2370 4445 Nestorianis
2398 4389 2713 4444 satellitibus
2753 4388 2892 4443 idem
2940 4389 3015 4443 ait
3045 4407 3057 4441 :
3092 4389 3234 4453 Quos
3274 4388 3431 4447 semel

1848 4462 2118 4516 sententia:
2165 4476 2271 4514 sua:
2315 4459 2590 4530 adjunazit,
2632 4459 2747 4530 illos
2787 4458 2861 4511 ita
2906 4459 3234 4530 inﬂammat,
3279 4463 3429 4517 verba

1849 4531 2030 4602 quibus
2061 4530 2275 4602 lubitum
2299 4528 2459 4602 fuerit
2486 4528 2685 4602 publice
2713 4528 2907 4602 inferre
2932 4528 3198 4602 audeant,
3226 4532 3429 4601 palam-

1915 4619 1945 4655 e
1963 4598 2334 4671 persecutionis
2368 4598 2589 4671 speciem
2626 4598 2868 4671 excitare
2904 4614 3007 4652 non
3036 4598 3288 4671 dubitent,
3321 4612 3426 4658 etc.

1959 4667 2670 4753 qatemadmodunt‘iludteiuin
2701 4667 3041 4753 Stephgnunt,
3073 4669 3146 4722 ita
3173 4679 3222 4724 et
3261 4672 3349 4725 isti
3366 4673 3431 4753 in

1851 4738 2177 4795 Christianos
2219 4739 2410 4814 cat/tot.
2455 4738 2690 4814 dentibus
2720 4738 2978 4814 [rendent,
3016 4755 3317 4814 omnemque
3355 4745 3434 4814 {u-

1853 4828 2027 4865 rorem
2060 4828 2207 4865 suum
2234 4812 2289 4863 in
2308 4852 2312 4857 .
2331 4810 2447 4864 illos
2484 4808 2690 4880 explere
2718 4807 2974 4880 laborant.
3011 4811 3191 4880 Atque
3218 4807 3333 4866 haec
3355 4807 3430 4868 'de

1778 4872 1827 4931 Ι)
1853 4881 2290 4936 Nestorianorum
2322 4872 2722 4935 crudelitatibus
2743 4872 3228 4949 constantinopoli.
3259 4880 3430 4948 Quam

1851 4958 2101 5005 cruentas
2139 4965 2355 5020 quoque
2384 4950 2439 5002 in
2467 4948 2685 5020 oriente
2717 4947 2922 5020 turbas:
2943 4947 3259 5020 excitarint,
3301 4952 3433 5008 libet

1851 5021 2011 5104 etiam
2035 5036 2107 5101 ex
2130 5016 2430 5104 fragmento
2459 5018 2698 5104 epis‘tolm
2737 5016 2839 5097 Ihm
2883 5016 3139 5104 Edesseni
3165 5021 3424 5104 episcopi,

1850 5090 1991 5160 quod
2033 5090 2087 5143 in
2115 5087 2320 5146 decima
2357 5087 2807 5160 Chalcedonensis
2848 5089 3066 5160 concilii
3099 5087 3312 5148 acti-one
3345 5087 3430 5149 in;

1850 5158 2052 5234 sertum
2083 5168 2191 5224 est,
2235 5160 2339 5234 hoc
2380 5159 2500 5213 loco
2547 5171 2989 5234 commemorare.
3013 5158 3273 5234 Episcopi
3310 5164 3431 5234 (in-

1850 5231 1997 5302 quit)
2028 5238 2210 5302 contra
2247 5230 2510 5302 episcopos
2552 5226 2966 5302 contentionibus
3004 5226 3433 5302 insurgu'nt,'po-

1846 5297 1959 5371 puli
1980 5297 2256 5371 adversum
2294 5298 2531 5370 populos,
2568 5307 2676 5371 etc.
2709 5297 2775 5350 Et
2802 5298 3054 5371 Socrates
3086 5297 3263 5354 de'his
3290 5297 3428 5369 quo-

1851 5366 1955 5437 que
1981 5370 2054 5422 ait
2097 5388 2109 5421 :
2157 5366 2536 5438 Non'part'am
2574 5366 2777 5421 turbam
2818 5369 2930 5422 orbi
2957 5369 3192 5423 universo
3222 5366 3430 5438 ineptia:

1849 5436 2085 5494 NesIcrii
2112 5436 2759 5510 peperererCassiodorin‘:
2779 5438 2938 5510 etiam
2982 5438 3175 5510 refert,
3208 5436 3431 5510 propter

1846 5507 2342 5575 Nestorium,circa
2382 5508 2618 5562 Miletum
2648 5517 2701 5562 et
2731 5507 2935 5577 Sardos
2974 5507 3110 5560 facta
3142 5508 3424 5577 seditione,

1846 5580 2045 5633 inultos
2072 5579 2402 5646 occubuisse,
2434 5580 2523 5633 lib.
2542 5596 2612 5633 xu
2634 5578 2833 5631 Hister.
2858 5576 3009 5646 trip.,
3040 5592 3161 5647 cap.
3186 5581 3238 5635 5.

236 5690 249 5706 ⁸
276 5691 643 5767 Libellusisle,
669 5713 817 5767 quem
842 5705 1027 5753 rodit-is
1051 5704 1323 5767 descriptor
1344 5706 1638 5767 suppressit,
1665 5710 1717 5752 et
1748 5704 1812 5753 de
1835 5716 1935 5763 quo
1964 5700 2333 5767 _|'t‘_ev_ard_en_t_ins
2369 5713 2514 5749 vanas
2558 5699 2739 5749 cecinit
2766 5698 3117 5759 divinationes,
3162 5707 3239 5749 est
3263 5700 3427 5761 Cyrilli

185 5753 365 5804 hort-ilia
402 5759 643 5816 past-haus
664 5753 855 5811 tlemma
885 5770 1109 5824 septima.
1134 5753 1256 5814 Vile
1286 5753 1584 5829 Patrblogia'
1611 5753 1792 5817 (ira'rw
1811 5753 1930 5814 tom.
1962 5761 2191 5811 LXXVII.
2225 5761 2354 5809 Ευιτ.

495 5843 762 5903 Parnm.
809 5845 963 5906 ΜΗ.

2986 5835 3055 5893 10
