3936 6176
526 283 623 335 299

1830 278 2097 336 ARNOBII
2138 275 2438 335 JUNIONS
3604 287 3688 339 303

521 398 591 449 cti
631 396 813 465 Cyrilli
842 397 1063 467 placeat,
1110 412 1227 465 qua:
1274 402 1420 448 tanta
1446 394 1716 449 dementia
1744 403 1825 448 est
1862 411 1982 462 quin
2031 396 2080 446 in
2115 406 2153 455 Α
2184 393 2315 445 duas
2337 407 2592 462 personas
2612 392 2887 447 evidenter
2907 394 3185 463 expressit.
3206 393 3530 450 —Arnobius
3545 396 3684 451 dixit:

520 502 646 542 suos
674 486 864 541 fratres
899 485 1135 550 desrcvit,
1183 494 1240 539 et
1278 493 1490 554 spumat
1533 485 1630 549 ira,
1680 500 1801 539 cum
1846 483 2086 552 ejusdem

522 576 640 629 fidei
689 577 758 630 sit
798 584 909 631 tota
957 575 1260 630 fraternitas
1313 575 1667 644 populorum?
1709 605 1783 616 ——
1826 574 2085 643 Serapion

518 667 649 719 dixit
678 684 690 717 :
724 664 917 720 Fateor
944 682 1181 721 errorem
1212 682 1387 721 meum
1428 680 1536 719 non
1562 665 1775 720 aliunde
1801 667 2088 735 sumpsis~e

454 778 470 826 ;
516 755 813 818 exordium,
848 758 951 810 nisi
995 756 1117 810 hinc
1159 755 1301 826 quod
1347 756 1481 809 duos
1523 753 1658 809 filios
1704 755 1799 809 Dei
1846 765 2086 810 astruere

436 827 462 869 κ’
517 856 758 900 asseraut
784 848 838 900 hi
868 849 959 916 qui
987 848 1121 901 duas
1141 847 1461 902 substantias
1489 847 1542 900 in
1577 862 1682 901 uno
1711 847 1804 901 Dei
1831 845 1966 901 Filio
1994 862 2083 901 as-

512 946 716 1000 serunt,
749 952 944 1006 easque
972 936 1254 1006 perfectas.
1286 937 1417 990 Nam
1447 937 1489 990 si
1513 951 1636 991 vere
1671 936 1764 989 Dei
1814 936 1979 991 Filius
2016 952 2084 991 ex

516 1025 674 1081 Patre
702 1030 911 1095 genitus
938 1034 1060 1081 ante
1087 1028 1276 1080 secula
1306 1027 1557 1089 creditur,
1591 1026 1677 1094 qui
1718 1042 1815 1095 per
1841 1028 2085 1096 omnipo-

517 1118 733 1170 tentiam
763 1134 913 1171 suam
936 1116 1102 1170 voluit
1123 1125 1400 1184 angustum
1421 1116 1643 1183 virginei
1665 1117 1863 1169 ventris
1884 1117 2082 1170 intrare

516 1206 830 1274 hospitium;
882 1204 1019 1259 unde
1065 1207 1155 1275 qui
1203 1205 1366 1259 semel
1415 1214 1567 1257 natus
1610 1204 1784 1258 fuerat
1811 1222 1876 1259 ex
1922 1204 2081 1260 Patre

515 1304 637 1350 ante
668 1304 906 1364 tempora
935 1296 1098 1358 solus,
1119 1304 1176 1347 ut
1197 1295 1385 1348 iterum
1416 1310 1522 1348 non
1552 1295 1697 1348 solus
1725 1310 1846 1349 cum
1866 1295 2081 1349 homine

513 1394 837 1453 nasceretur,
868 1396 1077 1441 constat
1102 1388 1233 1441 duas
1262 1403 1378 1442 esse
1406 1387 1729 1441 substantias
1758 1387 1811 1440 in
1842 1402 1947 1441 uno
1976 1387 2081 1440 Do-

512 1478 657 1531 mino
677 1475 823 1542 Jesu,
854 1478 991 1532 sicut
1027 1478 1333 1548 praedicatio
1363 1479 1531 1531 sancti
1574 1476 1757 1548 Cyrilli
1798 1477 1977 1546 posuit
2022 1477 2076 1531 in

511 1564 634 1627 ferri
664 1582 837 1621 massa
883 1582 1042 1635 quam
1089 1568 1225 1634 ignis
1270 1566 1580 1630 inﬂammat,
1611 1574 1671 1621 ut
1704 1566 1775 1622 sit
1799 1565 1998 1621 ferrum
2024 1567 2078 1621 in

509 1671 604 1709 sua
628 1657 942 1723 substantia,
975 1664 1029 1711 et
1057 1657 1193 1726 ignis
1221 1657 1274 1710 in
1301 1672 1395 1711 sua
1422 1667 1634 1721 natura,
1676 1656 1770 1711 sed
1798 1664 2078 1724 utrumque

2190 483 2409 550 Cmpisti
2438 497 2595 537 aures
2623 482 2811 536 anima:
2852 491 2953 536 tum
2999 485 3221 552 aperire.
3242 482 3440 553 'Utique
3481 487 3561 555 qui
3591 503 3691 544 cum

2186 573 2320 627 dixit
2343 582 2479 637 erat,
2507 573 2669 626 etiam
2694 573 2980 627 ostendere
3006 573 3174 628 voluit
3199 581 3373 627 uatum
3399 574 3591 643 quidem
3626 576 3692 631 in-

2185 660 2407 725 fantem,
2438 662 2526 730 qui
2556 676 2661 714 non
2690 661 2861 715 solum
2891 659 3063 714 infans
3091 670 3247 724 esset,
3277 661 3366 717 sed
3393 662 3539 716 etiam
3555 663 3688 719 Deus.

2187 750 2511 819 Duodecimn
2539 751 2700 804 etiam
2736 751 2876 815 loco,
2907 751 3122 821 quando
3148 752 3230 805 his
3255 752 3475 821 pressius
3499 753 3691 818 insistat,

2185 840 2275 909 qui
2305 848 2499 908 negant
2525 840 2659 895 duas
2695 841 3020 895 substantias
3047 841 3100 894 in
3130 841 3281 896 unico
3316 841 3407 896 Dei
3433 841 3554 898 Filio
3586 858 3694 898 con-

2184 931 2411 984 venisse.
2440 929 2529 984 Ait
2555 931 2695 984 enim
2726 948 2741 983 :
2765 930 2871 985 Sed
2898 931 3026 985 dicit
3052 932 3241 1000 aliquis
3272 950 3285 984 :
3315 932 3573 998 Quomodo
3599 933 3695 990 fieri

2183 1029 2360 1090 potest
2383 1028 2440 1075 ut
2459 1022 2687 1076 hominis
2709 1030 2895 1076 natura
2915 1021 3244 1091 maiestatem
3266 1036 3469 1093 caperet
3485 1025 3691 1090 Deitatis,

2181 1112 2475 1181 praesertim
2498 1128 2617 1166 cum
2634 1112 2772 1167 Deus
2795 1112 2908 1181 ipse
2931 1113 3123 1167 dixerit
3141 1112 3546 1168 manifestissime
3562 1115 3695 1170 beato

2182 1201 2351 1272 Moysi
2386 1221 2396 1253 :
2431 1202 2708 1268 Quomodo
2739 1218 2895 1257 nemo
2922 1202 3107 1256 videbit
3134 1205 3313 1274 faciem
3349 1220 3502 1257 meam
3523 1212 3569 1257 et
3590 1205 3695 1257 vim

2183 1293 2374 1363 (Exod.
2410 1310 2592 1355 xxxm,
2637 1292 2761 1363 20)?
2788 1293 2853 1347 Et
2886 1295 2931 1349 si
2975 1294 3136 1361 igitur
3173 1295 3506 1349 intolerabilis
3544 1295 3695 1350 Deitas

2181 1385 2601 1440 inaccessibilem
2650 1385 2811 1439 habet
2861 1393 3136 1448 attactum,
3176 1384 3438 1453 quomodo
3480 1384 3696 1440 credibile

2177 1478 2442 1532 videbitur
2477 1477 2644 1531 Deum
2691 1486 2745 1531 et
2782 1478 3054 1532 hominem
3100 1478 3152 1532 in
3197 1492 3353 1531 unum
3381 1477 3697 1532 convenisse!

2177 1566 2290 1636 Ego
2316 1584 2445 1621 vero
2487 1567 2740 1624 adversus
2774 1567 3078 1637 hujusmodi
3119 1566 3459 1636 qumstionem
3500 1565 3695 1619 dixerim

2176 1657 2412 1725 quidem,
2441 1673 2600 1726 super
2627 1674 2841 1712 omnem
2870 1658 3083 1711 modum
3123 1667 3179 1712 et
3207 1672 3370 1725 genus
3395 1656 3629 1718 miraculi,
3653 1665 3699 1709 ct

509 1748 562 1799 in
589 1763 747 1801 unam
776 1749 1086 1802 societatem
1111 1763 1372 1808 connexa,
1401 1754 1456 1802 et
1476 1747 1547 1801 ita
1575 1747 1628 1801 in
1669 1762 1774 1801 una
1802 1747 2074 1803 coaduna-
2105 1758 2152 1819 Β
2176 1765 2338 1818 super
2364 1750 2558 1804 mentis
2587 1758 2782 1804 nostra)
2810 1750 3189 1818 cogitationem
3218 1757 3273 1803 et
3309 1763 3488 1802 sensus
3514 1747 3697 1815 dispen-

507 1837 654 1891 tione
680 1836 988 1902 subsistunt,
1014 1846 1070 1891 ut
1090 1853 1197 1892 non
1220 1836 1416 1892 ferrum
1445 1837 1632 1906 possit,
1648 1836 1741 1891 sed
1769 1838 1915 1892 solus
1937 1837 2074 1905 ignis

505 1926 748 1983 sensibus
772 1926 1100 1982 manifestari
1128 1927 1402 1993 humanis;
1430 1927 1695 1992 sensibus,
1722 1927 1959 1996 inquam,
1989 1927 2070 1982 vi-

505 2014 662 2069 dendi
686 2023 848 2083 atque
876 2016 1142 2085 tangendi,
1177 2016 1371 2084 quibus
1396 2016 1535 2070 ratio
1575 2025 1757 2070 nostra
1784 2016 2071 2085 colligitur,

506 2115 561 2160 et
596 2106 663 2159 ad
712 2106 766 2161 id
811 2106 954 2176 quod
994 2122 1180 2161 verum
1223 2114 1306 2162 est
1341 2106 1666 2176 pervenitur.
1711 2104 2072 2174 Prosequatur

506 2201 683 2264 itaque
726 2204 902 2265 empta
948 2197 1245 2262 Arnobius,
1294 2205 1352 2250 ut
1392 2197 1605 2251 tandem
1651 2198 1970 2251 erubescant
2014 2196 2071 2252 hi

502 2287 592 2357 qui
617 2285 808 2342 fratres
834 2304 958 2342 suos
987 2295 1378 2357 persequuntur
1406 2288 1620 2357 injuste.

572 2376 687 2433 XX.
711 2410 781 2420 —
810 2378 1074 2432 Arnobius
1094 2378 1227 2431 dixit
1257 2396 1269 2430 :
1298 2377 1450 2447 ,Nuuc
1488 2392 1655 2447 usque
1692 2379 1828 2433 sexti
1854 2377 2070 2446 capituli

502 2487 660 2525 causa
687 2479 912 2526 tractata
941 2478 1049 2535 est;
1074 2470 1201 2538 quid
1229 2478 1407 2525 autem
1438 2470 1491 2522 in
1532 2469 1759 2537 septimo
1778 2466 1977 2522 factum
2001 2469 2071 2521 sit

503 2561 756 2615 recitabo.
797 2557 1096 2613 Carnaliter
1132 2573 1255 2612 eum
1299 2557 1526 2626 peperit,
1582 2558 1674 2626 qui
1713 2564 1933 2627 propter
1972 2572 2071 2611 nos

503 2651 661 2703 homo
688 2648 858 2703 factus
884 2658 967 2703 est
992 2657 1046 2702 et
1075 2646 1419 2715 infans._Erat
1455 2647 1597 2701 enim
1641 2662 1747 2701 non
1770 2646 1920 2716 juxta
1950 2663 2066 2712 nos,

503 2741 602 2793 hoc
630 2749 729 2805 est,
764 2756 870 2793 non
899 2740 953 2792 in
995 2740 1108 2792 sola
1136 2740 1304 2793 nostri
1342 2738 1684 2805 similitudine
1726 2740 2065 2801 constitutus,

502 2827 591 2881 sed
621 2837 737 2882 erat
763 2829 815 2881 in
845 2830 1076 2882 humana
1105 2828 1412 2883 conditione
1440 2838 1659 2898 prepter
1686 2844 1901 2883 carnem
1935 2848 1947 2882 :
1988 2827 2071 2883 di-

504 2920 652 2973 vinus
672 2927 851 2974 autem
871 2927 926 2973 et
945 2919 1174 2974 caelestis
1200 2932 1360 2989 super
1383 2935 1497 2974 nos.
1528 2950 1599 2960 ——
1617 2920 1876 2988 Serapion
1895 2920 2029 2973 dixit
2053 2939 2066 2973 ;

504 3009 575 3064 De
602 3025 708 3079 quo
738 3010 889 3075 dixit,
921 3009 1093 3066 llomo
1134 3010 1304 3066 factus
1340 3012 1463 3066 est?
1487 3044 1561 3055 ——
1586 3011 1851 3066 Arnobius
1887 3012 2020 3067 dixit
2051 3030 2063 3064 τ

2174 1841 2398 1896 sationis
2444 1857 2561 1897 esse
2604 1841 2763 1910 hujus
2810 1841 3092 1895 rationem.
3142 1832 3246 1895 Sed
3276 1846 3447 1911 tamen
3478 1837 3697 1905 agebatur

2172 1931 2599 2001 sapienter,Deo
2651 1948 2799 1987 suam
2850 1941 3094 1986 naturam
3143 1930 3484 1986 imbecillitati
3534 1937 3697 1983 nostra:

2170 2022 2501 2077 tolerabilem
2550 2022 2795 2077 faciente.
2818 2055 2891 2065 ——
2910 2021 3171 2091 Serapion
3199 2021 3332 2076 dixit
3371 2020 3395 2072 ε’
3412 2019 3583 2074 Nullus
3607 2026 3699 2071 tam

2170 2110 2446 2164 evidenter
2501 2110 2735 2165 divinam
2793 2111 3188 2180 humanamque
3235 2119 3471 2164 naturam
3514 2108 3561 2161 in
3609 2122 3700 2162 uno

2168 2200 2383 2257 Christo
2410 2203 2670 2269 distinxit,
2695 2211 2754 2257 ut
2770 2202 2998 2259 diceret:
3016 2200 3377 2272 Objurgantnr
3401 2212 3572 2258 contra
3594 2214 3699 2253 cum

2167 2292 2258 2361 qui
2290 2300 2486 2360 negant
2509 2292 2676 2347 Deum
2705 2295 2758 2346 in
2798 2308 2963 2348 unum
3002 2302 3057 2347 et
3100 2294 3370 2347 hominem
3400 2290 3697 2346 convenisse.

2170 2381 2235 2436 Et
2263 2382 2481 2436 adderet
2500 2383 2715 2439 dicens:
2743 2382 2855 2450 Ego
2879 2384 3135 2437 adversus
3159 2382 3454 2451 hujusmodi
3479 2379 3701 2448 quaestio-

2169 2490 2290 2528 nem
2316 2474 2558 2539 dixerim,
2583 2482 2686 2530 etc.
2717 2507 2788 2517 -—
2815 2475 3079 2528 Arnobius
3107 2474 3243 2528 dixit
3272 2493 3283 2527 :
3326 2474 3462 2526 Bene
3489 2468 3702 2525 conside-

2168 2566 2295 2618 rasti
2341 2566 2510 2623 solum
2557 2565 2704 2618 illum
2734 2565 3027 2633 apostolico
3053 2565 3319 2625 docuisse,
3356 2563 3506 2616 Deum
3536 2575 3634 2613 esse
3656 2560 3700 2609 in

2167 2652 2371 2708 Christo
2406 2654 2651 2707 mundum
2691 2653 3101 2709 reconciliantem
3142 2653 3241 2707 sibi
3271 2648 3466 2723 (llCor.
3509 2666 3556 2713 v,
3594 2643 3699 2715 l9);

2166 2761 2350 2804 verum
2380 2748 2542 2800 etiam
2569 2746 2751 2799 contra
2782 2759 2875 2800 eos
2903 2744 3204 2814 suscepisti,
3237 2745 3326 2814 qui
3354 2744 3526 2797 dicunt
3552 2737 3699 2792 homi-

2169 2852 2288 2890 nem
2313 2837 2365 2890 in
2395 2836 2488 2890 Dei
2512 2835 2862 2889 substantiam
2891 2835 3179 2890 convenire
3220 2835 3437 2888 minime
3472 2830 3698 2900 potuisse.

2167 2925 2521 2982 Transeamus
2561 2926 2953 2990 duodecimum,
3000 2934 3055 2979 et
3103 2925 3169 2980 ad
3218 2923 3699 2996 quartumdecimum

2168 3016 2460 3069 veniamus.
2487 3016 2574 3068 Ait
2600 3015 2741 3069 enim
2768 3016 2819 3069 in
2839 3015 3216 3085 sequentibus:
3243 3015 3500 3082 Quantum
3525 3016 3703 3081 spectat

502 3098 574 3153 De
597 3098 730 3154 Filio
750 3099 845 3153 Dei
873 3107 996 3153 ante
1019 3108 1261 3169 tempora
1286 3109 1340 3155 et
1360 3116 1425 3155 ex
1456 3098 1613 3154 Patre
1641 3102 1840 3169 genito,
1870 3101 1936 3156 de
1955 3116 2061 3170 quo
2090 3106 2135 3169 C
2165 3107 2229 3159 ad
2259 3106 2492 3159 rationes
2519 3112 2574 3161 et
2615 3121 2802 3160 sensus
2831 3105 3112 3168 humanos,
3153 3119 3487 3176 nequaquam
3515 3105 3703 3171 possem

500 3191 740 3259 superius
766 3189 899 3244 dixit
927 3208 939 3243 :
964 3190 1079 3244 Non
1120 3191 1345 3247 cessavit
1367 3191 1508 3244 Deus
1535 3206 1671 3252 esse,
1696 3207 1817 3245 cum
1846 3206 2058 3245 carnem

499 3283 800 3351 assumpsit.
846 3314 917 3323 --
960 3280 1219 3351 Serapion
1264 3281 1399 3335 dixit
1448 3300 1459 3334 :
1502 3280 1599 3336 llic
1645 3283 1733 3352 qui
1781 3283 2067 3352 assumpsit

501 3374 766 3428 hominem
796 3372 955 3437 Deus,
989 3374 1160 3443 ipsum
1191 3373 1461 3427 hominem
1502 3387 1597 3442 per
1624 3387 1776 3426 suam
1816 3372 2064 3442 omnipo-

499 3467 718 3519 tentiam
741 3465 904 3518 Deum
928 3463 1053 3518 fecit
1071 3464 1093 3518 ?
1112 3460 1334 3520 Constat
1361 3480 1428 3519 ex
1456 3474 1759 3519 assumente
1781 3471 1835 3517 et
1861 3480 2065 3518 assum-

497 3562 587 3623 pto
616 3568 781 3607 unum
804 3553 898 3607 Dei
922 3552 1112 3606 Filium
1139 3551 1396 3624 Cyrillum
1423 3552 1686 3607 docuisse.
1709 3584 1781 3594 --
1798 3551 2064 3607 Arnobius

496 3644 627 3697 dixit
666 3661 678 3695 :
718 3641 856 3696 Ecce
897 3651 1089 3698 octavo
1126 3643 1247 3698 loco
1287 3651 1629 3712 prosecutus:
1657 3642 1813 3696 Ratio
1844 3643 2064 3697 Deitatis

499 3732 655 3794 nuda,
687 3746 747 3785 ac
776 3733 820 3784 si
845 3733 960 3786 sine
982 3748 1143 3786 carne
1165 3733 1518 3795 existimetur,
1547 3731 1659 3799 ipsa
1687 3746 1782 3799 per
1810 3747 1869 3785 se
1894 3734 2063 3786 nostri

498 3824 756 3877 sermonis
786 3840 889 3877 non
914 3826 1091 3892 egebit
1116 3825 1333 3877 auxilio.
1364 3855 1435 3864 —
1461 3822 1720 3892 Serapion
1754 3823 1888 3876 dixit
1914 3818 1926 3875 ἑ
1958 3822 2066 3877 Ex-

498 3914 857 3983 planationem
880 3916 1055 3984 hujus,
1078 3930 1278 3984 quaeso,
1301 3914 1477 3985 pande
1502 3915 1874 3969 sententize.—
1892 3915 2065 3969 Arno-

497 4007 613 4063 bius
640 4008 775 4062 dixit
804 4026 817 4060 :
849 4007 1008 4062 Ratio
1036 4008 1256 4062 Deitatis
1283 4007 1329 4061 si
1357 4006 1517 4074 nuda,
1548 4007 1602 4060 id
1630 4015 1729 4071 est,
1759 4007 1875 4060 sine
1902 4019 2066 4060 carne

495 4100 846 4164 existimetur,
872 4100 974 4155 hoc
1002 4107 1101 4163 est,
1133 4100 1177 4153 si
1203 4099 1319 4154 sine
1337 4098 1554 4153 homine
1576 4098 1843 4162 divinitus,
1873 4097 2064 4149 huma-

498 4190 661 4245 nioris
684 4189 890 4244 ratione
911 4205 1017 4243 non
1041 4190 1234 4257 egebit.
1261 4187 1398 4255 Quid
1426 4189 1570 4243 enim
1598 4202 1775 4242 sermo
1800 4188 1853 4240 in
1883 4185 2065 4240 invisi-

497 4279 588 4335 bili
614 4277 726 4334 Deo
771 4279 951 4334 dicere
995 4280 1284 4350 praevalet?
1318 4278 1386 4332 Et
1427 4279 1548 4333 ideo
1585 4278 1639 4332 in
1684 4294 1792 4333 uno
1829 4277 2064 4347 capitulo

496 4372 637 4427 hunc
664 4371 990 4425 intellectum
1022 4371 1268 4439 aperiens
1294 4369 1404 4422 ait:
1436 4368 1541 4423 Sed
1580 4367 1851 4436 quomodo
1872 4368 2061 4435 unige-

2169 3197 2309 3252 inter
2334 3213 2391 3251 se
2428 3196 2714 3251 convenire
2742 3196 2920 3250 Deitas
2949 3205 3003 3250 et
3031 3197 3265 3250 humana
3294 3194 3557 3257 conditio;
3593 3205 3705 3245 con-

2165 3288 2387 3341 veniunt
2432 3286 2712 3354 tamenin
2757 3284 3045 3347 Christum,
3078 3293 3132 3339 et
3178 3301 3318 3340 unus
3363 3300 3428 3339 ex
3474 3281 3705 3336 ambobus

2164 3375 2497 3430 Emmanuel.
2529 3373 2632 3442 Qui
2666 3391 2796 3431 vero
2836 3383 3051 3444 separat
3089 3383 3143 3428 et
3170 3376 3442 3431 hominem
3468 3385 3705 3431 seorsum,

2164 3478 2219 3523 ct
2247 3469 2434 3523 Filium
2463 3468 2579 3529 Dei,
2611 3475 2668 3523 et
2709 3467 2867 3522 alium
2896 3467 3142 3529 :cstimat,
3177 3466 3223 3520 is
3250 3467 3381 3538 mihi
3408 3465 3605 3521 videtur
3626 3473 3706 3516 ve-

2165 3561 2376 3612 ritatcm
2407 3575 2512 3612 non
2540 3557 2855 3625 intelligere,
2884 3564 2939 3611 et
2957 3556 3140 3610 videre
3167 3572 3276 3611 non
3306 3572 3482 3627 posse.
3511 3553 3631 3608 ltem
3648 3548 3705 3603 de

2164 3648 2563 3718 quartodecimo
2600 3646 2857 3702 dicemus.
2905 3644 2975 3701 Ut
3012 3646 3321 3702 ostenderet
3360 3646 3490 3701 duas
3523 3645 3590 3716 in_
3615 3652 3706 3694 uno

2165 3738 2259 3792 Dei
2303 3737 2436 3791 Filio
2482 3738 2656 3793 inesse
2703 3737 3047 3800 substantias,
3090 3737 3163 3790 ait
3212 3754 3225 3788 :
3277 3729 3707 3804 Quemadmodum

2163 3828 2290 3883 ferri
2317 3829 2590 3893 materies,
2606 3843 2729 3882 cum
2758 3829 2811 3881 in
2841 3827 3016 3882 medio
3038 3826 3271 3883 fornacis
3295 3835 3429 3882 testu
3452 3821 3705 3881 conﬂatur,

2164 3918 2300 3987 ignis
2330 3919 2495 3973 instar
2533 3917 2783 3980 ardescit,
2814 3926 2868 3971 et
2896 3917 2948 3970 in
2979 3916 3096 3985 ejus
3122 3918 3361 3987 speciem
3401 3916 3617 3971 vertitur
3650 3908 3707 3964 ad

2164 4007 2417 4072 calorem,
2448 4016 2504 4061 et
2529 4005 2817 4061 candorem
2847 4007 3011 4075 ipsius
3030 4007 3272 4062 imitatur
3300 4008 3522 4061 flamma:
3548 3999 3708 4057 victri-

2163 4098 2270 4162 cis;
2303 4098 2375 4151 ita
2404 4097 2579 4152 carnis
2606 4105 2814 4161 natura,
2839 4111 2960 4151 cum
2984 4104 3186 4151 aeterno
3225 4105 3391 4167 atque
3418 4088 3708 4161 incorrupti-

2162 4187 2255 4241 bili
2283 4187 2376 4241 Dei
2406 4185 2542 4240 Filio
2570 4193 2652 4239 est
2679 4184 2983 4255 conjuncta,
3004 4184 3207 4239 destitit
3225 4198 3346 4240 esse
3366 4182 3511 4253 quod
3538 4180 3706 4235 fuerat.

2162 4276 2511 4345 —Serapion
2536 4275 2671 4330 dixit
2700 4293 2713 4328 :
2746 4275 2884 4342 Quid
2923 4284 3021 4340 est,
3052 4275 3254 4330 destitit
3296 4292 3417 4331 esse
3441 4272 3579 4346 quod
3606 4269 3706 4323 fuc-

2163 4367 2282 4419 rat?
2309 4398 2381 4408 —
2407 4364 2673 4420 Arnobius
2708 4365 2841 4418 dixit
2870 4383 2883 4418 :
2914 4364 3156 4435 Sequens
3183 4366 3481 4422 versiculus
3512 4362 3694 4417 indicat

496 4462 636 4514 nitus
663 4459 759 4515 Dei
803 4458 990 4514 Sermo
1019 4458 1189 4514 factus
1236 4465 1319 4512 est
1348 4472 1496 4523 caro,
1527 4465 1581 4511 et
1605 4458 1863 4512 habitavit
1890 4458 1942 4510 in
1965 4472 2063 4511 no-
2086 4468 2137 4528 ι)
2163 4471 2330 4527 quare
2358 4456 2570 4519 dixerit,
2604 4455 2770 4510 Desiit
2797 4471 2916 4512 esse
2953 4456 3095 4525 quod
3123 4455 3316 4511 fuerat.
3361 4458 3450 4513 Ait
3492 4454 3625 4509 enim
3664 4449 3709 4503 in

494 4546 611 4606 bis?
637 4551 762 4606 Ideo
792 4551 858 4605 ad
886 4552 1058 4620 ipsum
1087 4550 1410 4604 referuntur.
1453 4551 1751 4617 Sequamur
1801 4565 1961 4614 nunc,
2007 4557 2062 4615 ct

494 4645 618 4715 quid
645 4646 697 4699 in
726 4662 868 4701 nono
912 4645 1145 4714 capitulo
1182 4643 1379 4698 dixerit
1417 4643 1721 4698 recitemus.
1754 4640 2061 4712 Prophetis-

493 4748 603 4786 sam
624 4742 862 4788 sanctam
881 4734 1149 4802 Virginem
1169 4740 1345 4788 vocat.
1371 4731 1583 4787 Christo
1611 4733 1751 4786 enim
1782 4746 2059 4801 prmgnans

494 4821 763 4891 prophetae
784 4823 1020 4891 implevit
1042 4821 1292 4879 oﬂicium.
1316 4822 1449 4877 Item
1473 4823 1528 4876 in
1553 4821 1761 4877 decimo
1782 4823 2013 4891 capitulo
2040 4841 2052 4874 :

493 4916 653 4969 Natus
681 4916 820 4969 enim
853 4914 957 4985 (ait
986 4916 1102 4983 ille)
1142 4915 1314 4970 infans
1341 4915 1571 4979 divinus,
1603 4922 1659 4968 et
1684 4913 1830 4969 omni
1858 4912 2056 4968 mundo

489 5005 861 5072 excellentior,
910 5016 1026 5061 erat
1069 5008 1283 5078 quidem
1327 5008 1384 5078 in
1430 5008 1694 5064 cunabula
1732 4994 1879 5078 (Luc.
1913 5023 1967 5073 ιι,
1999 5007 2073 5075 7)-

489 5096 799 5167 gremioque
857 5096 1142 5153 Genitricis
1199 5106 1419 5170 propter
1472 5115 1675 5155 morem
1731 5098 2052 5154 conditionis

486 5187 747 5257 humanae,
777 5187 870 5242 sed
889 5189 980 5258 qui
1009 5199 1123 5244 erat
1151 5191 1309 5243 etiam
1328 5188 1491 5245 Deus.
1508 5221 1579 5231 -—
1597 5188 1856 5258 Serapion
1875 5187 2007 5242 dixit
2035 5206 2048 5240 :

485 5276 614 5331 Cum
636 5279 780 5342 dicit,
807 5280 907 5335 iste
930 5280 1101 5335 infans
1128 5281 1219 5349 qui
1245 5288 1401 5336 natus
1423 5289 1526 5346 est,
1553 5292 1669 5336 erat
1693 5282 1855 5335 etiam
1884 5280 2042 5341 Deus,

2161 4549 2406 4619 sequenti
2432 4564 2699 4604 sermone.
2731 4549 2838 4606 Nec
2875 4550 3096 4604 ulterius
3126 4558 3152 4587 ⁸
3182 4552 3442 4606 remansit
3467 4549 3626 4603 in.....
3648 4573 3711 4586 -—-

2161 4639 2420 4709 Serapion
2445 4640 2619 4695 dixit:
2651 4641 2812 4711 Aperi
2836 4642 2962 4696 mihi
2990 4651 3047 4695 ut
3074 4641 3201 4709 quid
3228 4641 3375 4696 dicat
3402 4641 3621 4696 videam.
3648 4663 3711 4677 -

2161 4733 2426 4788 Arnobius
2447 4732 2579 4786 dixit
2610 4750 2622 4785 :
2653 4731 2837 4787 Omnis
2864 4742 3047 4788 natura
3077 4734 3289 4800 generis
3319 4731 3539 4788 humani
3570 4725 3712 4793 fragi-

2156 4823 2364 4879 litatem
2394 4824 2555 4878 habet
2593 4824 2875 4879 affectuum
2915 4832 2970 4879 et
2996 4839 3247 4880 sensuum
3279 4843 3291 4877 :
3323 4808 3416 4880 hic
3454 4828 3625 4876 autem
3662 4815 3709 4868 in

2158 4916 2296 4971 hanc
2333 4924 2539 4986 pestem
2559 4931 2849 4984 ,nunquam
2893 4916 3134 4981 incurrit,
3171 4930 3273 4972 nec
3312 4911 3597 4985 aliquando
3624 4906 3712 4960 ali.

2155 5008 2280 5075 quid
2301 5008 2415 5061 sine
2434 5022 2531 5061 sua
2548 5022 2735 5076 passus
2758 5014 2838 5062 est
2855 5006 3160 5071 voluntate;
3190 5004 3286 5060 sed
3304 5005 3446 5059 siem
3472 5002 3711 5068 scriptum

2155 5105 2256 5162 est,
2288 5095 2478 5159 Omnia
2504 5114 2811 5173 quaecunque
2835 5098 2990 5153 voluit
3010 5096 3262 5157 Dominus
3291 5096 3413 5168 fecit
3440 5097 3494 5148 in
3528 5091 3644 5147 calo
3671 5095 3714 5140 et

2149 5193 2207 5245 in
2237 5201 2389 5255 terra,
2421 5193 2474 5244 in
2512 5193 2665 5254 mari,
2693 5192 2748 5244 in
2770 5189 2969 5261 abyssi;
3000 5188 3114 5257 (Ps.
3137 5205 3354 5255 cxxxiv,
3377 5187 3458 5258 6).
3490 5180 3715 5238 —-Jndi-

2151 5293 2241 5334 ces
2265 5279 2513 5333 dixerunt
2538 5297 2549 5330 :
2582 5277 2862 5343 Quomodo
2891 5277 3115 5332 vidimus
3142 5276 3490 5347 Serapionem
3536 5279 3715 5327 manus

1631 5475 1739 5529 ΡΒ.
1779 5471 2269 5529 FEU-ARDENTII
2306 5450 2533 5525 noras.

557 5670 581 5697 ³
616 5662 754 5715 Adeo
780 5670 1057 5728 corruptus
1079 5665 1132 5711 et
1158 5657 1480 5726 depravatus
1500 5664 1581 5711 est
1610 5656 1661 5709 in
1692 5656 1857 5709 veteri
1897 5650 2187 5722 exemplari
2214 5651 2364 5706 locus
2395 5654 2509 5719 iste,
2541 5661 2599 5707 nt
2624 5667 2745 5730 eum
2785 5652 2963 5722 legere
2991 5668 3097 5707 non
3125 5650 3473 5722 potuerimus.
