3936 6176
253 332 355 387 Sol

988 333 1406 391 CONFLICTUS
1445 336 1532 389 DE
1571 335 1707 390 DEO
1741 334 1948 388 ΤΗΙΝο
1984 335 2071 390 ΕΤ
2113 337 2266 407 UNO,
2306 340 2455 396 ETC.
2500 343 2625 397 LIB.
2668 344 2730 399 ll.

3401 348 3508 399 3C9.

254 460 364 503 sine
389 447 600 503 dedisse
645 449 901 513 victoria},
952 450 1115 519 ipsius
1142 464 1276 519 pace
1318 444 1520 506 dictum
1549 452 1638 517 sit,
1680 453 1828 522 pacis
1857 455 1904 512 Δ
1932 469 2025 509 nes
2053 471 2238 512 omnes
2266 458 2441 512 nullus
2480 457 2557 513 uti
2586 460 2773 529 possit,
2799 460 2900 514 nisi
2934 460 3151 528 Augusti
3182 459 3337 515 fuerit
3367 476 3501 529 prato

254 537 384 593 ﬁdei
406 544 508 592 tum
536 538 689 592 nobis
717 540 885 595 verbo
900 542 1069 595 tenus
1107 539 1304 595 lineam
1326 540 1505 607 tende,
1537 549 1595 595 ut
1623 557 1831 597 memo-

254 628 426 685 randa
455 642 563 683 non
591 635 842 696 tegantur
867 627 1100 683 silentio.

329 718 467 774 XXI.
489 752 562 764 —
579 719 847 775 Arnobius
867 734 1053 775 servus
1071 718 1198 775 Iesu
1214 718 1409 777 Christi
1429 721 1564 777 dixit
1587 741 1601 776 :
1626 722 1759 777 Dum
1781 723 1834 778 in

257 808 547 877 Unigenito
567 808 701 863 duas
719 808 1040 863 conﬁtemur
1067 817 1301 872 naturas,
1325 811 1564 880 duasque
1590 813 1838 866 substan-

254 898 382 963 tias,
424 896 676 965 objicitur
720 897 865 967 quod
910 899 1138 953 alterum
1187 898 1430 954 dicamus
1475 901 1569 955 Dei
1617 901 1831 967 Filium,

254 989 482 1044 alterum
515 986 681 1043 lilium
709 988 962 1043 hominis.
992 987 1101 1043 Nos
1123 996 1304 1044 autem
1342 991 1660 1045 auctoritate
1692 989 1837 1059 Apo—

252 1081 382 1136 stoli
400 1080 627 1136 dicimus
656 1099 670 1133 :
704 1088 732 1118 ⁸
759 1079 900 1139 Deus
927 1088 1041 1135 erat
1065 1081 1121 1134 in
1150 1079 1361 1135 Christo
1378 1081 1625 1135 mundum
1652 1097 1836 1136 recon-

255 1156 444 1227 cilians
470 1169 565 1225 sibi
590 1171 654 1241 (ιι
681 1169 802 1226 Cor.
825 1186 879 1233 ν,
914 1170 1028 1241 l9).
1058 1170 1115 1225 Si
1137 1171 1278 1225 enim
1307 1171 1561 1225 mundum
1590 1170 1836 1226 reconci-

257 1264 428 1329 liavit,
459 1263 537 1317 ita
562 1270 623 1316 ut
649 1260 931 1317 credentes
960 1262 1013 1315 in
1041 1277 1102 1316 se
1139 1262 1338 1317 faceret
1367 1261 1506 1316 ﬁlios
1533 1262 1646 1326 Dei,
1674 1262 1701 1301 δ
1732 1263 1836 1316 ho-

256 1354 432 1408 mines
461 1352 649 1421 utique
680 1359 871 1405 natura
892 1365 1078 1405 servos
1102 1367 1211 1406 non
1230 1351 1328 1405 Dei
1350 1349 1510 1417 ﬁlios,
1531 1360 1651 1406 actu
1671 1352 1836 1406 etiam

258 1459 383 1501 reos
413 1451 467 1498 et
492 1459 593 1513 per
615 1442 1110 1512 praevaricationem
1137 1443 1293 1512 primi
1324 1442 1559 1497 hominis
1592 1443 1838 1498 inimicos

260 1536 475 1605 generis
509 1536 730 1589 humani
755 1535 1019 1589 obnoxios
1048 1533 1222 1604 (Rom.
1244 1549 1299 1599 ν,
1330 1533 1429 1600 l0;
1472 1533 1622 1589 Rom.
1653 1534 1834 1600 v1,16,

262 1626 381 1694 l7);
404 1634 583 1680 tamen
604 1640 701 1693 per
714 1638 862 1678 suam
885 1624 1112 1692 gratiam
1132 1625 1231 1678 hos
1246 1623 1342 1677 Dei
1361 1622 1498 1678 lilios
1516 1623 1640 1679 fecit
1657 1622 1833 1694 (Joan.

258 1731 294 1778 ι,
323 1714 433 1783 12).
461 1714 564 1780 Qui
591 1727 721 1782 ergo
762 1714 896 1767 alios
937 1713 1035 1768 Dei
1075 1712 1213 1768 ﬁlios
1251 1711 1397 1776 fecit,
1426 1712 1696 1784 quomodo
1725 1714 1839 1783 ipse

1934 542 2078 598 ditus
2105 544 2378 612 dignitate.
2404 546 2720 616 lmpingitur
2747 548 2848 603 hoc
2876 549 2997 603 loco
3030 567 3042 602 :
3075 547 3216 618 Ergo
3249 549 3365 603 vilis
3386 548 3507 603 lana

1935 631 2035 687 fuit
2071 635 2218 703 prius
2261 633 2434 700 Jesus,
2467 645 2522 690 et
2551 637 2784 692 Dealitas
2812 640 3196 708 superveniens
3234 638 3359 695 fecit
3385 654 3509 694 eum

1933 729 2264 794 purpuram?
2286 726 2402 782 Non
2433 728 2505 781 ita
2535 728 2759 782 dicimus
2790 747 2804 781 :
2835 729 2927 784 sed
2967 738 3249 799 antequam
3279 730 3509 799 Spiritus

1938 814 2144 868 veniret
2167 829 2329 882 super
2347 815 2586 880 Mariam,
2618 823 2674 871 et
2692 818 2863 871 virtus
2892 818 3144 873 Altissimi
3164 820 3510 875 obumbraret

1935 916 2054 957 eam
2083 944 2097 967 ,
2149 911 2207 957 et
2251 904 2355 959 hoc
2399 906 2708 973 conciperet
2750 906 2894 975 quod
2941 915 3181 962 sanctum
3227 916 3510 964 vocaretur

1936 991 2101 1048 Filius
2129 994 2221 1049 Dei
2252 993 2401 1065 (Luc.
2433 1012 2471 1059 ι,
2503 994 2588 1061 55,
2614 994 2728 1064 56),
2754 1007 2878 1051 ante
2905 997 3009 1063 hoc
3045 998 3159 1067 ipse
3187 1004 3373 1054 uterus
3394 997 3511 1053 Ma-

1934 1082 2048 1148 riae,
2078 1084 2321 1152 quamvis
2356 1083 2586 1139 mundus
2630 1093 2772 1142 esset
2822 1100 2854 1140 a
2899 1096 3125 1156 peccato
3172 1097 3228 1142 et
3270 1096 3506 1153 sanctus,

1937 1181 2118 1228 tamen
2168 1173 2370 1229 vilitate
2415 1176 2728 1231 humilitatis
2778 1185 2894 1231 erat
2930 1184 2991 1230 ut
3038 1177 3159 1232 lana
3209 1177 3410 1248 optima
3455 1190 3511 1234 et

1938 1265 2372 1336 incomparabilis
2396 1266 2660 1322 universis
2687 1282 2807 1338 quae
2829 1276 2980 1322 erant
3006 1270 3105 1324 sub
3129 1269 3267 1324 cmlo
3291 1270 3509 1337 virgini-

1937 1356 2039 1411 bus
2070 1374 2083 1409 :
2115 1368 2338 1427 eratque
2376 1357 2497 1411 talis
2535 1372 2600 1412 ac
2624 1365 2792 1422 tanta,
2821 1372 2940 1426 quae
2980 1358 3235 1413 decenter
3260 1366 3317 1413 et
3352 1359 3408 1413 in
3451 1375 3512 1415 se

1940 1445 2253 1500 Dealitatem
2280 1445 2399 1499 Filii
2430 1446 2541 1508 Dei,
2578 1448 2715 1500 sicut
2752 1446 3019 1518 conchylii
3047 1446 3168 1500 lana
3195 1450 3510 1513 sanguinem

1938 1536 2255 1606 susceperit,
2285 1544 2340 1589 et
2368 1535 2481 1604 ipsa
2512 1535 2633 1589 lana
2656 1550 2775 1590 esse
2795 1542 3035 1591 cessaret
3073 1536 3215 1601 lana,
3244 1537 3335 1592 sed
3383 1551 3509 1593 vera

1938 1640 2172 1695 purpura
2218 1639 2315 1694 per
2361 1609 2671 1692 sanguinem
2721 1622 2872 1679 ﬁeret
2916 1633 3290 1680 memoratum.
3328 1625 3348 1665 ί
3393 1626 3510 1683 Non

1940 1715 2084 1770 enim
2110 1715 2253 1776 lana,
2284 1714 2377 1769 sed
2404 1715 2642 1784 pretiosa
2670 1724 2753 1769 est
2793 1714 2951 1783 hujus
2974 1715 3265 1783 sanguinis
3303 1729 3506 1785 capax:

256 1820 369 1859 non
398 1811 486 1858 est
524 1803 690 1858 Filius
717 1802 835 1866 Dei,
863 1802 1124 1858 adunatus
1151 1818 1273 1857 cum
1301 1801 1499 1868 Verbo,
1539 1802 1683 1870 quod
1710 1817 1838 1858 caro
1870 1814 1913 1873 Β
1942 1804 2095 1871 Quod
2123 1806 2168 1859 si
2206 1806 2419 1873 sanguis
2447 1805 2533 1860 hic
2560 1805 2738 1859 lanam
2775 1812 2925 1859 tanta
2952 1804 3232 1873 majestate
3259 1805 3511 1863 sublimat

252 1892 459 1949 factum
477 1894 672 1961 legitur
693 1891 873 1961 (loan.
892 1909 931 1956 I,
956 1891 1081 1962 l4)?
1106 1891 1338 1946 Verbum
1366 1892 1511 1963 quod
1540 1900 1656 1946 erat
1681 1901 1837 1947 ante-

254 2000 418 2055 quam
461 1984 691 2038 mundus
719 1990 863 2038 esset
898 1981 1076 2053 (Joan.
1100 1998 1229 2045 xvn,
1261 1980 1344 2047 5);
1381 1993 1402 2021 ο
1433 1981 1665 2036 Verbum
1693 1982 1839 2051 quod

255 2092 367 2131 non
394 2083 479 2131 est
499 2093 528 2129 a
549 2076 832 2145 principio,
857 2074 950 2128 sed
977 2074 1028 2127 in
1052 2074 1169 2142 ipso
1188 2073 1449 2141 principio
1472 2087 1687 2141 semper
1708 2072 1835 2136 fuit;

256 2165 493 2220 Verbum
540 2164 684 2235 quod
732 2172 880 2219 caret
927 2163 1102 2222 initio,
1133 2161 1227 2216 sed
1256 2162 1432 2229 ipsum
1473 2168 1556 2215 est
1582 2161 1826 2226 initium;

257 2255 495 2311 Verbum
520 2255 665 2324 quod
708 2270 818 2310 non
845 2253 1087 2322 subjacet
1126 2252 1377 2322 tempori,
1411 2252 1495 2307 vel
1540 2261 1836 2318 momento,

253 2346 345 2401 vel
374 2354 577 2408 atomo,
607 2344 693 2399 vel
717 2352 938 2414 puncto,
967 2342 1064 2398 sed
1083 2350 1167 2398 est
1194 2342 1432 2399 omnium
1457 2349 1668 2397 creator
1685 2380 1701 2404 ,
1733 2339 1838 2396 hoc

258 2435 502 2491 Verbum
542 2449 652 2492 non
677 2434 973 2491 amittendo
999 2433 1503 2503 intentporalitatem
1543 2447 1715 2497 suam,
1745 2428 1840 2489 sed

253 2526 579 2582 assumenda
606 2524 958 2594 temporalem
998 2524 1269 2581 hominem
1314 2521 1636 2593 perfectum,
1662 2520 1842 2592 perfe-

253 2625 381 2673 ctus
398 2616 557 2680 Dens,
573 2615 845 2673 hominem
868 2622 1053 2669 natum
1078 2614 1147 2670 de
1165 2612 1365 2683 Spiritu
1381 2620 1567 2669 sancto
1586 2627 1655 2668 ex
1672 2612 1838 2671 Maria

255 2707 588 2776 virgine,per
607 2705 1052 2774 omnipatentiam
1082 2702 1234 2771 (Luc.
1263 2720 1298 2768 I,
1323 2701 1421 2769 55;
1447 2701 1638 2757 Matth.
1663 2718 1699 2767 ι,
1721 2699 1837 2774 20).

254 2798 285 2837 ἀ
309 2799 435 2869 quia
457 2797 797 2866 omnipotens
820 2796 960 2853 Deus
986 2795 1059 2852 sit
1082 2795 1244 2850 Pater
1269 2803 1323 2850 et
1346 2794 1577 2866 Spiritus
1602 2786 1838 2858 sanctus;

264 2900 364 2952 per
394 2886 530 2939 hanc
555 2899 686 2953 ergo
713 2884 1158 2954 omnipotentiam
1186 2898 1339 2939 suam
1368 2885 1535 2944 voluit
1562 2885 1707 2939 hunc
1734 2885 1840 2943 hoe

254 2976 478 3040 minem,
505 2989 666 3043 quem
709 2974 1016 3043 assumpsit,
1048 2974 1152 3028 hoc
1187 2973 1726 3039 facere,assumendo
1769 2990 1840 3038 ex

256 3076 504 3134 tempore
545 3067 688 3134 quod
712 3066 825 3134 ipse
853 3080 1068 3133 semper
1090 3065 1185 3119 luit
1210 3066 1325 3119 sine
1348 3074 1619 3135 tempore;
1647 3074 1706 3120 ut
1728 3082 1840 3127 non

1940 1910 2039 1964 per
2063 1909 2219 1951 suam
2262 1895 2666 1957 admixtionem,
2697 1903 2758 1948 ut
2786 1893 2917 1947 nulli
2947 1894 3049 1949 hac
3085 1894 3244 1949 liceat
3270 1895 3369 1959 uti,
3409 1895 3510 1951 nisi

1940 1984 2081 2046 huic,
2112 1984 2204 2053 qui
2232 1984 2377 2051 regia
2403 1981 2563 2037 fuerit
2588 1983 2842 2052 praeditus
2868 1983 3150 2051 dignitate;
3172 1991 3374 2052 quanto
3398 1997 3510 2037 ma-

1939 2076 2019 2142 gis
2038 2074 2250 2142 quando
2271 2073 2501 2143 Spiritus
2525 2082 2743 2129 sanctus
2760 2074 2908 2128 venit
2926 2075 2985 2127 in
3007 2073 3246 2138 Mariam,
3272 2082 3326 2129 et
3347 2074 3513 2133 virtus

1939 2165 2196 2220 ditissimi
2222 2164 2561 2219 obumbravit
2587 2179 2727 2227 eam,
2759 2164 2864 2220 hoc
2890 2172 2917 2210 ε
2945 2164 3091 2233 quod
3117 2172 3301 2217 natum
3330 2171 3414 2217 est
3440 2179 3505 2215 ev

1939 2272 2004 2312 ea
2047 2257 2110 2310 de
2150 2257 2343 2310 semine
2381 2255 2550 2309 David
2591 2255 2867 2309 secundum
2908 2270 3113 2307 carnem
3143 2252 3317 2323 (Rom.
3361 2269 3399 2315 ι,
3432 2254 3506 2323 5).

1939 2361 2122 2402 secum
2150 2345 2278 2401 fecit
2313 2344 2503 2400 Filium
2532 2343 2648 2409 Dei,
2681 2351 2741 2397 ut
2767 2345 2845 2399 sic
2871 2351 3013 2398 esset
3052 2342 3216 2397 Maria
3245 2343 3505 2402 Θεοτόκος.

1938 2436 2075 2493 sicut
2107 2434 2478 2511 Χριστοτόκοςῖ
2518 2431 2653 2498 Quia
2682 2439 2809 2489 ante
2854 2430 3079 2487 Mariam
3103 2429 3131 2470 ¹ι
3152 2431 3370 2488 {uerunt
3392 2432 3510 2485 alim

1938 2527 2298 2589 christotocai,
2327 2523 2420 2593 sed
2473 2538 2580 2579 non
2619 2522 2872 2591 virgines,
2914 2537 3015 2577 nec
3052 2536 3118 2576 ex
3159 2520 3361 2591 Spiritu
3385 2536 3509 2578 san-

1939 2630 2047 2682 eto,
2073 2632 2176 2673 nec
2199 2617 2401 2672 virtute
2427 2614 2684 2671 Altissimi
2703 2615 3076 2669 obumbrante.
3106 2611 3235 2670 Haec
3251 2621 3429 2670 autem
3451 2621 3510 2669 et

1937 2708 2270 2786 Χριστοτόκος
2288 2714 2371 2763 est
2389 2706 2526 2772 sola,
2548 2712 2604 2759 et
2621 2706 2884 2769 Θεοτὸιως,
2907 2704 3018 2765 sola
3042 2705 3209 2773 virgo,
3223 2717 3291 2758 ex
3310 2701 3507 2773 Spiritu

1939 2808 2128 2856 sancto
2152 2807 2211 2857 et
2248 2799 2446 2855 virtute
2473 2796 2733 2854 Altissimi
2761 2795 3088 2866 concipiens.

2007 2889 2170 2945 XXII.
2190 2922 2263 2937 .-
2280 2886 2541 2957 Ohjicitur
2566 2901 2706 2943 nunc
2725 2884 2792 2943 de
2820 2884 3207 2946 tentationibus
3225 2892 3281 2942 et
3307 2884 3510 2955 passio-

1937 2980 2093 3037 nibus
2120 2978 2234 3046 ejus
2263 2994 2277 3031 :
2312 2975 2499 3031 Utrum
2546 2975 2661 3044 ipsa
2685 2974 2920 3038 Dealitas
2949 2974 3105 3029 simul
3142 2972 3160 3011 ι
3192 2974 3511 3043 interpreta-

1940 3071 2086 3127 tione
2113 3068 2399 3131 diabolica,
2430 3066 2593 3120 fuerit
2635 3066 2691 3118 in
2728 3065 2979 3134 passione
3006 3062 3245 3123 Iudaica.
3277 3062 3357 3127 Ad
3397 3064 3509 3123 hinc

256 3157 465 3227 possint
488 3157 598 3225 jam
623 3155 727 3210 dici
753 3156 859 3210 duo
885 3156 998 3220 lilii,
1022 3157 1158 3211 alius
1177 3165 1302 3212 ante
1333 3166 1571 3226 tempora
1599 3159 1839 3226 genitus.
1859 3175 1905 3236 ρ
1939 3161 2061 3216 audi
2084 3160 2402 3230 prophetam
2431 3164 2712 3213 canentem
2799 3154 3071 3223 quomodo
3091 3154 3342 3213 Dominus
3371 3163 3509 3209 amat

254 3256 315 3303 et
340 3248 480 3302 alius
510 3256 666 3303 natus
702 3263 768 3303 ex
810 3256 1081 3316 tempore;
1114 3248 1206 3303 sed
1235 3264 1374 3303 unus
1416 3249 1513 3305 Dei
1541 3249 1706 3305 Filius
1734 3250 1834 3304 Do—
1925 3252 2200 3324 judicium,
2229 3259 2278 3303 et
2306 3265 2408 3303 non
2437 3247 2751 3323 derelinquel
2789 3254 3001 3307 sanctos
3030 3262 3150 3299 suos
3181 3245 3293 3314 (Ps.
3326 3262 3504 3309 xxxvi,

255 3340 437 3394 minus
474 3338 630 3394 Jesus
667 3338 928 3393 Christus.
960 3338 1087 3394 lude
1115 3350 1197 3393 est
1222 3341 1366 3407 quod
1409 3341 1609 3397 dictum
1655 3349 1739 3396 est
1764 3341 1837 3396 ab
1933 3339 2046 3410 28).
2080 3339 2231 3397 Addo
2277 3337 2419 3392 aliud
2454 3354 2468 3388 :
2500 3334 2557 3390 Si
2599 3350 2706 3389 non
2754 3335 2952 3395 deserti
2994 3342 3116 3397 sunt
3147 3344 3254 3393 tres
3281 3336 3429 3402 pueri
3457 3338 3506 3388 in

257 3430 521 3500 Apostolo
548 3448 562 3483 :
588 3428 656 3483 Et
685 3431 730 3483 si
759 3431 1082 3500 cognovimus
1111 3429 1389 3484 Dominum
1425 3429 1603 3484 Iesum
1646 3448 1832 3486 secun-
1935 3429 2146 3483 camino
2185 3427 2339 3494 ignis,
2372 3423 2468 3479 sed
2484 3424 2600 3492 ipse
2623 3423 2715 3492 qui
2735 3438 2949 3490 semper
2971 3422 3068 3483 fuit
3097 3422 3260 3475 Filius
3289 3422 3400 3486 Dei,
3434 3423 3505 3477 ibi

257 3520 383 3574 dum
411 3537 635 3586 carnem,
672 3530 694 3557 ε
724 3520 816 3573 sed
854 3535 988 3574 nunc
1005 3520 1119 3589 jam
1158 3536 1260 3573 non
1282 3521 1511 3573 novimus
1538 3518 1602 3588 (ll
1631 3519 1747 3574 Cor.
1780 3537 1835 3587 ν,
1941 3519 1955 3570 l
1994 3519 2135 3573 inter
2162 3524 2271 3570 tres
2297 3522 2519 3585 quartus
2560 3514 2808 3581 apparuit
2854 3512 3013 3581 (Dan.
3047 3529 3124 3574 in,
3155 3511 3278 3581 92);
3308 3522 3508 3582 quanto

258 3608 371 3679 16).
398 3608 556 3675 Quasi
585 3610 707 3679 quis
725 3610 868 3665 dicat
891 3627 904 3662 :
927 3608 996 3663 Et
1018 3610 1062 3663 si
1083 3610 1430 3677 cognovimus
1458 3610 1640 3664 lanam.
1662 3611 1837 3680 prius-
1938 3609 2108 3677 niagis
2157 3622 2263 3663 non
2292 3604 2574 3674 dereliquit
2599 3602 2855 3663 Sanctum
2892 3617 3067 3667 suum.
3098 3618 3219 3664 cum
3255 3604 3417 3671 (mpii
3456 3604 3509 3658 in

258 3715 424 3769 quam
442 3700 508 3754 ad
529 3702 842 3762 mixtionem
863 3700 1129 3770 conchylii
1156 3698 1305 3755 ﬁeret
1324 3715 1559 3769 purpura
1578 3717 1590 3751 :
1608 3700 1701 3755 sed
1722 3701 1836 3770 jam
1937 3698 2094 3767 vulva
2121 3696 2358 3764 Virginis
2384 3683 2616 3764 concipi,
2659 3701 2716 3747 et
2741 3708 2865 3749 cum
2894 3700 3148 3755 nascente
3174 3693 3342 3757 nasci,
3388 3708 3508 3754 cum

257 3806 373 3846 non
398 3791 642 3846 novimus
670 3791 869 3855 lanam,
900 3790 996 3845 sed
1023 3804 1330 3863 purpuram,
1357 3804 1462 3858 qua
1492 3789 1631 3846 inter
1658 3791 1834 3845 homi-
1938 3791 2169 3846 lactante
2195 3788 2404 3854 lactari,
2427 3804 2549 3843 cum
2574 3794 2851 3843 crescente
2876 3786 3157 3842 crescere?
3183 3785 3300 3855 Ipse
3329 3786 3510 3853 utique

1421 3924 1531 3979 FR.
1573 3922 2049 3979 FEU—ARDENTII
2084 3920 2312 3977 ΝΟΤᾹΞ.

333 4069 362 4097 ⁸
392 4058 507 4113 Hoc
529 4056 681 4112 Pauli
710 4056 1071 4111 testimonium
1101 4071 1132 4110 a
1173 4054 1374 4126 Cyrillo
1402 4054 1627 4126 aliisque
1661 4054 1837 4126 Epheo
1940 4053 2132 4126 Maria,
2162 4051 2271 4113 sed,
2304 4061 2422 4126 em,
2453 4059 2548 4126 aut
2585 4052 2945 4126 certegmntila
2972 4060 3054 4126 est
3081 4055 3362 4126 sententia.

263 4130 368 4184 sini
387 4129 593 4183 concilii
616 4126 861 4181 Patribus
878 4142 984 4179 non
1009 4126 1173 4179 semel
1202 4120 1619 4193 produciturfad
1647 4120 1840 4179 co'nlir-
2013 4134 2037 4171 κ
2069 4123 2268 4177 Nomen
2293 4120 2461 4175 David
2491 4137 2594 4175 non
2637 4132 2719 4193 est
2740 4124 2795 4175 in
2823 4130 2927 4173 vet.
2958 4123 3079 4175 cod.
3110 4121 3371 4193 Czeterum
3402 4126 3508 4177 Au-

264 4199 513 4253 mandam
543 4197 750 4250 unicam
780 4195 976 4249 Christi
1008 4196 1061 4251 in
1083 4190 1287 4249 duabus
1313 4193 1626 4250 substantiis
1654 4209 1837 4263 perso-
1939 4193 2207 4261 gustinus,
2241 4192 2400 4263 lib.qu
2448 4198 2599 4263 cont.
2638 4190 2906 4263 Faustum,
2939 4207 3055 4257 cap.
3113 4191 3164 4253 4,
3198 4200 3420 4246 testatur
3458 4195 3507 4245 in

267 4284 411 4331 nam,
436 4267 691 4320 adversus
730 4265 1051 4319 Nestorium.
1654 4259 1669 4263 ⁷
1941 4259 2149 4333 aliquot
2185 4260 2457 4333 codicibus
2488 4259 2689 4313 Latinis
2711 4260 2888 4333 fuisse,
2922 4270 3187 4333 nominer
3215 4262 3422 4333 semine,
3452 4272 3507 4315 ut

338 4337 364 4374 ¹³
397 4330 561 4391 Vetus
589 4336 779 4399 codex,
811 4336 1053 4387 hominis.
1942 4330 2182 4399 hic’legit
2223 4330 2487 4382 Arnobius
2519 4347 2531 4381 ε
2566 4345 2690 4391 non,
2734 4331 2947 4398 factum,
2994 4337 3050 4381 ut
3095 4330 3255 4382 habet
3287 4330 3507 4399 Vulgata

338 4419 359 4443 τ
386 4405 662 4474 Temporis
686 4404 933 4459 initurum
953 4412 1045 4457 aut
1065 4400 1837 4474 durationis,quemadmodum

1941 4402 2103 4457 editio
2142 4408 2343 4454 nostra.

270 4477 440 4543 angeli
481 4460 779 4543 minoraque
819 4480 996 4543 creata
1037 4488 1101 4526 ex
1145 4471 1328 4536 nihilo,
1360 4460 1478 4543 quae
1518 4480 1839 4543 acceperunt
1869 4460 1918 4517 Ῑ)
2011 4471 2051 4543 hg
2070 4469 2136 4522 Et
2163 4471 2325 4543 lioca
2354 4465 2916 4543 Cyrillo‘desmnptuni
2945 4477 3027 4520 est
3057 4467 3129 4543 ad
3155 4467 3509 4543 IEgypti_mo~

271 4542 387 4598 esse
410 4555 528 4613 post
554 4561 661 4597 non
688 4542 823 4598 esse.
856 4542 959 4613 Sed
998 4544 1132 4596 bene
1170 4548 1253 4613 est
1279 4555 1308 4593 a
1338 4542 1596 4613 principio
1638 4542 1832 4613 produ-

272 4611 425 4671 cente
452 4623 505 4667 et
532 4622 843 4681 generante,
886 4611 1290 4681 Patreiscilicel
1326 4611 1507 4664 divino
1522 4629 1553 4681 A:
1587 4611 1839 4678 quoniam

273 4686 414 4739 solus
440 4679 598 4738 Pater
626 4700 656 4737 a
695 4685 873 4751 seipse
918 4690 1019 4744 est,
1046 4680 1210 4736 Filius
1239 4688 1416 4734 autem
1446 4697 1475 4734 a
1520 4679 1698 4747 Patre,
1731 4697 1839 4735 non

276 4751 457 4814 factus,
486 4763 577 4808 aut
604 4762 832 4813 creatus,
866 4751 957 4804 sed
987 4752 1213 4818 genilns.

348 4822 371 4859 ἀ
391 4824 520 4889 Quid
549 4825 595 4877 si
616 4825 934 4877 adderetnus
960 4820 1028 4874 ad
1055 4820 1410 4889 expletionem
1431 4835 1639 4885 sensus,
1661 4821 1736 4875 sic
1754 4837 1840 4874 vo—

273 4891 370 4947 luit
387 4904 433 4963 et
461 4896 614 4963 fecit?

352 4958 1047 5051 'PAddidimuspadverbium
1088 4974 1340 5051 nunc,ch
1364 4960 1479 5051 ipso
1498 4968 1667 5051 1‘textu
1692 4958 1840 5041 Apo-

279 5033 429 5101 stall;
459 5036 584 5086 item
610 5049 677 5101 es
697 5031 916 5101 Cyl-illo,
946 5034 1015 5101 ita
1037 5046 1101 5084 ex
1130 5045 1196 5083 eo
1217 5028 1842 5101 advetﬁuspNes-torianos

282 5100 604 5170 disserente;
628 5098 766 5163 Quid
795 5112 888 5162 est,
919 5098 1144 5159 obsecro,
1191 5098 1326 5170 quod
1360 5098 1552 5151 Paulus
1598 5099 1679 5170 hic
1726 5099 1843 5170 ait?

287 5167 521 5243 {itaquid
548 5169 835 5243 Christum
866 5176 1005 5243 Δριιει
1060 5167 1478 5243 resurrectionem
1537 5168 1844 5237 injiciatur!

285 5237 462 5295 Nonne
499 5242 648 5295 illum
686 5238 960 5292 secundum
989 5238 1594 5309 caruemresuscitatum,
1636 5254 1844 5309 cumque

281 5310 446 5364 eadem
472 5314 526 5364 in
546 5311 728 5364 calum
749 5309 1047 5378 profectum,
1072 5324 1131 5359 ac
1152 5306 1414 5378 oliminde
1433 5318 1696 5360 venturum
1721 5306 1845 5359 scie-

280 5379 396 5432 bat?
416 5378 677 5444 Quomodo
699 5375 856 5449 igitur
877 5375 1070 5449 ilium
1097 5375 1373 5430 secundum
1389 5392 1599 5449 carnem
1624 5393 1678 5429 se
1697 5391 1845 5429 nosse

281 5456 457 5518 negat?
485 5446 743 5513 Quoniam
765 5446 917 5500 simul
947 5455 1096 5518 atque
1118 5463 1186 5518 ea:
1212 5446 1426 5501 mortuis
1455 5448 1725 5518 rerixerat,
1754 5462 1841 5518 sa;-

283 5515 374 5571 (ἰαὶ
398 5529 504 5572 erat
523 5537 588 5574 ea:
607 5519 782 5571 divina
809 5517 1084 5569 eminentia
1108 5516 1251 5584 illum
1274 5524 1321 5569 et
1351 5531 1500 5569 nosse
1520 5515 1842 5584 etproﬁteri,

280 5603 423 5655 quam
449 5606 511 5643 ea:
539 5590 713 5642 carnis
740 5587 1062 5655 inﬁrmitate.
1094 5583 1235 5655 Unius
1256 5587 1523 5655 itaqueest
1544 5582 1774 5655 Christus
1797 5594 1845 5655 et

286 5653 438 5710 Filius
465 5668 512 5712 et
543 5653 960 5725 Dominuleib.
995 5672 1029 5709 ιι
1060 5655 1122 5707 de
1155 5654 1313 5708 Recta
1336 5653 1471 5707 Fide
1500 5654 1578 5725 ad,
1596 5653 1843 5724 reginas).

358 5726 489 5783 ‘Vel
527 5727 849 5789 addendum,
894 5724 1242 5779 tantummodo
1282 5725 1395 5778 vilis
1435 5733 1484 5777 et
1528 5724 1726 5793 objecta
1774 5731 1848 5777 est

1941 4541 2139 4596 naclios
2166 4537 2433 4593 scribente
2470 4555 2483 4589 :
2514 4537 2588 4590 Ab
2627 4554 2686 4590 eo
2713 4538 2847 4599 quod
2875 4539 3068 4590 iuuncti
3096 4554 3223 4591 sumi
3243 4537 3287 4599 ε,
3321 4538 3509 4593 Christi

1940 4611 2278 4681 appellamur.
2315 4607 2617 4681 (frictionem
2630 4604 2837 4681 habetis
2850 4623 2911 4681 _o_
2925 4617 3102 4681 sancto
3112 4612 3127 4669 (
3137 4607 3153 4660 l
3164 4606 3193 4660 J
3202 4624 3323 4662 oan.
3341 4604 3503 4681 ιμὲιι).

1942 4675 2068 4751 Ipsa
2108 4681 2279 4733 unctio
2309 4677 2453 4731 docet
2482 4693 2585 4751 eos.
2619 4675 2759 4746 Ergo
2782 4676 2912 4729 nihil
2941 4678 3127 4744 faceret
3166 4680 3394 4742 absurdi,
3424 4681 3509 4748 qui

1940 4748 2224 4820 promiscue
2249 4748 2585 4820 quorumlibet
2610 4759 2876 4820 unctorum
2897 4756 3088 4820 matres
3118 4756 3347 4818 Χμστοτι
3370 4769 3509 4820 γρυς,

1941 4815 2306 4884 Christiparas,
2349 4817 2611 4886 appellare
2659 4817 2886 4886 animum
2911 4815 3208 4886 _inducerét,
3239 4824 3334 4868 etc.
3382 4817 3513 4871 Sola

1944 4900 2112 4944 autem
2136 4883 2282 4943 inter
2322 4883 2496 4941 omnes
2524 4902 2695 4949 sacra,
2712 4885 2867 4953 Virgo
2897 4883 3217 4954 Christipura
3258 4888 3409 4940 simul
3450 4904 3512 4940 ac

1946 4960 2173 5026 Deipara
2196 4957 2486 5026 appellatur
2512 4964 2560 5009 et
2581 4970 2689 5026 esse
2715 4954 3047 5024 dignoscitur.

2022 5025 2053 5065 ἵ
2072 5027 2364 5081 Lubentius
2392 5025 2638 5091 legerem,
2666 5025 2718 5076 iu
2742 5026 3016 5076 tentatione
3040 5040 3056 5075 :
3078 5026 3371 5091 praesertim
3392 5041 3512 5080 cum

1943 5094 2550 5168 paulopostscribatur,
2575 5108 2689 5145 cum
2718 5102 2909 5146 tentato
2934 5102 3149 5168 tentatus
3169 5103 3264 5148 est.

2019 5167 2032 5217 i
2072 5162 2566 5219 Nabuchodonosor
2611 5177 2841 5231 namque
2887 5162 3214 5218 exclamasse
3240 5162 3510 5219 refertur:

1944 5236 2081 5291 Ecce
2108 5236 2250 5291 video
2277 5242 2495 5303 quatuor
2513 5233 2646 5285 viros
2676 5233 2885 5303 solutos.
2910 5241 2967 5303 et
2987 5231 3303 5303 (turbulentas
3329 5235 3385 5287 in
3406 5251 3513 5303 rne-

1946 5307 2030 5361 dio
2057 5307 2213 5376 ignis,
2236 5300 2501 5376 et'species
2522 5302 2688 5376 quarti
2710 5301 2893 5376 similis
2914 5300 3060 5376 ilio
3083 5302 3309 5376 Dei.‘S_ic
3333 5310 3386 5376 et
3409 5302 3515 5376 Ire-

1946 5371 2100 5430 tizeus
2121 5376 2319 5444 Marlyr
2337 5371 2592 5444 judicavit
2619 5371 2856 5444 scribens
2879 5371 3011 5444 (Lib.
3035 5388 3104 5435 tv,
3128 5388 3174 5425 ε.
3201 5372 3315 5444 5Ἰ);
3337 5371 3517 5444 Patris

1954 5446 2174 5499 Verbum
2203 5439 2303 5497 non
2333 5444 2385 5494 in
2409 5457 2513 5493 una
2533 5441 2702 5509 ﬁgura
2727 5441 2848 5494 olim
2872 5439 3150 5503 ridebatur,
3172 5441 3303 5493 sicut
3329 5441 3382 5491 in
3408 5439 3516 5490 Du-

1947 5516 2077 5569 niele
2118 5515 2362 5579 scriptum
2405 5519 2499 5575 est,
2531 5512 2775 5563 assistens
2815 5509 2972 5563 tribus
3012 5511 3182 5579 pueris
3221 5510 3274 5560 in
3306 5511 3518 5577 {omam

1947 5586 2099 5651 ignis,
2127 5594 2175 5637 et
2212 5576 2434 5636 liberans
2463 5597 2566 5634 eos.
2601 5578 2666 5632 Et
2687 5576 3041 5634 Tertullianus
3073 5576 3220 5651 :uﬂic
3248 5576 3356 5651 erat
3384 5580 3518 5632 risus

1951 5642 2265 5723 Babylonico
2291 5652 2396 5723 regi
2423 5652 2493 5723 in
2509 5652 2725 5723 fornace
2748 5666 2859 5723 cum
2887 5645 3195 5717 martyribus
3233 5649 3339 5703 suis
3358 5665 3514 5719 aurar-

1954 5718 2181 5790 tnsfetc.
2213 5722 2328 5777 Lib.
2347 5718 2401 5776 iv
2432 5718 2643 5775 advers.
2676 5718 3017 5772 Marcionem.
