3936 6176
437 317 541 373 505

1762 307 2033 363 ARNOBU
2065 305 2373 364 'JUMORlS

3582 308 3692 368 δοι
3770 258 3780 263 ᾗ

437 444 459 470 η
485 447 605 487 cum
627 438 831 486 tentato
853 435 1088 484 tentatus
1109 435 1208 492 est,
1233 435 1430 481 etcum
1450 421 1704 479 cruciﬁxo
1729 420 2015 477 cruciﬁxus
2042 424 2091 483 Α
2120 421 2301 487 morti,
2332 428 2391 474 ut
2431 418 2699 489 relinquat
2725 427 2995 473 mortuum
3033 427 3088 474 et
3114 418 3381 489 sepultum
3409 419 3587 489 (Joan.
3619 436 3694 485 xi,

436 533 537 578 cst.
583 521 845 592 Objicitur
876 539 888 573 :
920 518 1203 585 Quomodo
1257 531 1385 586 ergo
1426 516 1596 571 Deum
1633 514 2012 584 impassibilem

433 612 805 682 asseritis,qui
851 609 1025 665 dicitis
1064 608 1221 663 simul
1268 615 1580 675 conceptus,
1624 604 1778 658 simul
1833 615 2009 669 natus,

431 706 589 761 simul
618 711 700 759 est
727 712 782 758 et
811 709 1069 765 tentatus,
1101 709 1155 754 et
1183 714 1389 769 passus,
1427 707 1483 752 et
1510 712 1732 767 prorsus
1753 695 2008 749 Sanctum

429 810 583 850 suum
614 808 885 862 nunquam
915 791 1182 847 deseruit?
1224 786 1581 856 Respondebo
1616 804 1629 837 :
1661 784 1866 838 Memor
1890 798 2011 838 esse

428 888 592 941 debes
620 884 849 953 exempli
876 884 1009 937 lanm
1038 889 1091 935 et
1117 879 1390 948 sanguinis
1413 877 1699 948 conchylii.
1719 875 1852 930 Cum
1879 888 2010 942 ergo

428 978 567 1033 facta
594 975 752 1030 fuerit
779 976 893 1028 haec
920 973 1037 1027 lana
1060 986 1155 1041 per
1178 969 1563 1023 admixtiouem
1591 964 1863 1033 sanguinis
1891 980 2012 1033 pur-

427 1083 583 1138 pura,
622 1081 754 1121 cum
803 1072 985 1128 netur,
1030 1071 1123 1115 aut
1168 1060 1361 1120 ﬁlatur,
1402 1066 1494 1112 aut
1540 1064 1837 1124 torquetur,
1886 1055 2008 1108 lana

428 1162 612 1230 utique
643 1158 832 1227 recipit
858 1157 1212 1225 majestatem.
1248 1152 1620 1220 Nunquidnam
1651 1165 1770 1219 quae
1793 1157 2009 1217 torque-

428 1262 535 1317 tur,
580 1266 611 1305 a
659 1264 929 1320 purpureo
976 1248 1159 1302 colore
1204 1245 1508 1299 deseritur?
1561 1242 1711 1296 Addo
1760 1249 1815 1294 et
1861 1239 2007 1293 aliud

427 1344 731 1412 exemplum
761 1361 772 1394 :
799 1341 958 1395 Verbi
980 1340 1150 1408 gratia
1179 1339 1418 1393 dicamus
1443 1356 1454 1389 :
1488 1335 1689 1390 securis
1712 1334 1818 1387 ictu
1848 1333 2006 1386 arbo-

426 1450 541 1489 rem
570 1448 691 1488 cum
717 1430 1102 1494 verberaveris,
1134 1436 1190 1483 et
1218 1427 1559 1497 splendorem
1599 1424 1747 1488 solis,
1789 1424 1834 1476 si
1882 1435 2004 1476 emn

427 1524 586 1580 simul
633 1520 982 1593 percusseris,
1042 1519 1222 1573 arbori
1278 1516 1494 1585 quidem
1547 1513 1742 1582 inﬂigis
1789 1512 2002 1578 vulnus,

425 1615 593 1670 solem
621 1628 752 1667 vero
773 1620 825 1666 et
846 1609 1186 1680 splendorem
1214 1608 1371 1662 simul
1402 1596 1652 1676 percutis,
1685 1613 1741 1658 et
1767 1603 2004 1658 calorem

427 1704 810 1775 impassibilem
838 1701 1182 1772 derelinquis.
1208 1698 1362 1766 Quod
1389 1698 1435 1752 si
1456 1698 1704 1752 arborem
1730 1695 1798 1750 ad
1839 1694 2003 1748 ictum

2116 508 2202 573 55,
2222 510 2333 577 44).
2355 510 2548 575 Unam,
2569 526 2676 581 qua
2698 511 2947 565 venditur
2965 526 2996 565 a
3018 510 3279 580 discipulo
3304 510 3517 583 (Matth.
3538 528 3694 577 xxvx;

2111 603 2269 657 Joan.
2288 604 2398 672 χιχ)
2417 621 2430 669 ;
2455 604 2633 669 aliam,
2652 619 2756 674 qua
2777 611 2949 658 totum
2968 604 3182 658 redimit
3201 604 3477 658 mundum.
3497 602 3693 667 Unam,

2111 709 2218 763 qua
2266 694 2388 748 felle
2432 694 2657 759 cibatur,
2708 701 2763 747 et
2788 701 3007 763 potatur
3033 701 3186 748 aceto
3227 692 3439 764 (Matth.
3488 695 3696 758 xxvii);

2113 785 2291 847 aliam,
2323 800 2429 855 qua
2455 800 2595 853 pane
2621 785 2745 839 vitae
2769 793 2983 839 internae
3002 785 3148 839 cibat
3168 792 3223 838 et
3251 784 3502 853 propinat
3526 798 3697 852 pocu—

2112 875 2220 929 lum
2238 875 2412 942 gaudii
2430 876 2738 945 sempiterni
2762 875 2974 937 (Matth.
3001 875 3171 946 xxvr).
3194 874 3364 930 Unam
3386 875 3695 944 quatrista-

2108 978 2200 1023 tur
2225 985 2392 1039 usque
2420 970 2484 1022 ad
2514 978 2774 1034 mortem;
2819 970 3006 1033 aliam,
3038 984 3143 1039 qua
3173 984 3202 1021 a
3231 967 3444 1022 tristitia
3473 966 3695 1033 liberat,

2109 1070 2272 1130 atque
2299 1062 2390 1113 dat
2416 1060 2664 1128 gaudium
2688 1061 2831 1114 vitae.
2862 1059 3049 1123 Unam,
3081 1075 3188 1130 qua
3208 1059 3433 1113 moritur
3453 1066 3509 1112 et
3535 1073 3700 1135 sepe-

2110 1148 2264 1213 litur;
2292 1149 2470 1211 aliam,
2512 1165 2617 1219 qua
2657 1150 2903 1217 sepulcra
2945 1149 3169 1217 aperiat,
3201 1156 3305 1203 etc.
3349 1146 3543 1212 Unam,
3586 1163 3697 1218 qua

2110 1241 2411 1296 videntibus
2431 1242 2688 1310 apostolis
2711 1242 2950 1295 elevatus
2974 1251 3058 1294 est
3084 1240 3136 1295 in
3158 1240 3340 1304 caelos,
3361 1246 3416 1294 et
3439 1239 3600 1294 sedet
3628 1238 3697 1294 ad

2108 1332 2382 1388 dexteram
2412 1331 2586 1386 Patris
2607 1332 2741 1389 (Act.
2775 1331 2815 1397 ι)
2835 1350 2849 1395 ;
2872 1332 3116 1396 alteram,
3146 1346 3250 1401 qua
3271 1330 3300 1368 ἀ
3335 1331 3403 1385 de
3426 1331 3552 1385 sinu
3592 1328 3698 1383 Pa-

2107 1423 2205 1477 tris
2231 1437 2336 1476 non
2365 1422 2639 1486 abscessit,
2664 1421 3002 1491 sed-semper
3022 1422 3074 1475 in
3098 1420 3274 1487 Patre,
3298 1429 3355 1476 et
3380 1436 3502 1476 cum
3530 1419 3700 1475 Patre

2108 1512 2224 1577 fuit,
2256 1522 2310 1568 et
2355 1529 2472 1568 esse
2501 1529 2607 1567 non
2644 1513 2858 1568 desinit.
2888 1512 3150 1581 Ohjicitur
3177 1523 3304 1581 ergo
3342 1511 3445 1565 :Et
3473 1510 3699 1581 quando

2109 1603 2163 1657 in
2202 1603 2357 1658 vulva
2404 1603 2636 1671 Virginis
2661 1603 2897 1657 Verbum
2924 1618 3052 1657 caro
3091 1602 3271 1669 ﬁebat,
3313 1611 3370 1657 et
3394 1600 3697 1671 quandoid

2109 1707 2351 1763 praisepe
2391 1694 2581 1763 pannis
2623 1693 2910 1748 obvolutus
2952 1700 3069 1747 erat
3112 1692 3309 1755 infans,
3332 1700 3388 1747 et
3412 1691 3699 1745 crescebat

427 1794 780 1867 percutientis
807 1795 889 1849 sol
931 1810 1036 1848 non
1076 1792 1294 1853 deserit,
1318 1796 1520 1858 quanto
1550 1788 1719 1856 magis
1753 1785 2008 1841 Sanctum
2041 1792 2085 1849 Β
2109 1790 2269 1839 aetate
2296 1791 2351 1837 et
2377 1782 2657 1853 sapientia,
2681 1791 2736 1837 et
2758 1789 2953 1838 cetera
2973 1783 3278 1847 exercebat,
3301 1797 3420 1853 quae
3438 1789 3555 1835 tota
3586 1781 3701 1834 vita

428 1903 583 1943 suum
611 1901 948 1954 nequaquam
985 1884 1083 1937 Dei
1127 1882 1313 1947 Filius,
1343 1880 1485 1949 quod
1529 1887 1611 1934 est
1650 1877 1902 1942 Verbum,
1948 1878 2004 1931 in

429 1977 679 2045 passione
707 1975 979 2029 deseruit?
1016 1972 1046 2012 h
1094 1972 1161 2025 Et
1201 1973 1337 2027 sicut
1362 1986 1487 2025 vere
1529 1970 1695 2024 rubus
1737 1966 2005 2022 ﬂammam

430 2067 640 2133 habuit,
670 2067 748 2121 sic
778 2080 903 2120 vere
949 2078 1135 2134 passus
1162 2071 1245 2117 est
1288 2061 1454 2117 Filius
1499 2060 1761 2125 hominis;
1804 2067 1860 2114 et
1897 2058 2004 2115 sie-

431 2166 489 2211 ut
530 2172 656 2212 vere
698 2172 804 2211 non
851 2156 1098 2210 incensus
1125 2161 1224 2219 est,
1256 2154 1337 2208 sic
1376 2153 1500 2207 vere
1538 2166 1647 2206 non
1694 2165 1884 2221 passus
1921 2158 2005 2205 est

430 2249 594 2303 Filius
624 2249 738 2302 Dei.

502 2338 683 2391 XXill.
714 2370 787 2381 —
812 2337 1071 2408 Objieitur
1100 2338 1292 2392 iterum
1320 2355 1332 2390 :
1366 2337 1512 2392 Duos
1539 2334 1689 2398 facis,
1723 2333 1885 2390 (illum
1907 2335 2007 2390 ho-

429 2430 608 2492 minis,
654 2438 710 2484 et
743 2428 935 2484 Filium
975 2429 1090 2483 Dei.
1136 2427 1510 2497 ReSpondetur
1550 2444 1563 2479 :
1607 2426 1723 2480 Non
1761 2425 1898 2480 duos
1938 2423 2006 2478 ad

429 2520 742 2576 divisionem
760 2519 921 2581 facio,
949 2531 969 2558 ε
995 2519 1087 2574 sed
1118 2520 1170 2572 in
1194 2535 1298 2573 una
1326 2518 1587 2571 Dealitate
1608 2518 1742 2572 duas
1760 2517 2007 2572 substan-

431 2612 534 2667 tias
577 2611 868 2680 distinguo,
898 2625 1059 2665 nnam
1097 2624 1218 2678 qua:
1266 2609 1597 2662 nativitatem
1654 2608 2004 2678 temporalem

431 2701 635 2765 habuit,
667 2701 891 2754 alteram
934 2714 1051 2769 quae
1079 2699 1293 2769 penitus
1321 2699 1553 2768 tempori
1592 2696 1867 2766 subjacere
1895 2712 2003 2751 non

430 2793 623 2861 potuit.
656 2790 848 2853 Unam,
872 2806 978 2859 qua
1007 2789 1182 2845 infans
1215 2790 1267 2844 in
1293 2804 1531 2860 prazsepe
1558 2789 1781 2859 positus,
1812 2788 2004 2859 pannis

430 2885 715 2939 obvolutus
737 2881 885 2953 (Luc.
918 2899 976 2949 ιι,
1000 2882 1074 2951 7),
1099 2881 1270 2937 crevit
1294 2887 1454 2935 aetate
1475 2891 1530 2936 et
1556 2882 1818 2950 sapientia
1849 2878 1998 2951 (Luc.

430 2992 487 3040 ιι,
521 2974 641 3046 52);
665 2974 851 3043 altera,
883 2988 986 3049 qua
1014 2976 1129 3046 ipse
1149 2978 1297 3033 creat
1323 2980 1622 3039 nascentes,
1656 2979 1710 3026 et
1731 2970 1823 3024 dat
1848 2970 1927 3026 eis
1949 2980 2005 3023 ut

345 3145 349 3150 .
432 3066 614 3125 vivant
665 3080 719 3125 et
761 3078 1004 3125 crescant
1042 3079 1200 3124 tritate
1242 3077 1296 3124 et
1336 3071 1617 3139 sapientia.
1672 3068 1862 3132 Unam,
1897 3082 2004 3136 qua

431 3162 729 3231 baptizatur
750 3172 780 3213 a
811 3161 1027 3223 tamulo,
1050 3161 1204 3228 quasi
1230 3158 1706 3214 sanctiﬁcationem
1736 3158 2003 3227 accipiens
2032 3176 2077 3242 ρ

433 3247 645 3318 (Matth.
678 3264 750 3312 ιιι,
778 3246 866 3317 l5)
891 3264 906 3313 ;
936 3247 1111 3312 aliam,
1143 3262 1246 3316 qua
1272 3248 1385 3317 ipse
1412 3246 1711 3302 sanctiﬁcat
1738 3255 1793 3302 et
1814 3261 2003 3318 aquam

432 3339 635 3407 pariter
676 3346 730 3392 et
768 3337 1081 3408 Baptistam.
1109 3335 1301 3403 Unam,
1343 3352 1448 3406 qua
1477 3337 1674 3392 dormit
1699 3338 1754 3391 in
1782 3336 1922 3401 navi,
1956 3345 2011 3391 et

433 3430 698 3484 excitatur
716 3444 745 3483 a
772 3429 1078 3499 discipulis;
1111 3428 1286 3494 aliam,
1308 3443 1414 3497 qua
1443 3429 1556 3498 ipse
1594 3429 1793 3483 excitat
1820 3435 1880 3482 ut
1915 3444 2010 3482 ex-

434 3521 603 3575 citent
628 3519 933 3575 Dominum.
968 3517 1175 3583 Unam,
1216 3534 1335 3588 quae
1375 3519 1545 3574 subsit
1572 3519 1761 3585 ventis,
1800 3518 2014 3573 ﬂatibus

436 3615 491 3664 et
517 3609 854 3679 tempestati;
886 3608 1068 3674 aliam,
1100 3623 1207 3678 qua
1232 3608 1409 3679 ventis
1450 3608 1696 3678 imperat,
1725 3616 1782 3663 et
1808 3615 2013 3676 tempe-

434 3700 661 3755 statibus
678 3700 828 3770 jubet
858 3698 1050 3771 (Marc.
1083 3716 1154 3765 iv,
1179 3700 1285 3766 '59;
1316 3699 1507 3753 Matth.
1539 3716 1647 3765 vui,
1678 3698 1790 3770 24).
1815 3698 2007 3764 Unam,

434 3808 540 3861 qua
584 3792 763 3862 plorat
800 3792 1072 3847 hominem
1098 3800 1399 3857 mortuum;
1432 3792 1620 3856 aliam,
1652 3809 1756 3862 qua
1788 3793 2016 3863 imperat

2109 1872 2299 1929 fecisse
2327 1875 2542 1939 scimus,
2572 1873 2640 1928 de
2667 1873 2789 1928 sinu
2815 1872 2990 1928 Patris
3032 1888 3375 1943 nunquamne
3401 1871 3701 1926 discessit!

2106 1964 2478 2034 Respondetur
2502 1982 2514 2016 :
2539 1962 2673 2017 Cum
2695 1963 2909 2033 quidam
2935 1964 3294 2031 interrogator
3310 1961 3523 2017 cuidam
3544 1961 3698 2015 dice-

2107 2069 2193 2115 ret
2218 2060 2428 2116 erudito
2462 2077 2475 2111 :
2508 2059 2602 2114 Dic
2629 2060 2761 2113 mihi
2805 2059 2856 2113 in
2900 2072 3007 2129 quo
3046 2058 3167 2113 loco
3207 2072 3348 2111 nunc
3385 2056 3529 2110 Deus
3576 2056 3704 2108 est?

2108 2151 2276 2206 fertur
2316 2152 2424 2205 tale
2472 2150 2684 2205 dedisse
2731 2164 3048 2219 responsum
3080 2166 3093 2200 :
3128 2148 3223 2203 Dic
3257 2147 3347 2202 ubi
3377 2163 3482 2201 non
3516 2147 3618 2205 sit,
3647 2152 3705 2199 et

2106 2243 2318 2313 inquire
2346 2241 2435 2296 ubi
2464 2242 2551 2295 sit.
2605 2241 2672 2293 At
2714 2256 2844 2295 vero
2890 2255 3011 2293 cum
3052 2239 3315 2307 propheta
3342 2237 3538 2291 clamet
3581 2254 3596 2288 :
3640 2234 3704 2291 Si

2107 2332 2387 2387 ascendere
2434 2333 2490 2385 in
2528 2331 2709 2386 caelum
2752 2330 2866 2399 (Ps.
2900 2345 3153 2390 cxxxvm,
3183 2326 3262 2399 8),
3313 2336 3440 2389 etc.,
3474 2334 3531 2380 et
3580 2326 3705 2394 ipse

2106 2424 2250 2478 dicat
2280 2440 2293 2475 :
2318 2419 2509 2477 Catum
2548 2430 2599 2474 et
2636 2414 2824 2475 terram
2864 2420 3036 2490 repleo
3066 2418 3195 2488 (Ier.
3230 2433 3375 2481 xxiii,
3406 2415 3522 2485 ἓξ),
3550 2431 3703 2485 quo-

2106 2513 2266 2569 modo
2294 2519 2507 2583 poterat
2533 2510 2646 2566 ﬁeri
2676 2520 2736 2564 nt
2763 2511 2850 2580 qui
2878 2524 3017 2564 unus
3045 2516 3129 2564 est
3150 2523 3271 2563 cum
3302 2505 3460 2561 Patre
3478 2514 3537 2561 et
3560 2505 3701 2575 Spi-

2107 2605 2213 2661 ritu
2239 2611 2427 2659 sancto
2445 2603 2657 2658 deesset
2678 2601 2823 2657 Patri
2851 2612 2906 2656 et
2924 2600 3147 2672 Spiritui
3175 2610 3383 2666 sancto,
3404 2614 3530 2654 cum
3549 2607 3705 2655 esset

2108 2696 2163 2751 in
2202 2695 2359 2751 vulva
2396 2693 2648 2761 Virginis,
2676 2708 2798 2747 cum
2845 2698 3175 2754 nasceretur,
3222 2690 3527 2755 laetaretur,
3559 2697 3703 2753 etc.,

2107 2768 2381 2841 tamen'de
2407 2785 2527 2839 sinu
2544 2783 2726 2838 Patris
2752 2798 3024 2852 nunquam
3050 2781 3314 2836 discessit.
3337 2778 3406 2834 Et
3430 2795 3555 2833 cum
3576 2779 3706 2834 hac

2107 2877 2352 2941 dixisset,
2379 2906 2452 2918 —-
2486 2873 2700 2932 Iudices
2745 2882 2802 2929 et
2846 2887 3036 2932 omnes
3079 2872 3357 2927 auditores
3383 2869 3649 2924 dixerunt
3684 2887 3705 2931 ;

2107 2966 2250 3026 Salis
2288 2965 2482 3025 subtile
2511 2965 2654 3035 quod
2683 2972 2904 3036 asseris,
2930 2984 2985 3024 et
3011 2970 3182 3025 videri
3220 2984 3250 3023 a
3279 2967 3435 3041 nobis
3463 2981 3570 3021 non
3604 2982 3705 3035 po-

2107 3074 2232 3128 test,
2260 3067 2357 3119 nisi
2386 3065 2651 3134 aliquibus
2676 3063 2780 3118 hoc
2801 3061 2959 3117 fuerit
2987 3056 3475 3130 comparationibus
3509 3057 3704 3113 decla-

2106 3163 2370 3299 Mign.
2399 3277 2474 3287 —-
2499 3243 2670 3299 Dicite
2698 3244 2845 3307 mihi,
2886 3241 3022 3296 dixit
3050 3238 3315 3295 Arnobius
3348 3281 3359 3292 .
3393 3237 3545 3292 Unde
3572 3236 3704 3292 fons

2112 3337 2382 3391 nascitur?
2403 3336 2505 3402 Qui
2533 3334 2920 3404 reSpoudentes
2936 3332 3186 3387 dixerunt
3210 3349 3223 3385 :
3247 3331 3323 3385 De
3349 3344 3483 3384 vena
3510 3335 3701 3382 terrm.

2110 3462 2183 3472 -
2211 3428 2477 3483 Arnobius
2517 3412 2652 3482 dixit
2684 3445 2696 3479 :
2727 3425 2876 3480 Vena
2924 3425 3038 3479 haec
3084 3423 3224 3477 unde
3266 3421 3501 3476 nascitur
3547 3418 3701 3484 fons,

2111 3518 2287 3580 Patris
2317 3520 2491 3574 locum
2520 3526 2821 3588 opportune
2850 3517 2902 3570 iu
2922 3523 3101 3571 vestra
3128 3523 3307 3569 mente
3334 3514 3609 3583 depingat,
3638 3522 3705 3567 ut

2111 3614 2182 3668 sit
2209 3611 2369 3667 Pater
2397 3602 2551 3674 vena,
2573 3610 2735 3665 Filius
2759 3611 2893 3673 fons,
2924 3609 3014 3679 qui
3046 3617 3204 3662 natus
3225 3616 3307 3662 est
3328 3606 3395 3661 de
3422 3621 3595 3671 vena;
3630 3606 3703 3661 de

2112 3719 2250 3759 vena
2275 3718 2405 3758 vero
2434 3710 2489 3756 et
2518 3700 2664 3756 fonte
2684 3717 2790 3755 non
2811 3699 3047 3755 nascitur
3065 3699 3275 3764 ﬂuvius,
3306 3697 3398 3753 sed
3424 3695 3700 3766 procedit.

2118 3806 2141 3833 ε
2184 3794 2339 3849 Aliud
2368 3802 2452 3848 est
2494 3793 2660 3858 nasci,
2690 3791 2833 3847 aliud
2870 3800 2952 3847 est
2979 3791 3290 3862 procedere.
3322 3786 3589 3859 Quidquid
3623 3788 3697 3842 ad

1595 3881 1704 3935 FR.
1746 3881 2224 3939 FEU-ARDENTII
2262 3882 2487 3938 ΝΟΤᾹΞ.

510 3981 533 4009 ι
564 3971 867 4027 Delevimus
893 3988 1006 4026 cum
1042 3979 1287 4037 tentante,
1311 3972 1453 4041 quod
1482 3971 1646 4027 habet
1671 3982 1779 4028 vet.
1809 3973 1928 4029 cod.

504 4041 532 4080 δ
563 4041 785 4097 Flaccus
810 4042 1051 4106 Albinus,
1081 4043 1174 4112 qui
1213 4050 1269 4096 et
1306 4042 1560 4098 Alcuinus
1581 4042 1793 4109 dicitur,
1824 4042 2005 4100 Caroli

434 4111 608 4180 Magni
638 4111 907 4181 quondam
949 4111 1261 4182 przeeeptor,
1293 4121 1417 4167 ante
1444 4113 1779 4182 octingentos
1808 4129 1995 4179 annos,

433 4182 591 4250 hujus
631 4182 737 4237 loci
777 4182 936 4236 etiam
976 4182 1077 4236 sub
1118 4182 1338 4236 Aroobii
1380 4183 1595 4237 nomine
1642 4185 1715 4237 ita
1762 4186 2007 4239 meminit

436 4249 629 4322 (Epist.
675 4251 745 4322 ad
787 4249 1025 4307 Flavium
1053 4251 1293 4321 Herium)
1339 4270 1351 4304 :
1393 4250 1645 4307 Arnobius
1684 4255 1740 4306 in
1765 4255 2005 4322 conﬂictu

434 4319 581 4392 quem
609 4319 784 4392 habuit
825 4319 1479 4392 cumWSerapioneirubum
1519 4324 1689 4390 posuit
1733 4319 2006 4379 masculini

434 4389 651 4463 generis,
685 4391 856 4445 dicens
886 4409 903 4445 :
934 4391 1004 4444 Et
1033 4389 1163 4445 sicut
1189 4409 1302 4445 vere
1329 4389 1483 4445 rubus
1510 4393 1773 4461 ﬂammam
1805 4393 2001 4448 habuit.

509 4473 531 4499 ε
572 4460 627 4514 ld
658 4469 757 4514 est.
808 4461 861 4514 in
889 4461 1042 4514 unica
1070 4459 1188 4514 Filii
1215 4461 1312 4514 Dei
1349 4476 1576 4514 persona
1615 4462 1792 4514 divina
1822 4463 2001 4514 huma-

509 4473 531 4499 ε
572 4463 627 4514 ld
658 4469 757 4525 est,
808 4463 861 4514 in
889 4463 1042 4515 unica
1070 4463 1188 4514 Filii
1215 4463 1312 4514 Dei
1349 4476 1576 4530 persona
1615 4463 1792 4516 divina
1822 4463 2009 4518 huma-

437 4545 561 4584 nam
589 4531 929 4599 diviuamque
955 4531 1304 4599 substaigiam
1324 4528 1600 4598 proﬁteor.
1626 4530 1933 4587 Certissima
1955 4542 2009 4588 et

435 4601 725 4674 clarissima
747 4607 832 4655 est
842 4596 970 4654 haec
998 4599 1118 4674 ﬁdei
1146 4596 1461 4674 Christianae
1489 4615 1555 4674 ex
1572 4601 1846 4674 Athanasii
1865 4619 2008 4674 sym-

435 4669 561 4724 bolo
586 4669 864 4738 desumpta
890 4669 1191 4725 confessio:
1223 4668 1368 4724 Sicut
1414 4670 1587 4723 anima
1640 4668 1912 4726 rationalis
1959 4684 2009 4727 et

435 4755 557 4792 caro
578 4756 707 4794 unus
734 4748 811 4793 est
837 4740 1007 4807 homo,
1022 4741 1097 4793 ita
1117 4738 1256 4793 Deus
1276 4748 1325 4792 et
1353 4744 1501 4794 homo
1517 4756 1648 4794 unus
1664 4750 1739 4794 est
1753 4739 2005 4797 Christus.

2110 3975 2297 4029 stianze
2325 3982 2486 4042 caput
2508 3980 2622 4028 toto
2651 3967 2781 4028 orbe
2808 3972 3073 4033 docuisse,
3102 3971 3427 4042 inculcasse,
3460 3976 3513 4042 et
3536 3970 3702 4024 innu-

2107 4046 2273 4124 meris
2323 4040 2624 4124 miraculis,
2651 4042 3044 4124 suppliciisque
3091 4041 3300 4124 fortiter
3321 4040 3610 4124 exantlatis
3642 4042 3700 4096 in

2109 4115 2304 4169 animis
2331 4109 2796 4167 innumerabilium
2827 4109 3100 4166 hominum
3138 4110 3505 4165 conﬁrmasse.
3553 4109 3698 4163 Rur-

2109 4200 2225 4239 sum
2264 4184 2513 4239 similiter
2552 4190 2795 4251 apertum
2842 4192 2898 4235 et
2939 4182 3295 4251 indubitatum
3325 4189 3405 4235 est
3429 4179 3696 4251 Spiritum

2110 4262 2353 4309 sanctum
2383 4269 2450 4307 ex
2479 4249 2718 4320 ejusdem
2747 4250 2923 4305 Patris
2950 4266 3014 4305 ac
3041 4252 3200 4305 etiam
3230 4250 3349 4305 Filii
3389 4249 3695 4304 substantia

2112 4324 2425 4393 Deitateque
2447 4325 2513 4376 ab
2527 4330 2743 4393 interno
2770 4322 3084 4393 procedere,
3109 4321 3361 4393 quoniam
3391 4320 3687 4393 scribitur;

2113 4387 2436 4464 Spiritus-qui
2459 4410 2489 4445 a
2516 4392 2672 4464 Patre
2690 4387 2936 4464 procedit.
2971 4389 3072 4464 [tle
3097 4387 3285 4464 (£81390
3307 4391 3544 4464 accipiet.
3559 4387 3697 4464 _Spi-

2112 4457 2239 4517 ritus
2275 4457 2447 4515 Patris
2470 4464 2567 4514 mei
2596 4457 2825 4530 loquetur
2854 4463 2905 4514 in
2937 4460 3076 4515 vobis
3106 4460 3332 4530 Deitate.
3361 4457 3693 4530 Hittet‘Deus

2112 4532 2364 4602 Spiritum
2395 4531 2520 4602 Filii
2551 4532 2629 4585 sui
2657 4527 2710 4585 in
2743 4531 3111 4602 cordairestra,
3148 4540 3241 4583 etc.
3278 4529 3343 4583 Et
3372 4545 3491 4602 cum
3523 4527 3695 4581 Atha-

2110 4597 2263 4672 nasio
2292 4600 2607 4672 proﬁtemur
2632 4616 2855 4655 omnes:
2888 4601 3114 4669 Spiritus
3142 4612 3351 4653 sanctus
3380 4616 3413 4651 a
3446 4597 3604 4672 Patre
3642 4607 3695 4651 et

2109 4670 2252 4727 Filio
2276 4668 2379 4742 rion
2409 4673 2595 4742 factus,
2644 4687 2751 4742 nec;
2764 4668 2983 4732 creatus,
3015 4673 3355 4742 nec‘genitus,
3386 4668 3475 4742 sed
3510 4683 3697 4742 proce-

2112 4743 2257 4795 dens.
2290 4738 2431 4805 ilice,
2456 4740 2692 4810 inquam,
2725 4740 2831 4794 duo
2860 4742 3038 4809 capita
3063 4738 3200 4794 adeo
3228 4754 3297 4793 ex
3324 4738 3617 4810 scripturis
3637 4744 3694 4792 et

506 4806 533 4844 ιι
572 4808 738 4885 Vetus
787 4810 956 4864 codex
1011 4808 1260 4885 afﬁrmat,
1316 4809 1597 4885 abscessit;
1627 4827 1725 4865 nos
1763 4813 2008 4880 exigente
2040 4831 2083 4885 ι)
2110 4811 2365 4885 symbolis
2387 4806 2647 4885 dilucida
2685 4820 2738 4864 et
2761 4818 2905 4885 certa
2926 4806 3068 4874 sunt,
3091 4819 3150 4885 ut
3172 4824 3336 4885 nemo
3357 4806 3693 4862 Christiano-

433 4879 698 4949 sententia
721 4894 987 4948 sensuque
1015 4881 1355 4948 negationem
1383 4880 1692 4949 adjecimus.

510 4947 938 5020 {Certissimum
990 4958 1045 5002 et
1085 4947 1561 5020 elarissrimum'est
1605 4966 1690 5020 ex”
1719 4949 2009 5020 Scripturis

433 5015 663 5086 ﬁdeique
690 5018 966 5072 catholica:
985 5019 1239 5087 symbolis
1266 5019 1455 5074 Filium
1483 5020 1577 5075 Dei
1606 5036 1636 5074 a
1666 5019 1825 5074 Patre
1841 5015 2007 5088 geni-

431 5098 567 5146 tum,
602 5088 949 5154 unigenitum,
981 5098 1035 5142 et
1062 5088 1129 5144 ab
1155 5098 1358 5144 interno
1384 5105 1453 5145 ex
1475 5091 1663 5144 eadem
1710 5092 2005 5145 substantia

430 5172 526 5229 s_eu
546 5156 759 5229 Deitate
788 5165 969 5211 natum
990 5166 1046 5212 et
1064 5159 1167 5214 dici
1187 5168 1242 5214 et
1261 5175 1397 5215 esse.
1428 5160 1801 5229 Scriptumest
1826 5162 1967 5214 enim
1990 5179 2001 5213 :

430 5224 544 5297 Ego
566 5226 715 5309 hodie
745 5229 904 5311 genui.
927 5236 990 5281 te.
1022 5229 1153 5283 Ante
1179 5229 1447 5301 luciferum
1470 5224 1635 5351 ὅεῇΠί
1660 5239 1724 5282 te.
1754 5229 2006 5300 Unigeni-

432 5307 530 5351 tus.
563 5313 647 5351 aut
677 5307 754 5351 est
778 5315 831 5351 ιη
859 5314 975 5351 smu
1005 5298 1202 5351 Patris.
1225 5310 1321 5351 etc.
1352 5298 1442 5351 Sic
1520 5316 1610 5351 eus
1632 5299 1812 5351 dilexit
1851 5317 2003 5351 mun-

432 5307 530 5369 tus,
563 5299 648 5369 qui
677 5298 759 5369 es!
778 5300 831 5369 in
859 5299 975 5352 sinu
1005 5298 1202 5364 Patris,
1225 5298 1321 5353 etc.
1352 5298 1442 5354 Sic
1470 5298 1610 5353 Deus
1632 5299 1812 5369 dilexit
1851 5298 2003 5353 mun-

431 5366 585 5440 dum,
608 5377 664 5421 ut
701 5366 893 5423 Filium
923 5385 1068 5440 suum
1091 5371 1409 5440 unigenitum
1437 5369 1601 5440 daret.
1631 5368 1829 5423 Filium
1857 5387 2004 5440 suum

429 5439 747 5509 unigenitum
794 5440 933 5493 misit
959 5438 1099 5493 Deus
1125 5437 1476 5509 iri—mundum.
1512 5437 1820 5509 Passimque
1864 5439 2005 5495 Deus

429 5502 589 5579 Pater
617 5508 683 5564 de
711 5511 848 5563 creto
870 5518 1204 5579 contestatur
1231 5508 1500 5579 Christum
1527 5507 1707 5563 Jesum
1734 5502 1850 5565 esse
1877 5526 2007 5579 prae-

428 5576 682 5647 dilecunn
727 5580 826 5632 sibi
880 5578 1090 5638 Filium,
1124 5578 1532 5647 haudquaquam
1579 5576 1918 5647 adoptivum;
1951 5588 2006 5633 et

428 5646 659 5700 vicissim
705 5648 862 5702 Jesus
910 5648 1084 5716 palam
1127 5646 1563 5718 conﬁdenterque
1594 5646 1739 5718 illum
1789 5648 2002 5718 Patrem

429 5729 584 5769 suum
633 5720 896 5782 appellat;
930 5717 1205 5782 apostolos
1233 5716 1649 5789 denique—istud
1695 5717 1813 5774 fidei
1851 5717 2004 5773 Chri-

2109 4878 2228 4934 rum
2251 4882 2317 4935 de
2347 4880 2428 4934 his
2456 4880 2750 4934 addubitet.
2775 4879 2880 4935 Sed
2907 4896 3073 4949 quare
3094 4878 3324 4949 Spiritus
3343 4886 3561 4949 sanctus
3581 4892 3690 4949 non

2108 4952 2279 5019 possit
2300 4949 2402 5003 dici
2431 4952 2708 5021 amborum
2738 4947 3063 5015 Filius—cum
3081 4947 3147 5001 ex
3177 4949 3368 5021 horum
3389 4947 3689 5021 substantia

2109 5017 2406 5091 naturaque
2434 5017 2667 5091 vere'sit,
2699 5035 2865 5089 quare
2913 5034 3029 5091 non,
3046 5033 3198 5091 :1:le
3226 5017 3433 5091 dicatur
3476 5017 3690 5091 genitus

2108 5098 2270 5160 atque
2300 5087 2615 5159 procedens,
2648 5087 2985 5160 (et—quantum
3020 5087 3227 5160 intersit
3275 5090 3415 5143 inter
3438 5087 3590 5160 nasci
3638 5094 3693 5140 et

2108 5157 2416 5228 procedere,
2453 5174 2558 5213 non
2590 5160 2660 5212 ita
2708 5157 2982 5212 deﬁnitum
3013 5166 3101 5211 aut
3149 5157 3351 5213 clarum
3374 5164 3475 5211 est.
3524 5157 3694 5228 Arno-

2107 5227 2226 5284 bius
2251 5239 2395 5285 certe
2425 5229 2510 5282 hic
2539 5229 2839 5284 orthodoxe
2881 5229 3083 5291 scribit,
3115 5228 3258 5281 aliud
3302 5244 3415 5281 esse
3448 5227 3593 5279 nasci
3641 5232 3690 5278 et

2108 5300 2252 5353 aliud
2298 5299 2586 5370 procedere,
2638 5307 2692 5353 et
2727 5300 2985 5370 c_ontinuo
3010 5309 3137 5370 post
3156 5298 3412 5366 Spiritum
3442 5304 3686 5351 sanctum

2106 5367 2363 5438 tanquam
2406 5368 2622 5422 ﬂuvium
2652 5383 2719 5421 ex
2744 5367 2900 5422 Patre
2926 5376 2981 5421 et
3009 5367 3146 5421 Filio
3176 5376 3429 5436 tanquam
3459 5382 3526 5419 ex
3544 5380 3683 5438 vena

2109 5435 2359 5508 i‘ontbque
2381 5439 2690 5507 procedere.
2716 5454 2821 5491 non
2842 5438 3017 5502 nasci;
3043 5453 3228 5508 verum
3249 5435 3506 5507 quantum
3528 5435 3690 5489 distet

2107 5509 2207 5562 ista
2239 5507 2510 5576 processio
2532 5523 2561 5559 a
2593 5508 2868 5560 nativitate
2889 5522 2995 5577 non
3018 5507 3266 5577 explicat.

2180 5574 2365 5632 Patres
2410 5578 2717 5631 scholastici
2770 5575 2969 5646 aliquid
3012 5574 3104 5631 ex'
3134 5576 3428 5644 Augustino
3458 5574 3689 5646 aﬂ'erunt

2110 5646 2245 5718 (Lib.
2276 5664 2341 5701 xv
2369 5648 2431 5700 de
2462 5647 2670 5711 Trinit.,
2715 5663 2759 5699 c.
2810 5643 2922 5718 ἐξ),
2954 5643 3236 5709 nimirum,
3256 5654 3538 5718 propterea
3570 5643 3689 5718 Spi-

2109 5713 2269 5772 ritum
2298 5727 2538 5771 sauctum
2564 5733 2668 5771 non
2699 5732 2818 5772 esse
2841 5716 3049 5781 Filium,
3066 5713 3540 5787 «neque—genituri),
3563 5713 3686 5784 quia
