3866 6178
220 301 309 363 505

942 292 1361 354 CONFLICTUS
1398 290 1487 348 DE
1527 290 1660 345 DEO
1699 284 1776 344 ΤΗ

1888 290 1914 343 )’
1942 286 2035 344 ΕΤ
2073 284 2226 356 UNO,
2267 290 2415 348 ETC.
2458 288 2586 357 LIB,
2627 290 2690 346 11.

3345 294 3450 351 506

225 411 562 471 vuiﬂcandum
593 410 844 482 pertinet,
869 419 924 466 et
948 411 1014 465 ad
1045 408 1382 473 medendum,
1414 417 1468 461 et
1497 406 1561 460 ad
1584 405 1766 459 lavan-
1796 405 1842 462 A
1871 399 2070 457 hiberis
2100 405 2387 472 inquirere,
2414 412 2617 473 quanto
2642 402 2761 473 plus
2788 406 3074 472 quaerendo
3095 407 3271 476 potius
3292 424 3451 477 quam

225 503 503 570 dum,unius
531 503 875 572 ejusdemque
895 500 1207 556 substantia:
1235 506 1319 553 est
1340 517 1352 550 :
1376 498 1469 552 sed
1492 496 1770 566 tripartitm

223 609 448 668 personae,
481 602 541 648 ut
568 594 638 646 sit
665 608 799 646 vena
845 590 1003 645 Pater
1047 605 1309 659 generans
1354 588 1561 651 Filium,
1612 602 1770 658 quem

224 686 421 740 diximus
453 682 655 738 fontem
691 702 702 735 :
726 698 793 737 ex
818 698 952 735 vena
980 698 1109 735 vero
1138 690 1193 735 et
1218 680 1364 735 fonte
1393 695 1497 733 non
1527 694 1768 744 nascens,

224 777 302 832 sed
326 774 613 847 procedens
638 773 829 827 ﬂuvius
857 774 925 827 sit
950 772 1182 842 Spiritus
1212 780 1446 826 sanctus.
1471 770 1657 839 Sitque
1687 785 1775 823 se-

223 884 327 925 cum
352 882 585 922 connexa
614 880 860 936 pergens,
885 873 944 919 ut
970 880 1135 918 unum
1163 865 1270 919 s'int
1300 872 1424 929 tres,
1457 871 1512 917 et
1540 863 1617 916 sic
1646 861 1774 915 v'ere

222 970 332 1022 tres,
358 965 411 1012 ut
437 960 567 1012 vere
594 972 761 1012 unum
789 957 915 1010 sint.
943 966 965 992 α
997 954 1162 1010 Filius
1190 969 1318 1023 ergo
1342 954 1479 1009 idem
1510 953 1626 1008 fons
1653 954 1775 1007 vitm

221 1042 358 1106 simul
385 1065 504 1105 cum
527 1048 689 1103 ﬂuvio
710 1048 899 1103 eodem
921 1046 1121 1116 Spiritu
1151 1055 1338 1101 sancto
1359 1045 1686 1115 procedente
1708 1059 1776 1099 ex

222 1140 361 1196 Patre
380 1149 438 1195 et
481 1140 637 1204 Filio,
677 1140 871 1194 circuit
907 1138 1153 1193 universa
1191 1138 1336 1192 orbis
1385 1147 1539 1191 terrae
1581 1136 1771 1205 spatia,

216 1234 434 1290 sitientes
460 1239 673 1301 potans,
718 1230 992 1284 ariditates
1020 1229 1536 1294 inlundens,-terras
1574 1228 1772 1297 rigans,

216 1323 384 1379 sordes
423 1322 655 1386 diluens,
697 1320 980 1385 ﬂibricans,
1022 1320 1275 1386 solidans,
1309 1320 1651 1388 omniumque
1679 1319 1778 1374 bo-

217 1416 414 1476 minum,
448 1416 646 1478 avium,
680 1412 959 1482 pecudum,
984 1412 1301 1481 repentium,
1328 1412 1553 1482 piscium
1580 1426 1778 1480 genera

219 1504 512 1560 viviﬁcanth
557 1512 864 1560 sustentans
913 1522 925 1557 :
985 1520 1085 1559 nec
1138 1512 1220 1558 est
1260 1505 1480 1559 omnino
1528 1506 1774 1575 cuiquam

220 1595 332 1659 vita,
360 1595 460 1649 nisi
484 1595 569 1648 his
598 1594 790 1665 quibus
818 1592 937 1648 fons
964 1600 1017 1648 et
1045 1594 1237 1647 ﬂuvius
1265 1608 1332 1648 ex
1351 1609 1487 1648 vena
1526 1593 1688 1649 fontis
1709 1610 1776 1650 ex

223 1688 371 1757 ipsius
405 1687 613 1755 gremio
638 1686 934 1757 procedens
971 1685 1350 1743 circumeundo
1378 1685 1566 1740 sordes
1612 1685 1773 1752 lavet,

1871 494 2139 549 credendo
2159 495 2460 563 pervenire.
2486 494 2552 547 Et
2573 495 2616 548 si
2638 509 2787 550 venas
2808 495 2965 564 hujus
2985 496 3209 552 subdite
3231 498 3455 568 pedibus

1872 589 1977 639 tuis
2006 586 2213 639 initium
2238 586 2477 641 invenire
2509 602 2613 640 non
2642 587 2918 656 pnevales,
2951 588 3222 656 quomodo
3252 590 3455 658 poteris

1872 675 2046 731 Patris
2075 677 2282 731 initium
2330 678 2600 746 reperire?
2649 676 2822 733 Patris
2852 693 2977 733 vero
3000 678 3044 734 si
3063 677 3329 733 inveneris
3352 679 3465 733 ini-'

1873 765 2026 831 tium,
2080 766 2318 821 invenies
2359 774 2412 820 et
2460 766 2597 821 Filii.
2650 766 2705 820 Si
2761 768 2903 822 enim
2943 769 3211 824 inveneris
3238 770 3455 840 quando

1874 857 2036 926 cmpit
2063 872 2198 911 vena
2226 872 2466 921 manare,
2498 858 2738 913 invenies
2766 867 2821 913 et
2848 860 3060 928 quando
3084 876 3149 915 ex
3185 861 3298 931 ipsa
3319 877 3454 919 vena

1872 958 2030 1004 natus
2058 950 2127 1003 sit
2153 947 2303 1012 fons;
2337 948 2576 1004 invenies
2598 950 2759 1004 etiam
2794 951 3009 1019 quando
3038 967 3103 1006 ex
3132 967 3269 1006 vena
3293 952 3459 1009 fontis

1873 1038 2066 1093 ﬂuvius
2085 1038 2381 1108 procedere
2410 1040 2653 1108 eruperit.
2679 1040 2783 1095 Sed
2804 1041 2941 1096 sicut
2963 1058 3066 1096 non
3096 1043 3353 1112 prtevales
3390 1045 3458 1099 ad

1850 1148 2025 1187 'venaa
2065 1131 2348 1201 pervenire
2392 1132 2736 1201 principium,
2794 1134 3145 1201 quomodoin
3198 1137 3458 1206 principio

1870 1223 1981 1291 jam
2030 1229 2143 1275 erat
2171 1237 2325 1288 vena,
2374 1222 2428 1275 in
2455 1237 2561 1291 qua
2591 1231 2709 1277 erat
2737 1221 2873 1286 fons.
2906 1233 2962 1278 et
2993 1224 3109 1279 fons
3150 1237 3267 1280 erat
3315 1226 3459 1296 apud

1874 1330 2085 1397 venam,
2116 1322 2170 1370 et
2190 1330 2326 1370 vena
2356 1323 2472 1369 erat
2500 1313 2661 1370 Pater
2681 1316 2816 1385 ejus,
2849 1318 2940 1386 qui
2965 1326 3081 1372 erat
3108 1319 3162 1372 in
3204 1320 3459 1390 principio

1877 1404 2015 1475 apud
2042 1403 2209 1459 Deum
2236 1403 2474 1476 (JoanJ,
2508 1405 2583 1474 1).
2633 1405 2865 1461 Verbum
2913 1409 3112 1479 quippe
3158 1407 3330 1464 Patris
3378 1418 3462 1465 est

1878 1496 2014 1563 fons,
2045 1498 2135 1567 qui
2163 1506 2248 1554 est
2287 1514 2438 1553 vena:
2467 1498 2653 1565 Filius,
2696 1499 2816 1555 fons
2837 1502 2979 1562 vitm,
3003 1502 3276 1570 quomodo
3310 1503 3459 1557 Pisa]-

1878 1588 2035 1642 mista
2062 1588 2206 1643 canit
2234 1588 2301 1642 ad
2327 1604 2520 1643 venam
2540 1588 2722 1645 dicens
2758 1609 2770 1643 :
2805 1588 2830 1627 ά
2868 1588 3123 1655 Quoniam
3152 1593 3291 1661 apud
3314 1602 3358 1646 te
3386 1603 3460 1646 est

1876 1681 1996 1752 fons
2023 1682 2140 1735 vim:
2169 1680 2339 1753 (Psal.
2367 1697 2528 1744 xxxv,
2562 1681 2673 1753 10).
2715 1682 2931 1741 Fluvius
2976 1693 3155 1739 autem
3196 1701 3264 1739 ex
3312 1684 3461 1741 fonte

218 1778 474 1833 ariditates
522 1776 782 1840 infundat,
825 1777 1067 1832 sitientes
1107 1786 1278 1847 potet,
1308 1785 1595 1833 aestuantes
1622 1776 1776 1832 refri-
1808 1763 1852 1822 Β
1878 1773 2194 1842 procedens,
2208 1788 2416 1829 exvena
2434 1781 2560 1830 tunc
2583 1777 2746 1845 coepit
2768 1777 3077 1847 procedere,
3095 1778 3307 1847 quando
3326 1795 3459 1833 vena

215 1875 369 1935 geret,
397 1866 730 1935 angustiatos
768 1874 993 1932 recreet,
1039 1866 1336 1934 hominum,
1380 1867 1578 1939 avium,
1606 1882 1776 1937 pecu-

212 1960 343 2022 dum,
366 1957 639 2028 reptilium
667 1965 721 2011 et
741 1957 966 2026 piscium
987 1957 1360 2025 generationes
1379 1958 1655 2013 universas
1678 1974 1778 2014 suo

214 2051 391 2105 haustu
417 2056 702 2105 sustentet.
725 2047 874 2102 Vena
903 2055 1078 2102 autem
1102 2064 1368 2118 nunquam
1392 2050 1592 2117 patitur
1618 2048 1780 2103 fontis

207 2156 271 2195 ex
296 2155 350 2195 se
375 2148 503 2195 ante
526 2138 817 2199 nascentis,
849 2136 993 2192 ﬂuvii
1022 2153 1088 2193 ex
1114 2154 1173 2193 se
1199 2147 1254 2193 et
1272 2137 1419 2193 fonte
1440 2140 1781 2209 procedentis

211 2209 516 2286 absentiam.
550 2229 577 2268 δ
610 2228 762 2296 Quod
791 2229 837 2282 si
877 2229 1199 2283 elementum
1227 2244 1377 2299 aqua:
1406 2230 1649 2284 servituti
1668 2232 1780 2285 'no‘-

208 2332 327 2377 strze
363 2321 668 2391 subjectum
706 2320 845 2375 hanc
872 2321 1104 2391 probant
1147 2320 1349 2377 habere
1391 2322 1705 2391 potentiam,
1723 2332 1783 2377 ut

211 2416 398 2472 vadens
416 2432 582 2472 cursu
602 2415 939 2485 rapidissimo
972 2429 1071 2484 per
1096 2422 1323 2480 montes,
1347 2431 1445 2486 per
1470 2416 1657 2482 colles,
1684 2433 1784 2486 per

209 2509 473 2564 cuniculos
502 2508 961 2578 aquaeductorum,
992 2514 1047 2562 et
1077 2505 1298 2574 fistulas,
1340 2515 1520 2563 tamen
1549 2508 1617 2564 de
1660 2510 1783 2564 sinu

211 2614 348 2655 vena:
386 2617 499 2655 non
529 2599 858 2655 discedendo
890 2599 1228 2663 circumﬂuit,
1259 2600 1355 2654 sed
1379 2600 1574 2655 ibidem
1607 2611 1630 2641 ε
1654 2617 1779 2672 per-

210 2694 463 2750 manendo
503 2692 788 2755 discurrit;
829 2699 1030 2763 quanto
1058 2694 1227 2761 magis
1268 2692 1434 2748 Filius
1470 2701 1527 2748 et
1552 2692 1783 2765 Spiritus

205 2792 409 2840 sanctus
435 2785 509 2840 de
539 2784 633 2838 illo
678 2784 883 2852 gremio
928 2781 1222 2853 maiestatis
1267 2798 1539 2854 nunquam
1570 2785 1784 2855 penitus

207 2876 569 2939 abscedentes,
592 2875 936 2946 inseparabili
964 2885 1020 2930 et
1049 2876 1253 2945 integra
1283 2874 1545 2932 Trinitate
1582 2878 1780 2948 perdu-

209 2975 318 3019 rant
343 2967 395 3020 in
425 2968 641 3021 unitate
668 2967 997 3028 substantiae,
1030 2967 1083 3021 iu
1117 2966 1378 3022 Trinitate
1407 2983 1671 3037 personae.

270 3056 430 3114 XXV.
454 3090 537 3102 --
560 3057 877 3127 Volentibus
898 3066 1075 3113 autem
1097 3057 1253 3128 hujus
1281 3068 1478 3114 sancta:
1508 3060 1783 3116 Trinitatis

1881 1866 2160 1920 eructabat
2188 1863 2411 1920 fontem.
2442 1865 2531 1922 Sic
2573 1868 2716 1922 enim
2752 1869 2943 1936 legitur
2985 1868 3194 1923 Patrem
3225 1870 3454 1925 dixisse:

1882 1953 2147 2009 Eructavit
2185 1972 2274 2010 cor
2314 1973 2481 2011 meum
2526 1956 2748 2012 Verbum
2788 1960 2971 2013 bonum
3006 1960 3175 2028 (Psat.
3208 1978 3348 2026 κων,
3380 1964 3455 2030 2).

1882 2044 1987 2100 Sed
2015 2046 2153 2101 sicut
2180 2062 2286 2100 non
2318 2047 2558 2102 invenies
2586 2063 2732 2103 venre
2754 2050 2983 2114 initium,
3016 2051 3089 2105 ita
3118 2036 3333 2120 quoque
3361 2067 3461 2108 nec

1882 2136 2077 2202 fontis;
2109 2146 2163 2191 et
2181 2137 2319 2192 sicut
2346 2153 2452 2192 non
2476 2139 2714 2194 invenies
2740 2140 2948 2194 initium
2972 2156 3121 2195 vente
3150 2157 3249 2196 nec
3275 2141 3457 2206 fontis,

1883 2229 1955 2282 ita
1987 2244 2085 2284 nec
2113 2229 2352 2283 invenies
2382 2228 2631 2284 ﬂuminis.
2682 2228 2765 2283 Ut-
2779 2231 2937 2285 simul
2978 2245 3106 2299 ergo
3135 2247 3270 2285 vena
3309 2247 3458 2287 ema-

1884 2338 2038 2387 nans,
2086 2330 2141 2376 et
2168 2319 2305 2383 fons,
2335 2319 2655 2390 ﬂuviusque,
2678 2322 2751 2376 ita
2780 2322 2938 2377 simul
2978 2320 3156 2387 Pater,
3189 2332 3244 2377 et
3271 2323 3458 2388 Filius,

1881 2431 1936 2478 et
1956 2422 2185 2493 Spiritus
2204 2433 2419 2479 sanctus
2451 2442 2465 2477 :
2496 2432 2552 2479 et
2578 2434 2837 2495 quantum
2862 2425 3093 2494 dignitas
3119 2424 3394 2481 Creatoris
3430 2438 3463 2483 a

1882 2534 2147 2589 creatura,
2175 2532 2385 2580 tantum
2411 2526 2575 2580 distat
2597 2528 2934 2596 comparatio
2953 2535 3212 2583 creatura:
3233 2543 3265 2582 a
3296 2526 3464 2582 Crea-

1882 2631 2019 2681 tore.
2052 2623 2322 2692 Quantum
2348 2641 2477 2680 vero
2498 2627 2738 2695 potueris
2782 2627 2982 2695 aliquid
3029 2625 3219 2682 melius
3264 2627 3467 2684 sentire

1882 2735 1938 2782 et
1963 2727 2163 2792 dicere,
2186 2742 2254 2782 eo
2282 2727 2511 2797 amplius
2541 2728 2860 2791 remanebit,
2881 2728 2973 2782 ubi
2999 2729 3191 2784 melius
3224 2729 3393 2798 possit
3413 2736 3468 2784 et

1880 2828 2061 2883 verius
2084 2827 2341 2883 Divinitas
2355 2829 2520 2884 credi.
2537 2814 2702 2895 Bene,
2726 2838 2784 2885 ut
2803 2829 3002 2885 dictum
3015 2838 3114 2895 est,
3138 2847 3244 2886 non
3266 2831 3467 2886 dictum

1882 2928 2074 2983 melius
2093 2927 2347 2992 excludit,
2371 2928 2465 2983 sed
2487 2937 2673 2995 ornat;
2700 2930 2839 2983 male
2862 2937 3039 2985 autem
3062 2932 3259 2986 dictum
3277 2947 3306 2985 a
3334 2932 3467 2986 bene

1883 3030 2027 3087 dicto
2056 3030 2364 3086 eliminatur
2382 3037 2438 3083 et
2466 3031 2699 3099 pellitur.
2732 3029 2858 3084 Ideo
2895 3031 3119 3086 meliora
3169 3031 3469 3086 dicentibus

208 3146 465 3215 inquirere
523 3147 859 3216 majestatem
915 3153 968 3200 et
1022 3148 1300 3216 originem,
1358 3150 1593 3204 occurrit
1643 3165 1780 3204 vena
1806 3130 1851 3191 (ἶ
1885 3145 2042 3185 aures
2070 3146 2282 3200 semper
2308 3139 2514 3201 Patere,
2560 3139 2615 3184 θῑ
2653 3130 2922 3185 “millibus
2942 3130 3214 3199 Sapientia
3246 3132 3467 3201 ίπιβθτθι

205 3233 354 3292 fontis
382 3255 396 3290 :
428 3238 547 3295 fodi
573 3245 830 3306 quantum
850 3244 1024 3307 potes,
1058 3253 1324 3308 nunquam
1345 3239 1548 3307 poteris
1569 3239 1634 3293 ad
1665 3238 1781 3309 ejus

207 3328 400 3382 initium
469 3328 779 3399 pervenire.
831 3326 1073 3383 Occurrit
1119 3329 1210 3383 tibi
1269 3328 1572 3386 afﬂuentior
1622 3347 1776 3397 vena,

204 3420 449 3490 quidquid
498 3419 767 3491 pulsando
812 3421 1105 3489 quaesieris,
1137 3430 1192 3476 et
1219 3436 1284 3477 co
1313 3424 1481 3490 magis
1509 3424 1782 3493 pluspro-

1886 3228 2069 3283 dicens
2102 3246 2114 3281 :
2146 3228 2309 3298 Aperi
2356 3244 2540 3283 aurem
2571 3228 2716 3280 tuam
2757 3229 2922 3283 verbo
2944 3229 3203 3292 veritatis,
3237 3237 3293 3283 et
3318 3226 3467 3284 ﬁrma

1887 3343 1982 3382 cor
2004 3336 2149 3382 tuum
2180 3328 2232 3382 in
2259 3328 2595 3383 sermonibus
2617 3327 2775 3397 justis
2799 3327 2977 3398 (Prov.
3006 3329 3256 3397 xxu,i7).

1957 3427 2145 3482 XXVI.
2167 3456 2240 3466 ——
2258 3428 2565 3484 Cavendum
2587 3437 2669 3484 est
2689 3444 2820 3484 sane
2843 3440 2866 3466 °
2895 3445 2963 3484 ne
2983 3429 3231 3484 scelerati
3250 3428 3467 3485 Sabeliii

1375 3536 1484 3590 FB.
1526 3534 2012 3594 FEU-ARDENTII
2048 3538 2276 3594 NOTIE.

207 3621 332 3695 ﬁlius
360 3640 469 3680 non
497 3626 645 3682 solet
666 3625 958 3695 procedere
980 3642 1011 3680 a
1038 3626 1267 3692 duobus,
1298 3627 1402 3681 nisi
1431 3644 1617 3682 eorum
1644 3629 1783 3684 alter

208 3694 269 3746 sit
292 3704 465 3763 pater,
503 3705 564 3751 et
592 3694 729 3749 alter
751 3704 941 3768 mater,
970 3712 1077 3766 quo
1099 3696 1489 3768 modocertum
1519 3707 1599 3752 est
1621 3697 1786 3768 Spiri-

209 3770 308 3835 tum
336 3776 589 3820 sanctum
612 3781 720 3820 non
747 3765 1058 3834 procedere,
1082 3774 1243 3835 atque
1267 3766 1466 3821 idcirco
1490 3784 1596 3823 non
1615 3765 1777 3824 nasci.
1821 3832 1824 3835 _

204 3831 502 3910 iterumque
524 3851 595 3889 ex
610 3831 814 3910 eodem
844 3835 1124 3903 Augustin.
1149 3831 1285 3907 (Lib.
1312 3838 1375 3890 de
1400 3836 1545 3891 Eccl.
1578 3840 1779 3910 dogm.,

206 3919 245 3954 τ.
276 3902 324 3965 il
356 3902 584 3978 tra_dunt
607 3904 865 3978 Spiritum
893 3902 1138 3978 sanctum
1158 3902 1265 3960 non
1290 3922 1407 3961 esse
1431 3902 1783 3978 natum.quia

201 3985 300 4025 non
321 3975 458 4058 estﬁF
464 3977 626 4058 ilius;
652 3990 825 4056 neque
854 3976 1169 4058 ingenitum,
1200 3978 1323 4058 quia
1355 3993 1459 4030 non
1489 3987 1569 4058 est
1593 3975 1779 4058 Part—cr;

204 4056 371 4112 neque
400 4044 631 4109 factum,
677 4046 798 4113 quia
831 4061 936 4100 non
985 4054 1066 4099 est
1095 4060 1160 4098 ex
1184 4044 1388 4099 nihilo:
1422 4047 1514 4100 sed
1564 4064 1631 4102 ex
1670 4048 1783 4102 Deo

206 4108 352 4167 Patre
380 4127 436 4169 et
460 4116 579 4169 Deo
603 4114 740 4168 Filio
760 4114 902 4185 pens
931 4114 1247 4183 procedens.
1278 4114 1550 4185 Colliguut
1571 4133 1781 4171 rursum

202 4194 263 4255 ex
281 4185 469 4255 eodem
486 4183 876 4255 d9ctore,Filii
894 4186 1294 4252 generationem
1314 4183 1439 4241 esse
1448 4202 1545 4255 per
1564 4187 1783 4241 modum

206 4250 500 4326 intellectus
529 4253 707 4326 Patris
730 4250 959 4326 fecundi,
990 4254 1220 4324 ideoque
1247 4250 1464 4326 proprie
1486 4257 1782 4311 naturalem

204 4324 533 4395 nativitatem
565 4325 701 4389 dici;
726 4324 955 4393 Spiritus
977 4340 1106 4378 vero
1126 4324 1522 4394 processiouem
1551 4343 1646 4395 per
1665 4344 1784 4380 mo-

201 4389 315 4444 dum
360 4394 666 4449 voluntatis
712 4389 1011 4465 et'amoris,
1038 4410 1101 4449 ac
1127 4389 1329 4451 idcirco
1350 4389 1697 4465 spirationem
1727 4407 1783 4451 et

203 4464 600 4536 processjoueui
631 4464 847 4533 proprie
888 4465 1164 4533 appellari.
1197 4467 1285 4536 Ait
1325 4464 1555 4536 namque
1604 4467 1789 4534 Augu-

202 4529 315 4583 stin.
342 4549 356 4584 :
390 4529 858 4608 Spiritus—sanctus
885 4529 1117 4608 procedit
1137 4535 1369 4608 a_Patre,
1406 4529 1509 4608 non
1529 4529 1780 4608 quomodo

203 4602 485 4673 natumsed
516 4603 772 4673 quomodo
802 4604 975 4670 datus,
1024 4607 1099 4658 vel
1145 4606 1368 4671 donum;
1412 4602 1578 4660 Filius
1612 4617 1779 4660 autem

204 4651 734 4754 ηνεςέξιξῖιῖαξὲὲᾑᾶὸξ
747 4651 1438 4754 ἓτὲὶξὶῖῥωὶἷὶυὲ(ξίὲὄζ’ν’ἀὲ
1456 4651 1779 4754 Ῠὲἲῆᾀῖξξῇῖ
1813 4651 1862 4711 Ι)

203 4735 466 4817 Adjiciunt
493 4735 733 4812 denique
753 4735 1149 4817 cordusi'oneur
1178 4735 1426 4817 futuram
1457 4747 1509 4799 in
1557 4735 1785 4802 sanctis,-

203 4812 322 4862 sima
360 4812 1032 4880 personarutmTrinitate,
1057 4815 1100 4867 si
1123 4816 1229 4869 duo
1257 4815 1348 4869 lilii
1378 4815 1701 4877 dicerentur,
1729 4825 1784 4869 et

204 4890 300 4939 non
328 4876 645 4955 unigenitus
660 4876 927 4955 solusque
949 4876 1113 4938 Filius
1138 4903 1149 4937 :
1175 4884 1429 4954 Spiritum
1466 4887 1646 4955 itaque
1673 4876 1781 4940 non

202 4950 499 5024 oportuisse
523 4953 693 5024 gigni,
710 4954 821 5024 sed
840 4950 1034 5021 spirari
1064 4950 1227 5024 atque
1254 4950 1564 5023 procedere;

237 5016 385 5095 .lkec
416 5020 495 5095 illi
523 5016 608 5089 pie
630 5023 846 5092 quidem
872 5016 940 5095 ac
965 5016 1192 5095 erudite,
1217 5016 1400 5078 verum
1431 5026 1667 5095 omnium
1696 5042 1782 5080 sa-

205 5089 853 5163 pientissimetqnautum
900 5092 1104 5159 judico,
1163 5095 1485 5148 Athanasius
1540 5094 1778 5163 Magnus,

202 5158 415 5235 epistola
447 5160 520 5235 ad
549 5158 919 5235 Serapionem,
943 5173 997 5216 et
1026 5166 1338 5218 Ambrosius
1358 5164 1494 5235 libro
1520 5158 1782 5232 primo-de

204 5225 319 5302 fide2
366 5231 551 5299 capite
589 5225 798 5299 quinto,
842 5234 1035 5302 aliique
1058 5244 1265 5288 veteres
1289 5225 1783 5302 thenlngiingenue

202 5298 417 5364 professi
442 5298 579 5354 Sunt
610 5298 668 5356 se
699 5298 1001 5367 huiusmodi
1027 5306 1424 5358 emanatiounui
1466 5298 1771 5359 distantiam

203 5369 571 5442 rationemque
600 5388 701 5427 nec
728 5374 884 5442 plane
904 5388 1114 5442 capere,
1143 5389 1241 5428 nec
1287 5375 1404 5427 aliis
1433 5374 1658 5428 dicendo
1687 5393 1777 5430 ex-

203 5436 394 5516 plicare
424 5436 619 5516 posse;
643 5436 825 5512 sicqiie
847 5436 1004 5516 hujus
1026 5444 1284 5516 mysterii,
1319 5452 1375 5497 ut
1404 5453 1454 5497 et
1486 5445 1772 5516 multorum

200 5506 441 5583 aliorum,
471 5506 763 5583 perfeCtam
794 5506 1035 5583 notitiam
1079 5506 1337 5583 tantisper
1360 5515 1773 5582 exspectandam

200 5589 329 5640 esse,
360 5580 545 5633 «luuec
571 5581 620 5634 in
644 5583 751 5636 alio
778 5582 971 5637 saeculo
1001 5580 1272 5637 videamus
1319 5580 1487 5638 Deum
1532 5585 1667 5640 facie
1710 5586 1775 5639 ad

201 5644 560 5722 facicmsicuti
582 5660 679 5705 est.
700 5651 985 5722 Esquibus
1004 5652 1359 5722 Damascenus
1387 5661 1531 5708 recte
1554 5656 1772 5709 conclu-

201 5715 270 5767 dit
293 5717 431 5784 (Lib.
469 5721 708 5775 torthod.
745 5715 890 5785 Fid,
916 5739 1028 5791 cap.
1053 5721 1108 5791 ἓ)
1139 5741 1148 5773 :
1185 5722 1439 5787 Quoniam
1467 5725 1667 5795 quidem
1698 5734 1771 5779 cst

1885 3631 2176 3700 cli/ferentia
2197 3634 2543 3704 generationis
2571 3642 2621 3686 et
2639 3633 2981 3703 processiouis
3009 3632 3314 3704 didicimus;
3355 3635 3468 3704 quis

1884 3718 2001 3756 vero
2027 3704 2095 3756 sit
2112 3700 2304 3775 modus
2335 3704 2486 3774 hujus
2508 3700 2833 3772 di/j‘erentite,
2858 3718 3198 3775 nequaquam.
3225 3700 3468 3765 Quamris

1885 3781 2057 3845 autem
2102 3774 2203 3826 ista
2230 3775 2518 3845 intelligere
2569 3789 2990 3845 nonpossumus,
3024 3783 3192 3845 tamen
3235 3775 3309 3827 ita
3334 3790 3469 3845 esse

1884 3844 2137 3896 ueraciter
2156 3842 2457 3913 conﬁtemur
2480 3852 2530 3897 et
2555 3842 2824 3896 credimus.
2871 3842 2935 3895 Et
2966 3843 3291 3910 Augustinus
3318 3843 3384 3898 de
3414 3861 3470 3896 re

1887 3926 1993 3964 non
2023 3912 2286 3967 absimili:
2308 3912 2407 3976 Qui
2436 3923 2603 3982 potest
2622 3929 2805 3982 cupere
2833 3913 3147 3983 capiat;qu
3176 3924 3345 3983 autem
3366 3930 3469 3967 non

1886 3989 2068 4050 potest,
2100 3983 2278 4054 credat
2303 3993 2351 4035 et
2372 3992 2500 4054 oret,
2519 3992 2575 4036 ut
2594 3982 2729 4054 quod
2758 3982 2938 4049 credit,
2968 3982 3222 4054 intelligat
3245 3982 3379 4054 (Lib.
3413 4001 3482 4037 ut-

1889 4060 2077 4122 contra
2102 4050 2333 4122 Manim.
2354 4053 2472 4116 Ar.,
2503 4050 2617 4122 cap.
2652 4052 2761 4120 10).

1961 4129 1986 4156 ⁸
2025 4118 2173 4174 Sicut
2196 4121 2282 4175 hic
2311 4118 2576 4176 Arnobius
2597 4118 3001 4189 comparatione
3028 4136 3194 4186 venm,
3228 4119 3388 4176 fontis
3416 4133 3471 4176 et

1887 4186 2054 4253 ﬂuvii,
2087 4190 2280 4259 quibus
2300 4191 2484 4244 eadem
2508 4192 2645 4245 inest
2672 4186 2824 4259 aqua:
2851 4190 3163 4255 substantia,
3196 4191 3471 4248 Trinitatis

1886 4260 2198 4328 mysterium
2245 4260 2556 4323 adumbrat;
2613 4260 2691 4313 sic
2734 4266 2788 4312 et
2837 4268 2962 4312 ante
2991 4276 3110 4313 eum
3140 4260 3466 4328 Augustinus

1886 4331 2035 4394 solis,
2065 4330 2362 4396 splendoris
2382 4338 2436 4382 et
2458 4328 2682 4392 caloris;
2713 4328 2906 4382 deinde
2933 4330 3085 4395 ignis,
3132 4330 3262 4385 lucis
3287 4340 3339 4383 et
3358 4331 3468 4384 fer-

1885 4400 2031 4452 voris
2059 4400 2492 4455 similitudinibus
2521 4400 2661 4453 idem
2693 4398 2893 4454 fecerat
2926 4396 3061 4466 (Lib.
3088 4416 3102 4453 l
3126 4411 3302 4455 contra
3350 4402 3471 4457 Μα-

1880 4470 2032 4532 xim.,
2056 4478 2104 4522 et
2126 4487 2279 4524 serm.
2306 4469 2329 4522 1
2363 4470 2444 4543 de,
2458 4468 2636 4523 Verbis
2667 4469 2882 4543 (ipost).
2911 4469 3230 4543 Athanasius
3256 4488 3472 4543 quoque

1884 4554 2133 4611 sermone
2161 4547 2353 4611 quarto
2384 4540 2636 4595 adversus
2658 4540 2885 4611 Arianos
2914 4539 3072 4593 docet
3102 4539 3290 4594 Filium
3342 4539 3469 4611 pro-

1889 4609 2081 4664 cedere
2112 4626 2140 4663 a
2165 4609 2342 4674 Patre,
2374 4611 2637 4679 simulque
2667 4610 2719 4663 in
2741 4625 2808 4664 eo
2828 4624 3065 4679 manere,
3113 4612 3274 4665 veluti
3305 4609 3370 4666 ex
3396 4613 3471 4667 lu-

1889 4680 2037 4750 mine
2058 4682 2516 4750 proradiatiouem
2539 4678 2594 4733 et
2613 4680 2831 4733 ﬂuvium
2855 4694 2921 4733 ex
2950 4678 3117 4733 fonte.

1959 4748 1987 4787 ι)
2026 4748 2083 4820 in
2107 4758 2216 4804 vet.
2241 4752 2359 4805 cod.
2395 4759 2511 4804 erat
2538 4760 2705 4820 atque.

1964 4830 1986 4855 π
2028 4819 2307 4875 Maluimus
2330 4823 2526 4888 legere,
2556 4819 2797 4873 discurrit
2816 4836 2976 4891 quam
3005 4820 3321 4884 discurrunt,
3346 4838 3467 4876 cum

1890 4899 2071 4942 vetere
2092 4891 2294 4945 codice.

1960 4957 1999 5031 d_
2025 4959 2073 5031 Α
2099 4960 2275 5031 seipso
2307 4976 2421 5031 non
2429 4959 2684 5022 dissentit
2721 4958 3011 5031 Arnobius,
3059 4961 3203 5016 hunc
3253 4976 3470 5031 quoque

1889 5029 2077 5101 psalmi
2101 5030 2275 5101 locum
2305 5028 2795 5101 iuCommeutariis
2830 5030 2897 5085 de
2924 5029 3139 5101 Christo
3168 5028 3465 5101 exponens.

1888 5098 1956 5151 Et
1984 5098 2049 5151 de
2070 5098 2494 5168 proximeeitato
2522 5099 2731 5168 psalmo
2754 5101 2914 5153 etiam
2945 5102 3020 5155 ait
3045 5120 3058 5155 :
3089 5098 3469 5159 Eructuvitcor

1888 5166 2081 5243 Patris,
2104 5168 2324 5243 Verbum
2340 5166 2543 5243 bonum,
2571 5172 2746 5223 omnia
2761 5170 2852 5241 per
2872 5172 3045 5243 ipsum,
3058 5174 3194 5243 facta
3210 5180 3462 5236 sunt,.etc.

1890 5237 2233 5305 Persequitur
2260 5239 2676 5307 disputationem
2708 5237 2858 5293 suam
2889 5237 3174 5295 Arnobius.

1956 5318 1978 5343 θ
2022 5308 2304 5378 Dionysius
2353 5309 2639 5363 Alexandr.
2702 5312 2841 5379 apud
2894 5310 3179 5379 Eusebium
3223 5308 3464 5379 (Livau

1889 5376 2047 5449 Hist,
2072 5394 2124 5449 Ac.
2160 5376 2235 5445 6),
2269 5394 2331 5433 ac
2360 5392 2481 5447 post
2515 5395 2635 5433 eum
2664 5376 3038 5436 Theodoretus
3061 5378 3197 5449 (Lib.
3232 5376 3296 5436 de
3325 5377 3472 5449 Faba

1885 5447 2087 5519 lueret.)
2112 5446 2461 5517 prodiderunt
2481 5448 2774 5505 Sabellitnn
2805 5453 3009 5519 origine
3039 5446 3219 5503 Afrum
3250 5457 3305 5519 et
3327 5446 3465 5501 Peu-

1886 5517 2237 5586 tapolitanum
2261 5519 2450 5583 fuisse;
2478 5520 2804 5587 Augustinus
2826 5517 3023 5580 auiam,
3052 5519 3184 5573 libro
3204 5519 3271 5573 de
3294 5518 3469 5572 Hane—

1884 5589 2048 5659 sibus,
2081 5589 2325 5643 eumdem
2356 5589 2503 5658 impii
2560 5591 2733 5655 Nocti,
2768 5592 2855 5658 qui
2886 5591 3089 5659 primus
3118 5590 3466 5643 sanctissiuue

1884 5656 2160 5730 Trinitatis
2182 5656 2442 5730 personas
2459 5660 2718 5730 confudit,
2747 5656 3062 5730 discipulum
3087 5674 3114 5712 a
3147 5660 3465 5729 quibusdam

1885 5728 2153 5798 perhiberi
2184 5729 2431 5794 tradidit;
2483 5729 2812 5801 Epiphanius
2841 5728 2965 5785 vero
3012 5728 3243 5787 similem
3270 5732 3465 5786 saltem
