3936 6176
484 279 586 335 307

1788 278 2059 335 ARNOBll
2097 277 2402 335 JUNIORIS
3590 279 3695 335 303’

483 408 697 449 sensum
718 390 1015 458 incurrens,
1045 389 1278 458 Patrem,
1305 391 1522 458 Filium,
1553 401 1608 448 et
1641 388 1897 460 Spiritum
1919 405 2047 445 san-
2075 400 2124 457 Α
2152 391 2459 448 sufﬁcerent
2475 392 2669 448 horum
2688 389 2916 448 duorum
2941 389 3241 447 testimonia
3283 389 3563 461 apostolica
3602 408 3679 446 au-

483 492 626 539 ctum
655 485 731 538 sic
758 498 923 538 unum
952 482 1115 537 Deum
1144 482 1353 547 credas,
1395 490 1453 535 ut
1480 497 1587 536 non
1633 489 1789 550 putes
1833 480 2049 536 Patrem

481 589 666 628 verum
696 573 813 627 Filii
840 574 1155 641 genitorem,
1187 581 1241 627 et
1289 573 1616 639 unigenitum
1644 588 1832 627 verum
1879 572 2051 627 Patris

483 665 693 731 Filium,
746 664 1124 733 procedentem
1174 679 1242 717 ex
1297 662 1455 717 Patre
1483 672 1537 717 et
1565 662 1700 718 Filio
1729 679 1836 718 non
1864 663 2052 718 credas

481 756 733 825 Spiritum
753 762 1016 816 sanctum,
1039 754 1178 809 sicut
1196 769 1336 808 unus
1360 753 1502 808 Deus
1521 753 1812 808 secundum
1842 768 2050 808 sacram

481 844 804 911 Srripturam
826 842 1120 898 credendus
1147 852 1243 907 est,
1268 858 1387 911 qua:
1414 841 1541 898 dicit
1565 862 1577 894 :
1608 842 1857 926 Dominus
1911 842 2049 899 Deus

485 952 628 1006 tuus,
659 943 791 995 Deus
822 958 958 995 unus
984 949 1057 995 est
1084 940 1262 1008 (Deut.
1287 941 1450 1007 νηί).
1476 940 1553 995 Ita
1578 940 1693 1008 ipse
1727 955 1869 994 unus
1891 938 2034 993 Deus

480 1031 643 1089 Pater
674 1048 857 1096 veras,
880 1033 1050 1087 Filius
1085 1048 1224 1086 unus
1251 1041 1304 1086 et
1331 1047 1511 1093 verus,
1541 1016 1778 1101 Spiritus
1815 1041 2038 1086 sanctus

483 1137 861 1181 unusetvcrus
877 1123 1186 1179 credendus
1205 1122 1345 1177 Deus
1361 1123 1612 1178 est.Deus
1630 1124 1773 1176 enim
1793 1122 2041 1176 indivisae

483 1220 799 1276 eubStantize
820 1233 1017 1272 nomen
1036 1226 1137 1276 est.
1158 1215 1445 1286 accipienti
1467 1215 1753 1270 conferens
1768 1224 1960 1277 totum,
1987 1225 2042 1270 et

478 1305 611 1360 nihil
641 1306 884 1361 minuens
903 1304 1202 1361 conferenti
1227 1322 1240 1358 :
1272 1319 1380 1359 non
1399 1304 1472 1358 ita
1499 1310 1559 1358 ut
1584 1301 1748 1358 Filius
1766 1308 2046 1367 habeatur,

478 1394 571 1466 qui
598 1391 758 1449 Pater
777 1402 889 1459 est;
917 1408 1090 1461 neque
1136 1390 1298 1446 Pater
1332 1391 1598 1455 credatur,
1620 1392 1713 1460 qui
1740 1391 1905 1445 Filius
1931 1398 2044 1457 est;

477 1500 579 1541 nec
598 1483 827 1554 Spiritus
854 1492 1069 1537 sanctus
1097 1467 1187 1551 qui
1217 1480 1485 1547 est,Pater
1504 1482 1815 1536 aestimetur.
1842 1492 1866 1517 α
1889 1479 2050 1534 Pater

478 1575 620 1628 enim
650 1582 732 1628 est
760 1574 849 1645 qui
878 1574 1003 1628 dicit
1026 1572 1159 1627 Filio
1188 1590 1200 1623 :
1224 1570 1353 1625 Ante
1378 1572 1646 1642 luciferum
1679 1571 1828 1642 genui
1859 1578 1905 1624 te
1928 1569 2042 1640 (Ps.

479 1680 584 1728 Cll,
610 1663 688 1734 4).
737 1663 899 1719 FlliUS
927 1664 1017 1732 qui
1063 1663 1189 1717 dicit
1214 1680 1226 1714 :
1257 1663 1387 1715 Ante
1418 1678 1591 1716 omnes
1620 1661 1771 1715 colles
1792 1662 2050 1732 generavit

2152 484 2401 538 ctoritate
2426 482 2654 538 firmata.
2684 481 2828 537 Sane
2852 480 3120 551 quomodo
3139 481 3252 551 jam
3272 480 3496 536 diximus
3517 490 3568 535 et
3582 497 3683 551 pin-

2151 574 2410 640 bavimus,
2438 574 2579 643 quod
2606 574 2699 642 qui
2724 573 3023 643 descendit,
3049 573 3115 626 de
3158 572 3308 627 cmlis
3356 587 3455 641 pro
3498 587 3684 627 assum-

2149 666 2335 734 ptione
2360 664 2590 720 hominis
2617 678 2887 732 nunquam
2911 662 3169 717 dimiserit
3192 662 3378 723 cmlos,
3416 661 3534 729 quia
3578 664 3686 717 seri.

2149 766 2301 828 ptum
2329 765 2430 823 est,
2453 753 2617 811 Caelos
2640 764 2690 809 et
2718 765 2907 808 terram
2924 771 3017 825 ego
3043 752 3241 824 replebo
3273 752 3401 823 (λον.
3424 768 3562 817 xxm,
3589 752 3687 819 24);

2150 856 2207 904 et
2249 849 2339 909 qui
2384 864 2504 902 cum
2548 847 2615 902 ab
2643 847 2727 900 his
2754 845 2822 900 ad
2847 845 3013 900 omlos
3040 842 3293 907 ascendit,
3324 857 3422 896 nos
3446 856 3687 911 nunquam

2144 936 2465 1006 dereliquit:
2486 936 2567 991 sic
2586 935 2733 991 enim
2748 936 2864 1004 ipse
2884 936 3137 1006 promisit
3151 936 3585 1008 dicens:Ecceego
3602 957 3681 995 ro-

2146 1028 2341 1081 biscum
2355 1041 2472 1080 sum
2489 1026 2730 1079 omnibus
2747 1024 2921 1079 diebus
2940 1042 3102 1094 usque
3119 1026 3187 1079 ad
3206 1030 3680 1083 consummationem

2144 1117 2324 1173 saeculi
2343 1116 2560 1187 (Matth.
2581 1131 2770 1181 xxviii,
2794 1115 2884 1188 ΞΟ)
2908 1131 2928 1185 ;
2952 1131 3076 1171 eum
3095 1132 3225 1186 ergo
3254 1127 3465 1173 constet
3483 1119 3686 1175 descen-

2153 1224 2250 1268 sus
2260 1207 2384 1280 ejus
2394 1209 2461 1265 ad
2478 1222 2722 1274 carnem,
2736 1208 2815 1265 sic
2840 1219 3144 1273 teneamus,
3167 1219 3229 1264 ut
3242 1210 3299 1264 in
3324 1209 3441 1279 ipso
3458 1209 3548 1288 Dei
3564 1209 3687 1266 Filia

2146 1309 2277 1364 duas
2296 1307 2618 1368 nativitates,
2640 1305 2778 1360 sicut
2794 1304 2928 1359 duas
2948 1302 3273 1358 substantias
3290 1301 3562 1365 fateamur,
3579 1307 3689 1356 ante

2146 1408 2388 1468 tempora
2415 1395 2751 1452 invisibiliter
2777 1408 2846 1449 ex
2873 1392 3051 1459 Patre,
3074 1407 3144 1448 ex
3173 1401 3415 1461 tempore
3442 1389 3689 1445 visibiliter

2147 1503 2217 1542 ex
2259 1495 2462 1551 matre;
2508 1492 2634 1539 ante
2687 1470 2949 1553 tempora.
2981 1482 3122 1536 Deus
3145 1496 3305 1536 verus
3340 1478 3406 1535 de
3431 1478 3536 1534 Deo
3556 1492 3688 1543 vero,

2146 1592 2215 1632 ex
2244 1584 2481 1646 tempore
2509 1574 2649 1628 Deus
2675 1586 2833 1627 verus
2861 1579 2917 1626 et
2935 1571 3097 1653 hom/0
3124 1585 3285 1625 verus
3303 1584 3373 1624 ex
3391 1568 3546 1622 Maria
3568 1582 3690 1621 sem-

2147 1681 2245 1737 per
2271 1665 2481 1733 virgine
2508 1663 2708 1733 Spiritu
2738 1669 2924 1717 sancto
2944 1660 3327 1723 obumbrante;
3349 1665 3501 1711 natus
3533 1664 3690 1711 autem

480 1773 575 1820 me,
625 1765 672 1807 et
719 1767 987 1825 antequam
1034 1755 1307 1824 quidquam
1337 1757 1543 1824 faceret,
1573 1769 1666 1824 ego
1694 1769 1832 1804 eram
1854 1768 1966 1805 cum
1989 1768 2048 1806 eo
2082 1761 2122 1819 Β
2151 1772 2309 1811 verus
2328 1756 2469 1810 Deus
2493 1755 2772 1809 invisibilis
2792 1769 2913 1809 cum
2939 1767 3066 1808 vero
3087 1751 3307 1806 homine
3324 1747 3530 1812 visibili,
3553 1761 3691 1802 verus

480 1845 661 1916 (Prov.
691 1862 796 1909 vni,
828 1842 938 1913 95).
964 1844 1136 1911 Ipsum
1159 1851 1335 1896 autem
1365 1843 1621 1912 Spiritum
1671 1849 1913 1896 sanctum
1955 1840 2047 1909 qui

478 1934 722 2005 procedit
747 1949 811 1988 ex
842 1931 1001 1986 Patre
1029 1941 1083 1985 et
1110 1931 1245 1987 Filio
1269 1931 1445 2001 (Joan.
1502 1945 1588 1995 xv,
1634 1928 1745 1999 26),
1794 1929 1931 1983 sicut
1983 1929 2049 1984 de

480 2024 652 2088 lonte,
681 2031 736 2077 et
763 2022 830 2077 de
857 2038 994 2077 vena
1037 2021 1199 2076 fontis
1227 2021 1521 2090 procedens
1547 2018 1755 2082 ﬂuvius,
1787 2019 1815 2057 δ
1861 2028 2048 2074 contra

480 2115 777 2169 doctrinam
818 2100 1164 2176 Macedonii,’
1187 2112 1353 2165 Deum
1400 2125 1517 2165 esse
1556 2107 1751 2165 Paulus
1779 2108 2050 2178 apostolus

480 2204 757 2263 evidenter
800 2204 1051 2268 ostendit,
1110 2219 1231 2258 eum
1285 2204 1478 2273 ipsum,
1534 2216 1694 2269 quem
1733 2201 1898 2254 Isaias
1924 2215 2049 2269 pro-

480 2298 639 2368 pheta
665 2298 793 2353 dicit
824 2316 836 2350 :
878 2296 995 2351 Vidi
1016 2275 1293 2350 Dominum
1320 2296 1575 2349 sedentem
1596 2295 1651 2348 in
1673 2293 1911 2347 thronum
1951 2309 2046 2345 ea:-

480 2388 689 2454 celsum,
738 2390 823 2453 qui
871 2390 1002 2442 dixit
1046 2388 1215 2442 mihi:
1253 2388 1416 2452 Vade,
1449 2387 1530 2439 dic
1556 2385 1743 2456 populo
1772 2385 1907 2450 huic,
1959 2385 2049 2438 Vi-

476 2476 656 2529 dentes
684 2475 933 2540 videbitis,
960 2486 1005 2529 et
1034 2493 1136 2530 non
1156 2475 1388 2530 videbitis
1416 2475 1569 2547 (Isai.
1596 2492 1666 2540 vr,
1692 2475 1742 2540 i,
1768 2475 1842 2545 9).
1877 2476 2047 2544 Spiri-

480 2574 594 2620 tum
615 2575 855 2621 sanctum
881 2566 1022 2618 hunc
1040 2563 1234 2619 Paulus
1256 2566 1359 2620 hoc
1380 2565 1568 2620 ordine
1586 2563 1853 2633 patefecit,
1868 2564 2049 2621 dicens

478 2656 550 2710 ad
571 2655 779 2710 Iudaeos
808 2674 820 2708 :
854 2655 991 2709 Bene
1025 2654 1092 2709 de
1128 2655 1281 2710 vobis
1310 2654 1534 2726 Spiritus
1564 2664 1772 2709 sanctus
1801 2653 1924 2708 dicit
1959 2671 2050 2725 per

483 2744 720 2801 Isaiam:
755 2746 915 2810 Vade,
948 2745 1238 2815 dicpopulo
1261 2745 1396 2811 huic,
1426 2744 1665 2799 Videntes
1693 2744 1828 2816 (Act.
1856 2756 2046 2809 XXVIII,

481 2834 592 2903 25),
625 2844 728 2890 etc.
763 2835 878 2890 Hoc
904 2844 1103 2899 autem,
1137 2842 1195 2888 ut
1221 2836 1352 2900 dixi,
1406 2843 1605 2890 sectam
1634 2835 1928 2891 Macedonii
1957 2851 2051 2890 su-

481 2933 655 2995 perat,
684 2939 803 2992 quae
829 2925 955 2982 dicit
982 2942 1001 2980 :
1031 2925 1301 2994 Nusquam
1327 2926 1522 2995 legitur
1540 2927 1594 2981 in
1617 2926 1906 2996 Scripturis
1924 2943 2050 2982 san-

484 3016 602 3081 ctis,
634 3016 773 3070 Deus
802 3015 1029 3086 Spiritus
1051 3027 1293 3084 sanctus;
1324 3017 1554 3074 diximus
1581 3019 1881 3089 apostolum
1911 3018 2048 3074 Pau-

2149 1848 2288 1902 Deus
2316 1844 2869 1916 incomprehensibilis
2893 1859 3015 1899 cum
3040 1857 3171 1898 vero
3228 1841 3442 1896 homine
3483 1838 3689 1894 mortali.

2148 1937 2330 2004 Natus,
2373 1937 2610 2005 inquam,
2658 1949 2768 1991 non
2795 1948 3005 1999 aereus,
3059 1931 3153 1987 sed
3177 1943 3497 2000 corporeus;
3524 1942 3622 1982 non
3645 1926 3691 1981 in

2147 2027 2457 2097 phantasia,
2498 2025 2593 2080 sed
2619 2040 2854 2090 carnem,
2885 2038 3025 2087 ossa,
3057 2022 3392 2090 sanguinem,
3433 2026 3693 2074 sensumet

2147 2121 2378 2172 animam
2418 2125 2635 2186 gestans
2663 2134 2677 2170 :
2708 2131 2845 2171 unus
2869 2115 3115 2182 idemque
3134 2114 3297 2168 homo
3320 2127 3473 2167 verus
3496 2118 3548 2167 et
3566 2110 3693 2164 Deus

2151 2226 2325 2276 serus,
2349 2209 2641 2279 adimplens
2662 2207 2858 2277 Legem
2874 2214 2928 2262 et
2947 2205 3264 2276 Prophetas,
3293 2218 3478 2275 passus
3503 2216 3693 2258 crucem

2147 2299 2436 2354 secundum
2463 2299 2781 2368 Scripturas,
2811 2312 2939 2351 vere
2967 2304 3211 2351 mortuus
3239 2305 3342 2362 est,
3371 2308 3493 2352 vere
3535 2293 3694 2362 sepul-

2149 2399 2250 2454 tus,
2279 2404 2402 2444 vere
2430 2405 2459 2442 a
2484 2389 2705 2443 mortuis
2732 2388 2891 2442 tertia
2921 2386 3008 2441 die
3038 2387 3349 2441 resurrexit.
3401 2384 3511 2439 Hoc
3534 2391 3693 2438 tamen

2148 2480 2201 2534 in
2241 2496 2307 2534 eo
2355 2486 2436 2532 est
2485 2487 2775 2539 mortuum,
2820 2477 2965 2546 quod
3004 2477 3141 2531 mori
3161 2479 3357 2547 potuit.
3389 2476 3551 2531 Homo
3568 2474 3693 2529 enirn

2149 2568 2386 2623 mortalis
2414 2575 2495 2621 est
2532 2582 2564 2620 a
2592 2567 2703 2622 Deo
2747 2566 3029 2621 immortali
3074 2575 3383 2636 susceptus;
3430 2563 3696 2620 resurrexit

2150 2668 2327 2713 autem
2356 2674 2463 2713 non
2492 2658 2632 2713 Deus
2652 2657 2705 2711 in
2734 2658 3022 2722 hominem,
3074 2657 3170 2711 sed
3214 2657 3381 2711 homo
3429 2656 3480 2710 in
3524 2656 3689 2708 Deum.

2150 2746 2343 2802 Postea
2383 2763 2480 2818 per
2506 2746 2853 2815 quadraginta
2875 2746 2988 2801 dies
3007 2747 3061 2800 in
3082 2745 3240 2800 terris
3263 2748 3403 2801 visus
3423 2754 3517 2809 est,
3546 2759 3602 2797 ac
3627 2742 3694 2795 sic

2150 2849 2451 2910 assumptus
2470 2840 2522 2894 in
2543 2839 2757 2903 cmlum,
2787 2838 2936 2893 sedet
2955 2838 3020 2892 ad
3042 2838 3322 2892 dexteram
3366 2835 3549 2898 Patris,
3580 2848 3693 2886 ven-

2150 2940 2301 2987 turus
2322 2932 2386 2986 ad
2408 2929 2749 3000 iudicandum
2773 2931 2923 2984 vivos
2951 2936 3007 2984 et
3032 2937 3275 2984 mortuos
3304 2929 3437 3000 (Act.
3467 2928 3525 2996 ι).

2222 3018 2572 3076 XXVll.—Et
2594 3036 2712 3075 cum
2736 3021 2849 3075 haec
2876 3017 3417 3085 diceret,—Universi
3436 3018 3692 3071 dixerunt:

482 3104 595 3161 lum
631 3108 773 3162 hunc
811 3107 1008 3163 dixisse
1059 3109 1314 3181 Spiritum
1367 3119 1627 3175 sanctum,
1685 3125 1843 3179 quem
1889 3110 2052 3166 Isaias
2077 3113 2118 3175 C
2154 3112 2249 3166 Dic
2273 3111 2443 3172 nobis,
2476 3108 2742 3180 quomodo
2758 3108 3136 3177 jndicabuntur
3157 3110 3266 3164 vivi
3293 3116 3349 3164 et
3396 3105 3694 3162 mortui?—

486 3197 615 3254 dicit
649 3216 661 3251 ε
701 3198 821 3252 Vidi
861 3198 1138 3254 Deminum
1178 3198 1342 3274 Mm
1387 3202 1782 3271 omnipotentem
1822 3198 2052 3255 Sabaoth

485 3290 741 3345 sedentem
778 3307 929 3362 super
980 3292 1232 3355 thronum,
1256 3302 1303 3345 et
1325 3292 1572 3345 dicentem
1597 3292 1739 3357 mihi,
1770 3299 1872 3347 etc.
1905 3290 2055 3347 Nunc

485 3381 646 3434 etiam
695 3380 909 3435 beatum
956 3379 1172 3436 Petrum
1225 3382 1503 3436 ostendam
1544 3382 1823 3436 Dominum
1854 3381 2052 3435 dixisse

484 3470 741 3541 Spiritum
768 3481 1028 3537 sanctum,
1060 3479 1114 3526 et
1139 3471 1363 3539 sufficit;
1413 3474 1536 3542 quia
1579 3474 1730 3543 quasi
1777 3473 1829 3527 in
1877 3473 2050 3542 capite

484 3563 726 3632 corporis
749 3563 854 3618 duo
877 3564 1036 3629 oculi,
1068 3564 1141 3621 ita
1171 3564 1222 3618 in
1249 3565 1423 3634 capite
1451 3563 1713 3637 Ecclesia};
1753 3562 1942 3619 Petrus
1995 3572 2050 3619 et

485 3650 682 3710 Paulus
700 3661 841 3710 sunt.
869 3656 1003 3711 Dicit
1031 3669 1158 3725 ergo
1187 3653 1373 3709 Petrus
1395 3656 1669 3724 apostolus
1698 3656 1764 3710 ad
1789 3656 2048 3710 Ananiam

484 3745 830 3799 mentientem
859 3764 879 3796 :r
925 3743 1060 3808 Quid
1096 3747 1267 3815 utique
1303 3748 1534 3799 conuenit
1574 3747 1662 3799 tibi
1705 3756 1753 3799 et
1781 3748 1928 3800 uxori
1952 3756 2050 3801 tua:

483 3835 688 3889 mentiri
710 3833 930 3902 Spiritui
948 3836 1162 3887 sancto?
1192 3833 1314 3889 Non
1346 3838 1467 3889 estis
1507 3836 1793 3892 hominibus
1830 3840 2046 3903 mentiti,

484 3921 574 3977 sed
612 3921 722 3983 Deo
752 3924 893 3992 (Act.
922 3940 971 3991 ν,
1001 3924 1052 3988 5,
1076 3924 1152 3993 9).
1178 3924 1292 3978 Alia
1313 3925 1463 3996 plura
1495 3941 1833 3996 poneremus,
1866 3928 1911 3981 si
1943 3944 2047 3982 non

2153 3204 2418 3259 Arnobius
2438 3201 2572 3257 dixit
2596 3220 2608 3255 :
2638 3213 2660 3240 ο
2686 3201 2863 3266 Vivos,
2893 3200 3190 3266 credentes,
3217 3200 3532 3255 catholicam
3556 3194 3695 3248 ﬁdem

2152 3294 2444 3357 habentes;
2473 3299 2733 3354 mortuos,
2764 3290 3008 3358 gentiles,
3060 3287 3272 3343 Iudaeos
3322 3296 3377 3343 et
3422 3285 3693 3342 haereticos.

2152 3385 2240 3454 qui
2264 3401 2370 3438 non
2399 3384 2597 3438 habent
2622 3383 2786 3437 vitam
2806 3366 3094 3436 secundum
3122 3396 3424 3435 sermonem
3461 3375 3654 3433 Domini
3681 3389 3694 3426 :

2155 3475 2253 3539 Qui
2275 3493 2376 3530 non
2406 3475 2564 3528 credit
2582 3475 2636 3527 in
2666 3489 2762 3538 me,
2791 3488 2896 3526 non
2924 3472 3074 3526 habet
3094 3472 3250 3525 vitam
3277 3475 3330 3525 in
3351 3489 3406 3526 se
3432 3469 3600 3541 (Joan.
3630 3480 3693 3519 ιιι.

2152 3567 2262 3637 56).
2320 3565 2389 3620 Ει
2427 3580 2608 3620 verum
2655 3564 2819 3618 dicit:
2861 3562 2958 3627 Qui
2997 3563 3158 3617 credit
3201 3564 3257 3617 in
3284 3581 3383 3629 me,
3413 3564 3457 3617 si
3493 3568 3696 3615 mortuus

2152 3660 2324 3730 fuerit,
2356 3658 2483 3711 vivet
2514 3654 2691 3726 (Joan.
2717 3670 2789 3718 γι,
2812 3637 2927 3724 525).
2964 3653 3119 3722 Ergo,
3152 3661 3209 3707 ut
3229 3654 3360 3719 dixi,
3413 3662 3693 3722 sequamur.

2151 3744 2419 3801 Venturus
2446 3752 2615 3800 estut
2656 3743 2858 3812 judicet
2902 3743 3052 3813 vivos
3092 3751 3146 3798 et
3189 3752 3451 3807 mortuos,
3475 3742 3699 3811 justoset

2151 3836 2397 3905 iniustos,
2432 3832 2615 3888 fideles
2639 3843 2693 3888 et
2712 3832 3034 3888 incredulos.
3059 3832 3201 3887 Mors
3220 3833 3364 3887 enim
3391 3830 3504 3899 ejus
3525 3824 3701 3898 pretio-

2152 3943 2239 3982 sas
2268 3926 2393 3983 facit
2421 3941 2608 3981 omnes
2649 3933 2850 3981 mortes
2872 3924 3197 3980 credentium
3220 3932 3382 3995 atque
3420 3927 3696 3977 sanctorum

1648 4042 1758 4098 Fu.
1797 4041 2270 4099 FEU-ARDENTII
2307 4038 2533 4115 NQTAS.

487 4125 758 4196 utriusque
804 4135 1003 4182 sectam
1053 4127 1214 4185 fuisse
1250 4128 1549 4185 confirmat.
1581 4130 1678 4185 ﬂic
1704 4147 1915 4186 errores
1943 4148 2050 4186 non

484 4203 700 4271 tantum
727 4196 904 4259 Noeti,
956 4198 1050 4271 sed
1087 4209 1143 4254 et
1190 4197 1405 4271 Praxeaa
1434 4216 1497 4271 ac
1519 4200 1886 4270 Hermogenis,
1915 4218 2050 4271 quos

483 4262 840 4340 Tertullianus
865 4266 1259 4340 profligaverat,
1290 4270 1356 4322 ab
1387 4270 1585 4340 inferis
1611 4262 1890 4335 revocans,
1915 4262 2051 4340 [ir-tc-

482 4334 694 4390 dicabat
732 4332 947 4389 Patrem
975 4332 1046 4390 et'
1074 4336 1263 4392 Filium
1290 4348 1346 4392 et
1379 4337 1633 4408 Spiritum
1660 4332 2051 4395 sanctum'uui-

482 4417 600 4457 eam
625 4418 744 4459 esse
767 4420 1072 4474 personam,
1104 4421 1220 4474 quae
1261 4407 1345 4461 bis
1373 4410 1540 4464 tribus
1566 4410 1869 4465 nominibus
1895 4425 2050 4465 voca-

483 4480 631 4545 retur
654 4491 666 4526 :
693 4475 937 4545 hancque
960 4474 1012 4528 in
1038 4477 1204 4531 veteri
1234 4476 1596 4543 Testamento,
1622 4477 1796 4545 Patris
1833 4480 2050 4543 nomine

483 4541 653 4612 legem
682 4541 896 4608 tulisse;
925 4544 979 4597 in
1020 4560 1160 4599 novo
1190 4554 1388 4610 autem,
1432 4545 1548 4601 Filii
1586 4541 1751 4603 titulo
1776 4541 2045 4603 hominem

483 4611 677 4688 factam
699 4628 841 4688 esse;
872 4611 1287 4688 Spiritus‘sancti
1313 4631 1445 4688 vero,
1462 4617 1819 4688 appellatione
1839 4620 1904 4672 ad
1925 4634 2051 4688 apo-

482 4680 651 4736 stolos
674 4680 1292 4739 venissef'l'ertullianus
1330 4685 1480 4739 libris
1498 4680 1762 4742 adversus
1789 4680 2048 4742 Praxeam

482 4757 537 4829 et
558 4749 943 4829 Hermogenem
972 4753 1112 4829 hanc
1135 4754 1374 4829 haeresim
1398 4755 1566 4829 solide
1594 4755 1807 4822 refellit,
1830 4772 2053 4826 sequens

484 4819 613 4895 tium
643 4819 839 4886 deinde
859 4822 1171 4895 saeculorum
1202 4822 1395 4895 Patres
1412 4819 1653 4880 eamdem
1696 4819 2053 4895 coa’rguérunt

481 4887 880 4960 etVAdamnarunt
902 4890 1038 4960 (Hil.
1062 4892 1149 4945 lib.
1183 4909 1236 4946 iv
1261 4894 1325 4946 de
1359 4892 1581 4959 Trinit.;
1624 4887 1877 4949 Athana}.
1911 4906 2046 4954 ornt.

483 4957 683 5036 udt'ers.
727 4957 938 5013 Sabellii
968 4963 1253 5033 gregales),
1288 4973 1345 5017 ut
1368 4957 1697 5021 ethoc-loco
1736 4974 1923 5020 noster
1948 4960 2057 5036 Apr-it

482 5027 692 5081 nobilis.

555 5105 583 5132 ι
620 5095 818 5151 Similis
844 5098 943 5154 sibi
974 5097 1240 5155 Arnobius
1260 5101 1335 5156 ita
1363 5104 1430 5157 ad
1461 5103 1601 5159 hunc
1622 5104 1797 5159 locum
1827 5119 1965 5158 com.
1993 5104 2046 5158 in

482 5166 677 5252 psalm.
715 5168 902 5252 scribit
942 5186 954 5221 :
988 5167 1124 5252 Non.
1141 5187 1261 5252 ergo
1302 5173 1430 5252 sicut
1458 5172 1765 5252 damnabilis
1794 5172 2047 5252 Photinus

484 5234 670 5312 credit,
703 5234 953 5312 Dominus
979 5256 1043 5293 ea:
1069 5234 1464 5312 Mariaﬂvirgine
1497 5245 1713 5312 sumpsit
1748 5243 2040 5309 exordium,

483 5304 581 5383 sed
600 5317 720 5383 ante
739 5307 1005 5383 luciferum
1028 5318 1111 5383 est
1137 5327 1202 5364 ea:
1226 5304 1402 5383 Patris
1428 5328 1516 5366 ore
1540 5304 1853 5383 progenitus.

555 5375 582 5413 δ
620 5374 717 5432 Hic
744 5374 865 5448 cum
892 5380 990 5434 sub
1016 5380 1329 5435 Constantio
1360 5374 1593 5448 inritavit
1614 5374 1815 5437 aulicus
1835 5390 1887 5435 et
1903 5382 2052 5442 Arias

487 5460 584 5520 nus
600 5455 757 5509 esset,
775 5446 1422 5520 Constantinopolitanum
1440 5446 1803 5520 episcopatum
1820 5451 2050 5506 factione

486 5515 821 5587 Arianorum,
854 5529 909 5572 et
936 5515 1174 5587 ejusdem
1203 5515 1502 5574 COIistantii
1533 5515 1734 5584 favore,
1785 5522 2048 5575 renitente

485 5584 867 5663 catholicorum
891 5584 1130 5663 __p6p_ulo,
1154 5596 1326 5663 _tanta
1380 5590 1627 5645 violentia
1664 5591 1961 5663 occupavit,
1992 5600 2048 5645 ut

487 5658 703 5709 circiter
726 5664 807 5709 ter
834 5658 975 5711 mille
1023 5658 1263 5712 homines
1308 5669 1522 5713 centum
1575 5670 1629 5715 et
1667 5658 2046 5728 quinquaginta

2079 4652 2126 4711 Ι)

2158 4131 2240 4202 (ut
2287 4130 2538 4202 socrates
2580 4128 2818 4202 tradidit)
2856 4143 2977 4202 cum
3004 4125 3295 4202 Ecclesiam
3329 4127 3560 4188 intraret,
3587 4134 3700 4176 con-

2157 4195 2351 4255 culcati
2397 4208 2452 4254 et
2480 4199 2641 4277 occisi
2669 4195 2885 4277 fuerint.
2917 4196 3014 4251 Hic
3032 4195 3288 4277 Spiritum
3308 4205 3544 4250 sanctum
3568 4202 3699 4277 crea-

2155 4277 2330 4341 turam
2356 4284 2476 4341 esse
2500 4269 2674 4339 palam
2715 4267 3042 4341 praedicans,
3068 4262 3267 4341 idcirco
3283 4262 3700 4341 nveuaaggndgtgt

2152 4339 2357 4408 primus
2377 4328 2552 4395 dictus
2573 4346 2671 4402 est,
2696 4328 2755 4391 ut
2782 4328 3083 4408 Basilius'in
3099 4328 3448 4408 Expositione
3480 4328 3591 4385 fidei
3619 4328 3697 4383 Ni-

2152 4404 2312 4463 caeum
2342 4417 2583 4462 testatur.
2615 4408 2693 4461 Ad
2715 4408 2851 4460 hanc
2874 4405 3118 4459 haeresim
3146 4404 3490 4459 refellendam
3511 4409 3562 4454 et
3575 4410 3701 4452 eom-

2150 4477 2471 4548 pescendam
2493 4474 3151 4548 coactumfuitconcilipm
3171 4473 3553 4548 meumenicum
3572 4467 3699 4521 Con-

2150 4542 2538 4616 stantinopolin
2565 4547 2669 4617 sub
2696 4544 3018 4617 Theodosio.
3045 4542 3296 4617 Tuncqu_e
3323 4542 3552 4617 additum
3571 4550 3698 4617 sym-

2149 4616 2276 4671 bolo
2295 4612 2533 4684 Nitieno:
2555 4615 2623 4669 Et
2646 4617 2700 4668 in
2723 4616 2975 4684 Spiritum
2985 4612 3222 4684 sanctum
3232 4612 3508 4684 Dominum
3520 4617 3567 4662 et
3590 4612 3699 4684 viui-

2151 4687 2414 4757 ῇςαηιεηι.
2451 4678 2552 4749 Qui
2580 4699 2695 4738 cum
2714 4678 2876 4757 Patre
2895 4682 3118 4757 et_‘_Filio
3147 4682 3591 4757 simuladoratur,
3612 4681 3696 4757 εις.

2153 4739 2386 4824 (Sasona.
2420 4739 2504 4819 lib.
2538 4770 2749 4821 In,cap.
2783 4751 2837 4820 9,
2857 4761 2909 4807 et
2933 4750 3023 4806 lib.
3054 4767 3127 4815 ιν,
3145 4767 3261 4821 cap.
3287 4752 3347 4817 7;
3373 4747 3585 4819 Niceph.
3614 4739 3691 4796 lib.

2153 4840 2244 4878 ιιι.
2277 4841 2391 4878 can.
2427 4824 2537 4878 ὅθι.

2153 4840 2244 4879 XII.
2277 4841 2391 4879 can.
2427 4840 2537 4879 θυι.

2228 4867 2249 4933 ἶ
2277 4824 2770 4962 martyr.
2802 4891 3149 4962 responsione
3177 4889 3244 4944 ad
3281 4896 3467 4959 quaest.
3494 4881 3595 4962 ιοθ
3618 4894 3699 4934 0r-

2151 4956 2530 5029 thodoxorum,
2572 4956 2861 5021 viventium
2895 4956 3315 5029 'judicandoruni
3364 4956 3574 5013 nomine
3617 4962 3700 5004 eos

2153 5032 2535 5103 interpretatur
2562 5034 2653 5103 qui
2680 5042 2792 5086 tum
2832 5031 3006 5103 adhuc
3049 5031 3361 5103 superstites
3401 5029 3699 5103 seruabam}!!!

2152 5088 2394 5176 Christus
2436 5103 2502 5176 ad
2534 5088 2797 5176 jtidicium
2816 5101 3040 5176 _veniet_:_
3063 5088 3131 5154 de
3151 5100 3374 5176 quibus,_
3399 5097 3547 5176 juxta
3568 5088 3700 5176 Crte.

2150 5188 2335 5229 eorum
2356 5167 2660 5239 lectionem,
2678 5170 2927 5225 scribitur
2948 5188 2961 5239 ς
2986 5167 3109 5223 Non
3129 5167 3304 5223 omnes
3324 5167 3694 5239 obdonnigmyfs

2151 5240 2351 5296 Horum
2379 5233 2661 5312 personam
2692 5239 2914 5296 induens
2941 5238 3135 5312 Paulus
3173 5240 3256 5312 ait
3286 5256 3311 5312 :7
3351 5237 3463 5312 Νοδ
3483 5233 3565 5312 φιέ
3591 5233 3699 5312 τ’ῘὟΫ

2149 5328 2280 5383 mus,
2308 5300 2396 5383 qui
2422 5313 2610 5366 residui
2630 5324 2821 5383 sumus,
2852 5311 2904 5363 in
2924 5309 3140 5383 aduentu
3163 5308 3388 5383 Domini,
3411 5300 3512 5383 etc;
3537 5300 3698 5383 Atili}?

2150 5374 2627 5449 Stinus'utramque
2673 5374 3166 5449 interpretatimiem
3205 5374 3698 5449 amplectiturnsgrt:

2151 5435 2284 5505 hens
2307 5435 2326 5503 γε
2371 5435 2619 5505 Venturos
2646 5460 2721 5503 est
2758 5435 3007 5521 judicare
3038 5450 3172 5502 rivos
3198 5457 3247 5501 et
3269 5435 3510 5521 mortuos:
3551 5435 3696 5521 Viri}.

2150 5522 2236 5590 qui
2280 5522 2639 5590 superfuerint,
2669 5506 2892 5590 moi-tuos
2926 5520 3010 5588 qui
3065 5512 3432 5590 iri-recesserint.
3458 5506 3698 5590 R9102“?

2670 5570 2883 5658 iustos,
2921 5570 3157 5660 mortuos
3182 5570 3425 5657 injustas.
3458 5576 3567 5633 Lib.
3594 5588 3608 5628 t
3634 5570 3693 5623 de

2150 5657 2496 5728 Symbolo'ad
2523 5657 2953 5723 catechumenos,
2986 5673 3103 5727 cap.
3128 5657 3187 5729 ‘5.
