3936 6176
221 258 310 313 509
944 246 1365 304 CONFLICTUS
1402 245 1488 301 DE
1528 246 1664 301 1)Εο
1701 244 1910 298 τιιιΝο
1947 245 2036 299 ΕΤ
2077 244 2231 311 UNO,
2274 243 2425 300 ETC.
2469 243 2597 300 LIB.
2640 244 2702 299 II.

3356 247 3460 302 διο

222 371 325 442 (Ps.
357 383 472 433 cxv,
503 364 613 435 i5),
639 364 689 419 in
719 372 944 425 tantum,
979 370 1033 416 ut
1060 364 1113 415 in
1141 361 1328 415 eadem
1350 375 1532 420 carne,
1553 374 1659 427 qua
1689 373 1775 410 na-
1802 362 1848 415 A
1875 355 2105 426 Spiritus
2128 366 2344 412 sanctus
2372 357 2425 410 in
2454 371 2519 431 eo
2549 372 2667 411 esse
2710 372 2816 410 non
2863 357 3036 426 potuit
3083 356 3132 426 (1
3164 356 3291 428 Reg.
3345 375 3451 422 xm.

222 472 315 518 tus,
345 468 396 512 et
418 470 625 527 passus,
655 465 711 509 et
739 463 981 507 mortuus
1014 453 1325 516 resurrexit,
1354 458 1410 504 et
1458 465 1557 519 pro
1599 449 1777 519 quali-

223 562 320 607 tate
344 565 582 621 operum,
612 562 799 603 omnes
827 546 911 600 vel
933 545 996 599 ad
1024 552 1277 599 mternam
1299 556 1552 596 coronam
1574 541 1777 609 glorias,

224 643 297 697 vel
322 641 387 696 ad
422 639 680 708 supplicia
707 646 928 699 aeterna,
971 636 1081 690 Deo
1113 634 1403 703 iudicante,
1453 632 1774 701 pertingant.

223 732 538 789 Credendum
567 745 797 800 namque
827 737 909 783 est
936 730 1164 783 animam
1208 737 1447 782 nostram
1499 742 1530 779 a
1569 726 1681 780 Deo
1700 724 1780 779 fa-

224 833 347 879 ctam
373 840 384 875 :
413 830 468 876 et
486 822 612 875 licet
631 820 701 873 sit
727 828 986 889 perpetua
1008 818 1059 871 in
1080 818 1392 871 alterutram
1421 815 1779 870 conditionem

225 922 305 969 aut
342 913 461 967 boni
508 918 600 965 aut
627 912 755 965 mali
782 909 1035 972 futuram,
1063 919 1087 944 ει
1118 910 1234 962 sine
1275 908 1429 961 initio
1465 918 1640 960 tamen
1668 922 1780 959 non

224 1020 327 1059 esse
351 1004 580 1057 animam
606 1020 619 1054 :
651 1002 775 1071 quia
804 1002 908 1057 hoc
933 1000 1098 1055 solius
1126 999 1221 1053 Dei
1249 1011 1331 1053 est
1380 997 1666 1068 peculiare,
1718 1012 1782 1052 ac

225 1112 310 1166 per
349 1096 446 1149 hoc
486 1102 787 1148 creaturam
830 1078 1082 1148 Deiiesse
1109 1091 1341 1145 animam
1361 1092 1473 1145 sive
1497 1090 1776 1145 facturam.

224 1186 576 1254 Scriptumest
601 1184 744 1237 enim
770 1202 784 1236 :
814 1182 915 1250 Qui
945 1181 1187 1250 ﬁguravit
1215 1180 1397 1235 ﬂatum
1424 1182 1662 1235 omnium
1682 1180 1781 1235 ho-

224 1278 426 1341 minum,
459 1277 573 1345 ipse
599 1277 702 1331 scit
726 1276 927 1330 omnia.
951 1274 1019 1328 Et
1047 1290 1258 1328 rursum
1283 1292 1295 1326 :
1328 1273 1469 1327 Vivit
1500 1274 1777 1339 Dominus,

223 1368 302 1438 qui
338 1367 460 1424 fecit
507 1366 661 1421 nobis
686 1367 939 1420 animam.
970 1365 1036 1419 Et
1063 1366 1254 1421 iterum
1289 1384 1301 1418 ε
1335 1365 1361 1403 ι’
1389 1365 1618 1436 Spiritus
1641 1383 1675 1418 a
1702 1383 1782 1420 me
1812 1420 1819 1426 ,

224 1460 423 1529 prodiet,
470 1470 520 1514 et
556 1476 759 1513 omnem
806 1461 1035 1513 animum
1074 1476 1167 1530 ego
1208 1460 1303 1530 feci
1325 1459 1480 1526 (Isai.
1506 1476 1631 1524 LVII,
1666 1460 1776 1530 16).

1882 448 2008 514 10).
2061 448 2285 520 Spiritus
2304 450 2438 503 enim
2484 456 2693 504 sanctus
2728 448 3015 519 disciplina:
3053 450 3267 520 effugiet
3286 450 3459 520 ﬁctum

1883 537 2050 608 (Sep.
2083 554 2122 602 ι,
2147 536 2180 590 5
2197 538 2277 609 );e
2301 546 2463 608 atque
2485 537 2685 592 utinam
2712 538 2997 593 recedente
3021 536 3223 607 Spiritu
3251 547 3461 601 sancto,

1881 632 1989 685 alio
2024 630 2214 700 spiritu
2263 646 2369 683 non
2418 630 2798 697 ludiﬁcaretur,
2849 631 2935 686 vel
2963 631 3126 686 etiam
3155 638 3459 686 vexaretur.

1882 720 1964 775 Ad
1992 720 2303 788 qualitatem
2331 721 2491 788 igitur
2506 720 2631 776 facti
2659 722 2705 775 si
2731 722 3098 790 respiciamus,
3119 722 3316 775 bonam
3346 735 3460 774 rem

1881 809 2041 877 facit;
2081 809 2175 865 sed
2202 827 2309 865 non
2354 810 2743 880 respiciendum
2771 819 2853 865 est
2877 810 2943 863 ad
2969 810 3280 880 qualitatem
3314 808 3458 875 facti,

1882 903 1976 957 sed
2004 903 2071 957 ad
2114 903 2418 973 superbiam
2441 903 2845 971 contemptoris.
2878 902 3010 955 Nam
3057 911 3111 956 et
3155 903 3457 956 communio

1883 996 2207 1050 sacramenti
2244 1005 2429 1050 sancta
2459 1003 2560 1063 est,
2593 995 2685 1050 sed
2732 995 3089 1065 perniciosum
3117 1010 3252 1064 opus
3297 994 3460 1064 perli-

1882 1087 2021 1141 citur
2070 1086 2196 1141 huic
2241 1086 2287 1141 si
2334 1085 2569 1141 nondum
2598 1084 2756 1140 fuerit
2782 1085 3140 1139 sacratissima
3173 1083 3315 1138 unda
3342 1098 3464 1153 per-

1881 1178 2047 1234 fusus.
2091 1179 2228 1234 Sunt
2272 1180 2439 1234 multa
2486 1180 2570 1234 his
2614 1180 2825 1244 similia,
2857 1194 2975 1247 qum
3020 1195 3142 1233 cum
3189 1179 3330 1233 bona
3356 1179 3464 1233 sint

1883 1286 2068 1340 opera,
2116 1271 2410 1341 perniciem
2457 1270 2675 1340 pariunt
2700 1286 2821 1325 cum
2868 1284 2975 1324 non
3019 1284 3085 1324 eo
3125 1268 3313 1324 ordine
3358 1284 3466 1338 quo

1883 1371 2008 1417 sunt
2049 1362 2341 1417 constituta
2385 1364 2729 1431 peraguntur.
2788 1359 2912 1415 Ideo
2959 1359 3179 1426 angelus
3224 1358 3344 1424 iste,
3375 1360 3467 1427 qui

1881 1462 1965 1510 est
2009 1455 2274 1517 diabolus,
2307 1454 2375 1509 de
2427 1454 2846 1524 praesumptione
2888 1451 3110 1506 incurrit
3164 1451 3375 1519 culpam
3414 1459 3467 1505 ct

223 1550 431 1605 Carnem
459 1565 676 1620 quoque
703 1558 943 1605 nostram
964 1565 1033 1604 ex
1060 1550 1187 1605 limo
1238 1566 1337 1619 per
1376 1550 1543 1605 Deum
1588 1551 1782 1606 factam
1850 1592 1853 1595 .
1884 1548 2088 1618 primus
2114 1549 2353 1602 omnium
2382 1548 2697 1615 angelorum
2751 1546 2804 1600 in
2854 1561 2951 1599 suo
2991 1544 3153 1600 corde
3201 1544 3463 1613 peccavit.

223 1639 361 1711 (Cen.
388 1657 445 1701 ιι,
482 1640 555 1710 7),
579 1648 636 1694 et
657 1639 855 1694 idcirco
877 1650 1157 1709 utramque
1178 1640 1409 1694 hominis
1426 1640 1778 1694 substantiam
1885 1638 1976 1695 Sic
2003 1639 2145 1693 enim
2173 1638 2368 1694 dicitur
2405 1639 2457 1692 in
2500 1638 2764 1708 propheta
2810 1653 2840 1688 a
2880 1635 3106 1690 Domino
3140 1653 3153 1687 :
3188 1633 3262 1687 Tu
3292 1633 3466 1688 dixisti

224 1729 365 1784 unius
382 1728 479 1784 Dei
508 1744 628 1784 esse
652 1730 926 1794 auctoris;
954 1738 1115 1799 atque
1146 1730 1265 1787 ideo
1292 1730 1471 1785 omnia
1496 1746 1615 1800 qua:
1642 1731 1780 1786 facta
1815 1727 1857 1786 Β
1885 1730 1940 1782 in
1984 1728 2137 1782 corde
2179 1738 2263 1783 tuo
2293 1744 2311 1782 :
2339 1727 2629 1816 Ascepdam
2655 1744 2806 1797 super
2834 1726 2944 1781 ctuti
2969 1725 3141 1780 sidera
3169 1722 3326 1793 (Isai.
3358 1739 3467 1787 xrv,

222 1819 492 1878 suntnobis
503 1819 714 1874 subdita
731 1828 875 1880 sunt,
894 1820 1016 1890 quia
1030 1820 1117 1873 illa
1130 1819 1280 1887 jussu
1291 1820 1384 1876 Dei
1396 1831 1519 1876 sunt
1533 1822 1780 1877 formata.

222 1908 370 1976 igitur
393 1924 500 1964 non
528 1924 714 1978 Opere.
745 1909 825 1964 De
848 1911 1065 1965 homine
1093 1920 1275 1965 autem
1296 1912 1494 1967 dixisse
1512 1913 1679 1968 Deum
1700 1914 1782 1967 le-

221 1999 412 2065 gimus:
444 1997 726 2053 Faciamus
754 2001 1009 2054 hominem
1050 2001 1121 2054 ad
1164 2003 1438 2072 imaginem
1465 2013 1515 2057 et
1539 2005 1783 2058 similiu-

222 2090 378 2143 dinem
405 2098 635 2144 nostram
657 2088 809 2159 (Cen.
844 2108 879 2156 ι,
910 2089 1037 2160 36);
1069 2100 1123 2145 et
1152 2092 1274 2146 ideo
1318 2093 1591 2149 hominem
1629 2097 1784 2150 nobi-

218 2177 458 2232 lissimam
497 2178 596 2234 Dei
640 2178 899 2235 fabricam
945 2196 1051 2234 non
1078 2183 1252 2236 solum
1280 2198 1350 2237 ex
1375 2183 1552 2238 anima
1583 2195 1637 2241 et
1661 2202 1784 2242 cor-

218 2284 361 2339 pure,
388 2270 479 2324 sed
507 2279 564 2324 et
583 2270 772 2339 spiritu
792 2280 1077 2336 eonstare,-
1092 2281 1148 2326 et
1167 2288 1286 2328 esse
1326 2275 1590 2344 triplicem
1637 2278 1783 2348 Apo—

216 2360 377 2415 stolus
403 2361 596 2430 probat
636 2360 819 2416 dicens
847 2380 859 2413 :
897 2373 919 2399 ο
955 2361 1024 2416 Ut
1048 2364 1246 2433 integer
1271 2365 1484 2434 spiritus
1523 2376 1702 2432 vester,
1734 2378 1783 2422 et

217 2472 351 2520 raro,
370 2464 418 2509 et
437 2456 611 2509 anima
632 2457 686 2509 in
707 2456 928 2509 adventu
948 2454 1045 2509 Dei
1070 2466 1296 2510 serretur
1317 2458 1357 2527 (1
1385 2458 1558 2513 Thess.
1590 2477 1643 2525 v,
1665 2460 1780 2531 ‘23).

216 2544 350 2597 Sane
375 2545 613 2613 spiritum
643 2544 785 2609 dico,
814 2546 906 2614 qui
932 2546 1181 2601 accidens
1207 2556 1310 2612 est,
1334 2564 1439 2602 non
1461 2552 1780 2619 naturalem,

218 2650 309 2689 nec
337 2636 596 2701 eumdem,
644 2651 763 2690 esse
794 2637 845 2690 in
872 2638 1142 2693 omnibus.
1204 2637 1296 2694 Sic
1323 2641 1467 2694 enim
1496 2641 1784 2711 Apostolus

218 2725 338 2778 dicit
360 2742 373 2778 :
402 2722 514 2779 Nos
537 2736 707 2780 autem
732 2743 835 2781 non
854 2730 1091 2797 spiritum
1112 2729 1263 2800 hujus
1284 2732 1461 2785 mundi
1475 2735 1780 2803 accepimus,

218 2813 299 2867 sed
323 2816 552 2883 spiritum
580 2818 670 2887 qui
698 2833 763 2871 ea:
788 2816 899 2872 Deo
927 2828 1003 2873 est
1034 2818 1076 2887 (ι
1106 2817 1227 2874 Cor.
1262 2837 1317 2886 ιι,
1351 2821 1460 2893 12).
1492 2822 1656 2879 [stum
1686 2841 1784 2881 au-

217 2911 317 2956 lem
353 2920 509 2974 quem
555 2907 837 2963 credentes
874 2910 1184 2979 accipimus,
1212 2914 1401 2980 gratiae
1427 2915 1619 2971 divinae
1666 2927 1780 2985 est;

217 2995 430 3049 alterum
459 3012 584 3051 vero
605 2999 850 3069 spiritum
870 3002 1181 3059 intentionis
1201 3006 1495 3062 diabolicae.
1522 3008 1654 3075 Quia
1676 3013 1784 3066 dia-

1886 1822 2009 1890 15),
2034 1830 2141 1877 etc.
2166 1822 2377 1876 Primus
2403 1835 2532 1889 ergo
2555 1820 2607 1874 in
2635 1835 2737 1874 suo
2765 1818 2928 1873 corde
2956 1816 3196 1887 peccavit
3227 1832 3241 1868 :
3266 1829 3335 1869 ex
3361 1828 3467 1883 quo

1882 1912 2145 1983 pullulare
2171 1913 2408 1967 omnium
2436 1910 2911 1981 praesumptionum
2950 1921 3147 1976 genera
3187 1915 3316 1960 tunc
3358 1919 3467 1960 cm-

1881 2014 2098 2075 perunt,
2149 2022 2271 2061 cum
2311 2005 2507 2059 nullius
2536 2002 2841 2071 exemplum
2889 2007 3134 2065 secutus,
3164 2014 3195 2053 a
3239 2013 3300 2053 se
3326 1997 3473 2053 dedit

1883 2094 2141 2164 peccandi
2179 2093 2480 2150 exordium.
2511 2092 2716 2146 Natura
2765 2100 2943 2145 autem
2990 2090 3163 2143 bonus
3200 2096 3304 2153 est,
3332 2089 3472 2144 sicut

1884 2184 2135 2240 eﬂ‘ractor
2160 2194 2243 2240 est
2264 2185 2425 2239 homo
2453 2182 2471 2220 τ
2497 2184 2670 2237 aliena
2691 2183 2904 2251 rapiens
2931 2181 3172 2242 habenti,
3194 2188 3249 2232 et
3277 2179 3466 2233 libera~

1885 2276 1949 2331 lis
1977 2284 2061 2330 est
2111 2276 2274 2331 homo
2320 2273 2537 2344 propria
2582 2273 2864 2327 conferens
2908 2269 3190 2337 indigenti.
3234 2266 3467 2337 Uterque

1883 2367 2047 2421 homo
2093 2344 2207 2430 est,
2227 2365 2319 2420 sed
2367 2381 2506 2420 unus
2533 2365 2708 2418 bonus
2736 2364 2873 2427 aliis,
2917 2363 2971 2417 in
2999 2362 3119 2416 aliis
3141 2377 3250 2416 non
3278 2368 3467 2415 natura

1884 2457 2074 2521 malus,
2104 2464 2326 2525 propter
2355 2456 2631 2510 Creatoris
2655 2455 2928 2524 injuriam,
2956 2454 3052 2509 sed
3074 2467 3252 2522 pravae
3279 2452 3467 2507 volun-

1885 2550 2009 2604 tatis
2030 2548 2239 2615 studio;
2266 2548 2440 2603 bonus
2468 2556 2667 2611 autem,
2699 2554 2754 2601 et
2787 2555 2975 2600 natura
3007 2546 3200 2609 bonus,
3232 2552 3288 2599 et
3314 2544 3467 2599 bona:

1883 2642 2061 2697 studio
2107 2641 2422 2696 voluntatis.
2456 2638 2609 2695 Unde
2658 2646 2714 2693 et
2751 2638 3064 2706 angelorum
3118 2651 3346 2692 canores
3385 2635 3468 2691 bis

1884 2732 2221 2787 sermonibus
2249 2730 2598 2794 resonabant,
2629 2736 2692 2783 ut
2720 2728 2826 2783 Deo
2850 2729 3017 2800 gloria
3053 2729 3110 2782 in
3137 2727 3350 2782 excelsis
3377 2741 3468 2783 ca-

1885 2833 2206 2892 neretur,et
2225 2837 2415 2892 pacem
2444 2821 2540 2876 Dei
2588 2836 2751 2891 super
2781 2829 2975 2874 terram
2998 2835 3122 2874 cum
3163 2818 3468 2874 hominibus

1884 2916 2040 2968 boum
2067 2922 2312 2969 sererent
2339 2911 2626 2966 voluntatis
2648 2912 2665 2980 (
2688 2908 2809 2962 Luc.
2838 2926 2892 2970 ιι,
2918 2908 3003 2971 li,
3038 2906 3147 2977 15).
3172 2907 3321 2961 Malae
3341 2922 3467 2976 ergo

1884 3005 2177 3060 voluntatis
2198 3003 2419 3057 arbitrio
2448 3002 2668 3070 angelus
2695 3002 2868 3057 bonus
2895 3016 3016 3057 cum
3034 3009 3198 3061 esset,
3230 2999 3467 3058 declina-

217 3085 359 3143 bolus
381 3104 489 3144 non
518 3091 636 3146 sine
675 3092 826 3147 initio
855 3102 934 3149 est
973 3106 1206 3160 creatus,
1236 3106 1295 3153 ut
1313 3100 1549 3157 Marcion
1567 3104 1777 3171 delirat,

1888 3098 1964 3153 vit
1988 3096 2055 3149 ad
2082 3096 2280 3149 malum
2309 3112 2321 3147 :
2354 3095 2496 3148 hunc
2522 3102 2737 3148 secutus
2766 3100 2849 3146 est
2870 3093 3031 3146 homo
3059 3088 3218 3160 (Cen.
3252 3090 3350 3158 ιιι),
3378 3088 3468 3159 qui

218 3177 301 3231 sed
321 3195 349 3232 a
372 3179 482 3235 Deo
513 3181 657 3237 bono
676 3184 898 3251 angelus
916 3184 1089 3242 factus
1111 3197 1211 3255 est,
1238 3198 1292 3245 et
1312 3207 1473 3247 omne
1493 3194 1690 3249 malum
1713 3212 1782 3251 ex

218 3272 322 3340 ipso
341 3274 550 3329 initium
571 3278 821 3347 sumpsit.

278 3361 301 3400 δ
338 3363 534 3419 Malum
564 3375 745 3422 autem
774 3384 893 3424 esse
914 3371 1063 3439 quod
1090 3373 1341 3441 prohibet
1380 3375 1494 3430 ﬁeri
1533 3377 1703 3434 bonus
1726 3388 1783 3435 et

217 3453 463 3525 benignus
489 3457 652 3524 Deus,
677 3460 888 3515 etiamsi
915 3461 970 3515 id
1007 3462 1209 3518 bonum
1236 3465 1325 3528 sit,
1357 3467 1554 3521 malum
1575 3468 1784 3537 judica-

216 3542 345 3600 bitur
370 3563 469 3616 per
486 3550 900 3618 prohibitionem
920 3550 1262 3620 Legislatoris
1273 3554 1387 3610 Dei.
1404 3555 1520 3611 Jam
1535 3558 1662 3627 quid
1674 3567 1781 3615 tam

219 3635 403 3691 bonum
431 3653 593 3708 quam
623 3641 945 3697 sacriﬁcium
972 3643 1083 3698 Deo
1111 3643 1343 3700 oﬂ‘erre?
1378 3645 1483 3702 Sed
1513 3652 1784 3717 quomodo

217 3738 518 3796 exspectare
544 3740 791 3787 sanctum
818 3732 1121 3789 Samuelem
1158 3750 1253 3791 rex
1281 3735 1407 3792 Saul
1446 3740 1636 3805 noluit,
1671 3742 1786 3812 ipse

216 3825 383 3872 autem
414 3820 734 3876 sacrificium
763 3833 1006 3880 morante
1045 3825 1326 3895 Samuele,
1358 3830 1612 3895 incendit,
1646 3835 1783 3889 ultra

1881 3188 2076 3244 divina:
2104 3187 2236 3254 legis
2264 3184 2506 3240 instituta
2527 3183 2867 3251 contempsit.
2886 3181 3113 3237 Greater
3140 3187 3318 3234 autem
3330 3194 3467 3249 pric-

1884 3279 2028 3335 scius
2048 3284 2450 3346 contemptores
2478 3275 2593 3329 fore
2616 3282 2669 3329 et
2696 3274 2917 3341 angelos
2945 3281 3000 3327 et
3027 3274 3292 3339 homines,
3311 3272 3466 3341 justi-

1886 3375 1973 3430 tiaa
2010 3388 2120 3430 suae
2164 3372 2406 3429 subditos
2432 3371 2579 3434 fecit,
2613 3372 2684 3426 ita
2716 3378 2776 3425 ut
2802 3371 3047 3425 absolute
3064 3385 3168 3424 eos
3193 3383 3303 3425 suae
3348 3383 3468 3427 esse

1882 3466 2221 3539 permitteret
2245 3463 2556 3528 voluntatis,
2589 3472 2615 3510 κ
2645 3462 2769 3531 quia
2796 3477 2898 3516 nec
2926 3461 3082 3515 aliter
3102 3461 3287 3529 gratim
3305 3460 3466 3515 retri-

1885 3561 2036 3616 butio
2051 3558 2198 3629 justa
2227 3572 2348 3612 esse
2367 3563 2569 3628 posset.

1957 3652 2173 3707 Initium
2197 3659 2382 3705 autem
2409 3648 2642 3704 hominis
2671 3652 2726 3701 et
2753 3645 3205 3717 praevaricationis
3232 3645 3348 3715 ejus
3361 3646 3466 3700 evi-

1885 3745 2021 3800 dens
2047 3742 2322 3798 Geneseos
2349 3740 2486 3795 liber
2525 3739 2665 3793 inter
2692 3738 2774 3792 sui
2804 3737 2951 3791 initia
2994 3736 3249 3806 loquitur,
3290 3735 3466 3805 angeli

1886 3845 2067 3891 autem
2103 3834 2314 3889 initium
2341 3838 2572 3888 testatur
2619 3829 2878 3899 propheta
2928 3828 3112 3883 dicens
3142 3844 3154 3880 :
3182 3824 3209 3863 δ
3241 3825 3315 3881 Tu
3348 3843 3465 3882 eras

1369 3960 1478 4015 Fu.
1521 3930 2003 4023 FEU-ARDENTII
2038 3964 2265 4019 norm.

281 4074 303 4101 “
343 4065 466 4121 Haec
493 4067 630 4122 dicta
661 4068 906 4122 videntur
928 4069 1182 4125 adversus
1213 4071 1531 4129 Manichacos
1577 4084 1631 4129 et
1659 4075 1779 4130 Ori—

216 4136 455 4201 genistas,
484 4152 621 4205 quos
648 4138 855 4193 animas
882 4140 991 4194 Deo
1013 4150 1306 4196 coaeternus
1333 4142 1547 4199 tinxisse
1572 4154 1784 4201 veteres

218 4205 551 4260 tradiderunt.

280 4274 304 4351 ξι
341 4275 718 4351 Tcrtullianus,
751 4278 843 4332 lib.
893 4278 960 4333 de
998 4278 1207 4342 Anima,
1255 4284 1430 4351 capite
1480 4286 1565 4339 cui
1596 4285 1781 4340 titulus

216 4340 470 4423 affingitur
502 4346 672 4423 Unum
714 4366 825 4423 esse
845 4351 1072 4423 animum
1099 4360 1149 4403 et
1168 4340 1425 4423 spiritum,
1452 4355 1611 4423 hujus
1633 4356 1780 4410 Isaia)

217 4411 305 4495 loci
334 4422 404 4469 ita
432 4418 675 4495 meminit
710 4437 721 4470 :
754 4418 899 4495 blatis
926 4411 1257 4495 declarantur
1277 4411 1585 4495 di/[erentite
1618 4428 1777 4495 spiri-

1884 4092 2015 4131 vero
2043 4076 2182 4129 mala
2206 4082 2411 4128 tantum
2440 4089 2580 4139 esse,
2605 4074 2731 4141 quia
2761 4072 3029 4143 prohibita
3069 4079 3211 4135 sunt,
3242 4081 3297 4125 ut
3344 4088 3467 4143 esus

1885 4146 2280 4201 immundorum
2308 4145 2409 4198 sub
2435 4145 2572 4212 lege,
2603 4151 2659 4195 et
2703 4141 2849 4209 quod
2894 4141 2981 4212 hic
3009 4148 3161 4195 notat
3200 4142 3469 4198 Arnobius

1884 4218 1951 4272 de
1971 4214 2243 4271 sacriﬁciis
2273 4223 2329 4269 et
2351 4211 2728 4269 communione
2760 4211 3112 4266 eucharistim.

1957 4297 1979 4322 υ
2020 4285 2183 4340 Vetus
2202 4285 2391 4348 codex,
2413 4284 2609 4337 utilem.
3014 4298 3031 4321 α

1958 4354 1975 4393 ῖ
2018 4355 2096 4409 Ita
2120 4354 2398 4422 legendum
2420 4352 2742 4422 censuimus,
2768 4367 2866 4421 pro
2885 4351 3055 4405 aliena
3076 4351 3299 4419 sapiens,
3322 4352 3467 4420 quod

1882 4434 1966 4482 est
1994 4426 2046 4478 in
2074 4420 2244 4480 veteri
2289 4424 2492 4479 codice.
2524 4420 2812 4491 Caeterum,
2842 4422 2908 4475 de
2936 4421 3115 4491 primo
3128 4424 3308 4491 angeli
3338 4422 3467 4477 mali

218 4493 286 4535 tus
310 4495 358 4564 et
384 4482 729 4564 aniinwuipso
767 4487 876 4541 Deo
904 4492 1268 4564 pronuntiante
1289 4482 1566 4564 {Spiritus
1593 4482 1656 4547 esi
1698 4513 1778 4549 me
1808 4486 1854 4541 υ
1883 4503 2107 4564 peccato
2133 4496 2349 4564 copiose
2379 4493 2722 4548 tractavimus
2758 4482 3170 4564 Q'ommentariis
3192 4482 3391 4547 nostris
3412 4494 3465 4548 in

216 4556 436 4629 prodicit,
487 4567 537 4609 et
572 4556 754 4625 ﬂatum
792 4574 991 4629 omnem
1019 4576 1111 4628 ego
1149 4563 1264 4629 feci.
1298 4556 1393 4616 Est
1437 4565 1611 4617 anima
1637 4567 1774 4618 enim

215 4623 355 4689 ﬂatus
396 4623 581 4695 [actus
602 4643 668 4681 ex
693 4629 895 4697 spiritu.
937 4627 1003 4682 Et
1031 4623 1214 4684 rursus
1246 4648 1258 4682 :
1291 4629 1390 4694 Qui
1431 4633 1570 4687 dedit
1598 4635 1779 4703 ﬂatum

217 4694 387 4748 venula
405 4711 561 4748 super
580 4704 789 4748 terram.
812 4706 862 4748 et
887 4700 1122 4748 Spiritum
1144 4701 1459 4748 calcantibus
1485 4720 1597 4748 eam
1622 4708 1635 4748 l
1651 4703 1774 4748 Ῐςηὶ.

216 4701 387 4760 populo
405 4711 561 4766 super
580 4704 789 4762 terram,
812 4706 862 4750 et
887 4701 1122 4766 spiritum
1144 4701 1459 4755 calcantibus
1485 4701 1605 4757 eam
1622 4703 1775 4774 (Isai.

216 4762 474 4841 xcu),_e_tc.
505 4764 830 4841 Ahugustinus
855 4766 991 4826 libro
1012 4768 1078 4823 de
1106 4767 1295 4823 Anima
1319 4780 1373 4825 et
1400 4775 1516 4838 ejus
1543 4772 1777 4841 Origine,

216 4844 326 4967 ap.
358 4833 461 4887 ηε
515 4835 742 4905 Spiritus
787 4854 820 4890 a
844 4854 926 4892 me
950 4840 1101 4902 exiet,
1150 4849 1200 4893 et
1242 4833 1445 4896 omnem
1469 4833 1664 4912 ﬂatur);
1687 4833 1783 4914 ego

232 4916 322 4955 εει.

279 4980 301 5007 ε
338 4971 715 5045 Tertullianus,
766 4975 857 5031 lib.
886 4977 954 5032 de
993 4978 1119 5032 Res.
1162 4994 1298 5045 car.,
1343 4981 1422 5037 sic
1449 4983 1591 5038 hunc
1630 4981 1781 5037 Pauli

217 5035 574 5118 locumreddit
604 5065 617 5098 :
651 5035 722 5099 Et
747 5047 998 5118 integrum
1036 5065 1220 5118 corpus
1248 5035 1776 5118 vestrumﬁet'aninta,

217 5118 261 5187 ςι
283 5113 639 5187 σρίήιιαμοὶηε
683 5113 885 5187 querela
928 5113 1306 5181 conseruentur,
1365 5129 1469 5176 etc.
1513 5113 1778 5178 Caeterum

220 5174 449 5261 ξιςςιίαιυξξ,
479 5184 584 5261 lib._
606 5174 908 5261 νλὸςιρηθί
932 5188 1263 5261 Lactantill‘é.
1292 5174 1691 5261 libroVSeptim'o,
1714 5174 1774 5247 "ci

222 5244 295 5331 te,
323 5259 375 5304 et
398 5244 536 5331 libro
553 5244 863 5331 daDQiticio
883 5244 1003 5331 Dei,»
1028 5274 1146 5331 cap.
1180 5244 1324 5331 λέξει
1340 5244 1433 5326 ιθ,
1457 5244 1779 5331 sanguine

220 5328 433 5403 quoque,
449 5323 584 5403 libro
602 5326 670 5403 de
684 5323 884 5403 Spiritu
906 5336 960 5382 et
979 5323 1188 5403 Anima,
1216 5327 1333 5403 l‘use
1360 5323 1631 5401 disputant
1652 5332 1777 5403 quid

224 5392 347 5477 inter
364 5392 478 5477 haec
503 5395 603 5448 tria
631 5392 871 5477 intersit;
910 5407 964 5477 et
992 5416 1088 5454 nos
1116 5399 1188 5477 de
1216 5400 1317 5477 hac
1329 5416 1397 5477 _re
1417 5392 1631 5471 quoque
1667 5392 1778 5457 dis-

222 5468 465 5536 seruimus
493 5473 680 5536 annot.
707 5468 761 5520 in
789 5468 1093 5536 praedictum
1114 5469 1302 5523 Irenmi
1329 5468 1524 5525 locum.

284 5526 318 5606 ἢ
344 5530 595 5601 Theologi
623 5526 1008 5592 recte'doeent
1044 5539 1289 5606 quietiam
1344 5554 1462 5595 esse
1491 5541 1777 5596 intrinsece

226 5597 350 5686 milia
374 5609 426 5686 et
444 5597 571 5686 quae
581 5607 1015 5686 nunquambopa
1038 5597 1155 5686 esse
1176 5620 1430 5686 possunt,
1448 5619 1507 5663 ut
1525 5610 1776 5686 blasphe-

226 5678 343 5732 nua,
365 5680 695 5743 contemptus
723 5677 835 5740 Dei,
856 5677 1191 5744 idololatria,
1207 5679 1485 5746 adulteria,
1510 5688 1614 5735 etc.
1633 5677 1773 5744 {alia

1908 4566 1922 4581 Ἰ

1927 4566 2178 4635 pistolam
2202 4561 2344 4620 beati
2362 4564 2514 4618 Judzc
2541 4571 2714 4635 apost.
2737 4561 2925 4635 APaulo
2949 4567 3102 4632 post,
3133 4577 3235 4635 non
3277 4574 3467 4635 uetera

1846 4641 1853 4648 “
1884 4632 2068 4691 mulus.
2102 4636 2295 4690 Nostro
2331 4635 2535 4703 judicio
2581 4632 2871 4703 adjecimus
2900 4646 3095 4703 vocem
3116 4632 3300 4686 malus.
3332 4632 3466 4687 Nam

1885 4706 1952 4759 ad
1981 4706 2226 4774 iniuriam
2263 4701 2536 4759 Creatoris
2562 4702 2871 4768 referretur,
2901 4702 2945 4756 si
2972 4701 3101 4769 quid
3127 4708 3317 4757 natura
3345 4718 3465 4758 ma-

1885 4775 1995 4829 lum
2023 4774 2365 4830 condidisset.

1962 4843 2003 4892 8'
2026 4843 2103 4899 Ita
2130 4855 2180 4900 et
2209 4844 2449 4899 Justinus
2485 4849 2688 4912 martyr
2718 4842 3134 4914 apostolicorum
3163 4849 3464 4914 temporqu

1890 4916 1972 4969 vir
2000 4916 2250 4986 (Apolog.
2283 4914 2337 4984 1)
2364 4914 2601 4983 :Angeli,
2633 4913 2832 4982 inquit,
2865 4914 3193 4986 hominesque
3221 4913 3468 4986 quoniam

1886 4982 2036 5039 initio
2063 4982 2178 5039 cum
2199 4982 2505 5038 crearentur
2533 4993 2837 5052 acceperunt
2874 5000 2906 5037 a
2942 4982 3055 5038 Deo
3078 4982 3290 5039 liberum
3323 4984 3467 5039 arbi-

1883 5057 2053 5126 trium,
2072 5055 2210 5126 juste
2229 5069 2429 5126 poenam
2448 5062 2770 5126 peccatorum
2790 5054 2999 5126 luentin
3022 5053 3462 5126 ceternisignibus.

1883 5122 2046 5178 Nulla
2062 5122 2390 5196 _7‘enim_’laude
2416 5122 2693 5196 quidqugm
2737 5135 2867 5178 esset
2892 5125 3133 5196 dignum,
3152 5126 3206 5178 ni
3245 5122 3376 5178 esset
3395 5124 3465 5178 ad

1878 5192 2171 5264 utrumlibet
2198 5193 2391 5261 ﬂexile,
2430 5192 2701 5249 eteilkcc
2745 5202 2802 5264 et
2848 5192 3040 5249 caatera
3078 5195 3310 5264 plurima
3345 5211 3465 5264 qua:

1880 5272 2035 5318 vetus
2056 5262 2291 5318 Ecclesia
2317 5272 2424 5316 tam
2459 5264 2712 5318 adversus
2741 5262 3101 5330 Simonianos,
3121 5262 3464 5322 Marcionitas

1880 5340 1936 5387 et
1963 5333 2299 5404 Manichacus,
2316 5334 2468 5389 liberi
2490 5336 2695 5390 arbitrii
2724 5336 2926 5404 primos
2954 5336 3156 5399 hostes,
3174 5350 3333 5404 quam
3363 5336 3460 5391 ad-

1879 5418 2066 5475 versus
2115 5402 2449 5473 Pelagianos,
2480 5402 2742 5474 ejusdem'
2769 5406 2964 5460 nimios
3009 5402 3301 5475 prmcones,
3332 5421 3461 5459 san-

1878 5473 2115 5528 ctissime
2152 5475 2407 5538 decrevit,
2440 5473 2643 5529 utinam
2670 5476 2814 5530 serio
2854 5473 3037 5530 secum
3074 5474 3462 5530 meditarentur

1882 5541 2169 5627 Lutherani
2216 5552 2272 5627 et
2297 5543 2639 5627 .Calviniani!
2669 5544 3246 5627 desinerent‘profecto
3276 5544 3376 5601 hac
3403 5547 3458 5601 in

1878 5626 1938 5667 re
1966 5613 2155 5667 saltem
2187 5614 2340 5669 nobis
2358 5617 2635 5671 catholicis
2663 5629 2784 5670 esse
2812 5613 3043 5668 molesti.

1951 5679 1979 5720 ιι
2016 5682 2241 5738 Nomina
2266 5686 2625 5753 Asubjcctarum
2653 5699 2980 5751 gemmarum
3002 5685 3071 5738 ita
3097 5683 3318 5755 legenda
3339 5700 3454 5758 pro-
