3936 6176
519 275 623 330 ⁸5ιῦ

1854 260 2123 320 ARNOBII
2161 261 2464 321 JUNIORIS
3643 265 3732 322 516

520 391 837 448 strationem
864 386 1096 459 Spiritus
1120 384 1291 440 sancti
1320 382 1624 447 pertineant
1641 379 1707 431 ad
1728 380 2105 449 concupiscen-
2131 381 2179 438 A
2208 376 2465 433 faciamus
2491 378 2712 441 bonum,
2740 376 2831 432 ubi
2857 375 3070 440 dicitur.
3092 375 3308 432 Declina
3337 389 3370 426 α
3407 371 3538 427 malo
3560 415 3575 441 ,
3603 386 3644 431 et
3667 382 3735 451 fac

521 484 625 536 tias
649 479 1081 545 tentationesque
1106 472 1422 537 vincendas,
1453 484 1613 541 quam
1640 468 1903 523 ditissime
1929 466 2103 521 effun-

521 572 615 627 det
637 584 800 639 super
827 582 926 621 nos
969 566 1062 635 qui
1106 562 1340 618 ascendit
1383 562 1440 616 in
1486 560 1697 620 emtum,
1740 567 1797 613 et
1842 559 2104 629 captivam

523 660 870 729 captivitatem
912 654 1055 707 dedit
1083 653 1225 707 dona
1253 649 1543 705 hominibus
1574 648 1745 718 (Psal.
1782 664 1960 711 Lxxvt,
1993 645 2100 716 l9).

521 750 659 803 llinc
687 756 742 802 et
769 761 987 801 oramus
1013 753 1072 799 ut
1098 750 1442 814 peccatorum
1487 741 1810 794 tentationes
1851 753 2109 808 superare

521 841 817 912 possimus,
851 846 906 892 et
933 836 1165 906 Spiritus
1208 834 1338 899 Dei,
1369 832 1512 887 unde
1548 832 1738 901 pignus
1784 830 2107 900 accepimus,

522 932 740 1001 adjuvet
769 929 1132 985 infirmitatem
1162 936 1420 982 nostram.
1454 924 1555 991 Qui
1585 932 1763 979 autem
1794 931 1915 976 orat
1942 932 1997 976 et
2024 923 2109 977 di-

521 1024 635 1080 cit:
662 1020 747 1076 Ne
774 1037 868 1076 nos
895 1019 1069 1075 induci
1098 1019 1317 1090 patiaris
1346 1018 1401 1070 in
1432 1016 1765 1069 tentationem
1789 1013 2001 1084 (Matth.
2035 1029 2107 1078 γι,

526 1115 617 1185 15)
635 1155 653 1181 ,
680 1131 788 1169 non
819 1114 1002 1182 utique
1031 1111 1083 1166 id
1112 1118 1260 1174 orat,
1293 1115 1353 1163 ut
1379 1108 1543 1162 homo
1584 1107 1684 1171 sit,
1717 1106 1863 1176 quod
1890 1115 1973 1160 est
2015 1120 2111 1159 na-

526 1221 674 1274 tura;
706 1222 882 1276 neque
910 1205 963 1260 id
1010 1212 1147 1267 orat,
1190 1210 1248 1256 ut
1293 1202 1489 1256 habeat
1534 1200 1762 1254 liberum
1810 1198 2108 1262 arbitrium,

525 1301 672 1369 quod
697 1300 806 1368 jam
837 1298 1045 1375 accepit
1072 1312 1194 1350 eum
1223 1302 1500 1349 crearetur
1528 1293 1663 1362 ipsa.
1687 1301 1905 1357 natura;
1936 1306 2113 1361 neque

526 1400 648 1446 orat
676 1398 1020 1458 peccatorum
1051 1385 1441 1444 remissionem,
1474 1383 1598 1452 quia
1629 1382 1732 1437 hoc
1755 1383 2002 1451 superius
2027 1381 2113 1436 di-

526 1482 711 1536 citur:
742 1479 957 1532 Dimitte
1002 1476 1149 1530 nobis
1196 1473 1368 1529 debita
1414 1483 1623 1538 nostra;
1671 1487 1845 1540 neque
1890 1480 2012 1526 orat
2057 1478 2115 1526 ut

527 1571 755 1639 accipiat
809 1567 1117 1621 mandatum
1151 1583 1163 1618 :
1195 1564 1291 1620 sed
1331 1573 1452 1619 orat
1488 1564 1650 1633 plane
1690 1571 1748 1617 ut
1775 1563 1936 1618 faciat
1964 1577 2117 1617 man-

529 1662 730 1715 datum.
756 1658 895 1727 .Orat
923 1667 982 1713 ut
1017 1674 1125 1713 non
1155 1665 1344 1727 peccet
1364 1696 1381 1723 ,
1411 1658 1516 1712 hoc
1543 1663 1663 1720 est,
1695 1671 1764 1711 ne
1799 1657 1928 1724 quid
1956 1655 2117 1711 faciat

2208 466 2426 534 bonum;
2457 475 2512 523 et
2537 476 2718 522 tamen
2740 474 2925 522 oratur
2951 474 3012 522 ut
3038 466 3292 522 faciamus
3326 467 3534 533 bonum,
3563 468 3642 522 ubi
3672 470 3739 523 di-

2207 561 2347 616 citur
2388 578 2402 613 :
2439 558 2564 614 Non
2603 574 2862 619 cessamus
2887 575 2983 627 pro
3012 555 3149 612 vobis
3177 565 3403 619 orantes,
3430 565 3485 611 ut
3509 556 3739 612 mbulatis

2209 648 2363 721 digne
2387 648 2517 714 Deo,
2540 649 2596 703 in
2623 648 2859 703 omnibus
2884 646 3270 718 beneplacentes
3314 645 3445 712 Deo,
3468 656 3515 700 et
3547 649 3597 700 in
3625 651 3740 703 omni

2209 757 2361 811 opere
2398 738 2551 796 bono.
2583 738 2641 794 Si
2668 752 2797 808 ergo
2822 739 3160 807 agnoscimus
3187 738 3526 800 voluntatem,
3548 739 3626 792 cui
3648 738 3741 793 haec

2211 831 2606 901 praecipiuntur,
2638 830 2715 885 sic
2739 828 2997 884 debemus
3043 842 3336 897 agnoscere
3362 828 3593 894 gratiam,
3628 824 3786 896 quo-9

2211 921 2371 976 modo
2408 921 2525 976 sine
2565 920 2659 975 Dei
2694 920 2866 988 gratia
2896 934 3017 988 qum
3057 918 3278 988 implere
3316 918 3550 988 cupimus
3575 918 3744 972 nullum

2210 1015 2507 1069 sortiuntur
2552 1012 2820 1067 effectum.
2863 1042 2935 1053 —-
2972 994 3235 1078 Serapion
3283 1008 3420 1064 dixit
3459 1028 3472 1060 :
3506 1007 3748 1074 Quomodo

2212 1119 2404 1173 magna
2445 1103 2559 1158 haec
2596 1103 2818 1157 assertio
2864 1102 3037 1157 sancti
3080 1100 3181 1155 viri
3226 1108 3373 1153 tanta
3419 1106 3499 1154 est
3532 1099 3749 1168 aequitate

2212 1197 2458 1259 subnixa,
2490 1203 2550 1250 ut
2575 1204 2763 1250 contra
2793 1194 2907 1248 hmo
2935 1193 3128 1247 mentis
3152 1193 3316 1247 homo
3337 1192 3514 1245 venire
3542 1206 3635 1245 non
3656 1205 3750 1260 pos-

2212 1289 2319 1342 sit:
2351 1302 2510 1342 nosse
2544 1286 2704 1355 cupio
2742 1285 2786 1341 si
2816 1284 2977 1339 etiam
3007 1282 3074 1337 de
3100 1282 3181 1336 his
3206 1296 3327 1350 qum
3363 1281 3604 1335 anteriori
3639 1289 3750 1334 temo

2213 1394 2346 1450 pore
2392 1378 2616 1446 egimus,
2666 1376 2759 1429 tali
2786 1375 2855 1429 ab
2884 1389 2951 1429 eo
2993 1373 3192 1427 fuerint
3218 1387 3378 1426 sensu
3415 1371 3499 1426 vel
3540 1385 3751 1425 sermone

2213 1468 2450 1525 definita.
2478 1500 2552 1511 --
2577 1466 2848 1521 Arnobius
2887 1463 3025 1519 dixit
3068 1481 3081 1516 :
3113 1461 3280 1517 Multa
3328 1469 3449 1516 sunt
3489 1459 3554 1514 de
3593 1459 3753 1528 quibus

2215 1546 2507 1630 disputatio
2545 1565 2730 1613 nostra
2766 1572 2864 1627 per
2902 1554 3309 1609 altercationem
3346 1550 3578 1622 pervenit
3611 1548 3669 1604 ad
3699 1546 3751 1600 li-

2217 1666 2379 1717 nem;
2410 1651 2479 1705 de
2504 1665 2613 1719 quo
2640 1663 2784 1703 nunc
2812 1647 2968 1701 titulo
3006 1645 3179 1700 sancti
3204 1642 3482 1710 Augustini
3510 1642 3582 1695 vis
3616 1639 3752 1694 robo-

532 1753 655 1806 mali
685 1769 698 1804 :
731 1752 872 1821 quod
917 1766 1016 1818 pro
1062 1749 1356 1803 Corinthiis
1398 1756 1519 1803 orat
1559 1748 1848 1818 Apostolus
1886 1747 2071 1803 dicens
2102 1766 2115 1801 :
2148 1750 2198 1811 Β
2221 1743 2330 1798 rari
2353 1742 2645 1796 sermone?
2667 1737 3020 1807 -—-Serapion
3057 1735 3194 1790 dixit
3223 1752 3236 1787 :
3268 1734 3345 1788 De
3369 1732 3630 1787 nativitate
3651 1729 3753 1784 lese

534 1843 760 1898 Oramus
789 1853 960 1896 autem
987 1842 1057 1894 ad
1081 1841 1277 1903 Deum,
1310 1857 1375 1894 ne
1400 1840 1524 1912 quid
1552 1842 1760 1911 faciatis
1787 1841 1930 1895 ntali.
1965 1840 2117 1896 Unde

532 1935 665 1988 satis
692 1941 916 2002 apparet
943 1932 1068 2001 quia
1094 1931 1164 1985 ad
1193 1948 1300 1986 non
1331 1931 1679 2002 peccandum,
1704 1932 1757 1986 id
1786 1941 1888 1996 est,
1913 1932 1979 1986 ad
2010 1948 2120 1988 non

534 2024 975 2081 malefaciendum
997 2064 1014 2090 ,
1043 2026 1287 2094 quamvis
1315 2039 1434 2079 esse
1458 2040 1569 2079 non
1597 2024 1867 2080 dubitetur
1892 2026 2120 2081 liberum

534 2118 811 2171 arbitrium
841 2117 1167 2182 voluntatis,
1194 2124 1375 2171 tamen
1405 2118 1520 2187 ejus
1558 2126 1800 2188 potestas
1836 2133 1944 2172 non
1973 2117 2123 2173 suffl-

534 2208 663 2271 ciat,
697 2207 798 2261 nisi
828 2207 1111 2275 adjuvetur
1145 2208 1446 2264 inﬁrmitas.
1489 2208 1608 2279 Ipsa
1637 2209 1799 2279 igitur
1834 2209 2013 2264 oratio
2040 2217 2125 2265 est

535 2302 827 2357 clarissima
855 2303 1042 2370 gratiae
1068 2300 1395 2358 testiﬁcatio.
1426 2301 1551 2357 Haec
1578 2303 1667 2357 ille
1687 2301 2005 2358 conﬁteatur
2029 2301 2124 2372 qui

536 2395 787 2462 denegat,
817 2402 871 2447 et
898 2408 1021 2449 eum
1050 2395 1343 2463 gaudemus
1388 2395 1501 2449 sive
1541 2402 1749 2450 rectum
1797 2396 1909 2450 sive
1936 2409 2123 2450 corre-

536 2492 701 2539 ctum.
735 2485 1116 2553 Distingueuda
1145 2498 1275 2553 ergo
1306 2486 1390 2539 lex
1421 2494 1505 2541 est
1532 2492 1587 2541 et
1611 2486 1799 2554 gratia.
1835 2486 1946 2541 Lex
1969 2486 2125 2555 juva-

538 2584 624 2629 ret
654 2576 754 2628 nisi
787 2583 930 2629 esset
955 2576 1223 2639 voluntas,
1254 2591 1355 2630 uec
1397 2575 1568 2644 gratia
1611 2576 1826 2644 iuvaret
1852 2576 1957 2630 nisi
1978 2583 2127 2631 esset

542 2666 843 2719 infirmitas.
877 2664 1103 2720 Jubetur
1132 2675 1191 2718 ut
1217 2666 1443 2719 habeam
1474 2666 1803 2720 intellectum
1827 2708 1841 2729 ,
1868 2666 1962 2720 ubi
1986 2666 2124 2721 dici-

541 2767 649 2825 tur,
684 2756 861 2812 Nolite
898 2760 1012 2829 βενε
1041 2775 1197 2830 equus
1226 2768 1274 2812 et
1320 2759 1506 2824 mulus,
1548 2767 1676 2824 etc.;
1704 2767 1762 2813 et
1790 2768 1967 2813 tamen
1998 2775 2125 2813 ora-

542 2866 663 2903 mus
692 2856 751 2902 ut
778 2850 1072 2903 habeamus
1101 2849 1459 2913 intellectum,
1492 2851 1582 2904 ubi
1611 2850 1808 2904 dicitur
1840 2869 1851 2903 :
1885 2849 1969 2903 Da
1999 2851 2127 2905 mihi

539 2939 855 2993 intellectum
880 2948 939 2992 ut
957 2938 1158 2993 discam
1184 2939 1438 2994 mandata
1469 2948 1575 2994 tua.
1600 2939 1826 2996 Jubetur
1851 2949 1911 2996 ut
1936 2942 2129 2997 habea-

2219 1833 2438 1895 Christi,
2471 1834 2525 1887 in
2543 1847 2648 1901 qua
2676 1832 2819 1887 Deus
2840 1838 2899 1885 et
2919 1830 3084 1884 homo
3111 1827 3269 1883 nobis
3295 1824 3538 1897 perduas
3555 1822 3758 1878 substan-

2220 1928 2324 1981 tias
2371 1925 2673 1979 declaratus
2716 1930 2830 1985 est,
2875 1920 2930 1975 in
2976 1919 3171 1988 quibus
3207 1925 3445 1972 sanctam
3484 1914 3680 1968 Mariam
3713 1919 3758 1966 et

2219 2019 2559 2102 Χρωτοτὸκον
2603 2023 2660 2070 et
2694 2014 2932 2071 Θιοτόπον
2969 2009 3271 2073 exstitisse,
3321 2016 3374 2062 te
3427 2012 3677 2063 aStruente
3716 2009 3762 2055 et

2220 2111 2501 2181 probante,
2531 2105 2776 2175 cognovi.

2294 2198 2483 2255 XXXI.
2507 2230 2578 2242 --—
2607 2194 2875 2250 Arnobius
2910 2193 3048 2249 dixit
3075 2210 3086 2244 :
3118 2190 3179 2246 Si
3207 2191 3373 2246 verba
3400 2187 3512 2257 ejus
3535 2202 3625 2256 per
3640 2198 3765 2241 coni-

2220 2300 2373 2347 mata
2400 2291 2566 2345 incisa
2591 2301 2897 2359 proponere
2933 2285 3190 2350 voluero,
3223 2281 3575 2353 suspicionem
3613 2277 3764 2347 potius

2223 2399 2385 2455 quam
2413 2380 2831 2437 satisfactionem
2874 2377 3181 2432 exhibuisse
3210 2374 3450 2429 videbor.
3481 2369 3622 2426 Unde
3652 2382 3763 2422 con-

2220 2490 2417 2545 gruum
2444 2487 2639 2528 censeo
2680 2478 2741 2525 ut
2777 2470 3042 2537 integrum
3069 2467 3168 2521 tibi
3216 2466 3334 2536 ejus
3364 2469 3628 2519 tractatum
3654 2458 3766 2513 assi-

2222 2582 2402 2638 gnem,
2433 2581 2542 2634 quo
2570 2563 2857 2619 evidenter
2872 2574 3134 2630 agnoscas
3177 2573 3305 2613 eum
3332 2557 3463 2611 duas
3499 2551 3766 2608 nativitates

2226 2659 2465 2726 duasque
2491 2653 2819 2711 substantias
2845 2653 2900 2705 in
2929 2651 3087 2706 unico
3109 2648 3210 2703 Dei
3238 2648 3375 2703 Filio
3401 2644 3707 2717 pnedicasse.

2228 2771 2411 2827 Sermo
2435 2769 2604 2823 sancti
2631 2764 2906 2837 Augustini
2927 2760 3269 2837 episcopi,_de_
3291 2756 3572 2812 Nativitate
3588 2750 3765 2806 Domini

2737 2834 2901 2889 nostri
2920 2832 3047 2886 Iesu
3076 2832 3289 2884 Christi.

2301 2942 2326 2970 ιι
2351 2948 2369 2980 ι
2398 2928 2649 2984 Salvator
2662 2933 2847 2982 noster
2886 2931 3042 2978 natus
3080 2921 3148 2976 de
3196 2920 3359 2975 Patre
3402 2919 3514 2975 sine
3552 2915 3647 2977 die,
3690 2924 3769 2981 per

541 3046 662 3085 mus
690 3031 1026 3100 sapientiam,
1054 3032 1145 3085 ubi
1165 3031 1396 3086 dicitur:
1424 3031 1606 3097 Stulti,
1629 3032 1910 3105 aliquando
1930 3035 2125 3103 sapite,-
2216 3037 2387 3092 quem
2417 3021 2587 3074 factus
2616 3025 2699 3073 est
2738 3015 2914 3071 omnis
2939 3013 3086 3105 dies,
3110 3011 3284 3105 voluit
3426 3019 3562 3063 terra
3603 3002 3769 3105 habere

543 3128 598 3173 et
628 3091 804 3174 tamen
835 3091 1052 3176 oramus
1078 3129 1140 3175 ut
1169 3121 1460 3176 habeamus
1490 3091 1841 3192 sapientiam,
1874 3124 1967 3178 ubi
2157 3118 2202 3181 C
2235 3091 2467 3167 llatalem
2510 3110 2655 3164 111ωο
2676 3106 2842 3172 diem:
2872 3119 3033 3174 quem
3060 3101 3223 3159 Ῑιοάίθ
3263 3101 3603 3192 θείεδῖ³Ψ“³³
3638 3091 3772 3159 Quis-

542 3220 632 3265 tur
657 3229 669 3264 :
696 3210 758 3266 Si
786 3214 898 3283 quis
926 3219 1147 3267 uestrum
1166 3213 1367 3285 indiget
1389 3215 1668 3285 sapientia,
1693 3220 1913 3285 postulet
1940 3232 1972 3268 a
1994 3213 2124 3280 Deo,

543 3303 630 3374 qui
664 3302 755 3355 dat
782 3302 1017 3358 omnibus
1045 3303 1332 3375 afﬂuenter,
1362 3313 1414 3358 et
1438 3321 1545 3359 non
1580 3306 1923 3374 improperat,
1954 3313 2003 3360 et
2032 3305 2130 3360 da—

544 3396 682 3449 bitur
709 3397 776 3451 ei.
807 3394 1066 3451 iubemur
1092 3397 1292 3451 habere
1328 3396 1736 3461 continentiam,
1767 3398 1859 3452 ubi
1886 3397 2081 3453 dicitur
2112 3416 2124 3451 :

542 3486 765 3543 Contine
795 3490 1008 3561 teipsnm
1024 3506 1043 3554 ;
1075 3498 1129 3544 et
1154 3497 1338 3544 tamen
1377 3499 1562 3545 oratur
1590 3498 1649 3544 ut
1675 3491 1969 3545 habeamus
1994 3505 2128 3545 ron-

543 3581 845 3644 tinentiam,
877 3581 968 3635 ubi
997 3581 1192 3636 dicitur
1227 3600 1239 3635 :
1272 3581 1400 3635 Cum
1426 3584 1610 3635 scirem
1638 3583 1757 3654 quia
1785 3598 1932 3636 nemo
1963 3588 2130 3649 potest

542 3676 814 3727 continens
845 3691 954 3728 esse
978 3674 1079 3728 nisi
1102 3672 1242 3726 Deus
1267 3673 1373 3736 det,
1402 3680 1451 3725 et
1480 3672 1576 3726 hoc
1602 3673 1769 3742 ipsum
1788 3682 1904 3725 erat
1929 3673 2135 3739 sapien-

540 3767 613 3817 tis
642 3766 798 3829 scire,
832 3764 979 3834 cujus
1018 3773 1154 3817 esset
1182 3765 1277 3818 hoc
1324 3763 1536 3827 donum,
1580 3769 1631 3816 et
1674 3764 1869 3816 accessi
1908 3762 1977 3815 ad
2020 3762 2132 3817 Do—

544 3859 762 3919 minum,
787 3864 835 3909 et
856 3857 1156 3927 deprecatus
1183 3872 1297 3910 sum
1325 3871 1456 3909 eum.
1483 3853 1789 3918 Postremo,
1822 3870 1890 3908 ne
1911 3855 2134 3909 nimium

546 3946 765 4013 longum
794 3945 863 3998 sit
889 3954 1078 3998 cuncta
1107 3959 1439 4014 perennare,
1468 3943 1722 4012 iubemur
1744 3948 1803 3997 ut
1830 3959 1938 3998 non
1972 3942 2137 3998 facia-

546 4051 670 4090 mus
689 4034 848 4096 mala,
874 4034 964 4088 ubi
987 4033 1179 4088 dicitur
1204 4052 1215 4086 :
1240 4033 1462 4087 Declina
1490 4050 1523 4087 a
1544 4034 1702 4099 malo,
1726 4041 1777 4088 et
1806 4037 1891 4106 fac
1914 4033 2135 4099 bonum;

548 4135 608 4179 et
645 4134 825 4179 tamen
868 4132 1053 4179 oratur
1096 4132 1288 4180 utnon
1336 4124 1591 4179 faciamus
1637 4125 1867 4191 malum,
1892 4126 1983 4180 ubi
2009 4125 2139 4180 dicit

550 4214 839 4285 Apostolus
880 4232 894 4268 :
943 4211 1169 4270 Oramus
1211 4223 1381 4269 autem
1430 4216 1500 4268 ad
1544 4202 1854 4280 Dominum,
1906 4232 1972 4270 ne
2015 4216 2139 4288 quid

526 4298 672 4361 ’mali
714 4307 938 4378 faciatis.
969 4292 1228 4360 Jubémur
1255 4312 1313 4359 ut
1362 4322 1468 4360 non
1518 4305 1774 4360 faciamus
1820 4306 2049 4371 malum,
2082 4316 2139 4362 et

2231 3202 2352 3273 quis
2420 3203 2560 3256 hunc
2603 3198 2763 3271 diem
2829 3194 3043 3251 miraris
3064 3232 3078 3258 ,
3130 3199 3398 3247 aeternum
3454 3188 3637 3243 mirare
3676 3195 3771 3273 ppo—

2232 3297 2340 3350 tius
2377 3300 2502 3348 ante
2526 3304 2744 3348 omnem
2771 3288 2917 3343 diem
2953 3291 3391 3357 permanentem,
3431 3292 3633 3337 omnem
3656 3272 3773 3328 diem

2232 3392 2526 3449 creantem,
2557 3384 2611 3437 in
2636 3380 2724 3437 die
2748 3385 3078 3442 nascentem,
3125 3391 3159 3430 a
3197 3375 3404 3429 malitia
3446 3371 3548 3427 diei
3574 3368 3773 3423 liberan-

2234 3486 2363 3532 tem.
2396 3475 2583 3530 Adhuc
2632 3472 2832 3527 mirare
2874 3487 2889 3521 :
2921 3482 3043 3537 quae
3081 3467 3315 3536 peperit,
3350 3472 3521 3518 mater
3563 3466 3614 3514 et
3652 3456 3775 3520 virgo

2228 3574 2344 3633 est;
2374 3580 2535 3635 quem
2560 3562 2772 3634 peperit
2799 3560 2974 3614 infans
3009 3564 3064 3613 et
3090 3557 3331 3612 Verbum
3365 3562 3448 3609 est
3476 3544 3772 3621 (ιορωμαι.

2235 3657 2429 3712 Merito
2467 3654 2591 3710 (ιωιί
2637 3652 2803 3707 locuti
2845 3656 3004 3714 sunt,
3033 3646 3210 3715 angeli
3256 3643 3506 3716 gratulati
3526 3679 3542 3704 ,
3570 3644 3778 3730 putore}

2236 3747 2421 3812 laetati,
2455 3744 2593 3811 magi
2622 3740 2850 3807 invitati,
2883 3752 3037 3807 reges
3062 3737 3286 3801 turbati,
3317 3731 3525 3805 parvuli
3550 3729 3777 3812 coronati-

2237 3809 2422 3902 Lacta,
2453 3809 2646 3898 mater,
2678 3832 2856 3887 cibum
2885 3837 3157 3893 nostrum,
3189 3826 3331 3881 laeta
3360 3838 3548 3895 panem
3576 3819 3637 3874 de
3665 3809 3779 3912 οωξο

2237 3932 2574 3993 venientem,
2605 3935 2659 3982 et
2687 3927 2740 3980 in
2779 3922 3044 3995 praesepio
3073 3920 3311 3990 positum
3339 3918 3482 3973 velut
3508 3914 3697 3984 piorum
3718 3918 3780 3957 cl-

2239 4026 2388 4081 baria
2412 4022 2780 4093 jumentorum
2801 4015 2952 4087 (Luc.
2968 4031 3004 4078 ι,
3029 4014 3127 4079 26;
3158 4010 3352 4065 Matth.
3382 4022 3438 4074 ιι,
3463 4006 3523 4071 l;
3550 4003 3690 4057 Joan.
3714 4007 3777 4056 ﬂ;

2241 4115 2367 4169 Luc.
2400 4113 2480 4184 ιι).
2512 4112 2625 4167 Illic
2652 4110 2795 4165 enim
2841 4106 3078 4178 cognovit
3124 4103 3213 4157 bos
3260 4111 3599 4173 possessorem
3639 4098 3776 4186 multi.

2240 4211 2417 4264 asinus
2442 4177 2688 4277 praesepe
2732 4177 2926 4255 domini
2965 4197 3046 4251 sui
3098 4194 3253 4267 (Isai.
3286 4211 3325 4277 ξ,
3373 4191 3458 4261 '5);
3489 4177 3779 4277 circumcisio

2241 4272 2548 4360 scilicet—et
2593 4272 2943 4367 prteputium,
2981 4273 3309 4346 cohaerendo
3352 4283 3512 4355 lapidi
3552 4272 3779 4344 angulari.

1730 4438 1839 4492 FR.
1882 4437 2359 4493 FEU-ARDENTII
2398 4431 2626 4489 NOTAE.

621 4544 649 4573 ι
686 4534 911 4591 Arnobii
937 4533 1214 4598 scriptum,
1244 4545 1367 4586 cum
1412 4528 1693 4598 Augustini
1739 4544 1988 4598 sermone
2031 4530 2132 4584 im-
2161 4533 2215 4593 Ι)
2240 4524 2526 4598 Arnobius,
2558 4536 2678 4598 qua:
2705 4527 2830 4598 sunt
2857 4519 2909 4573 in
2936 4515 3231 4598 Augustan
3266 4510 3449 4598 tibi?
3469 4518 3523 4598 ἐξ
3535 4507 3784 4598 ῇλξίξξξξξζ

551 4614 740 4677 presso
761 4604 991 4677 Lutetia;
1028 4597 1186 4664 {571,
1216 4614 1348 4677 cum_
1363 4599 1584 4667 reliquis
1606 4599 1847 4677 ejusdem
1874 4597 2136 4677 Operibus

550 4668 835 4745 diligenter
862 4672 1219 4736 conferentes,
1242 4669 1410 4724 multa
1438 4668 1789 4745 emendanda,
1812 4670 1989 4745 varias
2008 4685 2140 4745 quo-

549 4740 671 4813 quo
684 4746 945 4800 lectiones
966 4744 1021 4798 in
1047 4750 1279 4813 utroque
1302 4740 1679 4813 comperimus,
1705 4754 1828 4813 qum
1850 4740 1938 4795 hic
1957 4740 2136 4813 brevi-

551 4807 655 4869 bus
677 4822 734 4869 et
757 4815 947 4870 ordine
972 4807 1440 4881 consignabimus.‘
1455 4807 1909 4881 Arnobius’babet
1936 4829 1948 4862 :
1983 4807 2138 4881 Quis-

552 4886 667 4953 quis
702 4884 826 4938 inde
851 4885 1099 4948 miraris;
1132 4878 1500 4953 Augustinus,
1536 4878 1775 4953 Quisquis
1811 4879 1954 4953 [tunc
2000 4880 2138 4953 diem

552 4948 781 5008 miraris.
818 4954 1114 5019 Arnobius,
1137 4948 1570 5023 AMagiJinvitati;
1603 4948 2140 5023 Au'gustinus,_Magi

553 5025 766 5077 imitati.
800 5023 1087 5092 Arnobius,
1121 5019 1221 5085 Qui
1242 5018 1351 5075 'tibi
1377 5023 1528 5075 unius
1570 5019 1931 5092 fecunditatis;
1948 5018 2139 5092 Augu-

553 5095 743 5157 stinus,
778 5091 878 5157 Qui
907 5094 999 5147 tibi
1025 5108 1209 5147 munus
1241 5088 1594 5163 [agunditatia
1627 5090 1914 5163 Arnobius,
1945 5088 2012 5143 Ut
2032 5088 2139 5163 illic

554 5164 891 5231 procederet;
923 5158 1265 5229 Augustinus,
1302 5159 1369 5215 Ut
1409 5162 1497 5215 ille
1535 5162 1655 5215 hinc
1681 5161 2015 5232 procederet._
2037 5158 2140 5232 Ar-

558 5228 779 5295 nobius,
822 5234 971 5288 Venit
998 5228 1053 5288 se
1082 5234 1293 5296 testari;
1334 5228 1691 5299 Augustinus,
1730 5229 1960 5284 Venisse.
1993 5228 2138 5283 Idem

554 5305 908 5373 Augustinus,
961 5302 1183 5373 Quando
1232 5302 1365 5373 hanc
1414 5302 1826 5373 generationem;
1873 5299 2141 5373 Arnobius

554 5368 704 5429 caret
731 5368 993 5430 adverbio
1017 5370 1255 5437 Quando.
1287 5368 1638 5437 Augustinus,
1671 5369 1839 5433 Quam
1886 5371 1972 5437 pia
2010 5368 2140 5437 ﬁdes

554 5447 765 5511 agnovit
790 5455 840 5498 et
869 5446 1061 5505 tenuit;
1093 5442 1378 5505 Arnobius,
1412 5438 1546 5504 Quia
1567 5441 1697 5510 ﬁdes
1714 5441 1932 5511 excepit.
1958 5438 2142 5511 Augu-

555 5507 747 5577 stinus,
782 5514 908 5569 Non
934 5516 1078 5569 siluit
1102 5515 1190 5583 qui
1223 5511 1459 5575 dicebat;
1492 5507 1776 5583 Arnobius,
1811 5507 1910 5583 Qui
1938 5507 2145 5563 diceba-

559 5597 660 5638 tur.
691 5586 891 5640 Deinde
912 5580 1149 5639 Aruohio
1177 5583 1403 5637 deerant
1428 5596 1523 5634 sex
1552 5580 1814 5635 dictiones
1848 5580 1981 5641 istm,
2011 5593 2144 5647 quas

560 5671 630 5707 cx
681 5656 974 5724 Augustino
1022 5653 1398 5724 restituimus;
1446 5648 1579 5714 Quia
1629 5666 1733 5703 non
1774 5666 1889 5724 eum
1931 5648 2139 5702 vivendo

561 5720 823 5794 praecedit.
880 5724 1184 5795 Segregata.
1241 5720 1472 5777 Carehat
1522 5734 1728 5773 rursum
1786 5720 1867 5774 his
1912 5727 2141 5787 quatuor

2240 4580 2377 4653 aut;
2407 4580 2749 4662 Augustinus,
2782 4580 3229 4662 Transcendamus
3266 4591 3316 4637 et
3352 4580 3782 4662 animasgnatltg;

2244 4651 2531 4730 Arnobius,
2576 4651 2767 4716 Omnes
2814 4659 3151 4730 cogitationes
3197 4662 3424 4730 nostras.
3476 4651 3781 4730 Augustinuf.

2660 4711 3121 4803 perfectélpalpitat
3132 4711 3628 4803 inﬁrmataspectus,
3637 4711 3787 4803 Arg?-

2412 4802 2548 4869 Quia
2577 4788 2840 4873 per'specta
2860 4788 3082 4873 palpitat
3094 4788 3282 4873 animo
3296 4788 3536 4863 inﬁnitus
3561 4788 3781 4873 aspecta:

2244 4844 3502 4941 ἓᾶἷὲιιῖῖθέιῖἓιῖᾜρἷιᾶἏῖἱῇὅιὶίῦξίίίίώἶπρέᾱ
3527 4844 3787 4941 οςιὸχ-ζζςς

2245 4927 2529 5009 Eafa
2554 4927 2671 5014 ﬁeri
2699 4927 3025 5014 Emmanuel,
3071 4935 3341 5014 nobiscum
3367 4931 3537 5013 Deus,
3566 4927 3618 5014 iu

2238 4989 3158 5089 {iﬁds’zizkl'éi'lngp'sanb
3203 4989 3570 5089 reppulimus:

2244 5056 2826 5153 ὲῖ¹’ἱιέἓ”“ἁῖὲεξ¹“ἓῦρὲῖ
2853 5056 3064 5153 ἇηιίἷίαί,
3087 5056 3414 5153 Messanae
3449 5082 3589 5153 γςτο,
3611 5056 3786 5153 still}:

2242 5130 3290 5215 sinfmaiﬁ’suiéi'bnﬁié.namque,
3323 5144 3423 5215 ubi
3461 5130 3784 5215 idem

2241 5195 2744 5289 Edi'ﬁis'ié'tieiTiﬁ
2764 5223 2820 5275 in
2848 5223 2959 5292 ejus
2988 5195 3356 5292 misericlordid
3383 5212 3454 5292 de
3489 5195 3790 5292 asflfliifff:

2244 5276 2890 5381 δξιέῖιξξέίξίξηίιριιςςηαεξ
2913 5290 2966 5343 in
2994 5287 3168 5369 veteri
3196 5284 3417 5381 Aea)“
3446 5276 3790 5381 ιιεξῗίὲεὶῖῒιξ

2833 5333 2945 5430 eius
2990 5354 3345 5436 misericordia
3393 5333 3759 5436 astutitthdnifbha

2246 5404 2381 5436 για..
2430 5404 2612 5429 ..η-μυ...
2645 5404 2660 5428 ,
2723 5404 2789 5415 υ.
2833 5404 2944 5430 η..-
3398 5404 3403 5405 ,
3578 5412 3636 5426 Η

2243 5438 2400 5510 victa,
2430 5434 2818 5510 triumphemus,
2849 5438 2956 5510 etc.
2990 5426 3070 5481 Ex
3100 5404 3794 5510 liisautemeersptzct‘e‘lhlill:

2729 5474 2866 5573 quiis
2910 5499 3061 5573 locos
3108 5474 3795 5573 restituerimusgsitglgtl’g‘f

2249 5549 2802 5644 {)Ehﬁeih‘déhiu‘n}
2810 5549 2894 5644 in
2912 5549 3055 5644 aliis
3068 5549 3258 5644 multis
3302 5549 3791 5644 huiusmt'tdi‘gel‘r“

2257 5623 2927 5699 vaii'sulo'c‘lsjemendaudis
2958 5639 3110 5693 nobis
3140 5623 3490 5691 laborandum
3517 5623 3683 5679 fuerit.
