3866 6178
166 248 248 301 Si?
885 248 1300 304 CONFLICTUS
1341 249 1428 303 DE
1469 250 1602 306 DEO
1639 253 1846 308 ’ΠυΝο
1882 253 1970 306 ΕΤ
2010 253 2174 321 UNO,
2213 253 2359 310 ETC.
2403 255 2530 310 LIB.
2570 255 2635 311 ll.

3280 261 3383 312 5l3

162 375 366 431 quorum
410 360 659 430 primitiae
704 359 916 415 luerunt
958 373 1204 431 pastores
1250 369 1305 417 et
1339 364 1499 430 magi.
1549 361 1711 416 Lacta
1759 377 1780 420 ι
1814 360 2027 417 Patrem
2067 368 2387 435 sempiterne
2433 369 2696 434 genuisse,
2745 377 2798 422 et
2839 369 3026 422 Filium
3066 371 3387 438 senipiterue

165 466 266 508 cum
291 452 378 519 qui
404 451 568 505 talem
597 449 723 505 fecit
751 459 804 505 te
824 492 839 516 ,
871 460 929 506 ut
957 454 1070 522 ipse
1105 452 1254 508 ﬁeret
1288 455 1344 507 in
1385 461 1436 508 te
1455 493 1468 518 ,
1498 455 1588 521 qui
1618 455 1712 508 tibi

163 552 207 597 et
230 557 412 596 munus
440 540 776 596 fecunditatis
805 543 978 596 attulit
1005 554 1314 612 conceptus,
1345 551 1401 597 et
1426 545 1588 599 decus
1609 545 1714 598 vir-

164 634 373 701 ginitatis
407 648 514 686 non
543 634 763 687 abstulit
799 642 986 699 natus;
1018 636 1110 703 qui
1137 636 1237 690 sibi
1281 637 1589 705 priusquam
1619 652 1716 690 na-

166 732 396 786 sceretur,
427 732 481 778 et
501 724 642 777 diem
666 738 769 792 qua
799 737 1109 778 nasceretur
1135 726 1316 794 elegit.
1348 725 1416 778 Et
1444 727 1556 795 ipse
1583 742 1714 782 con-

167 818 276 872 didit
299 818 436 886 quod
468 818 649 885 elegit,
674 826 734 871 ut
758 818 847 872 ille
868 819 992 872 hinc
1020 819 1311 888 procederet
1331 828 1386 872 ut
1406 836 1623 888 sponsus
1651 819 1714 874 de

168 909 364 962 thalamo
405 925 498 962 suo
544 908 718 980 (Paul.
748 925 901 973 xvm,
934 909 1010 979 6),
1041 924 1147 977 quo
1194 910 1509 964 mortalibus
1545 911 1713 966 oculis

168 1008 322 1067 posset
362 998 550 1063 videri,
601 1004 656 1052 et
701 1006 988 1066 augmento
1034 998 1167 1077 lucis
1213 1014 1401 1052 annuae
1446 1015 1504 1054 se
1539 999 1711 1054 lucem

167 1087 322 1140 mundi
347 1089 554 1142 venisse
575 1089 763 1142 testari
793 1087 972 1158 (Joan.
1006 1107 1041 1153 ι,
1073 1089 1151 1159 9).
1180 1088 1459 1159 Propheta:
1498 1093 1712 1146 cecine-

167 1185 270 1230 runt
293 1178 620 1232 conditorem
660 1179 782 1234 cceli
811 1195 875 1234 ac
905 1188 1059 1233 terrm
1085 1181 1140 1233 in
1171 1189 1310 1233 terra
1335 1196 1455 1234 cum
1483 1181 1714 1238 homini-

165 1267 247 1321 bus
264 1267 486 1322 futurum
506 1268 751 1332 (Baruch.
768 1270 866 1339 ιιι),
881 1271 1098 1338 angelus
1119 1273 1382 1326 nuntiavit
1400 1270 1711 1328 Creatorem

165 1358 316 1410 carnis
342 1365 395 1410 et
414 1359 634 1426 spiritus
659 1360 712 1413 in
741 1375 904 1414 carne
934 1369 1234 1416 venturum.
1266 1362 1524 1417 Salutavit
1549 1362 1712 1418 Joan-

165 1461 246 1501 nes
287 1461 349 1500 ex
387 1455 543 1502 utero
593 1449 645 1502 in
691 1458 844 1504 utero
886 1450 1246 1516 Salvatorem;
1291 1452 1505 1507 Simeon
1546 1469 1710 1510 senex

164 1535 310 1590 Deum
337 1539 556 1604 agnovit
584 1539 836 1594 infantem
861 1558 875 1605 ;
906 1541 1056 1594 Anna
1084 1541 1241 1595 vidua
1271 1542 1542 1611 Virginem
1586 1561 1706 1598 ma-

163 1635 281 1680 trem
309 1625 456 1695 (Luc.
508 1644 545 1691 ι,
594 1630 676 1697 ιι).
725 1629 852 1683 llaec
905 1641 1028 1683 sunt
1074 1631 1372 1687 testimonia
1419 1635 1710 1690 nativitatis

1813 459 1994 502 natum
2024 466 2142 504 esse
2171 452 2482 518 cogitemus,
2519 453 2563 506 si
2600 453 2868 518 valemus;
2899 453 2943 506 si
2993 469 3096 505 non
3130 455 3381 517 valemus,

1812 538 2107 592 credamus.
2154 540 2266 593 Non
2309 550 2390 594 est
2432 541 2518 594 hic
2561 542 2702 609 quod
2747 542 2927 596 dicere
2972 545 3216 596 volumus
3250 561 3262 595 :
3293 544 3384 596 sed

1811 635 1990 681 tamen
2020 646 2124 683 non
2157 639 2238 684 est
2259 631 2414 698 longe
2437 633 2663 700 positum
2687 633 2752 685 ab
2775 649 3094 701 unoquoque
3121 643 3384 688 nostrum.

1814 720 1879 773 In
1908 723 1996 774 illo
2028 724 2164 774 enim
2209 723 2441 786 vivimus,
2471 741 2729 776 movemur
2769 735 2816 776 et
2860 741 3034 778 sumus
3085 727 3218 794 (Act.
3257 743 3382 788 xvu,

1809 811 1923 880 28).
1956 813 2412 868 Transccndamus
2441 831 2655 868 carnem
2685 824 2941 880 nostram,
2974 818 3026 869 in
3054 831 3158 884 qua
3197 832 3383 886 paren~

1812 910 1892 956 tes
1920 910 2044 956 ante
2075 902 2210 956 ﬁlios
2238 905 2440 967 vivunt,
2473 906 2594 970 quia
2625 912 2682 957 ut
2705 905 2838 958 lilios
2864 914 3086 974 possent
3124 919 3382 972 generare

1811 1001 2111 1058 creverunt,
2141 1001 2195 1048 ct
2227 994 2345 1048 ﬁliis
2372 996 2732 1049 crescentibus
2754 995 2863 1062 jam
2892 1005 3196 1050 senescunt.
3239 997 3382 1050 Non-

1811 1085 1936 1140 dum
1966 1087 2104 1140 natis
2131 1085 2249 1139 ﬁliis
2278 1096 2528 1156 parentes
2553 1088 2816 1151 vixerunt,
2841 1088 2965 1157 quia
2991 1097 3044 1142 et
3073 1089 3383 1158 parentibus

1812 1175 2036 1229 mortuis
2064 1174 2157 1228 ﬁlii
2178 1177 2366 1230 victuri
2393 1185 2534 1231 sunt.

1887 1285 1905 1316 ‹
1942 1265 2392 1320 Transcendamns
2420 1275 2474 1320 et
2503 1268 2708 1322 animas
2737 1276 2972 1332 nostras;
2996 1269 3212 1337 pariunt
3238 1269 3379 1323 enim

1811 1363 1866 1410 et
1885 1356 2030 1424 ipsze,
2061 1357 2256 1424 aliquid
2280 1357 2582 1424 cogitando,
2613 1358 2755 1424 quod
2783 1374 2961 1411 secum
2986 1358 3185 1412 habent
3211 1359 3381 1413 scien-

1810 1449 1908 1512 do;
1939 1448 2030 1502 sed
2058 1456 2279 1517 possunt
2307 1448 2552 1502 amittere
2580 1448 2958 1510 obliviscendo,
2987 1449 3108 1517 quia
3141 1463 3246 1502 non
3283 1449 3380 1501 ha-

1811 1539 2007 1592 bebant
2035 1548 2190 1591 antea
2224 1539 2508 1592 nascendo.
2533 1538 2732 1591 Cuncta
2761 1554 3004 1606 corpora,
3035 1547 3088 1590 et
3108 1547 3378 1606 tempora-

1811 1628 1897 1692 lia,
1930 1635 1984 1681 et
2012 1628 2283 1680 mutabilia
2322 1627 2774 1691 transcendamus,
2807 1635 2865 1680 ut
2907 1628 3180 1682 videamus
3219 1643 3378 1697 super

163 1725 265 1780 103:,
297 1716 515 1772 Domine
541 1717 687 1784 Jesu,
718 1728 1003 1788 antequam
1041 1721 1135 1775 tibi
1184 1720 1375 1777 ﬂuctus
1413 1731 1710 1779 sterneren.
1739 1721 1784 1779 Β
1811 1718 2008 1780 omnia,
2040 1733 2138 1786 per
2160 1732 2318 1785 quem
2356 1715 2490 1770 facta
2521 1726 2643 1769 sunt
2671 1717 2870 1770 omnia.
2904 1716 3168 1771 Ascensus
3198 1727 3379 1770 noster

162 1815 231 1858 tur
254 1807 491 1871 calcanti,
516 1809 767 1863 cederent
791 1811 1098 1880 imperanti;
1126 1820 1411 1881 antequam
1436 1823 1627 1869 ventus
1665 1825 1717 1871 te
1812 1807 1865 1860 in
1891 1807 2054 1860 corde
2079 1813 2179 1869 εει,
2203 1807 2326 1874 (illia
2353 1815 2408 1860 ει
2437 1807 2560 1860 "illd
2585 1821 2693 1874 quo
2716 1807 3047 1860 ascendimus
3067 1823 3235 1877 Prope
3263 1817 3378 1873 est;

161 1896 352 1963 iubente
380 1898 629 1962 siluisset,
662 1909 901 1953 mortuus
929 1910 982 1954 te
1009 1911 1237 1956 vocante
1274 1903 1494 1958 vixisset
1523 1903 1701 1974 (Joan.

159 1989 236 2053 ιι),
266 1988 341 2041 sol
371 1997 422 2042 te
450 1990 712 2043 moriente
739 1991 1012 2058 palluisset
1035 2031 1052 2055 ,
1080 2000 1219 2046 terra
1247 2002 1557 2061 resurgente
1595 2004 1704 2050 tre-

160 2078 376 2139 muisset,
407 2079 601 2132 cmlum
645 2087 698 2132 te
741 2081 1063 2134 ascendente
1099 2083 1386 2149 patuisset;
1419 2091 1703 2152 antequam

159 2168 238 2219 ista
265 2176 318 2221 et
345 2169 448 2221 alia
478 2170 738 2223 mirabilia
763 2169 874 2236 jam
897 2170 1146 2238 juvenilis
1188 2174 1260 2226 tui
1281 2175 1520 2243 corporis
1546 2183 1705 2230 :ctate

157 2257 368 2313 fecisses.
397 2259 585 2314 Adhuc
613 2263 912 2329 portabaris
942 2263 991 2315 in
1021 2264 1263 2318 manibus
1289 2266 1490 2330 matris,
1516 2273 1570 2318 et
1592 2265 1704 2334 jam

157 2348 390 2402 bolninus
419 2351 564 2404 orbis
607 2353 1020 2419 agnoscebaris;
1052 2354 1162 2422 ipse
1190 2370 1323 2422 puer
1350 2356 1602 2424 parvulus
1635 2370 1704 2410 ex

157 2439 332 2491 semine
362 2438 523 2492 Israel
549 2439 703 2510 (Isai.
736 2443 840 2511 ιι),
877 2451 932 2496 et
960 2443 1072 2512 ipse
1100 2444 1378 2498 nobiscum
1405 2444 1547 2499 Deus
1573 2444 1703 2499 Em-

147 2529 344 2580 manuel
377 2527 530 2598 (Isai.
565 2529 679 2597 vn).

215 2636 229 2664 ε
262 2616 390 2682 Quae
419 2628 472 2671 et
501 2620 674 2686 qualis
702 2628 783 2674 est
820 2621 907 2674 illa
936 2622 1212 2689 generatio
1246 2622 1569 2689 Salvatoris,
1598 2638 1702 2692 qua

153 2709 367 2775 gignenti
417 2708 560 2763 Patri
608 2721 905 2765 coaeternus
944 2718 1026 2766 est
1069 2712 1264 2766 Filius?
1303 2713 1526 2778 Quando
1569 2714 1706 2770 hanc

155 2801 532 2864 generationem
561 2816 625 2854 ex
656 2801 873 2869 Virgine
911 2803 1138 2856 mundus
1166 2806 1397 2872 expavit,
1431 2819 1591 2873 quam
1617 2807 1704 2876 pia

157 2887 264 2942 tides
289 2891 505 2960 excepit
533 2899 586 2944 et
619 2893 805 2956 tenuit,
839 2893 1121 2947 inlidelitas
1159 2903 1338 2948 autem
1385 2896 1567 2960 irrisit,
1613 2911 1704 2950 su-

158 2979 307 3043 perbia
337 2982 519 3034 timuit
565 2983 854 3050 superata?
883 2981 1133 3047 Quaenam
1159 2993 1242 3038 est
1277 2984 1366 3038 illa
1409 2988 1704 3054 generatio,

1811 1897 1966 1966 longe
1992 1907 2171 1952 autem
2199 1899 2265 1952 ab
2304 1914 2369 1953 eo
2391 1915 2589 1964 sumus,
2618 1899 2670 1952 in
2698 1908 2952 1968 quantum
2982 1900 3265 1954 dissimiles
3293 1918 3380 1955 su~

1808 2005 1945 2043 mus.
1981 1991 2230 2044 Ascendit
2257 2005 2384 2057 ergo
2414 1990 2479 2044 ad
2507 2006 2628 2044 eum
2673 2007 2768 2045 sua
2809 1991 3098 2045 similitudo
3127 2008 3284 2060 quam
3329 1993 3379 2048 in

1809 2079 1963 2132 nobis
1990 2077 2113 2132 fecit
2159 2087 2212 2134 et
2263 2079 2473 2144 refecit,
2505 2081 2628 2149 quia
2657 2089 2936 2150 perspecta
2966 2082 3188 2150 palpitat
3216 2084 3378 2137 animi

1810 2169 2048 2224 inﬁrmus
2105 2177 2375 2239 aspectus,
2428 2178 2483 2224 et
2535 2170 2852 2223 inellabileni
2903 2171 3187 2225 candorem
3247 2173 3377 2226 lucis

1805 2268 2016 2314 aeternae
2032 2277 2136 2314 non
2155 2269 2330 2329 potest
2345 2261 2555 2313 intueri.
2573 2260 2735 2328 Cujus
2755 2274 2884 2328 ergo
2907 2260 3161 2327 fulgorem
3189 2263 3376 2316 mentis

1806 2351 1948 2404 acies
1976 2350 2206 2403 nondum
2236 2351 2378 2418 capit
2412 2368 2425 2400 :
2457 2347 2848 2403 Generatiouem
2877 2351 2986 2420 ejus
3015 2353 3128 2420 quis
3161 2369 3376 2404 enarra-

1807 2438 1878 2492 bit
1906 2437 2060 2509 (Isai.
2088 2440 2235 2505 Lm)?
2262 2438 2368 2492 Sed
2401 2437 2620 2492 Verbum
2644 2456 2765 2492 caro
2805 2441 2997 2510 factum
3027 2449 3126 2504 est,
3157 2451 3204 2492 et
3233 2440 3375 2492 liabl-

1806 2530 1935 2581 ta'vit
1962 2530 2016 2582 in
2044 2527 2191 2582 nobis
2219 2528 2395 2599 (Joau.
2424 2530 2486 2598 ι).

1884 2639 1902 2671 ι
1939 2602 2088 2673 Hanc
2115 2634 2242 2687 ergo
2269 2621 2690 2687 generationem,
2719 2619 2868 2688 cujus
2895 2619 3207 2673 hodiernum
3237 2620 3376 2674 cele-

1805 2711 2024 2765 bramus
2053 2712 2225 2776 diem;
2257 2713 2422 2776 hanc,
2453 2713 2504 2766 in
2534 2727 2637 2780 qua
2666 2712 2912 2779 dignatus
2942 2721 3024 2766 est
3070 2713 3254 2766 venire
3282 2728 3376 2781 per

1808 2801 1986 2865 lsrael,
2019 2809 2073 2854 et
2101 2801 2212 2854 ﬁeri
2259 2799 2591 2865 Emmanuel,
2628 2801 2902 2854 nobiscum
2929 2800 3088 2864 Deus,
3121 2801 3173 2854 in
3202 2803 3376 2854 carnis

1808 2890 2132 2955 inﬁrmitate,
2165 2906 2272 2944 non
2301 2891 2576 2944 nobiscum
2607 2890 2658 2942 in
2683 2889 2857 2944 cordis
2884 2891 3163 2958 iniquitate
3188 2907 3201 2953 ;
3232 2906 3376 2944 acce-

1806 2983 1936 3038 dens
1964 2984 2029 3038 ad
2055 3000 2151 3038 nos
2177 2999 2273 3053 per
2297 2983 2345 3035 id
2369 2983 2510 3050 quod
2541 2984 2822 3052 assumpsit
2841 2999 2906 3036 ex
2935 2991 3136 3047 nostro,
3163 2993 3217 3036 et
3245 2982 3369 3036 libe-

153 3083 236 3135 qua
273 3072 324 3123 in
370 3073 631 3141 principio
677 3082 788 3126 erat
839 3072 1055 3126 Verbum
1096 3074 1234 3144 apud
1277 3075 1461 3141 Deum,
1486 3086 1536 3132 et
1565 3078 1704 3133 Deus
1730 3083 1773 3141 (ζ
1807 3090 1931 3130 rans
1961 3089 2059 3128 nos
2085 3090 2182 3143 per
2208 3072 2259 3126 id
2279 3073 2422 3141 quod
2463 3074 2658 3128 mansit
2686 3075 2738 3126 in
2763 3089 2861 3127 suo
2890 3073 3143 3143 (visitavit
3179 3073 3376 3141 quippe

156 3170 244 3212 erat
291 3161 511 3214 Verbum
559 3161 738 3231 (loan.
784 3180 820 3227 ι,
865 3163 956 3234 l)?
985 3162 1136 3230 Quod
1175 3173 1258 3219 est
1304 3167 1404 3220 hoc
1443 3167 1697 3236 Verbum,

157 3253 268 3316 quod
291 3253 533 3306 dicturus
560 3263 719 3308 antea
749 3270 852 3307 non
882 3255 1092 3318 silebat,
1122 3271 1229 3324 quo
1258 3257 1400 3312 dicto
1424 3275 1531 3314 non
1559 3261 1704 3316 siluit

155 3343 224 3408 qui
257 3344 578 3399 dicebatur?
613 3345 725 3400 Hoc
766 3354 848 3400 est
885 3346 1119 3401 Verbum
1159 3350 1273 3404 sine
1310 3359 1579 3420 tempore,
1608 3369 1703 3423 per

156 3434 269 3497 quod
297 3435 432 3488 tacta
463 3445 588 3488 sunt
619 3445 887 3505 tempora;
915 3437 1149 3492 Verbum
1173 3441 1315 3508 quod
1344 3441 1480 3496 labia
1507 3445 1703 3498 nullius

1805 3165 2062 3220 Dominus
2089 3181 2273 3220 servos
2301 3181 2428 3219 suos
2465 3181 2563 3235 per
2589 3165 2870 3219 mortalem
2901 3164 3288 3226 inﬁrmitatem,
3319 3171 3375 3216 ut

1803 3274 1897 3312 eos
1925 3259 2122 3312 liberos
2145 3257 2344 3312 laceret
2386 3273 2483 3326 per
2513 3256 2999 3311 incommutabilem
3027 3255 3330 3323 veritatem)
3357 3270 3373 3316 ;

1802 3350 1940 3404 hanc
1965 3363 2092 3417 ergo
2120 3349 2553 3416 generationem,
2597 3348 2748 3416 cujus
2787 3354 3071 3414 utrumque
3100 3361 3264 3415 capax
3295 3354 3374 3398 est

1801 3441 2030 3493 humana
2054 3439 2338 3506 fragilitas;
2358 3453 2463 3492 non
2479 3439 2623 3491 illam
2645 3452 2760 3505 quae
2779 3439 2894 3490 sine
2917 3446 3155 3504 tempore
3172 3446 3374 3498 manet,

1800 3529 1916 3583 sine
1942 3539 2113 3582 matre
2142 3544 2302 3597 super
2321 3529 2499 3581 omnia
2519 3569 2534 3592 ,
2563 3529 2658 3582 sed
2700 3529 2854 3581 istam
2881 3542 2999 3594 quae
3039 3528 3089 3579 in
3134 3535 3374 3594 tempore

1798 3620 1936 3676 facta
1958 3622 2164 3676 estsine
2186 3619 2344 3674 Patre
2363 3621 2503 3674 inter
2517 3620 2717 3681 omnia;
2753 3623 2888 3672 bunc
2905 3617 3136 3685 Virginis
3159 3616 3368 3676 Filium,

1798 3720 1853 3766 et
1873 3713 2134 3780 virginum
2156 3727 2428 3781 sponsum,
2452 3711 2519 3764 de
2539 3711 2844 3778 incorrupta
2866 3719 3034 3763 matre
3066 3716 3369 3762 nascentem

1793 3821 1852 3866 et
1879 3811 2266 3879 incorruptibili
2309 3810 2534 3864 veritate
2581 3808 2856 3874 fetantem,
2894 3809 3190 3872 laudemus,
3222 3822 3370 3861 amc-

1797 3925 1934 3971 mus,
1967 3909 2266 3970 adoremus,
2293 3917 2350 3961 ut
2379 3907 2430 3961 in
2461 3908 2576 3976 ejus
2595 3907 2959 3962 misericordia
2986 3904 3151 3966 ﬁsi,de
3175 3905 3367 3960 astutia

1797 4009 1992 4064 diaboli
2021 4010 2156 4062 victa
2185 4008 2588 4076 triumphemus.
2622 4007 2873 4060 Diabolus
2893 4006 2959 4059 ad
2987 4022 3085 4060 nos
3103 4005 3373 4074 decipien-

1796 4109 1894 4164 dos
1931 4115 2179 4176 corrupta
2209 4106 2436 4160 feminea
2478 4114 2655 4158 mente
2696 4104 2962 4172 subrepsit
2989 4122 3000 4155 :
3032 4102 3271 4157 Christus
3302 4103 3368 4154 ad

1796 4225 1894 4263 nos
1921 4207 2221 4262 liberandos
2251 4208 2556 4274 incorrupta
2588 4205 2813 4258 feminea
2854 4205 3013 4257 etiam
3052 4218 3213 4257 carne
3239 4217 3367 4271 pro-

1797 4311 1975 4372 cessit,
2007 4310 2096 4377 qui
2126 4316 2210 4362 est
2254 4306 2566 4361 benediculs
2596 4320 2716 4359 cum
2745 4303 2903 4359 Patre
2930 4311 2986 4358 et
3021 4302 3222 4373 Spiritu
3247 4318 3372 4356 san-

157 3526 329 3588 aperuit
354 3534 614 3594 emptum,
646 3529 898 3584 clausitve
923 3529 1148 3584 ﬁnitum.
1173 3531 1407 3586 Verbum
1435 3536 1580 3603 quod
1601 3537 1701 3590 ini-

157 3611 257 3665 tium
286 3631 384 3668 non
417 3616 586 3670 habet
605 3633 671 3671 ex
696 3633 790 3672 ore
815 3619 1163 3688 loquentium,
1195 3629 1250 3675 et
1275 3624 1446 3691 aperit
1473 3640 1566 3678 ora
1589 3640 1702 3680 mu-

157 3708 325 3769 torum;
353 3705 592 3759 Verbum
635 3708 776 3775 quod
817 3709 1010 3776 linguis
1035 3711 1272 3777 gentium
1328 3712 1544 3767 disertis
1591 3730 1697 3770 non

155 3788 213 3853 ﬁt,
241 3803 288 3846 et
316 3795 528 3863 linguas
569 3797 844 3852 infantium
883 3800 1110 3854 disertas
1152 3799 1293 3855 facit.
1336 3802 1589 3867 Quaenam
1617 3815 1698 3860 est

155 3880 221 3933 illa
245 3890 546 3952 generatio,
577 3890 662 3942 cui
692 3888 850 3943 Pater
890 3893 1166 3946 moriendo
1209 3910 1313 3947 non
1343 3897 1540 3961 credit,
1572 3899 1696 3966 quia

154 3988 239 4025 non
280 3990 394 4029 eum
444 3978 673 4030 vivendo
721 3980 990 4047 praecedit,
1023 3994 1297 4050 segregata
1345 3987 1413 4039 ab
1453 3989 1698 4043 omnibus

155 4060 358 4118 locorum
397 4068 711 4130 intervallis,
742 4077 1148 4140 temporumque
1177 4075 1392 4142 spatiis,
1424 4090 1582 4144 quam
1612 4079 1696 4134 vel

155 4149 195 4201 in
218 4151 407 4215 diebus,
457 4157 543 4210 vel
584 4157 638 4211 in
687 4160 1002 4227 corporibus
1045 4163 1244 4217 sentire
1289 4168 1695 4222 consuevimus?

156 4236 379 4300 levemus
406 4248 473 4301 ad
503 4263 648 4312 eum,
671 4260 928 4318 quantum
952 4253 1066 4323 ipso
1087 4253 1371 4321 a’djuvante
1393 4273 1690 4326 possumus,

154 4334 351 4389 animam
398 4347 669 4405 nostram,
703 4341 746 4394 si
775 4356 880 4408 quo
909 4342 1067 4396 modo
1111 4359 1305 4414 capere
1347 4347 1614 4403 valeamus
1641 4358 1695 4403 et
1797 4334 1926 4420 cc”:

155 4433 305 4478 natum
333 4445 435 4483 non
476 4432 889 4500 pmvenientem
931 4435 1023 4503 qui
1063 4436 1248 4503 gignit,
1298 4447 1354 4492 et
1391 4440 1692 4507 gignentem
1720 4431 1774 4492 D
1797 4408 2187 4509 θίθὶἾ-Ῠξῗωιίὶ
2203 4405 2552 4509 fm'f’m"?
2578 4404 2817 4509 {mmihi
2852 4502 2872 4509 _
3241 4499 3253 4509 .
3324 4499 3333 4509 .

156 4527 238 4568 non
262 4499 667 4591 subsequentem
705 4525 796 4593 qui
830 4499 1087 4593 gignitur,
1116 4499 1328 4583 Datrem
1368 4499 1423 4584 ei
1447 4499 1689 4598 'Filium;
1868 4506 2077 4561 XXXII.
2103 4539 2172 4549 -—
2197 4505 2458 4574 Serapion
2495 4503 2629 4558 dixit
2658 4522 2670 4556 :
2702 4502 3043 4557 Satisfaetum
3072 4515 3188 4555 esse
3223 4499 3365 4552 desi-

157 4617 233 4657 nec
255 4603 404 4663 Pater
428 4612 645 4680 pariter,
661 4629 756 4668 nec
781 4613 945 4668 Filius
975 4616 1191 4684 pariter,
1223 4626 1278 4671 et
1313 4621 1513 4687 pariter
1537 4631 1693 4676 teter-

1808 4609 1946 4664 ierio
1975 4623 2096 4662 meo
2124 4605 2314 4660 fateor.
2339 4604 2479 4659 Vere
2508 4604 2649 4658 enim
2679 4611 2733 4657 et
2754 4603 2883 4662 duas
2902 4610 3136 4663 naturas,
3164 4607 3217 4652 et
3237 4598 3369 4652 duas

155 4705 248 4747 nos.
275 4696 382 4752 Non
413 4711 698 4770 utrumque
735 4715 1105 4771 generantem,
1131 4724 1236 4762 non
1273 4717 1554 4780 utrumque
1594 4730 1690 4768 na-
1791 4709 2115 4764 substantias
2140 4707 2416 4761 evidenter
2442 4704 2686 4758 asseruit.
2711 4702 2859 4756 Nunc
2879 4708 2937 4754 ut
2957 4699 3209 4754 radicitus
3236 4699 3367 4753 mibi

155 4793 374 4848 s(tentem,
405 4794 499 4846 sed
539 4794 764 4848 alterum
810 4797 924 4849 sine
953 4798 1122 4852 altero
1159 4816 1265 4853 non
1306 4801 1590 4869 viventem,
1635 4814 1690 4861 et
1791 4809 2048 4862 evellatur
2077 4806 2250 4860 omnis
2278 4803 2566 4867 cunctatio,
2583 4800 2797 4870 probari
2828 4799 2967 4869 apud
2997 4813 3083 4854 me
3102 4799 3259 4869 cupio
3278 4799 3365 4852 'si

1297 4912 1403 4966 FB.
1446 4913 1922 4971 FEU-ARDENTll
1961 4915 2188 4971 ΝΟΤᾸΕ.

159 5061 168 5072 ⁸
201 5002 233 5072 7⁸
258 4995 426 5072 Exhis
455 5015 560 5072 non
591 4999 728 5072 male
757 5001 882 5072 mihi
904 5001 1151 5072 colligere
1182 5001 1364 5056 videor
1383 5003 1686 5060 conﬂictum
1793 5023 1890 5060 san
1920 5005 2201 5072 legeretur,
2245 5012 2300 5055 ut
2327 5001 2685 5072 alloqueretur.
2717 4997 2938 5072 Scripsit
2965 5001 3110 5072 enim
3140 4999 3205 5053 ad
3243 5000 3368 5054 Fla-

159 5066 287 5140 istum
315 5066 526 5140 Arnobii
571 5078 626 5122 et
653 5069 965 5140 Serapionis
1002 5066 1085 5125 vel
1115 5072 1321 5134 initum,
1374 5074 1455 5126 vel
1501 5075 1688 5128 saltem
1797 5066 2008 5129 vianum
2032 5066 2677 5138 Constantinopolimnum
2721 5066 3120 5124 celeberrimam
3166 5073 3367 5140 cpisto-

157 5134 558 5209 scriptuml’uisse
572 5134 896 5209 temporibus
921 5139 1156 5207 ejusdem
1177 5143 1492 5196 sanctissimi
1519 5152 1574 5196 et
1593 5144 1688 5197 do-
1794 5146 1896 5198 lam
1927 5143 2176 5197 adversus
2205 5134 2512 5209 Eutychetis
2543 5154 2772 5209 errores,
2801 5153 2919 5206 qua:
2960 5155 2990 5192 a
3035 5134 3238 5194 cunctis
3276 5155 3366 5193 or-

158 5202 561 5288 CtissiminLeonis
588 5202 756 5288 papa.
786 5202 1138 5288 superiorum
1158 5212 1298 5288 enim
1339 5213 1471 5279 ejus,
1501 5221 1555 5266 ut
1583 5213 1688 5266 Da-
1795 5214 2042 5288 thodoitis
2071 5213 2122 5288 in
2145 5202 2370 5265 concilio
2391 5202 3116 5288 Chalcedonen'silaudatam
3144 5209 3364 5288 probata

162 5274 634 5355 masiet-Ctnlestin'i,
658 5274 1092 5355 'memmit,_ultra
1124 5279 1316 5334 Leonis
1342 5274 1550 5355 aetatem
1582 5299 1685 5355 non
1794 5283 1928 5347 fuit;
1960 5281 2170 5355 deinde,
2215 5295 2423 5355 rursum
2471 5287 2523 5332 et
2551 5279 2632 5355 ad
2662 5278 2797 5355 alios
2825 5277 3140 5355 orientales,
3175 5279 3362 5355 videli-

160 5344 474 5421 Pt‘ogreditur,
520 5354 773 5414 pneterea
803 5347 1231 5421 ejusdemopera
1271 5361 1324 5404 et
1351 5353 1545 5406 sazeulo
1587 5353 1689 5406 Ne-
1794 5361 1898 5415 cet,
1919 5344 1998 5405 ad
2022 5353 2193 5421 ipsum
2223 5349 2548 5421 Eutycliem,
2571 5347 2634 5421 ad
2661 5345 3361 5421 Λιιςιειξιδίιιιιι-,Τιιθεδιιιοιιίς

160 5409 282 5492 ἕξοι·ξὶ
303 5411 447 5492 labes
488 5409 673 5492 magna
703 5432 771 5492 εξ
796 5409 951 5492 parte
974 5409 1167 5492 deleta,
1213 5434 1456 5488 peneque
1483 5423 1688 5474 exstin-
1795 5409 2004 5476 censem
2024 5409 2057 5484 ,’
2093 5420 2158 5492 ad
2208 5409 2512 5492 Anatolium
2565 5416 3204 5492 (ἰριιδιῐιιιιίῐιοΡοῙίὲθηιυη
3225 5452 3265 5492 id
3293 5415 3358 5467 εδ

1796 5492 2078 5562 ἒΙίιΧὶιιιιιιιι
2125 5491 2525 5562 Antio_clicnum_
2560 5486 2888 5562 episcopum,
2933 5485 2998 5536 ad
3026 5485 3169 5562 ipsos
3197 5485 3360 5562 etiam

1793 5559 2233 5631 Qrientisimper.
2262 5558 2638 5631 Theodosium,
2667 5554 3008 5631 Marcianum,
3036 5554 3276 5631 _Leonem
3307 5561 3363 5606 et

1797 5620 2165 5694 Pulclieriam';
2197 5629 2426 5698 denique
2465 5635 2517 5681 et
2547 5625 2610 5678 ad
2640 5621 2920 5677 concilium
2956 5620 3279 5690 Ephesinum
3309 5633 3361 5680 ct

162 5485 228 5557 cla
253 5478 337 5532 fuit
360 5499 374 5557 ;_
400 5478 624 5557 denique
655 5478 856 5539 nullum
887 5488 1026 5541 aliud
1070 5478 1277 5557 tempus
1305 5478 1536 5543 occurrit
1567 5492 1691 5546 huic

162 5543 466 5629 disputationi
495 5543 659 5629 magis
687 5565 868 5624 aptum
889 5567 943 5611 et
969 5543 1325 5629 commodum.
1354 5557 1517 5613 Paulo
1548 5543 1688 5629 post,

166 5615 233 5669 ubi
259 5617 449 5686 legitur,
481 5633 534 5674 ut
561 5615 926 5694 alloqu'eremur
958 5625 1267 5694 Orientales,
1296 5644 1397 5682 non
1417 5615 1561 5686 male.
1582 5615 1689 5684 for:
