3936 6176
173 331 251 384 321
1097 325 1561 383 (ΖΟΜΜΕΝΤΑΠΠ
1603 325 1667 379 IN
1706 324 1727 378 Ι

1838 325 2032 383 LMOS.
2068 326 2452 382 ADMONITIO.

3295 323 3395 375 52$!

172 440 555 497 thematizamus
602 452 696 493 eos
742 438 833 507 qui
883 439 1113 493 Verbum
1155 439 1251 492 Dei
1300 437 1491 491 Filium
1534 444 1723 490 exten-
1750 444 1797 511 Α
1830 446 2012 504 tatem,
2067 446 2416 507 potestatem,
2462 436 2827 505 majestatem,
2872 435 3194 505 potentiam,
3236 451 3394 489 unam

169 533 319 595 sione,
349 536 440 583 aut
464 530 799 591 collectione,
843 537 897 582 et
923 545 952 581 a
982 527 1141 583 Patre
1170 537 1494 597 separatum,
1538 525 1719 579 insub-

170 622 455 685 stantivum,
487 627 541 674 et
572 619 729 672 linem
754 619 1059 673 habiturum
1089 634 1206 674 esse
1233 616 1580 673 contendunt.
1612 615 1719 671 Eos

172 720 328 766 autem
369 712 457 781 qui
506 710 572 764 ab
619 709 870 767 Ecclesiis
914 710 981 763 ad
1030 709 1292 764 Ecclesias
1336 709 1716 776 migraverunt,

174 804 333 858 tandiu
374 818 405 855 a
433 801 810 856 communione
839 809 1023 854 nostra
1065 801 1323 854 habemus
1361 800 1592 864 alienos,
1623 798 1720 852 do-

177 911 259 951 nec
283 893 345 947 ad
372 908 464 947 eas
491 891 749 946 redierint
783 891 1027 945 civitates
1057 891 1110 945 in
1137 891 1329 959 quibus
1356 888 1473 943 sint
1490 890 1719 959 primum

177 984 442 1041 constituti.
493 981 647 1049 Quod
686 983 730 1036 si
781 983 899 1051 quis
945 982 1098 1046 alius,
1140 983 1245 1036 alio
1288 981 1716 1049 transmigrante,

179 1088 203 1116 ι
242 1078 288 1130 in
329 1075 501 1127 locum
555 1073 781 1126 viventis
827 1072 1101 1127 ordinatus
1148 1081 1261 1133 est,
1316 1071 1499 1125 tandiu
1555 1078 1711 1126 vacet

178 1165 432 1225 sacerdotii
486 1163 743 1230 dignitate
787 1151 894 1231 qui.
931 1178 1083 1216 suam
1136 1162 1366 1216 deservit
1414 1162 1716 1228 civitatem,

178 1256 386 1327 quandiu
412 1269 691 1309 successor
717 1252 834 1321 ejus
869 1254 1111 1321 quiescat
1137 1253 1191 1306 in
1232 1254 1475 1307 Domino.
1508 1251 1566 1307 Si
1603 1253 1722 1321 quis

177 1363 270 1402 non
295 1346 480 1399 dixerit
506 1357 717 1412 semper
763 1342 995 1408 Patrem,
1028 1358 1240 1412 semper
1266 1343 1479 1407 Filium,
1510 1358 1724 1412 semper

176 1436 405 1505 Spiritum
453 1443 694 1488 sanctum
738 1431 901 1486 fuisse
946 1440 1001 1486 et
1041 1447 1180 1497 esse,
1227 1434 1508 1486 anathema
1547 1434 1634 1487 sit.
1666 1430 1723 1487 Si

176 1526 281 1595 quis
316 1540 418 1578 non
459 1523 654 1578 dixerit
688 1521 879 1576 Filium
925 1530 1106 1576 natum
1135 1522 1201 1577 de
1229 1521 1405 1587 Patre,
1437 1523 1490 1577 id
1516 1532 1614 1590 est,
1656 1523 1725 1579 de

177 1614 448 1671 substantia
477 1613 656 1667 divina
684 1612 866 1680 ipsius,
898 1613 1185 1667 anathema
1214 1614 1300 1666 sit.
1334 1612 1361 1652 ιι
1387 1612 1444 1668 Si
1472 1614 1593 1683 quis
1616 1630 1724 1668 non

177 1704 350 1758 dixerit
394 1702 626 1756 Verbum
672 1700 882 1755 Domini
935 1701 1127 1756 Filium
1166 1701 1280 1768 Dei,
1325 1702 1495 1757 Deum
1540 1718 1721 1758 verum

1818 529 2060 596 gloriam,
2101 530 2539 593 deminationem,
2569 542 2730 582 unum
2760 541 2980 596 regnum
3000 565 3014 588 ,
3047 535 3207 594 atque
3236 541 3396 582 unam

1818 624 2167 689 voluntatem,
2202 640 2265 677 ac
2291 624 2589 686 veritatem,
2623 622 2904 675 anathema
2943 621 3028 674 sit.
3061 619 3116 673 Si
3143 620 3259 687 quis
3290 628 3396 672 tres

1819 726 2074 784 personas
2101 729 2208 767 non
2238 713 2431 766 dixerit
2457 728 2627 773 veras,
2663 709 2871 765 Patrem
2900 719 2954 764 et
2980 710 3167 762 Filium
3196 718 3250 762 et
3276 707 3397 777 Spi-

1818 805 1980 858 ritum
2027 813 2286 867 sanctum,
2336 804 2598 871 aequales,
2648 817 2861 870 semper
2905 802 3161 865 viventes,
3214 801 3394 853 omnia

1820 895 2153 947 continentes
2183 893 2409 947 visibilia
2439 902 2492 946 et
2540 891 2844 953 invisibilia,
2896 892 3073 945 omnia
3122 898 3387 958 potentes,

1818 984 1999 1037 omnia
2024 982 2344 1051 judicantes,
2377 983 2555 1047 omnia
2609 978 2954 1040 viviﬁcantes,
2988 980 3166 1033 omnia
3196 978 3398 1032 facien—

1822 1081 1922 1135 tes,
1955 1073 2135 1126 omnia
2173 1087 2292 1139 qua:
2335 1078 2460 1125 sunt
2496 1072 2750 1125 salvanda
2792 1072 3078 1135 salvantes,
3120 1071 3399 1126 anathema

1821 1162 1908 1216 sit.
1934 1161 1989 1217 Si
2019 1163 2136 1230 quis
2165 1179 2271 1217 non
2301 1162 2493 1216 dixerit
2521 1162 2777 1231 Spiritum
2804 1172 3045 1215 sanctum
3074 1159 3398 1214 adorandum

1822 1257 1888 1311 ab
1916 1256 2060 1309 omni
2088 1264 2353 1319 creatura,
2378 1254 2515 1309 sicut
2542 1255 2733 1309 Filium
2761 1262 2816 1309 et
2846 1253 3056 1307 Patrem
3073 1294 3086 1316 ,
3117 1253 3399 1305 anathema

1821 1349 1911 1402 sit.
1941 1345 1996 1401 Si
2025 1346 2144 1414 quis
2164 1345 2231 1399 de
2250 1344 2411 1399 Patre
2438 1353 2492 1398 et
2518 1344 2654 1399 Filio
2675 1347 2810 1399 bene
2829 1344 3079 1407 senserit,
3104 1343 3170 1396 de
3198 1342 3400 1410 Spiritu

1822 1444 2000 1491 autem
2021 1442 2207 1490 sancto
2222 1451 2328 1489 non
2345 1443 2490 1489 recte
2508 1435 2778 1496 habuerit,
2799 1434 3077 1487 hzereticns
3105 1442 3205 1493 est,
3225 1440 3249 1477 8
3272 1431 3398 1500 quia

1825 1543 2012 1583 omnes
2039 1527 2295 1590 hzeretici,
2340 1526 2406 1580 de
2449 1525 2584 1597 Filio
2612 1525 2706 1578 Dei
2734 1533 2789 1578 et
2816 1523 3017 1592 Spiritu
3046 1530 3232 1576 sancto
3262 1523 3403 1576 male

1824 1618 2133 1682 sentientes,
2166 1617 2219 1670 in
2250 1602 2553 1670 Judaeorum
2585 1623 2747 1682 atque
2773 1612 3049 1681 gentilium
3070 1609 3290 1680 perﬁdia
3319 1612 3402 1663 in-

1825 1710 2128 1765 veniuntur.
2160 1705 2190 1745 ιι
2218 1707 2373 1773 Quod
2413 1707 2458 1761 si
2510 1706 2628 1774 quis
2673 1705 2933 1774 partiatur
2976 1703 3143 1756 Deum
3188 1699 3401 1755 Patrem

177 1795 297 1849 sicut
328 1790 537 1845 Patrem
572 1791 707 1859 eius.
736 1798 791 1845 et
819 1791 997 1845 omnia
1036 1806 1214 1861 P0858.
1247 1799 1302 1846 θῐ
1340 1794 1518 1847 omnia
1546 1808 1723 1859 110558.
1759 1802 1801 1862 Β
1827 1800 2028 1865 dicens,
2060 1807 2115 1854 et
2141 1799 2308 1852 Deum
2333 1796 2523 1852 Filium
2545 1794 2681 1864 ejus,
2712 1802 2766 1849 et
2794 1794 2959 1848 Deum
2998 1791 3255 1861 Spiritum
3276 1805 3401 1844 san-

178 1884 437 1937 anathema
466 1883 553 1936 sit.
610 1880 667 1937 Si
707 1881 827 1951 quis
853 1881 1046 1935 dixerit
1085 1882 1230 1950 quod
1259 1883 1312 1937 in
1340 1898 1501 1938 carne
1528 1883 1729 1938 consti-

178 1980 306 2027 tutus
332 1972 493 2026 Filius
531 1972 628 2025 Dei
654 1987 775 2026 cum
805 1981 950 2025 esset
985 1972 1037 2026 in
1082 1981 1257 2037 terra,
1308 1974 1362 2027 in
1409 1975 1560 2029 ctelis
1605 1990 1728 2029 cum

178 2060 319 2117 Patre
345 2078 448 2116 non
479 2069 625 2138 erat,
658 2063 944 2115 anathema
989 2062 1076 2116 sit.
1117 2061 1174 2116 Si
1205 2064 1325 2132 quis
1353 2064 1547 2118 dixerit
1586 2064 1729 2136 quod

178 2154 220 2205 in
246 2153 486 2222 passione
512 2151 686 2206 crucis
714 2150 956 2205 dolorem
979 2152 1275 2214 sustinebat
1296 2152 1460 2208 Filius
1485 2154 1600 2219 Dei,
1628 2166 1649 2194 ο
1673 2163 1729 2210 et

178 2260 269 2297 non
294 2259 415 2298 caro
443 2259 564 2297 cum
604 2243 799 2306 anima,
832 2259 992 2313 quam
1023 2244 1268 2299 induerat
1294 2246 1349 2299 in
1378 2246 1547 2302 forma
1588 2250 1729 2303 servi

177 2334 379 2405 (Philip.
405 2336 485 2406 ιι),
513 2351 672 2404 quam
700 2335 799 2389 sibi
827 2344 1140 2406 acceperat,
1169 2339 1305 2393 sicut
1333 2340 1408 2393 ait
1434 2338 1725 2410 Scriptura,

178 2428 441 2481 anathema
476 2427 565 2481 sit.
609 2424 635 2463 δ
663 2425 719 2481 Si
760 2429 879 2497 quis
905 2444 1014 2482 non
1060 2428 1255 2483 dixerit
1285 2430 1430 2498 quod
1467 2432 1522 2485 in
1569 2448 1729 2489 carne

179 2534 320 2587 quam
363 2519 647 2588 assumpsit
691 2519 841 2573 sedet
888 2519 954 2572 ad
1000 2520 1274 2575 dexteram
1321 2519 1514 2587 Patris,
1543 2523 1597 2577 in
1626 2538 1730 2594 qua

179 2617 410 2664 venturus
460 2616 545 2663 est
576 2607 817 2677 judicare
862 2610 1015 2665 vivos
1061 2618 1117 2664 et
1155 2618 1415 2679 mortuos,
1446 2614 1731 2670 anathema

178 2696 254 2751 sit.
295 2696 351 2752 Si
378 2698 498 2767 quis
539 2714 645 2752 non
686 2698 881 2754 dixerit
908 2699 1168 2770 Spiritum
1196 2709 1438 2758 sanctum
1478 2703 1545 2760 de
1571 2702 1732 2763 Patre

178 2803 281 2844 esse
307 2805 429 2845 vere
457 2806 522 2846 ac
547 2792 943 2861 proprie,sicut
970 2801 1025 2848 et
1052 2794 1340 2858 Filium,de
1377 2795 1558 2851 divina
1600 2798 1731 2853 sub-

178 2878 360 2935 stantia
396 2889 451 2934 et
476 2879 646 2935 Deum
674 2896 878 2947 verum,
910 2883 1195 2938 anathema
1222 2884 1311 2938 sit.
1339 2893 1363 2922 °
1392 2883 1451 2940 Si
1477 2886 1596 2957 quis
1622 2903 1733 2944 non

179 2968 358 3022 dixerit
387 2968 641 3039 Spiritum
670 2979 913 3026 sanctum
934 2974 1113 3028 omnia
1146 2990 1324 3045 posse,
1349 2977 1530 3031 omnia
1552 2993 1732 3047 nosse,

179 3067 225 3111 et
246 3059 436 3129 ubique
461 3075 579 3115 esse
607 3061 747 3116 sicut
774 3060 987 3117 Patrem
1007 3071 1061 3118 et
1095 3062 1307 3132 Filium,
1334 3068 1618 3123 anathema
1644 3069 1732 3124 sit.

1828 1898 1997 1953 ctum,
2028 1896 2138 1943 tres
2163 1887 2295 1942 deos
2336 1886 2461 1950 dici,
2503 1892 2559 1941 et
2598 1900 2707 1939 non
2754 1884 2924 1938 Deum
2970 1889 3195 1952 propter
3241 1896 3402 1934 unam

1827 1978 2167 2032 Divinitatem
2195 1985 2250 2030 et
2276 1976 2571 2045 potentiam
2590 2014 2605 2037 ,
2636 1988 2795 2041 quam
2838 1971 3101 2027 credimus
3129 1979 3184 2024 et
3210 1971 3405 2025 scimus

1828 2069 2001 2125 Patris
2039 2079 2093 2123 et
2118 2069 2241 2123 Filii
2280 2077 2334 2123 et
2362 2067 2593 2138 Spiritus
2620 2067 2807 2130 sancti,
2837 2060 3003 2119 Deum
3032 2080 3246 2129 verum;
3277 2064 3405 2117 sub-

1828 2163 2045 2237 trahens
2071 2168 2251 2215 autem
2277 2158 2467 2212 Filium
2487 2166 2543 2212 et
2568 2156 2822 2226 Spiritum
2851 2163 3113 2220 sanctum,
3138 2155 3210 2208 ita
3232 2154 3405 2208 solum

1827 2254 2096 2310 existimet
2123 2252 2288 2306 Deum
2318 2250 2529 2304 Patrem
2570 2250 2673 2305 dici
2715 2257 2805 2303 aut
2846 2247 2991 2304 credi
3020 2263 3181 2301 unum
3210 2247 3400 2311 Deum,

1822 2345 2112 2400 anathema
2137 2343 2225 2397 sit.
2249 2340 2453 2395 Nomen
2484 2354 2717 2407 namque
2747 2337 2990 2402 deorum,
3021 2346 3075 2390 et
3102 2335 3325 2403 angelis,
3353 2342 3407 2391 et

1828 2434 2026 2490 sanctis
2054 2431 2298 2488 omnibus
2334 2445 2366 2483 a
2414 2428 2526 2483 Deo
2569 2435 2652 2482 est
2698 2427 3006 2497 impositum
3047 2433 3102 2480 et
3129 2424 3402 2480 donatum.

1828 2524 1907 2579 De
1952 2522 2113 2576 Patre
2159 2527 2337 2574 autem
2367 2526 2422 2571 et
2461 2517 2597 2571 Filio
2644 2524 2698 2571 et
2743 2513 2945 2585 Spiritu
2973 2521 3160 2569 sancto
3187 2521 3408 2584 propter

1830 2629 1991 2671 unam
2015 2623 2070 2669 et
2095 2612 2354 2683 aequalem
2399 2609 2770 2673 Divinitatem,
2801 2622 2909 2661 non
2938 2620 3130 2659 nomen
3159 2605 3409 2671 deorum,

1831 2705 1927 2761 Sed
1953 2703 2046 2758 Dei
2076 2702 2231 2758 nobis
2270 2700 2569 2755 ostenditur
2595 2706 2755 2767 atque
2805 2696 3085 2758 indicatur,
3122 2703 3184 2748 ut
3222 2692 3410 2749 creda-

1832 2810 1951 2852 mus
1977 2794 2101 2864 quia
2141 2793 2196 2848 in
2232 2791 2393 2846 Patre
2430 2798 2487 2847 et
2527 2789 2665 2845 Filio
2690 2797 2745 2843 et
2771 2786 2973 2858 Spiritu
3010 2795 3198 2843 sancto
3237 2785 3410 2842 solum

1831 2888 2194 2958 baptizamur;
2225 2900 2332 2940 non
2377 2883 2435 2936 in
2479 2879 2919 2947 archangelorum
2967 2877 3270 2933 nominibus
3318 2884 3411 2931 aut

1834 2979 2173 3048 angelorum,
2224 2973 2242 3013 ί
2290 2971 2559 3044 quomodo
2612 2970 2880 3034 hatretici,
2932 2976 3025 3023 aut
3071 2966 3237 3022 δυόωί
3260 3009 3276 3034 ,
3319 2975 3410 3022 aut

1835 3070 1998 3123 etiam
2025 3065 2251 3134 gentiles
2275 3063 2552 3118 dementes
2581 3058 2797 3114 faciunt.
2830 3056 2955 3112 Haec
2991 3065 3072 3112 est
3108 3069 3238 3124 ergo
3266 3056 3409 3110 salus

178 3149 224 3203 Si
248 3153 364 3220 quis
388 3154 581 3207 dixerit
609 3152 863 3224 Spiritum
891 3164 1131 3212 sanctum
1158 3157 1417 3213 facturam
1455 3174 1603 3227 esse,
1644 3169 1736 3215 aut
1762 3156 1807 3220 C
1835 3160 2280 3223 Christianorum,
2310 3165 2369 3211 ut
2414 3154 2694 3211 credentes
2733 3150 3011 3213 Trinitati,
3043 3150 3093 3205 id
3123 3157 3235 3214 est,
3268 3146 3411 3202 Patri

178 3254 261 3309 per
283 3241 471 3297 Filium
496 3243 712 3312 factum,
745 3247 1029 3302 anathema
1057 3248 1144 3302 sit.
1176 3247 1233 3303 Si
1255 3250 1374 3318 quis
1404 3267 1510 3307 non
1536 3252 1732 3307 dixerit

182 3327 198 3364 ί
225 3333 396 3387 omnia
421 3349 520 3403 per
544 3333 735 3388 Filium
765 3345 949 3405 postea
994 3337 1327 3392 incarnatum
1346 3378 1361 3404 ,
1393 3347 1449 3395 et
1476 3340 1732 3412 Spiritum

178 3430 402 3478 sanctum
446 3423 661 3480 Patrem
704 3425 922 3495 fecisse,
953 3430 1237 3484 anathema
1265 3431 1353 3484 sit.
1376 3429 1440 3486 Si
1476 3433 1596 3501 quis
1623 3449 1732 3488 non

178 3510 356 3569 dixerit
380 3513 553 3572 Patris
580 3524 636 3572 et
661 3516 781 3572 Filii
810 3527 865 3572 et
892 3519 1123 3589 Spiritus
1147 3522 1317 3576 Sancti
1354 3538 1515 3578 unam
1542 3524 1734 3579 divini-

1836 3260 1892 3307 et
1919 3251 2056 3305 Filio
2086 3256 2141 3304 et
2185 3246 2409 3318 Spiritui
2453 3253 2660 3308 sancto,
2693 3250 2747 3297 et
2775 3242 2830 3296 in
2859 3257 2978 3296 eam
3015 3238 3288 3309 haptizati,
3319 3251 3412 3292 ve-

1836 3358 1951 3398 ram
2001 3341 2277 3408 solamque
2323 3352 2486 3391 unam
2532 3334 2886 3395 divinitatem,
2938 3329 3254 3401 potentiam,
3301 3340 3414 3381 ma-

1832 3433 2086 3503 jestatem
2114 3437 2168 3484 et
2194 3425 2546 3485 substantiam
2588 3422 2828 3492 ejusdem
2873 3421 2990 3475 sine
3034 3418 3197 3473 dubio
3224 3415 3413 3472 creda-

1839 3532 1979 3581 mus.
2012 3545 2030 3576 ι

1352 3633 1463 3689 FR.
1502 3633 1976 3693 FEU-ARDENTII
2014 3632 2240 3702 NOTAE.

196 3786 205 3796 ι
240 3727 265 3756 ι
294 3719 476 3796 lta_ex_
507 3720 871 3796 Theodoreto,
902 3722 1203 3796 Nicephoro
1231 3732 1286 3778 et
1325 3733 1470 3779 tonio
1499 3725 1518 3779 Ι
1548 3726 1735 3783 Conci-

178 3784 352 3910 l‘irprutm
377 3790 942 3864 legimus.pExemplar
983 3784 1226 3860 Arnobii,
1268 3796 1504 3849 inventus
1544 3806 1619 3851 est
1648 3816 1735 3854 or-

223 3874 285 3910 na
306 3876 383 3910 us.

223 3874 383 3912 natus.

225 3925 639 4008 Nicephorus,
694 3930 755 3983 Si
792 3934 906 4008 guis
932 3948 1037 4008 non
1072 3949 1243 3987 verum
1269 3933 1448 4008 ‘Deum
1487 3951 1597 3990 esse
1636 3936 1734 3991 Dei

178 3991 376 4061 Filium,
406 3991 753 4052 sicutimernm
780 3991 941 4055 Deum
962 4001 1193 4067 Patrem,
1229 4004 1357 4067 ejus,
1387 4014 1490 4060 etc.

241 4077 260 4101 ε
292 4066 635 4147 hicepborns,
686 4067 802 4122 Una
847 4087 959 4147 cum
999 4066 1197 4147 anima.
1226 4066 1620 4147 Theodoretus,
1664 4075 1735 4129 Et

176 4148 268 4189 non
292 4141 345 4189 in
370 4154 524 4191 carne
550 4141 715 4191 solum
743 4148 791 4192 et
819 4143 1013 4193 anima.
1040 4142 1321 4204 Arnobius,
1353 4151 1441 4197 aut
1469 4147 1661 4198 anima.

237 4203 259 4240 δ
290 4206 384 4261 Hic
410 4208 559 4261 lacus
606 4209 659 4261 in
696 4209 917 4264 Arnohii
959 4212 1251 4280 exemplari
1295 4203 1453 4280 plane
1498 4216 1735 4280 mutilus,

237 4227 259 4240 -
293 4227 384 4261 mc
410 4227 559 4261 iocus
606 4227 659 4261 In
696 4227 917 4264 arnonn
959 4227 1251 4280 exemplari
1335 4227 1453 4267 tane
1498 4227 1735 4280 mutuus,

216 4282 342 4353 stest
365 4291 430 4331 ex
459 4286 626 4353 ιοᾳιοΔ
651 4279 824 4347 primo
861 4280 1239 4353 (ionciliorum,
1289 4227 1634 4338 glieodoreto
1683 4294 1738 4338 et

202 4342 461 4422 iicepboro
498 4348 578 4402 sic
614 4342 894 4402 instaurari
946 4367 958 4401 :
1004 4350 1064 4404 Si
1104 4342 1234 4422 quis
1260 4368 1363 4405 non
1412 4353 1602 4406 dixerit
1640 4353 1736 4408 Dei

184 4410 387 4468 Verbum
407 4433 562 4469 carne
589 4434 816 4490 passum,
838 4435 994 4473 carne
1012 4410 1334 4490 cruciﬁxum,
1353 4428 1402 4475 et
1427 4438 1581 4476 carne
1601 4441 1737 4478 mor-

178 4492 261 4563 tem
281 4497 528 4563 gustasse,
560 4489 954 4563 primogenitum
986 4489 1191 4563 {astant
1204 4506 1268 4543 ea:
1301 4493 1536 4563 mortuis,
1560 4510 1653 4563 pro
1676 4511 1734 4549 eo

178 4558 437 4629 atquepita
458 4564 533 4609 est
559 4563 609 4629 et
629 4558 915 4627 oiviﬁcans,
940 4557 1125 4629 quippe
1151 4558 1313 4624 Deus,
1348 4557 1625 4616 auat/mna
1647 4566 1730 4616 sit.

179 4617 368 4702 Siquis
406 4641 511 4702 noﬁn
556 4626 695 4702 dicat
722 4617 837 4702 eunt
870 4617 924 4680 in
953 4617 1128 4682 'ca'r'ne
1167 4617 1318 4701 quam
1355 4635 1629 4702 assumpsit
1668 4634 1737 4687 ad

178 4688 426 4746 dexteram
449 4695 628 4748 Patris
646 4697 841 4760 sedere,
865 4705 968 4750 etc.

241 4768 263 4795 ο
291 4760 443 4817 Hunc
467 4766 967 4820 anathematismum
1007 4768 1222 4838 reliquit
1264 4768 1614 4837 Nicephorus,
1646 4781 1738 4826 aut

1839 3730 1954 3797 ejus
1984 3722 2245 3797 interpres
2270 3742 2289 3797 ;y
2314 3732 2493 3797 servat
2520 3737 2684 3793 porro
2713 3730 2888 3775 tomus
2916 3720 3122 3789 primus
3149 3716 3415 3773 Concilio-

1840 3795 2101 3854 rumcum
2130 3795 2388 3850 Aruobio.

1915 3869 1935 3908 ί
1961 3868 2292 3937 Nicephorus
2340 3872 2393 3937 et
2429 3871 2613 3937 tomus
2650 3862 2851 3931 primus
2882 3858 3243 3937 Conciliorum
3285 3856 3418 3937 adji-

1840 3940 2004 4003 ciunt,
2028 3928 2249 3991 visibilia
2270 3944 2318 3986 et
2336 3932 2611 3987 invisibilia
2626 3928 2861 3997 {carent
2883 3939 3060 4003 autem
3088 3928 3229 4003 quod
3258 3928 3418 3997 paulo

1838 4017 1962 4077 post
1983 3999 2226 4077 sequitur
2253 4005 2305 4057 in
2336 4003 2591 4067 Arnobio,
2621 4017 2736 4077 qua;
2764 3999 3182 4077 suntsaluta-uda.

1913 4087 1938 4125 Β
1969 4066 2167 4130 Vocem
2192 4076 2329 4146 quia
2357 4089 2421 4127 ex
2464 4066 2613 4126 tomo
2634 4066 2824 4141 primo
2862 4068 3223 4123 Conciliorum
3249 4073 3302 4120 et
3330 4066 3420 4121 Ni-

1841 4148 2077 4253 cephoro
2106 4144 2421 4226 addidimus.

1977 4215 2234 4253 Arnnlnnc
2268 4231 2277 4240 -
2311 4209 2421 4253 nun

1968 4215 2234 4269 Arnobius
2268 4231 2278 4264 :
2311 4209 2578 4280 Quomodo
2599 4211 2643 4280 si
2664 4210 2775 4280 quis
2800 4209 3060 4280 partiatur
3099 4203 3311 4280 Patrem

1839 4300 1960 4340 cens
1987 4293 2036 4339 et
2065 4282 2278 4345 Filium,
2312 4272 2413 4334 etc.
2441 4272 3098 4348 NicephorusAsicrclarius
3119 4272 3271 4348 ellert
3303 4291 3315 4324 :
3355 4273 3416 4328 Si

1837 4358 1952 4428 quis
1988 4343 2323 4409 Divinitatem
2361 4343 2590 4413 dividat,
2640 4345 2947 4418 singillatim
2996 4343 3161 4397 Deum
3207 4343 3420 4396 Patrem

1838 4426 2391 4548 ώεξῗὸιξξ-ῒνὶϐθιιη·
2425 4498 2635 4543 veteres
2655 4485 2959 4551 Gnosticos,
2990 4483 3080 4551 qui
3110 4481 3358 4551 traditam
3387 4495 3419 4534 a

1767 4551 1814 4609 D
1838 4564 2051 4618 Christo
2075 4562 2377 4633 baptizandi
2399 4559 2680 4633 formulam
2700 4571 2853 4633 atque
2875 4549 3036 4623 impie
3056 4567 3117 4633 a_c
3139 4549 3419 4620 impuden-

1838 4642 1929 4688 ter‘
1951 4622 2363 4701 corrumpebant
2410 4639 2465 4701 et
2492 4622 2965 4701 immutaban‘t,_u_t
2992 4639 3056 4677 ex
3087 4622 3288 4701 [reticeo
3325 4634 3420 4689 pa-

1840 4713 1935 4769 tet,
1965 4710 2019 4757 et
2047 4720 2145 4758 nos
2168 4690 2572 4757 observavimus
2599 4698 2653 4751 in
2680 4697 2797 4766 ejus
2825 4694 2944 4749 libri
2971 4699 3130 4762 caput
3155 4690 3242 4745 18.

214 4896 3417 4923 __________________________________________________

969 4989 1073 5049 DE
1116 4991 1722 5054 COMMENTABIIS
1763 4992 1844 5054 IN
1888 4991 2247 5054 PSALMOS
2291 4990 2611 5057 DAVIDIS

454 5143 1118 5227 ADMONITIO
1195 5147 1465 5228 BEV.
1543 5144 2187 5230 LAURENTII
2261 5143 2416 5225 DE
2490 5114 2635 5222 LA
2709 5136 3150 5227 BARRE,

866 5303 990 5377 Qui
1023 5320 1150 5364 non
1180 5312 1367 5381 recte,
1393 5312 1469 5365 ut
1494 5305 1764 5378 videtur,
1790 5276 1890 5368 eos
1913 5304 2205 5365 attribuit
2236 5299 2509 5363 Arnobio
2537 5300 2715 5378 Afra.

242 5557 312 5614 De
336 5575 528 5627 genere
547 5564 769 5617 Arnobii
798 5563 927 5616 nihil
962 5562 1102 5617 aliud
1133 5562 1396 5631 reperitur
1424 5561 1555 5615 certi
1583 5576 1744 5628 quam

182 5631 307 5694 eunti
357 5642 566 5703 sanctus
616 5632 973 5703 Hieronymus
1003 5633 1054 5686 in
1103 5632 1347 5703 catalogo
1369 5632 1658 5703 illustrium
1691 5640 1746 5684 et

179 5700 465 5767 appendice
492 5704 553 5758 ad
574 5700 878 5758 Chronicon
922 5702 1131 5757 Eusebii
1165 5702 1237 5755 ait
1268 5702 1317 5754 in
1350 5701 1523 5754 Africa
1560 5702 1743 5755 rheto-

1850 5575 1964 5614 rem
1986 5559 2204 5615 clarum.
2229 5563 2283 5608 et
2308 5553 2680 5623 philosophum
2704 5553 2961 5623 habitum,
2980 5552 3175 5623 Δδωρειε
3201 5564 3300 5623 per
3335 5549 3429 5623 ali-

1850 5640 1981 5697 quot
2006 5642 2172 5681 annos
2190 5618 2533 5697 iuventutern
2553 5634 2604 5676 et
2632 5622 2962 5697 nominatim
2978 5618 3310 5697 Lactantium
3332 5619 3425 5697 dc-

1852 5688 2127 5753 clamando
2149 5688 2461 5755 instituisse,
2493 5695 2661 5748 donec
2694 5694 2743 5746 in
2775 5690 2994 5745 somniis
3022 5688 3239 5745 adactus
3268 5688 3427 5769 fuerit
