3936 6176
514 243 615 297 3ἓ7

1845 239 2113 293 ΑΒΝΟΒΠ
2153 237 2452 294 JUNlORlS

3666 247 3725 263 ους

3667 249 3725 263 -ς

3667 249 3755 300 διδ

513 371 621 409 non
650 356 817 423 pnssnt
856 367 1075 407 somnus
1102 354 1363 421 obrepere
1383 368 1417 423 ;A
1448 350 1525 405 sle
1555 350 1690 423 linit,
1738 358 1795 401 ut
1822 349 2091 423 sitientem
2121 356 2166 410 Α
2198 350 2303 423 tius
2343 348 2510 423 edidit
2535 345 3154 423 Co_mr_nentarios_qnam
3183 346 3612 423 in__P_salterinn_i.
3639 348 3755 407 Nam

513 417 685 479 adhuc
705 433 757 476 et
775 424 934 492 plura
965 417 1267 492 cupientem
1295 421 1545 476 dimittat.
1576 417 1840 492 laureum
1870 420 1923 471 in
1954 417 2087 492 Ter-

514 494 737 554 tulliani,
762 488 1001 558 Origenis
1029 488 1093 547 ac
1120 492 1358 545 omnium
1400 498 1641 544 veterum
1673 488 1818 542 libris
1844 488 2089 556 quasdam

513 564 745 615 admixta
774 563 899 625 sint,
938 577 1056 628 quze
1096 570 1189 614 aut
1231 560 1566 614 manifestum
1606 558 1803 612 habent
1829 572 2089 628 errorem,

509 631 841 696 antsuspeeti
860 626 1121 695 dogmatis
1150 639 1291 692 sunt,
1322 633 1401 684 sic
1430 631 1624 696 ubique
1658 634 1921 695 temperat
1949 626 2092 696 calas

513 715 655 753 mmn
680 695 755 769 fut
800 701 931 752 nihil
962 716 1183 767 usquam
1230 695 1584 769 compererim
1612 699 1756 765 quod
1785 697 1873 769 ulli
1903 695 2089 769 haeresi

511 770 580 825 sit
608 768 785 823 aﬂine.
828 770 958 822 Nam
1002 765 1146 837 quod
1176 765 1369 823 scribit'
1404 770 1456 821 in
1486 768 1871 822 commentario
1901 765 2091 831 psalmi

512 838 704 892 decimi
734 839 907 908 quarti
945 836 1143 892 :Jesus
1191 839 1564 893 immaculatus
1611 837 1757 889 solus
1799 836 2090 908 virgineam

512 909 686 960 aulam
717 907 987 974 ingressus
1017 909 1189 977 ipsum
1219 908 1618 961 tabernaculum
1649 921 1678 958 a
1707 907 1944 977 maculis
1972 919 2093 958 car-

513 978 721 1031 nalibus
768 974 1051 1039 liberavit,
1088 994 1194 1030 non
1246 979 1413 1031 sensit
1442 978 1508 1029 de
1548 974 1772 1029 maculis
1809 991 1927 1043 qua:
1967 982 2092 1027 ante

516 1046 811 1112 ingressum
834 1045 1026 1100 Christi
1059 1047 1279 1100 fuissent
1307 1048 1361 1100 in
1390 1046 1576 1108 Maria,
1609 1046 1701 1115 sed
1741 1062 1859 1115 qua:
1890 1046 1941 1097 in
1973 1043 2091 1096 aliis

515 1115 721 1185 feminis
751 1131 869 1169 esse
910 1126 1321 1180 consueverunt,
1365 1132 1395 1169 a
1426 1116 1617 1185 quibus
1661 1113 1902 1168 Christus
1942 1129 2092 1185 suam

515 1184 733 1238 Matrem
754 1188 987 1239 servavit
1013 1188 1321 1249 immunem,
1353 1195 1406 1240 et
1433 1183 1891 1238 auxitcastitatem
1914 1183 2093 1253 potius

514 1269 672 1321 quam
714 1256 948 1309 violavit.
999 1255 1137 1320 Quin
1185 1264 1240 1308 et
1287 1255 1536 1309 Ecclesia:
1587 1253 1838 1306 Romamn
1884 1252 2093 1305 videtur

446 1346 452 1353 ο
514 1324 614 1377 hoc
643 1325 865 1377 honoris
889 1324 1116 1387 deferre,
1160 1333 1216 1378 ut
1244 1334 1394 1378 extra
1440 1324 1758 1378 catholicam
1796 1322 2091 1377 Ecclesium

514 1394 601 1457 sit,
626 1394 714 1461 qui
745 1395 813 1446 sit
842 1394 907 1446 ab
932 1396 1029 1447 hac
1054 1395 1277 1457 alienus,
1302 1405 1357 1448 et
1379 1403 1433 1447 ut
1458 1394 1608 1447 exsul
1632 1409 1661 1445 a
1685 1408 1809 1446 vera
1835 1392 1956 1457 lide,
1980 1392 2093 1445 sive

515 1463 784 1530 transfuga
834 1463 1163 1527 eliminatus,
1232 1479 1351 1531 quae
1399 1467 1562 1517 totius
1612 1461 1863 1516 Ecclesia:
1912 1469 2092 1515 teneat

514 1532 887 1602 principatum,
918 1547 1142 1601 quaeque
1172 1531 1385 1587 Petrum
1408 1534 1770 1601 apostolorum
1794 1532 2091 1602 principem

515 1600 768 1656 meruerit
809 1604 1007 1656 habere
1056 1600 1345 1669 pastorem.
1380 1600 1554 1656 Locus
1594 1610 1677 1655 est
1704 1600 2091 1656 commentario

516 1673 808 1724 centesimo
838 1681 1009 1736 sexto,
1066 1681 1121 1725 et
1149 1673 1201 1725 in
1242 1671 1626 1726 commentario
1674 1671 1863 1738 psalmi
1904 1683 2090 1724 cente-

516 1740 632 1793 simi
663 1742 915 1809 tricesimi
957 1715 1133 1793 octavi
1162 1742 1318 1795 docet
1346 1742 1597 1794 eximiam
1624 1715 1909 1809 quiamdam
1939 1746 2094 1808 pote-
2122 1715 2168 1773 Β

517 1819 704 1864 statem
735 1808 895 1864 Petro
926 1810 1175 1863 tributam
1206 1825 1235 1862 a
1280 1812 1514 1874 Christo,
1555 1808 1714 1878 quem
1748 1817 1831 1863 ter
1860 1824 2091 1876 negave-

518 1887 617 1941 rat,
661 1880 799 1932 haud
830 1879 988 1933 dubie
1038 1879 1261 1947 loquens
1290 1881 1356 1934 de
1400 1887 1665 1948 potestate
1706 1880 2094 1948 pascendarum

519 1950 714 2001 ovium.
764 1949 839 2002 De
868 1950 1005 2003 votis
1044 1949 1326 2017 aliquoties
1364 1950 1638 2011 meminit,
1687 1948 1781 2003 sed
1830 1948 1912 2002 his
1958 1948 2092 2000 dun-

518 2025 665 2071 taxat
726 2019 918 2085 quibus
981 2018 1034 2071 in
1101 2019 1403 2087 baptismo,
1475 2018 1746 2073 Christum
1828 2017 2091 2086 professi,

519 2088 718 2142 mundo
767 2087 1083 2155 Satanazque
1131 2089 1593 2153 renuntiavimus;
1651 2104 1758 2142 non
1817 2088 1960 2156 quod
2008 2103 2095 2139 ar-

519 2156 687 2227 bitrer
732 2158 880 2211 illum
927 2159 1131 2226 reliqua
1182 2167 1303 2213 vota
1351 2158 1754 2227 contempsisse,
1805 2158 1901 2212 sed
1952 2157 2097 2227 quod

519 2224 665 2297 haec,
716 2236 775 2297 ut
816 2236 964 2290 sunt,
1011 2224 1275 2297 pracipua
1312 2227 1543 2282 duxerit.
1568 2224 1699 2282 'Nec
1741 2228 1926 2282 dubito
1968 2224 2098 2297 Quin

519 2294 572 2366 in
608 2296 691 2350 his
719 2294 1187 2352 Commentariolis
1222 2297 1465 2366 Origenis
1510 2299 1769 2352 industria
1808 2297 1967 2352 fuerit
1996 2296 2088 2350 ad-

520 2364 678 2435 jutus,
704 2368 796 2433 qui
828 2367 882 2420 in
920 2367 1123 2421 nullum
1144 2383 1281 2436 opus
1309 2364 1501 2422 divina:
1539 2368 1827 2437 Scriptum
1856 2367 2099 2435 frequen-

2196 419 2327 472 locis
2351 417 2557 485 aliquot
2584 416 2821 488 declarat
2858 434 2916 473 se
2950 416 3140 473 Graeca
3169 418 3443 472 calluisse.
3486 416 3644 487 Hujus
3675 434 3754 488 ge.

2190 489 2335 542 neris
2363 502 2527 539 unum
2563 487 2866 557 exemplum
2895 488 3035 542 dabo
3076 488 3479 542 commentario
3506 487 3759 557 septuage-

2190 558 2326 610 simo
2372 557 2621 624 septimo.
2673 554 2858 610 scriba
2901 574 3006 612 non
3050 558 3367 624 intelligens
3394 558 3474 611 sic
3500 554 3755 623 pinxerat:

2189 626 2330 694 quod
2361 640 2518 678 aures
2546 626 2600 678 in
2643 624 2861 680 faciens.
2898 627 2991 682 llis
3019 627 3203 681 verbis
3248 642 3375 681 cum
3413 627 3539 680 nihil
3567 629 3758 684 omnino

2189 696 2596 763 signiﬁcaretur,
2628 694 2825 762 diuque
2855 712 2939 751 me
2967 697 3276 756 torsissem,
3303 697 3537 749 divinavi
3557 696 3603 748 id
3635 698 3758 763 quod

2191 783 2278 820 res
2307 773 2389 819 est
2417 766 2673 833 scriptum
2711 764 2893 829 fuisse,
2942 768 3087 834 quod
3117 766 3351 820 auxesin
3401 764 3613 819 faciens.
3644 765 3758 820 Nam

2190 837 2243 889 in
2283 835 2552 903 plerisque
2598 835 2876 903 scripturis
2916 836 3079 903 ligura
3130 835 3296 903 hujus
3349 834 3558 896 litterae,
3599 851 3630 890 x
3668 852 3759 891 non

2191 906 2416 958 multum
2444 904 2696 974 abhorret
2722 904 2790 958 ab
2828 922 2870 957 r.
2922 905 3108 974 Itaque
3137 906 3321 959 scriba
3350 903 3535 958 Graace
3564 920 3761 974 prorsus

2191 975 2426 1040 ignarus,
2459 982 2515 1026 et
2544 972 2729 1028 Latine
2757 972 3036 1028 minimum
3058 976 3275 1036 doctus,
3309 989 3377 1027 ex
3399 975 3613 1027 auxesin
3635 973 3757 1029 lece-

2192 1054 2274 1097 rat
2312 1060 2468 1097 aures
2511 1044 2582 1097 in.
2636 1043 2766 1096 Item
2805 1045 3198 1098 connnentario
3246 1046 3544 1098 centesimo
3587 1044 3755 1110 quinto

2192 1114 2451 1183 scriptum
2479 1121 2595 1165 erat
2623 1130 2634 1163 :
2668 1112 2937 1181 Suscipiat
2975 1114 3221 1181 regulam
3250 1114 3578 1182 paenitentia:
3601 1115 3758 1166 exelu-

2190 1200 2252 1237 so
2278 1198 2431 1246 nova,
2473 1183 2544 1252 ita
2579 1189 2634 1234 ut
2662 1183 3016 1237 centesimum
3057 1185 3312 1252 quintum
3364 1183 3635 1249 psalmum,
3663 1189 3752 1236 etc.

2191 1253 2299 1306 Nos
2328 1268 2393 1306 ex
2424 1251 2733 1317 conjectura
2763 1251 3092 1308 restituimus
3120 1272 3131 1306 :
3175 1252 3418 1307 Excluso
3444 1252 3659 1311 Novato,
3695 1252 3755 1304 si-

2190 1338 2256 1375 ve
2298 1321 2613 1375 Novatiano.
2649 1321 2779 1375 Nam
2832 1332 3055 1390 uterque
3102 1324 3207 1376 fuit
3255 1322 3496 1389 ejusdem
3542 1322 3751 1385 haeresis,

2190 1408 2292 1446 nec
2341 1392 2658 1445 admittebat
2708 1392 3073 1461 ptenitentem.
3104 1393 3434 1460 Quanquam
3478 1392 3521 1444 is
3568 1392 3753 1459 potissu-

2190 1477 2337 1525 mum
2366 1469 2656 1529 occupatus
2685 1469 2767 1514 est
2796 1464 2845 1515 in
2870 1478 3029 1516 sensu
3051 1462 3398 1531 explicando,
3431 1462 3519 1529 qui
3550 1461 3753 1531 pertinet

2192 1531 2260 1601 ad
2290 1532 2648 1597 evangelicam
2678 1532 2983 1601 historiam,
3028 1542 3087 1587 ut
3112 1529 3571 1601 quemadmodum
3593 1529 3754 1601 scribit

2195 1599 2390 1654 Paulus
2434 1601 2729 1669 apostolus,
2761 1617 2826 1654 ex
2876 1599 2979 1655 title
3007 1602 3059 1654 in
3110 1598 3276 1655 ﬁdem
3321 1602 3490 1669 magis
3535 1601 3584 1653 in
3620 1598 3751 1652 nobis

2194 1670 2541 1724 conlirmetur
2568 1670 2791 1724 scientia
2820 1670 3038 1735 Christi,
3081 1670 3211 1725 dum
3242 1670 3503 1739 quidquid
3537 1672 3587 1722 in
3612 1682 3752 1721 evan-

2195 1740 2383 1805 gelicis
2413 1741 2604 1793 litteris
2633 1749 2840 1805 gestant
2871 1742 3116 1807 legimus,
3140 1743 3193 1795 in
3219 1738 3452 1794 Psalmis
3474 1738 3749 1807 pnedictum

2195 1811 2586 1880 conspicamur.
2619 1810 2793 1878 Atque
2818 1806 2941 1866 hrec’
2956 1826 3088 1865 sane
3119 1826 3254 1880 pars
3299 1811 3353 1863 in
3384 1806 3647 1880 tractando
3668 1806 3752 1857 dif-

2196 1878 2428 1953 ﬁcillima
2458 1887 2570 1940 est,
2601 1894 2706 1947 qua
2735 1890 2881 1953 recte
2907 1878 3393 1953 comperta,_facile
3422 1879 3514 1953 v_el_
3549 1892 3618 1953 ex
3650 1888 3755 1953 sese

2194 1949 2434 2015 reliquos
2475 1946 2665 2003 sensus
2708 1946 3046 2014 addivinant,
3077 1952 3171 2019 qui
3213 1951 3271 2005 in
3312 1951 3547 2019 mysticis
3574 1946 3754 2019 litteris

2196 1966 2434 2015 renquos
2475 1966 2665 2003 sensus
2708 1966 3044 2014 auuivmant,
3116 1967 3171 2004 ιιι
3213 1967 3271 2005 m
3312 1966 3547 2019 mysticis
3589 1966 3750 1997 niteris

2196 2033 2385 2087 sensus
2415 2019 2612 2072 habent
2637 2021 2978 2074 exercitatos.
3011 1966 3116 2074 Sea
3154 2030 3215 2074 ut
3259 2018 3542 2087 aliquando
3570 2013 3750 2087 ﬁniam.

2176 2087 2251 2160 .hi
2277 2086 2662 2160 Commentarii
2691 2104 2759 2144 eo
2786 2089 2954 2144 ferme
2972 2098 3221 2160 tempore
3249 2082 3368 2160 quo
3390 2086 3643 2160 Adrianus
3667 2082 3753 2160 hu:-

2193 2156 2281 2225 jus
2310 2159 2448 2212 tituli
2476 2168 2662 2231 sextus
2691 2170 2909 2215 evectus
2931 2169 3015 2213 est
3036 2150 3101 2213 ad
3131 2150 3397 2229 pontiﬁcii
3428 2154 3639 2231 Romani
3663 2150 3753 2231 cul-

2201 2222 2591 2303 men_;__proditi
2612 2238 2794 2303 sunt__e
2817 2231 3111 2303 venerabili
3132 2222 3477 2303 monasterio
3502 2222 3655 2303 quod,
3681 2222 3750 2274 in-

2198 2304 2283 2367 ter
2323 2292 2685 2355 Wbrmaciam
2731 2300 3066 2367 Vangionum
3127 2301 3406 2355 civitatem
3467 2292 3534 2351 et
3569 2292 3751 2367 Spiram

2202 2366 2548 2423 Nemetarum
2572 2372 2759 2424 urbem
2779 2359 2959 2436 situm,
2977 2370 3136 2438 vulgo
3158 2370 3359 2426 dicitur
3370 2359 3722 2423 Frankenthal.

521 2478 3741 2503 W

1293 2577 2091 2691 ARNOBII
2166 2581 3028 2700 JUNIOBIS
3544 2694 3551 2701 .

761 2755 2182 2906 COMMENTARII
2274 2767 2475 2910 IN
2568 2767 3558 2922 PSALMOS.

1819 3134 2490 3222 PROLOGUS.

589 3363 926 3420 Cbarissimis
953 3361 1202 3418 Patribus
1239 3360 1463 3418 Leontio
1509 3371 1564 3419 et
1592 3364 1812 3421 Rustico
1835 3366 2101 3438 episcopis
2128 3377 2175 3439 ο

524 3455 803 3512 Arnobius.
853 3452 1135 3510 Silentium
1162 3454 1363 3509 bonum
1408 3467 1527 3509 esse
1554 3470 1715 3511 nemo
1743 3463 1827 3511 est
1867 3457 1960 3525 qui
2001 3472 2098 3511 ne-

524 3547 671 3609 sciat,
702 3544 797 3601 sed
821 3553 947 3600 tunc
976 3543 1311 3599 taciturnitas
1348 3544 1609 3612 probatur
1652 3560 1771 3600 esse
1798 3547 2096 3613 contraria,

524 3635 732 3705 quando
761 3634 828 3688 ad
857 3634 1180 3704 loquendum
1205 3632 1444 3701 juhentis
1486 3636 1760 3705 compellit
1786 3638 2097 3694 auctoritas.

524 3725 575 3780 Si
606 3727 749 3779 enim
777 3724 928 3778 vobis
952 3722 1140 3791 jubere
1163 3723 1305 3787 licet,
1336 3722 1489 3778 nobis
1516 3732 1862 3781 contemnere
1893 3742 2001 3781 non
2031 3727 2099 3782 li-

524 3823 626 3870 cet.
659 3814 777 3870 Non
802 3825 887 3869 est
904 3815 1351 3883 praesumptionis,
1374 3814 1471 3870 sed
1489 3800 1807 3872 obedientia:
1833 3819 1937 3873 hoc
1955 3820 2101 3889 quod

525 3904 766 3958 Psalterii
793 3918 960 3958 venas
1002 3904 1218 3973 pulsare
1257 3904 1437 3974 potius
1461 3919 1622 3974 quam
1652 3906 1954 3977 patefacere
1983 3918 2098 3964 stu-

525 3995 725 4050 demus.
757 3992 870 4048 Hoe
905 3994 1323 4061 considerantes,
1354 3996 1497 4064 quod
1543 3998 1720 4053 nullus
1746 3999 1935 4057 sitiens
1963 4017 2100 4072 pne-

524 4085 835 4155 parantibus
861 4100 1056 4155 aquam
1084 4086 1350 4141 irascitur.
1383 4086 1488 4141 Alii
1517 4090 1825 4157 paraverint
1849 4091 1969 4147 viva
1989 4091 2098 4147 fra-

523 4180 727 4249 grantia
752 4179 931 4244 mella,
973 4180 1063 4233 alii
1089 4180 1353 4236 nectareis
1378 4181 1538 4250 plena
1568 4182 1860 4251 liquoribus
1884 4186 2097 4254 pocula,

523 4285 620 4325 nos
663 4284 731 4325 ex
777 4270 988 4326 sarculo
1032 4270 1141 4325 oris
1187 4266 1382 4335 nostri,
1407 4278 1605 4326 terram
1627 4274 1752 4329 hinc
1776 4275 1899 4330 inde
1922 4275 2100 4332 lacero

525 4359 868 4415 verberantes
893 4359 1148 4428 impulsu,
1169 4359 1475 4415 Davidicum
1506 4361 1736 4428 laticem,
1769 4364 1895 4419 licet
1921 4366 2098 4420 tenuir

525 4460 605 4506 ter
629 4451 770 4506 sitim
798 4450 1126 4520 patientibus
1166 4451 1455 4519 aperimus,
1504 4453 1747 4509 sitientes
1781 4462 1842 4510 ut
1893 4456 2097 4511 bibant.

526 4541 591 4595 lli
618 4551 798 4598 autem
826 4542 1060 4611 quicum
1082 4543 1340 4611 apostolis
1358 4545 1514 4598 tertia
1530 4545 1634 4600 diei
1660 4546 1792 4601 hora
1819 4549 1954 4604 ebrii
1978 4556 2101 4606 sunt

526 4632 579 4685 in
616 4630 817 4702 Spiritu
846 4640 1054 4698 saneto,
1079 4631 1327 4687 laetentur
1363 4642 1418 4689 et
1447 4634 1689 4702 ﬂoreant,
1730 4639 1873 4693 nulla
1920 4648 2100 4697 tamen

524 4723 826 4779 sitientibus
886 4724 1265 4794 impedimenta
1334 4726 1604 4795 patiantur
1672 4727 1874 4784 inferri.
1914 4731 2099 4801 Neque

524 4812 665 4867 enim
691 4813 784 4881 qui
810 4814 932 4869 vino
953 4816 1268 4877 exuberant,
1293 4831 1483 4886 aquam
1503 4817 1744 4874 volentes
1768 4821 1955 4877 bibere
1977 4837 2104 4893 pro-

525 4901 725 4956 hibent.
744 4901 986 4957 Habeant
1014 4919 1141 4973 ergo
1163 4906 1437 4962 nobiscum
1458 4923 1644 4977 pacem
1671 4910 1901 4966 universi
1931 4912 2099 4968 lecto-

523 5007 627 5053 res,
659 4993 750 5061 qui
778 5008 875 5048 vos
902 4994 1027 5049 licet
1056 4984 1280 5053 rusticos
1329 4998 1624 5054 catholicos
1651 5003 2023 5071 comprobent,
2048 5012 2106 5059 et

524 5084 786 5152 psalmum
814 5085 966 5154 cujus
1009 5088 1440 5156 explanationem
1479 5091 1681 5159 legunt,
1711 5094 1858 5162 prius
1895 5096 2101 5149 exami-

525 5184 672 5239 nent,
705 5182 764 5229 ut
791 5175 916 5230 dum
938 5176 1052 5245 ejus
1081 5178 1307 5247 legerint
1334 5197 1568 5247 sensum,
1593 5184 1659 5237 ad
1686 5199 1808 5238 eum
1833 5188 2104 5255 pertinere

524 5265 778 5327 sentiant,
829 5280 988 5335 quem
1032 5269 1425 5337 explanationis
1462 5280 1638 5328 textus
1691 5277 1944 5331 ostendit.
1996 5278 2102 5348 Ipsi

521 5355 734 5423 quidem
792 5358 982 5411 melius
1016 5357 1118 5412 hoc
1162 5362 1407 5427 potuistis
1427 5361 1601 5418 facere
1628 5367 1719 5433 qui
1740 5366 1955 5435 juhetis.
1984 5369 2103 5425 Non

525 5448 667 5502 enim
716 5449 1193 5518 impossibilitatem
1247 5463 1498 5519 vestram,
1552 5457 1647 5513 sed
1694 5463 2102 5532 occupationem

525 5538 838 5602 ostenditis,
869 5539 992 5592 dum
1023 5540 1167 5610 quod
1197 5558 1295 5596 nos
1318 5544 1519 5612 jubetis
1548 5546 1723 5603 facere
1748 5590 1761 5611 ,
1787 5568 1882 5608 vos
1912 5554 2102 5608 melius

527 5624 629 5680 hoc
657 5631 936 5697 potueritis
962 5632 1200 5702 implere.

2125 4747 2176 4806 D

2798 3365 3111 3425 PSALMUS
3143 3368 3187 3424 Ι.

2754 3496 2994 3554 Psalmus
3041 3499 3227 3555 David.

2275 3648 2459 3703 Beatus
2488 3649 2564 3703 vir
2590 3650 2677 3721 qui
2698 3666 2802 3704 non
2829 3648 2956 3704 abiit
2979 3652 3034 3705 in
3066 3653 3288 3707 consilio
3330 3650 3609 3723 impiorum,
3637 3653 3678 3699 et
3697 3642 3742 3696 in

2200 3739 2282 3792 via
2326 3747 2650 3808 peccatorum
2702 3756 2805 3794 non
2847 3742 3022 3808 stetit,
3046 3744 3167 3795 etin
3194 3742 3442 3796 cathedra
3476 3734 3742 3811 pestilentia

2201 3844 2306 3881 non
2334 3828 2496 3893 sedit;
2518 3829 2609 3882 sed
2632 3831 2686 3884 in
2719 3830 2828 3902 lege
2848 3830 3059 3886 Domini
3083 3834 3329 3889 voluntas
3352 3834 3479 3904 ejus,
3509 3838 3557 3884 et
3581 3830 3631 3882 in
3652 3826 3741 3895 tege

2200 3918 2313 3988 ejus
2339 3919 2671 3974 meditabitur
2688 3921 2770 3974 die
2789 3939 2851 3975 ac
2869 3930 3034 3978 nocte.
3059 3922 3130 3977 Et
3156 3927 3256 3979 erit
3302 3936 3539 3995 tauquam
3574 3921 3738 3990 lignum

2200 4007 2337 4078 quod
2358 4008 2652 4077 plantatum
2671 4020 2751 4065 est
2779 4028 2923 4067 secus
2950 4013 3191 4068 decursus
3214 4030 3483 4087 aquarum,
3512 4009 3635 4083 quod
3651 4007 3738 4078 [η’

2201 4108 2338 4153 ctum
2361 4116 2512 4155 suum
2538 4100 2682 4156 dabit
2707 4104 2765 4157 in
2788 4112 3018 4175 tempore
3036 4120 3148 4159 suo.
3188 4104 3259 4160 Et
3297 4107 3475 4179 folium
3516 4103 3620 4174 ejus
3654 4111 3736 4150 ποκ

2180 4188 2409 4258 ’Δεβιιεῃ
2446 4200 2497 4245 et
2541 4194 2717 4246 omnia
2755 4210 3067 4264 quaecunque
3113 4198 3271 4267 faciet
3326 4193 3737 4270 prosperabanw-

2203 4277 2327 4334 Non
2346 4282 2420 4336 sic
2438 4283 2602 4352 impii,
2626 4299 2728 4338 non
2759 4286 2864 4349 sic;
2902 4285 2995 4339 sed
3020 4294 3268 4355 tanquam
3291 4288 3455 4354 pulvis
3477 4298 3612 4356 quem
3634 4293 3732 4349 pro-

2194 4369 2315 4440 jicit
2340 4379 2519 4426 uentus
2540 4390 2572 4425 a
2594 4374 2728 4445 facie
2748 4382 2919 4431 terra.
2946 4374 3074 4432 Ideo
3117 4394 3226 4433 non
3266 4382 3537 4449 resurgant
3552 4368 3677 4441 impii
3693 4367 3736 4418 ἕιι

2190 4458 2415 4530 judicio,
2438 4477 2599 4532 neque
2642 4472 2939 4531 peccatores
2984 4467 3039 4520 in
3077 4468 3293 4524 consilio
3325 4470 3590 4540 justorum.
3619 4456 3734 4521 θυο-

2201 4550 2347 4604 niam
2370 4552 2513 4605 nouit
2537 4549 2795 4607 Dominus
2822 4556 2957 4609 viam
2975 4557 3255 4626 justorum,
3287 4568 3337 4613 et
3374 4559 3468 4612 iter
3501 4550 3735 4622 impiam”

2194 4642 2403 4712 peribit.

2777 4733 3146 4777 COIIBNTARIU
3153 4739 3206 4776 Μ.

2274 4826 2483 4884 Primus
2529 4832 2763 4900 psalmus
2810 4834 2949 4890 unde
3002 4838 3104 4893 scit
3140 4838 3520 4894 beatitudinem
3540 4828 3728 4903 perin

2203 4917 2330 4973 inde
2352 4932 2655 4990 recuperat.
2679 4922 2737 4977 ln
2766 4926 2992 4981 consilio
3024 4928 3307 4998 impiorum
3337 4929 3465 4983 abiit
3488 4924 3664 4980 Adam.
3689 4910 3731 4965 id

2204 5020 2306 5076 est,
2332 5012 2386 5066 in
2408 5015 2673 5084 serpentis
2709 5024 2766 5071 et
2811 5019 3068 5075 mulieris.
3098 5019 3167 5075 Et
3192 5037 3335 5078 nunc
3358 5021 3518 5077 Adam
3544 5017 3729 5068 noster:

2204 5101 2256 5157 id
2285 5111 2384 5169 est,
2416 5119 2707 5161 consensus
2734 5118 2918 5164 noster
2943 5111 3132 5166 beatus
3158 5113 3281 5180 erit,
3304 5115 3349 5171 si
3377 5126 3481 5167 non
3503 5100 3672 5162 abierit
3685 5094 3729 5148 in

2204 5196 2428 5250 consilio
2467 5198 2730 5267 serpentis
2757 5207 2812 5253 et
2831 5200 3097 5268 mulieris,
3128 5204 3183 5258 id
3211 5214 3313 5270 est,
3338 5204 3388 5258 in
3409 5196 3615 5257 consilio
3636 5200 3732 5243 ca"

2207 5288 2288 5341 nis
2317 5297 2372 5341 et
2398 5288 2613 5344 diaboli.
2644 5291 2750 5345 Aut
2769 5293 2812 5346 si
2836 5293 3047 5360 abierit,
3079 5312 3184 5351 non
3207 5297 3281 5353 ibi
3309 5304 3437 5361 stet;
3467 5291 3508 5347 si
3535 5276 3726 5343 steterit,

2207 5393 2312 5431 non
2337 5377 2538 5445 sedeat,
2564 5380 2614 5433 id
2640 5389 2740 5445 est,
2764 5397 2870 5436 non
2896 5396 3236 5454 permaneat;
3280 5388 3372 5443 sed
3409 5391 3598 5439 memor
3624 5365 3731 5435 16815

2207 5467 2320 5530 Dei,
2354 5469 2425 5523 ibi
2446 5485 2595 5524 suam
2623 5482 2849 5543 occupet
2879 5476 3228 5532 voluntatem.
3259 5478 3327 5533 Et
3345 5477 3571 5532 diurnam
3588 5470 3636 5519 et
3655 5468 3728 5511 “0'

2209 5566 2449 5612 cturnam
2479 5562 2746 5617 actionem
2774 5580 2923 5617 suam
2953 5565 3006 5619 in
3048 5568 3393 5624 meditatione
3417 5560 3592 5618 divinat
3620 5544 3731 5613 ιειςίε

2209 5662 2473 5717 exerceat,
2505 5664 2562 5706 ut
2592 5655 2691 5710 hoc
2712 5657 2855 5725 quod
2902 5656 3067 5712 Adam
3109 5660 3336 5729 perdidit
3363 5636 3725 5714 contemnendo-
