3866 6178
179 290 263 358 ita
1050 371 1056 377 ,
1096 309 1564 370 COMMENTARII
1603 313 1670 369 tu
1707 313 2034 372 PSAIMOS.
2080 319 2269 375 PSAL.
2314 323 2398 377 iv.

3303 337 3410 397 330

176 421 261 477 iste
299 410 627 474 custodiendo
675 418 943 488 inveniat,
974 438 1294 494 permanens
1329 430 1481 500 juxta
1510 429 1707 485 ﬂuenta
1742 434 1782 489 Α
1814 432 2088 504 insurgunt
2134 436 2404 492 adversum
2446 458 2541 494 me.
2598 441 2752 496 Multi
2793 445 2970 499 dicunt
3016 450 3206 505 anima:
3234 470 3363 509 mete
3393 473 3410 508 :

174 513 317 582 legis,
371 517 426 566 ut
473 509 667 578 lignum
706 513 826 568 vitai
868 514 1327 575 immortalitatem
1366 521 1611 591 capiens,
1640 519 1713 576 ita

172 604 354 659 demum
391 616 712 672 quaecunque
742 604 949 675 fecerit,
991 612 1468 681 prosperabuntur.
1508 613 1589 668 llli
1619 630 1714 669 au-

175 700 278 758 tem,
304 692 351 748 id
378 702 456 748 est
492 695 655 765 impii,
688 706 1161 769 contempserunt,
1210 720 1317 758 non
1360 704 1457 771 sic,
1487 705 1583 759 sed
1612 706 1714 761 hoc

171 784 431 859 eiseveniet
451 784 501 838 in
532 785 687 839 linem
713 789 914 851 smeuli,
945 791 1090 859 quod
1115 793 1169 846 in
1199 792 1305 849 ﬁne
1322 795 1513 864 psalmi
1535 810 1714 851 sermo

172 851 472 944 prophiaticus
498 851 1065 936 comminatur-ﬂuida
1092 889 1294 939 teterna
1321 851 1414 954 qui
1440 893 1631 955 regnat
1660 887 1713 940 in

171 963 331 1041 sarcula
356 963 688 1021 saeculorum.
707 966 896 1022 Amen.

704 1065 1021 1137 psALuus
1047 1083 1110 1138 ιι.

677 1167 922 1227 Psalmus
982 1174 1165 1230 David.

225 1244 373 1323 Quare
414 1258 733 1330 [rentuerunt
778 1273 969 1333 gentes,
1016 1274 1066 1320 et
1111 1266 1288 1338 pepuli
1329 1266 1563 1324 meditati
1590 1281 1712 1325 sunt

166 1348 630 1406 inania?Astiterunt
649 1366 795 1421 reges
818 1360 988 1419 term,
1016 1364 1066 1409 et
1083 1356 1345 1428 principes
1368 1370 1710 1415 convenerunt

164 1440 207 1492 in
234 1454 387 1503 unum,
417 1438 657 1493 adversus
713 1440 998 1497 Dominum
1050 1454 1100 1498 et
1153 1448 1397 1504 adversus
1450 1450 1707 1507 Christum

162 1528 265 1599 ejus.
287 1526 642 1599 Dirumpamus
668 1533 872 1587 vincula
892 1546 1097 1602 eorum;
1121 1546 1171 1593 et
1194 1542 1532 1611 projiciamus
1553 1562 1585 1598 a
1614 1563 1708 1600 no-

164 1618 223 1671 bis
239 1618 400 1688 jugum
426 1621 677 1690 ipsorum.
719 1621 822 1686 Qui
845 1625 1046 1680 habitat
1074 1630 1130 1682 in
1157 1630 1298 1686 caelis
1327 1633 1561 1688 irridebit
1586 1652 1703 1702 eos;

159 1718 200 1763 ‘ct
220 1707 446 1765 Dominus
464 1711 804 1769 subsannabit
832 1733 940 1771 eos.
997 1718 1142 1775 Tunc
1181 1722 1415 1793 loquetur
1439 1727 1507 1780 ad
1535 1744 1620 1782 eos
1649 1731 1703 1783 in

1821 520 1945 577 Non
1992 534 2070 579 est
2120 528 2261 582 salus
2310 530 2410 601 ipsi
2440 532 2493 585 in
2523 531 2633 588 Deo
2661 536 2790 606 ejus.
2820 534 2893 590 Tu
2923 548 3091 594 autem
3110 582 3124 607 ,
3155 541 3410 609 Domine,

1818 623 2081 684 susceptor
2102 632 2242 671 meus
2271 636 2345 682 es,
2364 619 2529 690 gloria
2550 640 2685 689 mea,
2712 634 2761 679 et
2787 626 3027 685 exultans
3047 644 3200 703 caput
3221 652 3406 692 meum.

1829 701 1965 757 Voce
2008 722 2123 758 mea
2167 708 2239 760 ad
2289 708 2567 767 Dominum
2595 714 2832 781 clamavi,
2873 728 2922 773 et
2959 723 3218 779 exaudivit
3242 745 3323 783 me
3350 731 3410 784 de

1819 804 1992 848 monte
2012 808 2192 852 sancto
2220 815 2332 855 suo.
2368 800 2477 873 Ego
2509 805 2724 861 dormivi
2745 817 2795 862 et
2819 822 3092 881 soporatus
3111 833 3224 871 sum
3244 829 3295 873 et
3321 838 3409 875 erc-

1818 887 2022 939 surrexi
2038 928 2050 949 ,
2083 889 2203 958 quia
2238 890 2483 947 Dominus
2507 900 2728 968 suscepit
2754 917 2850 953 me.
2886 900 3010 957 Non
3034 906 3216 963 timebo
3246 911 3409 966 millia

1817 975 1993 1044 populi
2022 977 2390 1035 circumdantis
2412 1000 2525 1037 me:
2556 1004 2791 1059 exsurge,
2823 987 3076 1060 Domine,
3106 998 3304 1055 salvum
3332 1021 3409 1057 me

1820 1063 1924 1132 fac,
1957 1062 2099 1119 Deus
2126 1083 2287 1121 meus.
2322 1067 2577 1133 Quoniam
2621 1086 2671 1129 tu
2716 1083 3014 1149 percussisti
3034 1103 3209 1144 omnes
3229 1092 3405 1147 adver-

1816 1162 1991 1208 santes
2029 1156 2159 1210 mihi
2177 1159 2291 1213 sine
2315 1176 2499 1228 causa;
2521 1166 2694 1221 dentes
2735 1183 3061 1239 peccatorum
3100 1183 3405 1239 contrivisti.

1818 1240 2033 1298 Domini
2077 1256 2154 1301 est
2200 1250 2369 1315 salus,
2402 1264 2451 1306 et
2479 1271 2632 1325 super
2658 1260 2903 1331 populum
2943 1274 3082 1321 tuum
3124 1270 3405 1328 benedictio

1818 1344 1926 1391 tua.

2364 1430 2798 1477 COIIENTANUI.

1888 1512 2122 1575 Tituium
2170 1526 2364 1594 psalmi
2412 1530 2557 1586 tertii
2587 1533 2689 1590 hac
2712 1552 2815 1592 una
2854 1545 3118 1600 sententia
3145 1550 3400 1620 explana-

1815 1624 1950 1663 mus.
1984 1609 2308 1673 Persecutus
2333 1627 2416 1674 est
2437 1621 2673 1681 Absalon
2709 1638 2946 1701 patrem,
2981 1634 3170 1695 fronde
3200 1658 3229 1695 a
3260 1643 3398 1699 collo

1813 1696 2027 1766 ligatur.
2057 1700 2222 1760 ludas
2255 1709 2474 1765 tradidit
2501 1696 2816 1787 Dominum,
2849 1731 2904 1779 et
2933 1696 3124 1795 laqueo
3151 1741 3399 1789 coarcta-

160 1800 222 1852 ἕω
238 1817 337 1865 Μ’
364 1810 411 1855 ει
448 1803 503 1857 in
550 1805 733 1875 [more
772 1823 866 1861 suo
909 1810 1232 1866 conturbabit
1260 1830 1367 1868 eos.
1396 1814 1513 1888 Ego
1533 1827 1707 1873 autem
1743 1799 1783 1857 Β
1810 1798 1900 1845 tur
1935 1809 1957 1888 ε.
1978 1794 2117 1849 sicut
2144 1797 2369 1856 historia
2391 1806 2697 1873 passionem
2719 1809 2884 1869 David
2910 1794 3235 1886 pneteritam
3266 1825 3401 1881 indi-

159 1893 423 1948 constitutus
449 1907 562 1949 sum
583 1913 678 1951 rea:
696 1895 761 1950 ab
790 1914 849 1953 eo
878 1910 1033 1972 super
1060 1912 1285 1958 montem
1314 1905 1445 1961 Sion
1471 1919 1702 1965 sanctum

157 1984 258 2052 ejus,
278 1986 559 2054 medicans
580 1998 888 2060 praeceptum
912 1993 1045 2063 ejus.
1067 1992 1319 2051 Dominus
1346 1997 1480 2053 dixit
1507 2000 1578 2054 ad
1602 2018 1702 2068 me,

157 2071 290 2128 Filius
314 2082 447 2131 meus
473 2095 529 2132 es
557 2089 631 2145 tu,
658 2092 751 2152 ego
777 2080 929 2137 hodie
956 2087 1111 2155 genui
1132 2095 1196 2141 te.
1230 2088 1448 2145 Postulo
1471 2109 1503 2145 a
1531 2110 1629 2159 me,
1654 2104 1704 2168 et

155 2164 259 2220 dabo
304 2166 389 2221 tibi
415 2177 590 2241 gentes
631 2172 987 2229 hereditatem
1010 2186 1173 2243 tuam,
1228 2189 1278 2235 et
1327 2165 1702 2252 possessionem

158 2260 267 2308 tuam
289 2259 525 2313 terminos
555 2262 730 2319 teme.
757 2262 921 2337 Reges
942 2274 1029 2321 e’os
1053 2270 1111 2323 in
1150 2272 1296 2343 virga
1320 2275 1491 2343 ferrea
1510 2283 1559 2329 et
1581 2283 1701 2333 tan-

154 2358 275 2413 quam
300 2363 382 2401 vas
402 2350 550 2421 ﬁguli
580 2355 878 2426 confringes
906 2374 1013 2412 eos.
1048 2357 1116 2411 Et
1144 2378 1317 2428 nunc,
1344 2382 1516 2436 reges,
1544 2366 1701 2424 intel-

150 2431 279 2503 ligite,
304 2438 575 2495 erudimini
604 2443 690 2512 qui
712 2443 966 2514 judicatis
1008 2455 1219 2504 terram.
1248 2431 1452 2509 Servite
1472 2455 1701 2514 Domino

150 2523 190 2575 in
212 2525 390 2593 timore,
417 2537 467 2583 et
492 2532 756 2587 exsultate
783 2536 829 2588 ei
869 2551 985 2590 cum
1028 2546 1268 2596 tremore.
1321 2544 1701 2615 Apprehendite

148 2611 448 2685 disciplinam,
480 2637 546 2674 ne
577 2623 782 2691 quando
807 2626 1065 2682 irascatur
1092 2628 1345 2688 Dominus
1399 2611 1451 2689 et
1475 2641 1700 2706 pereatis

149 2702 197 2755 de
234 2706 302 2759 via
338 2707 497 2777 justo.
541 2710 675 2766 Cum
703 2717 958 2770 exarserit
1004 2719 1058 2773 in
1103 2718 1242 2776 brevi
1287 2724 1369 2777 ira
1396 2702 1532 2795 ejus,
1562 2727 1697 2783 beati

147 2807 291 2848 omnes
314 2799 395 2865 qui
418 2801 688 2871 confidunt
714 2805 771 2858 in
800 2822 877 2860 eo.

676 2906 1116 2955 COHNENTARIUH.

206 2970 358 3043 Usque
404 2977 561 3037 hodie
601 2991 793 3051 gentes
837 2985 1070 3044 fremunt
1116 2990 1373 3051 adversus
1398 2992 1690 3067 Christum,

146 3064 215 3133 qui
239 3066 377 3125 idolis
406 3070 561 3128 linem
610 3074 886 3146 imposuit.
920 3078 1062 3135 Nam
1105 3082 1332 3141 Domino
1383 3089 1611 3145 intrante
1638 3094 1690 3146 in

148 3154 405 3229 limitum,
432 3165 573 3220 idola
596 3168 899 3239 templorum
923 3188 1225 3231 corruerunt
1255 3192 1272 3231 :
1287 3179 1446 3249 juxta
1466 3184 1689 3254 prophe-
1721 3164 1766 3225 (ἶ

148 3256 225 3301 tum
246 3249 444 3321 Isaiam,
466 3256 669 3313 decimo
695 3277 852 3327 nono,
885 3266 972 3336 qui
1004 3267 1086 3321 his
1113 3270 1276 3324 utitur
1321 3249 1483 3327 verbis
1514 3291 1531 3328 :
1554 3249 1690 3330 Ecce

147 3334 351 3398 Dominus
377 3349 618 3403 ascendet
647 3367 802 3423 super
846 3334 1031 3411 nubem
1059 3358 1236 3426 levem,
1278 3372 1328 3416 et
1373 3365 1689 3437 ingredietur

145 3426 399 3503 igyptum,
438 3448 487 3492 et
525 3442 977 3500 commovebuntur
1023 3450 1305 3505 simulacra
1332 3470 1365 3507 α
1410 3426 1546 3526 [acie
1574 3458 1687 3529 ejus

145 3518 465 3594 (Chrysostom.
490 3531 544 3584 in
574 3549 613 3587 ιι
636 3531 863 3601 Matth;
891 3537 1046 3604 Ans.,
1075 3539 1239 3595 Levit.
1270 3532 1333 3598 xi
1354 3518 1563 3617 et'xu).
1589 3518 1689 3603 130-

143 3610 250 3678 puli,
276 3615 324 3669 id
351 3627 426 3673 est
451 3618 654 3687 Judaei,
706 3626 1036 3684 meditantur
1080 3631 1281 3699 inania,
1312 3610 1685 3694 distinctiones

142 3698 336 3759 ciborum
365 3716 418 3763 et
444 3712 798 3769 sabbatorum
828 3717 988 3778 ferias
1014 3698 1386 3790 attendentes;
1406 3736 1680 3785 utrorum-

141 3803 219 3859 que
262 3796 453 3856 vincula
499 3803 911 3876 disrumpenda,
940 3826 1077 3881 quos
1122 3814 1395 3871 habitator
1421 3820 1679 3878 caelorum

140 3876 248 3937 Deus
269 3886 466 3946 interim
493 3895 705 3961 irridet,
733 3898 829 3952 sed
856 3899 910 3953 in
926 3876 1130 3968 judicio
1159 3905 1292 3960 iram
1319 3924 1472 3965 suam
1499 3911 1603 3968 illis
1625 3921 1680 3968 et

138 3968 327 4034 timorem
354 3987 619 4055 ostendet,
642 3990 837 4059 quibus
862 3992 1105 4052 dicturus
1133 4009 1216 4054 est
1247 4018 1259 4054 :
1292 4001 1377 4058 Me
1403 4017 1563 4073 quem
1589 4014 1680 4063 ne-

137 4069 265 4129 tastis
305 4072 483 4133 Filium
511 4079 611 4137 Dei
628 4121 643 4146 ,
674 4097 784 4138 vox
810 4083 879 4139 de
906 4087 1044 4143 caelo
1072 4086 1305 4148 Paterna
1332 4069 1438 4149 vos
1457 4095 1671 4167 docuit,

136 4166 229 4213 Cum
276 4162 321 4217 in
360 4164 591 4227 Jordane
635 4188 722 4228 me
748 4176 928 4246 posito
955 4177 1111 4247 dixit,
1140 4180 1304 4239 Filius
1331 4201 1483 4242 meus
1510 4202 1568 4244 es
1594 4162 1669 4245 tu.
1766 4234 1769 4239 λ

135 4247 254 4339 Quod
279 4265 444 4315 autem
464 4262 634 4330 dixit,
662 4263 777 4335 Ego
801 4268 962 4325 hodie
979 4313 994 4337 ,
1024 4271 1166 4329 Deus
1195 4275 1310 4331 heri
1340 4286 1395 4333 et
1415 4294 1536 4337 cras
1564 4297 1672 4339 non

136 4334 278 4408 liabet,
315 4348 402 4402 sed
429 4364 647 4423 semper
673 4334 833 4413 hodie
864 4334 1182 4418 nonthabet.
1233 4334 1499 4438 Tempora

1809 1888 1914 1947 cat,
1944 1882 2016 1936 ita
2046 1888 2359 1955 mysterium
2388 1895 2694 1963 passionem
2717 1898 2928 1959 Domini
2952 1905 3184 1966 futuram
3205 1930 3409 1971 annun~

1810 1970 1927 2036 tiat,
1972 1972 2025 2027 in
2069 1990 2174 2047 qua
2220 1993 2410 2037 omnes
2448 1998 2572 2042 eum
2602 2004 2950 2064 negaverunt,
2976 1998 3252 2059 dicentes:
3286 2006 3401 2064 Non

1807 2068 1891 2114 est
1935 2063 2081 2120 salus
2127 2068 2179 2122 ei
2223 2069 2277 2124 in
2316 2071 2428 2128 Deo
2457 2075 2730 2145 ejus,'sed
2769 2084 2813 2138 si
2843 2093 2927 2141 est
2955 2103 3021 2144 ex
3047 2090 3179 2159 Deo,
3212 2095 3399 2154 liberet

1807 2166 1930 2207 eum
1953 2192 1968 2220 ,
2001 2171 2124 2212 cum
2153 2159 2437 2220 irridentes
2480 2168 2649 2235 illum,
2681 2173 2862 2231 multis
2893 2185 3237 2242 contumeliis
3265 2204 3393 2245 con-

1807 2242 2064 2314 viciisque
2103 2248 2380 2309 aﬂicerent
2426 2257 2569 2314 atliei
2612 2270 2667 2316 et
2693 2267 2996 2333 pertinaces
3022 2269 3210 2331 Iudici.
3244 2276 3396 2337 Jesus

1805 2342 1985 2390 autem
2014 2352 2147 2395 voce
2174 2359 2270 2399 sua
2320 2345 2387 2400 ad
2415 2346 2585 2405 Deum
2613 2353 2865 2413 clamavit
2893 2368 2948 2416 ct
2976 2368 3262 2425 exauditus
3291 2384 3393 2437 est,

1806 2422 1877 2478 ita
1908 2433 1967 2480 ut
1996 2439 2224 2486 mortem
2246 2437 2398 2504 quasi
2427 2448 2679 2511 soporem
2710 2447 2998 2520 acciperet.
3032 2450 3110 2511 Ex
3158 2474 3261 2529 qua
3299 2477 3395 2518 ex-

1802 2529 2025 2584 surgens
2046 2520 2183 2576 ultra
2213 2539 2321 2579 non
2342 2527 2540 2596 timuit,
2585 2535 2681 2590 sed
2731 2554 2872 2596 nunc
2898 2544 3119 2603 induciis
3148 2559 3396 2626 corrupti-

1805 2604 1899 2626 ιη,
1927 2609 1940 2626 ,
2179 2616 2207 2626 Α,
2421 2622 2433 2626 _

1801 2604 1902 2659 bile
1922 2609 2324 2684 incorruptione,
2351 2626 2401 2672 et
2415 2622 2805 2685 immortalitate
2831 2636 3050 2693 mortale
3079 2639 3121 2711 (1
3144 2641 3261 2699 Cor.
3280 2604 3391 2716 xrv),

1799 2710 1908 2754 non
1938 2701 2090 2758 timet
2113 2708 2281 2763 multa
2316 2712 2484 2769 millia
2513 2719 2701 2790 populi
2728 2701 3109 2805 circumdaniis
3156 2752 3234 2792 se.
3267 2701 3393 2798 Haec

1798 2798 1879 2843 est
1909 2792 2049 2848 enim
2080 2797 2225 2854 salus
2253 2800 2466 2860 Domini
2487 2817 2542 2862 et
2564 2822 2728 2882 super
2755 2792 2856 2878 nos
2883 2820 2976 2889 qui
3004 2839 3188 2883 sumus
3216 2846 3389 2904 popu-

1798 2881 1878 2904 Ι---
1913 2882 2019 2904 -2---
2085 2887 2130 2904 ‘ll
2309 2902 2315 2904 _
2351 2894 2365 2904 ι
2507 2899 2542 2904 --
2725 2902 2730 2904 .

1798 2881 1881 2935 lus
1906 2882 2043 2953 ejus.
2085 2887 2211 2945 Hice
2240 2902 2324 2947 est
2350 2881 2657 2959 benedictio
2685 2902 2821 2977 ejus,
2857 2881 2949 2983 qui
2979 2927 3166 2988 regnat
3199 2881 3252 2977 iii
3283 2881 3386 2981 ξω-

1796 2975 1913 3030 cuia
1945 2981 2281 3040 swculorum.
2320 2987 2511 3048 Amen.

2370 3102 2685 3168 PSALMUS
2723 3115 2740 3168 l
2752 3109 2811 3171 V.

2001 3198 2056 3261 lii
2090 3206 2248 3265 ﬁnem
2272 3213 2326 3268 in
2352 3219 2698 3293 carminibus,
2723 3230 2960 3298 psalmus
2982 3232 3167 3294 David.

1864 3318 1993 3376 Cum
2012 3325 2306 3383 invocarem
2328 3336 2589 3391 exaudivit
2618 3357 2699 3394 me
2730 3342 2871 3400 Deus
2895 3350 3117 3419 justitia:
3145 3372 3291 3425 meas,
3324 3363 3379 3415 in

1793 3409 2125 3471 tribulatione
2150 3418 2387 3477 dilatasti
2406 3428 2552 3482 mihi.
2585 3430 2833 3491 Miserere
2975 3454 3026 3497 et
3044 3450 3233 3504 exaudi
3260 3409 3384 3507 dra-

1791 3500 1981 3557 tionem
2002 3522 2190 3563 meam.
2214 3509 2345 3567 Filii
2366 3515 2648 3587 hominum,
2680 3541 2941 3600 usqueqno
2959 3536 3104 3603 gravi
3123 3541 3381 3603 cordeyut

1787 3593 1910 3663 quid
1957 3595 2174 3668 diligitis
2221 3605 2522 3673 vanitatem,
2572 3620 2623 3664 et
2659 3593 2892 3684 quéritis
2918 3593 3379 3685 mendaciitnt?'l:'t

1784 3685 1966 3741 scitote
1991 3692 2236 3760 quoniam
2263 3697 2557 3768 miriﬁcavit
2585 3701 2837 3763 Dominus
2863 3724 3100 3771 sanctum
3128 3734 3296 3790 suum,
3326 3736 3377 3778 ct

1783 3772 2041 3834 Dominus
2068 3784 2309 3840 exaudiet
2346 3804 2427 3842 me
2465 3806 2579 3846 cum
2604 3793 2894 3855 clamarem
2913 3804 2985 3856 ad
3003 3821 3134 3862 eum.
3181 3808 3380 3868 Irasci-

1783 3870 1912 3923 mini
1939 3880 1990 3925 et
2028 3873 2188 3929 nolite
2215 3894 2447 3948 peccare,
2477 3899 2592 3955 quae
2616 3887 2787 3944 dicitis
2814 3892 2869 3945 in
2899 3897 3141 3954 cordibus
3173 3907 3373 3973 vestris,

1780 3967 1831 4012 et
1849 3960 1903 4013 in
1924 3960 2172 4020 cubilibus
2203 3971 2379 4026 vestris
2400 3979 2819 4049 conipungintini.
2846 3983 3155 4058 Sacriﬁcate
3169 3998 3379 4066 καίει-ἔβη

1779 4053 1916 4107 cium
1939 4055 2153 4119 iustitia:
2172 4071 2223 4112 et
2240 4075 2444 4132 sperate
2462 4067 2519 4120 in
2548 4066 2962 4146 Dontino;multi
2989 4082 3167 4137 dicunt
3194 4103 3212 4140 :
3244 4087 3373 4152 Quis

1778 4146 2000 4200 ostendit
2019 4148 2165 4204 nobis
2189 4150 2323 4207 bona
2338 4155 2363 4207 .9
2386 4156 2662 4229 Signatum
2681 4177 2758 4219 est
2776 4183 2931 4238 super
2950 4188 3044 4228 nos
3066 4175 3235 4232 tanien
3248 4146 3368 4235 rul-

1777 4246 1859 4291 tus
1887 4239 1982 4305 tui,
2012 4238 2237 4297 Domine
2257 4285 2272 4310 ,
2296 4245 2482 4303 dedisti
2501 4251 2739 4309 tortilium
2766 4258 2820 4311 in
2840 4262 2998 4317 corde
3025 4282 3156 4322 meo.
3190 4271 3226 4323 Α
3252 4264 3368 4342 (ru?-

1775 4336 1858 4380 ctu
1878 4329 2146 4399 frumenti,
2176 4334 2279 4388 vini
2306 4345 2357 4390 et
2375 4338 2474 4394 olei
2502 4343 2607 4407 sui,
2630 4346 2960 4417 multiplicati
2979 4368 3118 4408 siml.
3147 4356 3210 4412 In
3242 4329 3371 4432 pare

3374 4225 3429 4288 ,θ’

134 4430 208 4486 Ἧι)
227 4434 326 4505 ipso
352 4419 575 4510 agnum}
628 4463 737 4503 non
764 4449 780 4503 ἰ
1176 4456 1187 4469 ,
1289 4419 1499 4473 “““ῗ””
1772 4419 1829 4472 in
1858 4420 2081 4492 idipsum
2122 4424 2380 4483 dormiam
2423 4441 2473 4485 et
2502 4435 2838 4505 requiescam.
2864 4437 3123 4505 Quoniam
3154 4459 3228 4514 In,
3262 4448 3369 4506 Do-

134 4468 142 4480 ι
576 4486 595 4513 ,
784 4466 930 4521 psea
956 4458 1293 4525 temporibus
1317 4469 1512 4529 agitur.
1573 4476 1743 4542 unc“
1772 4510 1913 4542 mi.“
1960 4513 2293 4542 ,μμ-,Λήμ-
2322 4518 2370 4542 _.__
2750 4529 2761 4541 .
2802 4530 2832 4542 ,.

134 4520 195 4542 0:-
534 4537 547 4542 -
608 4539 618 4542 -
665 4537 701 4542 —
775 4541 783 4542 κ

134 4520 233 4580 Sion
251 4544 390 4587 mons
410 4537 552 4604 quod
574 4539 647 4593 si,
661 4515 902 4597 Eccl'esia
924 4515 1087 4600 doce;
1102 4515 1381 4618 prophem"
1392 4553 1483 4620 qui
1504 4554 1663 4609 dicit:
1699 4525 1747 4585 ι)
1772 4526 1931 4575 nunc,
1956 4515 2293 4585 singulariter
2320 4536 2373 4574 in
2394 4536 2487 4593 spe
2514 4535 2830 4583 constituisti
2851 4547 2947 4584 me.

135 4610 219 4684 Ego
236 4617 466 4680 Dominus
492 4628 732 4684 excitabo
761 4629 892 4687 Sion
933 4634 989 4688 in
1015 4610 1251 4706 gentibus
1268 4678 1283 4706 ,
1322 4650 1373 4696 et
1399 4610 1534 4700 dabo
1554 4662 1669 4701 eam

132 4703 170 4756 in
207 4709 503 4778 latinitatem
552 4729 801 4777 aeternam
848 4727 988 4781 omni
1018 4703 1252 4787 nationi.
1301 4732 1358 4788 In
1396 4736 1512 4806 ipsa
1539 4752 1668 4809 ergo

133 4801 339 4862 pradicet
363 4807 525 4867 Filius
552 4825 881 4886 praeceptum
908 4816 1103 4876 Patris.
1135 4821 1194 4878 In
1215 4824 1329 4894 ipsa
1360 4801 1512 4897 reget
1538 4801 1669 4899 gen-

133 4893 193 4942 tes
207 4895 336 4958 quasi
361 4897 506 4970 virga
533 4902 729 4961 terrea.
761 4905 879 4963 Non
897 4910 1041 4965 enim
1072 4912 1216 4968 cedit
1236 4893 1465 4975 fortibus
1482 4893 1668 4981 mundi
1698 4974 1706 4982 .

131 4990 209 5072 nec
225 4985 521 5048 miserorum
563 4995 793 5068 despicit
816 4999 1000 5058 facies.
1030 5002 1151 5074 Ipsa
1182 5005 1429 5065 timorem
1451 5013 1665 5082 regibus

130 5062 330 5138 imperat.
352 5076 466 5150 ipsa
494 5082 627 5139 iram
650 5062 930 5145 venturam
952 5062 1415 5166 coniemptoribns
1441 5062 1663 5173 pollice-

130 5163 209 5225 ιὶιτι
234 5179 486 5239 perquam
514 5173 765 5236 ﬁctilibus
809 5183 1039 5241 vasculis
1082 5163 1442 5248 comminatur
1474 5195 1661 5253 interi-

129 5258 231 5354 :Ilm-
258 5258 363 5330 ipsa
390 5266 776 5330 beatitudinem
804 5275 1204 5338 conlidentibus
1222 5287 1571 5354 repromittit,
1604 5299 1659 5346 et

126 5338 302 5483 ibristo
326 5357 602 5431 oﬁ'erente,
630 5367 721 5435 qui
750 5378 942 5439 regnat
978 5372 1033 5427 in
1082 5375 1275 5431 sarcula
1316 5381 1652 5437 seculorum.

163 5448 278 5483 men-
1564 5480 1567 5483 ’

163 5448 279 5493 men.
1564 5480 1567 5483 ’

642 5523 953 5587 PSALMUS
992 5532 1079 5590 ΙΙΙ.

126 5584 328 5690 Pmimus
352 5603 534 5672 David,
568 5628 685 5670 cum
706 5584 1151 5688 fugeretva—facie
1179 5629 1415 5686 Absalon
1437 5628 1529 5688 ﬁlii
1549 5634 1653 5690 sui.

179 5683 388 5760 Domine,
402 5702 521 5769 quid
533 5683 852 5779 multiplicati
872 5725 993 5769 sunt
1005 5720 1091 5787 qui
1105 5683 1657 5782 tribulantvntei—Mutti

436 5792 702 5859 PATROL.
741 5800 901 5863 Llll.

2356 4625 2792 4675 COIIIIENTABIUII.

1847 4718 2055 4778 Titulus
2091 4727 2270 4795 quarti
2304 4727 2357 4781 in
2400 4731 2754 4800 carminibus,
2786 4735 2838 4792 id
2868 4746 2973 4805 est,
3009 4741 3065 4797 in
3093 4748 3363 4816 mysteriis

1772 4810 2009 4881 ponitur.
2054 4813 2114 4870 ln
2156 4816 2353 4888 quibus
2381 4819 2523 4877 Deus
2557 4821 2779 4891 justitiie
2807 4829 3082 4889 exaudivit
3115 4810 3169 4893 in
3197 4853 3361 4897 cruce

1770 4904 2008 4973 positum
2036 4906 2229 4965 Filium
2258 4922 2434 4979 suum,
2476 4923 2663 4970 contra
2691 4932 2852 4988 quem
2874 4921 3168 4984 irascentes
3186 4928 3358 4988 JUiitUl

1772 5004 2000 5063 peccant
2045 5013 2216 5068 usque
2257 5000 2435 5067 hodie,
2469 5005 2559 5074 qui
2588 5022 2697 5062 non
2726 5023 3014 5079 peccareut
3041 5016 3359 5090 irascentes,

1771 5087 1817 5144 si
1845 5105 1973 5146 vere
2014 5090 2111 5147 Dei
2156 5102 2270 5150 “non
2317 5104 2461 5151 esset
2487 5097 2654 5156 Filius
2682 5115 2843 5171 quem
2892 5121 3173 5177 negarent.
3205 5114 3360 5182 Quod

1770 5166 1849 5237 eis
1862 5182 1984 5238 ideo
1999 5186 2196 5247 evenit.
2211 5187 2334 5256 quia
2356 5204 2463 5244 non
2485 5192 2788 5251 sacriﬁcant
2807 5200 3123 5260 sacriﬁcium
3136 5204 3358 5274 iustitia:

1766 5272 1907 5329 sicut
1936 5274 2105 5341 Abel,
2136 5278 2231 5332 sed
2271 5279 2406 5334 sicut
2425 5278 2557 5336 Cain
2590 5284 2774 5343 livoris
2796 5299 2961 5361 atque
2985 5293 3212 5351 invidiai.
3245 5296 3355 5352 Nos

1765 5370 1947 5421 autem
1973 5366 2066 5436 qui
2090 5368 2387 5434 credimus,
2410 5372 2652 5432 dicamus
2670 5377 2933 5437 Domino:
2966 5383 3240 5453 Signatum
3269 5404 3353 5444 est

1766 5470 1931 5525 super
1957 5473 2055 5512 nos
2078 5457 2253 5514 lumen
2282 5461 2462 5517 vultus
2489 5465 2584 5526 tui.
2615 5466 2862 5527 Domine.
2911 5473 2968 5528 ln
3012 5490 3121 5545 quo
3147 5476 3351 5534 lumine

1764 5546 1890 5601 data
1927 5558 2009 5603 est
2038 5549 2218 5604 laetitia
2247 5551 2298 5605 in
2327 5555 2489 5610 corde
2516 5568 2721 5623 nostro,
2762 5563 2831 5617 ab
2850 5562 2941 5616 illo
2982 5572 3220 5635 tempore
3238 5583 3348 5638 quo

1764 5639 2069 5709 accepimus
2091 5642 2412 5702 frumentum
2439 5649 2489 5704 in
2518 5666 2764 5720 corpore,
2781 5652 2956 5707 vinum
2980 5654 3032 5709 in
3061 5661 3345 5728 sanguine,

1765 5727 1945 5783 oleum
1994 5730 2044 5784 in
2098 5733 2405 5791 chrismate.
2465 5737 2756 5794 Ochrcntcs
2801 5750 2978 5797 autem
3023 5761 3207 5817 paceni
3244 5753 3346 5810 ista

2670 5834 2937 5967 Γ,Ῑέ
