3936 6176
428 336 433 347 ε
451 282 544 341 531

1736 310 1747 320 ~
1771 276 2041 334 ARNOBII
2077 274 2385 334 JUNIORIS

3604 271 3735 333 ἐςῗῆ

453 402 819 474 percepimus,
840 399 965 469 quia
995 398 1108 453 lucc
1155 390 1495 465 singulariter
1533 394 1588 447 in
1626 407 1721 463 spe
1757 409 1787 447 a
1813 393 2042 447 Domino
2071 395 2120 454 Α
2148 395 2266 448 mit.
2305 394 2384 449 Tu
2439 409 2530 461 es,
2568 393 2777 465 inquit,
2809 393 2949 450 Deus
2993 408 3101 449 non
3148 384 3730 464 volens'iniquitatem.

454 495 744 550 constituta
790 492 842 545 in
882 488 1099 545 Christo
1127 488 1273 554 Jesu,
1297 487 1388 557 qui
1418 494 1607 555 regnat
1635 485 1689 540 in
1718 484 1909 541 saecula
1940 499 2040 540 sre-

451 586 713 641 culorum.
742 584 932 639 Amen.

1034 648 1261 706 PSALM
1271 647 1355 704 US
1394 646 1457 701 V.

450 750 507 804 ln
530 748 689 804 linem
708 761 808 818 pro
822 761 883 801 ea
901 759 1021 815 quae
1032 743 1401 868 htertla)dita(tlem
1421 740 1785 810 consequitur,
1806 738 2043 811 psalmus

1199 829 1285 868 av:
1326 853 1340 866 .

1199 829 1340 868 avra.

529 926 699 984 Verba
717 944 833 983 mea
851 926 1062 982 auribus
1084 927 1306 998 percipe,
1335 924 1573 989 Domine,
1599 924 1830 995 intellige
1846 923 2044 978 clamo-

450 1039 559 1076 rem
598 1036 786 1075 meum.
837 1017 1061 1073 Intende
1103 1019 1215 1072 voci
1258 1018 1513 1073 orationis
1539 1031 1684 1084 meae,
1710 1032 1801 1070 rea:
1823 1032 1962 1070 meus
1993 1024 2045 1070 et

454 1112 593 1166 Deus
616 1114 787 1165 meus.
812 1108 1071 1173 Quoniam
1091 1108 1162 1162 ad
1191 1116 1237 1162 te
1256 1106 1434 1171 orabo,
1451 1106 1689 1172 Domine,
1712 1124 1865 1161 mane
1883 1123 2045 1161 exau-

455 1204 567 1257 dics
593 1218 763 1257 vocem
786 1218 969 1255 meam.
1002 1199 1161 1254 Mane
1189 1200 1367 1254 astabo
1396 1209 1445 1254 et
1472 1197 1647 1254 videbo
1675 1201 1917 1271 quoniam
1939 1216 2043 1254 non

452 1294 590 1349 Deus
620 1294 792 1349 volens
812 1294 1137 1365 iniquitatem
1164 1301 1214 1345 tu
1236 1308 1310 1346 es.
1342 1289 1526 1362 Neque
1551 1288 1803 1344 habitabit
1814 1291 1972 1361 juxta
1996 1299 2043 1343 te

450 1388 730 1459 malignus,
755 1403 916 1458 neque
951 1384 1325 1456 permanebunt
1351 1385 1533 1455 injusti
1561 1393 1683 1437 ante
1710 1385 1884 1438 oculos
1908 1393 2039 1438 tuos.

453 1477 623 1533 Odisti
647 1495 823 1532 omnes
847 1479 934 1551 qui
960 1486 1238 1548 operantur
1264 1477 1620 1547 iniquitatem,
1649 1475 1829 1547 perdes
1864 1492 2041 1530 omnes

450 1572 535 1639 qui
564 1570 840 1641 loquuntur
861 1569 1205 1622 mendacium.
1244 1566 1425 1621 Virum
1448 1567 1776 1638 sanguinum
1811 1575 1861 1620 et
1894 1566 2042 1621 dolo-

449 1679 564 1717 sum
584 1660 963 1716 abominabitur
998 1660 1274 1727 Dominus,
1315 1677 1410 1732 ego
1439 1669 1610 1714 autem
1638 1660 1690 1713 in
1714 1659 2044 1713 multitudine

2144 486 2276 553 Quis
2300 487 2442 543 enim
2464 486 2674 542 dixerat
2701 502 2825 543 eum
2849 487 2988 543 velle
3008 486 3381 558 iniquitatem?
3407 484 3572 541 Judaei
3615 488 3735 543 sine

2144 577 2327 645 dubio,
2363 578 2457 648 qui
2483 593 2584 649 pro
2630 579 2885 650 operibus
2911 577 3293 634 misericordiae
3332 576 3618 634 Dominum
3649 578 3735 632 in-

2144 678 2429 741 crepantes
2447 671 2698 727 dicebant
2728 690 2742 725 :
2775 669 2901 726 Non
2929 679 3007 726 est
3031 671 3128 726 iste
3146 669 3300 724 homo
3320 687 3354 723 a
3374 668 3484 725 Deo
3510 671 3601 742 qui
3621 671 3739 726 sab-

2145 762 2321 818 batum
2355 781 2463 819 non
2508 764 2733 819 custodit
2776 763 2959 835 (Joan.
2985 764 3085 835 rx).
3114 762 3220 818 Iste
3245 769 3427 818 autem
3456 768 3513 817 et
3550 778 3585 817 a
3622 761 3738 817 Deo

2143 861 2246 918 est,
2276 861 2332 909 et
2368 854 2484 923 ipse
2511 861 2595 909 est
2631 852 2775 909 Deus
2800 854 2894 923 qui
2933 868 3043 908 non
3085 852 3203 908 vult
3222 852 3583 923 iniquitatem.
3616 851 3739 906 Non

2144 945 2409 1001 habitabit
2428 944 2584 1015 juxta
2612 961 2736 1001 eum
2756 945 3041 1015 malignus,
3084 944 3135 1000 id
3162 952 3264 1011 est,
3297 945 3529 1016 populus
3555 944 3739 1001 incre-

2144 1036 2322 1101 dulus,
2343 1045 2399 1092 et
2426 1054 2535 1094 non
2556 1037 2951 1107 permanebunt
2978 1044 3106 1091 ante
3130 1036 3317 1092 oculos
3345 1035 3481 1105 ejus.
3522 1034 3667 1091 0dio
3689 1037 3737 1089 ei

2144 1137 2271 1184 sunt
2289 1130 2382 1199 qui
2423 1138 2717 1199 operantur
2745 1128 3105 1198 iniquitatem,
3151 1136 3207 1183 et
3244 1136 3474 1198 pereunt
3510 1128 3607 1197 qui
3654 1128 3739 1181 lo-

2142 1228 2377 1288 quuntur
2416 1220 2774 1275 mendacium.
2803 1217 2989 1274 Omnis
3035 1220 3177 1273 enim
3209 1219 3302 1288 qui
3329 1226 3488 1288 negat
3549 1217 3739 1273 Iesum

2143 1310 2340 1365 Filium
2366 1310 2482 1377 Dei,
2528 1310 2616 1365 hic
2655 1308 2886 1364 mendax
2920 1316 3021 1365 est.
3055 1307 3157 1375 Qui
3201 1316 3381 1363 autem
3420 1306 3736 1370 conﬁtetur,

2144 1402 2311 1456 intrat
2334 1402 2387 1456 in
2415 1402 2634 1457 domum
2656 1401 2781 1468 Dei,
2797 1411 2852 1455 et
2879 1400 3073 1455 adorat
3092 1399 3160 1453 ad
3180 1398 3440 1468 templum
3464 1406 3738 1461 sanctum,

2144 1510 2251 1549 non
2282 1495 2336 1548 in
2359 1493 2557 1564 lapide,
2589 1493 2686 1548 sed
2714 1493 2766 1547 in
2790 1493 3001 1564 spiritu.
3025 1491 3180 1547 Hunc
3206 1492 3438 1547 deducet
3465 1491 3739 1546 Dominus

2144 1584 2197 1638 in
2219 1599 2312 1639 sua
2332 1583 2539 1653 justitia
2565 1592 2789 1654 propter
2822 1583 3067 1637 inimicos
3089 1621 3106 1647 ,
3131 1590 3191 1637 ut
3216 1582 3412 1651 dirigat
3433 1582 3485 1635 in
3507 1597 3745 1652 conspo-

2143 1684 2234 1731 ctu
2277 1676 2393 1745 ejus
2432 1676 2576 1730 viam
2613 1690 2787 1730 suam.
2813 1673 2990 1741 Quare
3033 1682 3257 1745 propter
3293 1673 3581 1728 inimicos?
3613 1674 3746 1742 quia

455 1750 829 1805 ηιξεενίεονάίιε
873 1759 994 1805 ευωο
1035 1749 1271 1805 Ῑπτνοίθο
1300 1751 1356 1838 δτι
1387 1750 1593 1803 domum
1621 1759 1780 1813 ιιιαηιν
1810 1748 2037 1803 αάοναδο
2073 1758 2117 1817 Β
2146 1768 2346 1823 inimici
2361 1768 2589 1823 alteram
2612 1768 2754 1822 viam
2783 1765 3094 1831 ostendunt,
3117 1782 3231 1838 qua:
3249 1764 3388 1818 ducit
3409 1764 3477 1817 ad
3496 1771 3743 1828 mortem,
3774 1772 3787 1787 ‘

452 1842 523 1896 ad
553 1843 792 1915 templum
814 1850 1050 1897 sanctum
1082 1851 1223 1896 tuum
1254 1835 1523 1895 in'timore
1552 1850 1657 1895 tuo.
1683 1840 1925 1907 Domine,
1949 1841 2042 1895 de-

453 1933 551 1987 duc
577 1950 658 1988 me
694 1935 748 1987 in
782 1935 989 2005 justitia
1018 1942 1107 1986 tua
1127 1942 1336 2005 propter
1356 1933 1592 1987 inimicos
1613 1944 1772 1999 meos,
1798 1932 1965 2004 dirige
1988 1935 2045 1987 in

452 2033 723 2097 conspectu
752 2036 836 2080 tuo
866 2027 1001 2080 viam
1023 2042 1208 2080 meam.
1245 2022 1503 2088 Quoniam
1523 2041 1627 2078 non
1654 2031 1729 2077 est
1757 2025 1812 2078 in
1842 2040 1932 2078 ore
1958 2040 2046 2076 eo-

452 2130 565 2168 rum
587 2115 797 2180 veritas,
838 2130 930 2168 cor
963 2131 1139 2168 eorum
1167 2131 1354 2168 vanum
1388 2123 1483 2167 est.
1517 2112 1821 2183 Sepulcrum
1862 2123 2043 2186 patens

451 2215 528 2260 est
554 2216 731 2278 guttur
768 2222 965 2272 eorum,
1008 2207 1199 2278 linguis
1242 2208 1349 2261 suis
1392 2206 1567 2261 dolose
1595 2205 1844 2277 agebant;
1862 2207 2045 2277 judica

451 2297 589 2363 illos,
634 2296 796 2352 Deus.
840 2296 1102 2352 Decidant
1131 2316 1164 2352 a
1206 2298 1607 2370 cogitationibus
1634 2299 2045 2360 suis,secundum

451 2388 835 2442 multitudinem
868 2389 1191 2460 impietatum
1210 2406 1388 2444 eorum
1438 2390 1633 2463 expelle
1660 2407 1749 2444 eos
1799 2393 2045 2463 quoniam

450 2481 788 2534 irritaverant
808 2488 876 2543 te,
901 2479 1144 2535 Domine.
1171 2480 1240 2534 Et
1262 2485 1501 2536 lcetentur
1527 2499 1702 2537 omnes
1728 2484 1813 2553 qui
1833 2493 2047 2554 sperant

449 2569 505 2622 in
535 2576 584 2623 te
607 2610 622 2634 ,
649 2570 705 2622 in
744 2578 995 2624 aeternum
1021 2570 1373 2636 exsultabant,
1403 2579 1453 2625 et
1482 2570 1736 2625 habitabis
1769 2574 1824 2626 in
1850 2574 1942 2626 eis.
1974 2572 2045 2625 Et

450 2646 810 2730 gloriabuntur
827 2662 884 2715 in
908 2670 954 2715 te
975 2678 1151 2717 omnes
1179 2663 1266 2734 qui
1289 2661 1512 2734 diligunt
1531 2678 1718 2716 nomen
1747 2672 1906 2726 tuum,
1925 2680 2046 2735 quo-

453 2752 598 2805 niam
620 2759 673 2804 tu
702 2752 967 2806 benedices
983 2750 1415 2825 justo;llomine,
1439 2761 1495 2806 ut
1529 2760 1679 2808 scuto
1699 2752 1845 2809 bona:
1863 2755 2043 2809 volun-

437 2842 577 2895 .tatis
598 2851 699 2897 tute
720 2845 983 2898 coronasti
1005 2860 1120 2898 nos.

1031 2951 1466 2992 COIIENTARIUI.

521 3045 705 3114 Quinti
732 3046 925 3118 psalmi
940 3047 1139 3103 titulus
1161 3048 1400 3103 ostendit
1426 3062 1547 3105 eam
1569 3062 1729 3119 quam
1751 3047 2038 3105 haeredita-

451 3145 562 3194 tem
588 3138 940 3207 consequitur
965 3136 1239 3203 Christus,
1272 3146 1327 3193 et
1353 3138 1493 3193 hanc
1518 3138 1885 3194 haereditatem
1908 3154 2041 3195 con-
2065 3121 2109 3182 C

451 3228 576 3283 tulit
620 3226 878 3284 Ecclesiae
918 3243 1041 3284 cum
1070 3228 1275 3284 diceret
1293 3228 1554 3299 apostolis
1585 3246 1598 3281 :
1628 3228 1822 3283 Pacem
1872 3246 2040 3284 meam

450 3317 519 3375 do
566 3315 729 3384 vobis,
775 3334 956 3390 pacem
1010 3335 1180 3374 meam
1225 3319 1459 3390 relinquo
1506 3316 1647 3373 vobis
1691 3317 1870 3391 (Joan.
1905 3320 2035 3390 xxv).

448 3405 602 3488 Hanc
648 3420 778 3477 ergo
818 3423 1039 3478 pacem,
1066 3422 1228 3478 quam
1255 3398 1488 3464 diximus
1534 3409 1590 3464 in
1632 3409 1812 3479 quarti
1848 3409 2038 3479 psalmi

446 3498 558 3557 liae
578 3500 922 3571 singulariter
950 3502 1004 3556 in
1032 3517 1130 3572 spe
1157 3517 1189 3558 a
1217 3502 1448 3559 Domino
1491 3503 1859 3568 constitutam,
1901 3504 2043 3559 hanc

442 3582 915 3667 in'hzereditalem
961 3594 1147 3653 titulus
1185 3594 1368 3649 datam
1407 3593 1661 3650 Ecclesiae
1685 3602 2036 3664 protestetur.

444 3680 561 3755 Est,
576 3685 715 3738 enim
753 3683 1029 3739 hereditas
1051 3685 1311 3739 successio
1346 3684 1402 3738 in
1441 3684 1739 3737 universum
1771 3684 1861 3753 jus
1904 3682 2042 3753 quod

446 3778 725 3850 defunctus
751 3777 932 3831 habuit
959 3786 1184 3847 tempore
1208 3778 1392 3831 intortis
1416 3775 1502 3847 (L.
1534 3776 1851 3843 ereditas,
1892 3777 1951 3846 ιγ.
1979 3775 2042 3829 de

450 3883 555 3921 rer.
580 3874 638 3937 et
665 3863 801 3920 verb.
824 3865 1011 3937 sign.).
1045 3864 1196 3920 Unde
1223 3863 1442 3930 Paulus,
1468 3863 1529 3920 Si
1555 3865 1720 3920 simus
1779 3865 1879 3935 ﬁlii
1919 3863 2038 3931 Dei,

448 3973 573 4028 ergo
593 3954 855 4025 hteredes;
897 3954 1128 4010 haredes
1153 3954 1361 4026 quidem
1387 3953 1508 4020 Dei,
1539 3954 1831 4009 cobazrcdes
1872 3963 2042 4008 autem

448 4042 647 4126 Christi
664 4043 839 4117 (Rom.
860 4044 994 4115 νιιι).
1012 4042 1307 4100 [hereditas
1319 4044 1387 4101 de
1405 4051 1581 4100 morte
1605 4044 1845 4115 parentis
1864 4044 2041 4099 nasci-

451 4146 538 4194 tur
547 4136 686 4196 ﬁliis.
701 4137 815 4194 Nisi
834 4138 976 4194 enim
986 4134 1230 4193 Christus
1246 4144 1488 4193 mortuus
1507 4145 1670 4202 esset,
1688 4137 1802 4192 haec
1812 4136 2040 4193 haeredi-

451 4237 534 4297 tas
560 4244 669 4286 non
689 4229 927 4300 patebat.
959 4227 1232 4300 Ipsoergo
1251 4228 1517 4285 moriente
1540 4238 1686 4296 nata,
1717 4227 1835 4298 ipso
1854 4243 2040 4284 resur-

447 4319 937 4395 gentaconﬁrmata
946 4327 1049 4388 est,
1062 4320 1184 4391 ipso
1191 4320 1514 4379 ascendente
1522 4320 1576 4375 in
1587 4322 2044 4393 omlis,permanet

449 4413 564 4472 hate
583 4414 867 4470 hmreditas
881 4414 936 4469 in
955 4421 1236 4478 aeternum.
1254 4413 1315 4469 In
1328 4413 1484 4470 titulo
1506 4415 1607 4469 tria
1621 4423 1766 4481 sunt,
1781 4415 2038 4480 moriens,

2148 1867 2203 1914 et
2249 1868 2473 1930 propter
2500 1860 2647 1930 ipsos
2675 1859 2764 1914 hic
2795 1858 2976 1928 dirigit
3008 1858 3149 1912 viam
3176 1872 3290 1929 qua:
3318 1855 3459 1908 ducit
3481 1855 3553 1908 ad
3581 1855 3747 1908 vitam

2149 1949 2365 2020 (Matth.
2389 1951 2511 2022 vn).
2539 1950 2620 2005 Ad
2639 1965 2802 2020 quam
2824 1949 2949 2004 dum
2975 1946 3321 2018 pervenerint
3343 1944 3635 2000 credentes
3651 1985 3666 2009 ,
3691 1944 3748 1997 in

2145 2047 2408 2096 aeternum
2437 2040 2782 2095 exsultabunt
2799 2081 2814 2107 ,
2838 2048 2894 2095 et
2913 2037 3234 2093 inhabitabit
3253 2038 3306 2092 in
3326 2036 3423 2090 eis.
3443 2034 3510 2088 Et
3540 2035 3749 2103 gloria-

2145 2132 2347 2186 buntur
2373 2147 2560 2187 omnes
2580 2132 2672 2202 qui
2700 2131 2928 2201 diligunt
2948 2144 3143 2185 nomen
3183 2127 3320 2197 ejus.
3361 2125 3439 2181 lbi
3469 2126 3622 2181 enim
3666 2134 3751 2178 est

2145 2222 2238 2292 qui
2265 2222 2535 2278 benedicit
2544 2221 2773 2291 justum,
2806 2229 2861 2276 et
2888 2228 3043 2276 scuto
3069 2220 3225 2276 boum
3253 2216 3547 2273 voluntatis
3575 2230 3749 2270 com-

2146 2313 2295 2367 navit
2319 2328 2461 2367 eum.
2497 2310 2616 2367 Uno
2645 2311 2946 2379 eodemque
2976 2307 3154 2365 ollicio
3172 2350 3187 2377 ,
3211 2316 3268 2362 ct
3297 2308 3366 2361 ab
3387 2306 3624 2361 inimicis
3648 2305 3748 2358 dc-

2144 2404 2379 2461 l‘enderis
2406 2407 2532 2460 dum
2562 2405 2876 2470 credideris,
2907 2412 2965 2459 et
3002 2419 3031 2457 a
3062 2403 3294 2457 Domino
3314 2398 3618 2463 coronaris,
3653 2399 3747 2467 qui

2144 2506 2332 2568 regnat
2353 2498 2407 2552 in
2429 2498 2621 2554 saecula
2650 2496 2991 2554 saeculorum.
3020 2495 3213 2548 Amen.

2710 2628 3030 2686 PSALMUS
3074 2629 3160 2684 Vl.

2158 2740 2227 2797 In
2247 2738 2408 2798 ﬁnem
2437 2742 2492 2797 in
2518 2742 2846 2798 carminibus
2872 2757 2973 2812 pro
3010 2748 3222 2806 octava,
3256 2739 3494 2810 psalmus
3517 2738 3717 2792 David.

2219 2854 2452 2922 Domine,
2497 2873 2562 2912 nc
2586 2857 2643 2911 in
2687 2857 2863 2928 furore
2906 2864 2993 2910 tuo
3032 2871 3223 2927 arguas
3253 2871 3353 2922 me,
3382 2870 3545 2925 neque
3570 2854 3633 2907 in
3662 2856 3748 2907 ira

2142 2957 2232 3004 tua
2252 2950 2505 3021 corripias
2545 2951 2647 3004 'me.
2677 2948 2930 3004 Miserere
2961 2950 3079 3013 mei,
3109 2946 3345 3013 Domine,
3370 2946 3618 3017 quoniam
3662 2946 3749 2998 in-

2127 3044 2323 3115 ﬁrmus
2350 3061 2497 3110 sum;
2527 3062 2660 3100 sana
2698 3062 2799 3110 me,
2848 3043 3097 3108 Domine,
3145 3042 3389 3115 quoniam
3428 3038 3748 3093 conturbata

2140 3145 2262 3191 sunt
2289 3153 2406 3192 ossa
2433 3154 2569 3192 mea.
2593 3135 2662 3191 Et
2682 3138 2859 3191 anima
2880 3152 2993 3189 mea
3025 3133 3228 3188 turbata
3252 3140 3329 3186 est
3356 3131 3521 3196 valde,
3544 3129 3644 3184 sed
3665 3139 3745 3192 tu,

2142 3229 2385 3296 Domine,
2409 3245 2685 3302 usquequo.
2728 3229 3052 3293 Convertere,
3098 3224 3341 3288 Domine,
3372 3232 3420 3277 et
3457 3223 3599 3293 eripe
3619 3223 3748 3274 ani-

2141 3337 2279 3374 mam
2294 3336 2480 3385 meam,
2501 3320 2697 3374 salvum
2718 3336 2801 3373 me
2818 3321 2903 3390 [ac
2923 3326 3131 3389 propter
3150 3312 3555 3370 misericordiam
3570 3320 3742 3365 tuam.

2145 3409 2403 3477 Quoniam
2422 3428 2525 3467 non
2545 3421 2619 3467 est
2642 3414 2697 3466 in
2727 3420 2890 3466 morte
2909 3412 2994 3483 qui
3022 3425 3218 3464 memor
3234 3408 3305 3462 sit
3326 3407 3417 3473 tui,
3447 3406 3503 3459 in
3524 3405 3746 3474 inferno

2141 3515 2313 3560 autem
2339 3505 2452 3578 quis
2494 3503 2821 3576 conﬁtebitur
2851 3503 2981 3557 tibi?
3006 3501 3263 3556 Laboravi
3301 3501 3357 3553 in
3377 3499 3569 3570 gemitu
3597 3513 3743 3558 meo.

2141 3596 2324 3651 lavabo
2350 3614 2443 3666 per
2464 3596 2696 3667 singulas
2722 3602 2896 3650 noctes
2918 3594 3103 3648 lectum
3122 3608 3310 3658 meum,
3333 3590 3576 3660 lacrymis
3605 3592 3744 3642 meis

2141 3692 2361 3742 stratum
2399 3704 2575 3763 Imaum
2622 3684 2821 3757 rigabo.
2870 3683 3125 3739 Turbatus
3166 3691 3245 3737 est
3274 3699 3307 3736 a
3334 3682 3508 3753 furore
3552 3684 3743 3734 acutus

2140 3794 2303 3845 meus,
2342 3779 2615 3833 inveteravi
2641 3780 2777 3832 inter
2812 3794 2988 3833 omnes
3011 3777 3246 3831 inimicos
3272 3790 3431 3828 meos.
3465 3771 3742 3827 Discedite

2141 3860 2173 3924 ὰ
2199 3887 2281 3926 me
2306 3887 2483 3926 omnes
2503 3871 2586 3943 qui
2614 3871 2900 3943 operamini
2928 3869 3270 3940 iniquitatem,
3301 3865 3542 3938 quoniam
3570 3880 3742 3917 exau-

2143 3961 2268 4017 divit
2304 3961 2561 4017 Dominus
2589 3978 2761 4018 vocem
2800 3960 2953 4031 ﬂetus
3000 3960 3120 4015 mei.
3148 3957 3431 4012 Exaudivit
3470 3955 3737 4010 Dominus

2143 4054 2556 4126 deprecationem
2584 4072 2752 4110 meam
2770 4094 2785 4118 ,
2812 4053 3067 4109 Dominus
3092 4053 3378 4108 orationem
3415 4065 3587 4103 meam
3613 4063 3735 4101 sus-

2140 4136 2296 4218 cepit.
2311 4145 2631 4202 Erubescant
2645 4156 2694 4201 et
2708 4146 3073 4201 conturbentur
3088 4143 3405 4199 vehementer
3418 4155 3594 4194 omnes
3622 4139 3734 4192 ini-

2141 4242 2260 4296 mici
2286 4242 2414 4308 mei,
2436 4250 2797 4297 convertantur
2828 4247 2878 4293 et
2897 4235 3199 4292 erubescant
3222 4233 3369 4290 valde
3394 4232 3655 4288 velociter.
3712 4254 3719 4265 -

2713 4384 3153 4426 COIIIENTARIUI.

449 4504 750 4570 hmreJitas,
773 4512 830 4559 et
847 4503 1108 4559 haeredes.
1124 4503 1192 4558 Et
1207 4504 1259 4558 in
1276 4505 1453 4573 capite
1466 4504 1658 4574 psalmi
1686 4506 1789 4560 tria
1815 4513 1943 4561 sunt
1969 4505 2038 4561 ab
2069 4485 2117 4546 υ
2212 4512 2419 4569 Titulus
2439 4509 2580 4566 sexti
2600 4508 2792 4580 psalmi
2812 4506 3146 4563 Dominicam
3161 4504 3306 4560 diem
3319 4500 3597 4573 exprimit,
3614 4501 3733 4572 ipsa

447 4596 661 4652 hmrede
689 4597 1006 4667 composita,
1036 4596 1222 4660 verba,
1253 4596 1476 4663 clamor,
1506 4597 1701 4651 oratio.
1743 4597 1863 4667 Ipsa
1891 4599 2036 4653 enim

447 4687 611 4742 verba
622 4693 778 4756 rogat
788 4686 1007 4742 auribus
1019 4686 1242 4757 percipi,
1264 4686 1554 4742 clamorem
1569 4687 1815 4757 intelligi,
1831 4690 2035 4745 oratio-

448 4791 572 4830 nem
585 4776 776 4830 audiri.
792 4775 910 4847 Ipsa
925 4776 1074 4845 dicit,
1092 4776 1270 4834 Orabo
1284 4786 1354 4845 te,
1376 4778 1619 4844 Domine,
1637 4794 1795 4834 mane
1810 4781 2034 4849 scilicet,

447 4881 573 4920 cum
602 4865 834 4935 objecero
862 4885 1022 4939 opera
1044 4867 1364 4923 tenebran
1383 4878 1433 4923 et
1464 4867 1682 4923 induero
1729 4885 1875 4924 arma
1909 4870 2036 4926 lucis

452 4957 631 5028 (Rom.
647 4958 783 5030 xm).
800 4961 951 5017 Tunc
978 4970 1034 5018 te
1058 4962 1227 5018 orabo
1248 4964 1399 5032 quasi
1416 4963 1469 5018 in
1486 4964 1749 5019 matutino
1770 4965 1964 5035 posita,
1982 4966 2034 5020 in

448 5063 557 5119 quo
569 5048 937 5107 deﬁcientibus
948 5054 1180 5109 tenebris
1189 5054 1321 5110 lucis
1331 5055 1661 5112 incrementa
1669 5071 1994 5113 concrescun
2003 5066 2040 5112 t.

452 5139 607 5197 Mane
628 5142 818 5198 astabo
848 5143 943 5199 tibi
970 5153 1025 5199 et
1048 5145 1240 5203 videbo
1256 5166 1270 5215 ;
1286 5149 1413 5218 quid
1433 5150 1638 5206 videbis
1667 5158 1848 5206 tamen
1873 5154 2042 5222 prope

451 5238 506 5285 et
527 5247 687 5292 mane
712 5233 799 5289 dic
823 5235 1014 5291 nobis?
1040 5235 1247 5293 Videbo
1270 5255 1427 5296 mane
1447 5242 1743 5313 apostolos,
1777 5241 2053 5310 fulgentes,

449 5329 705 5397 angelos,
755 5330 1049 5399 gaudentes
1088 5331 1286 5388 Marias
1331 5335 1691 5409 resurrexisse
1754 5335 2036 5390 Dominum

452 5422 782 5481 nuntiantes.
808 5423 1047 5479 Diximus
1063 5440 1240 5488 mane,
1272 5434 1626 5496 posteaquam
1651 5428 1888 5484 tenebrae
1907 5441 2036 5497 pec-

451 5528 696 5575 catorum
741 5518 1071 5583 transierint,
1108 5518 1371 5574 orandum
1399 5520 1701 5585 Dominum,
1726 5520 1958 5576 diximus
1983 5521 2035 5576 in

452 5610 571 5665 luce
600 5610 863 5667 Dominici
892 5610 1000 5669 diei
1036 5616 1406 5677 resurgentem
1449 5609 1753 5665 videndum.
1786 5610 1916 5677 Quis
1941 5627 2029 5666 au-

454 5706 562 5754 tem
592 5700 659 5753 sit
689 5701 789 5757 iste
813 5694 1072 5756 Dominus
1098 5699 1374 5757 distinctio
1399 5699 1513 5769 ejus
1540 5701 1829 5757 voluntatis
1860 5703 2038 5772 expri-

2141 4616 2225 4664 est
2252 4606 2394 4661 enim
2423 4612 2479 4660 et
2499 4611 2689 4659 octava
2709 4602 2834 4659 dum
2862 4599 3058 4655 desinit
3081 4639 3095 4663 ,
3125 4604 3181 4652 et
3208 4597 3380 4667 prima
3415 4595 3542 4649 dum
3592 4594 3731 4648 inci-

2142 4699 2238 4770 pit.
2264 4698 2321 4753 ln
2340 4697 2531 4766 quinto
2551 4695 2695 4751 enim
2716 4707 2874 4749 mane
2893 4692 3009 4762 ipsa
3030 4691 3216 4761 incipit
3237 4690 3289 4744 in
3309 4687 3729 4752 resurrectione,

2143 4790 2195 4846 id
2224 4797 2325 4856 est,
2357 4789 2412 4843 in
2438 4786 2775 4857 baptismatis
2809 4783 2981 4839 nostri
3017 4782 3456 4849 consecratione;
3487 4778 3652 4835 modo
3677 4780 3731 4833 in

2140 4880 2471 4952 poenitentim
2486 4877 2897 4948 recuperatione
2908 4884 3097 4929 octava
3119 4880 3221 4938 est,
3238 4869 3567 4941 septiformis
3587 4870 3735 4925 enim

2140 4972 2380 5043 spiritus,
2422 4970 2509 5025 cui
2554 4967 2814 5023 satisfacit
2845 4973 3087 5021 octavus.
3130 4961 3254 5032 Agit
3280 4976 3410 5031 ergo
3436 4962 3730 5031 paenitens,

2143 5072 2202 5118 ut
2230 5079 2335 5117 non
2365 5061 2418 5116 in
2447 5061 2526 5115 ira
2555 5067 2827 5129 arguatur,
2858 5055 2952 5111 scd
2980 5052 3403 5109 misericordiam
3431 5051 3522 5105 hic
3550 5050 3606 5105 in
3628 5049 3734 5105 isto

2141 5169 2370 5225 corpore
2397 5153 2601 5224 positus
2629 5154 3011 5220 consequatur.
3036 5146 3092 5201 in
3124 5145 3332 5201 inferno
3373 5152 3553 5199 autem
3596 5159 3734 5198 con-

2142 5244 2304 5302 fessio
2324 5244 2556 5300 fractum
2571 5243 2786 5314 penitus
2806 5256 2914 5296 non
2934 5239 3127 5306 habet;
3159 5237 3360 5292 idcirco
3389 5236 3475 5291 hic
3504 5234 3736 5304 quivult

2140 5338 2320 5394 salvus
2342 5336 2475 5403 ﬁeri,
2504 5335 2714 5391 laborat
2743 5350 2795 5388 λιι
2824 5334 3024 5403 gemitu
3051 5347 3169 5396 suo,
3198 5330 3345 5385 lavat
3371 5344 3468 5400 per
3494 5327 3734 5397 singulas

2142 5435 2329 5484 noctes
2384 5427 2602 5483 lectum.
2655 5424 2898 5487 Lectum,
2925 5423 3171 5492 inquam,
3201 5421 3253 5475 in
3277 5419 3525 5475 noctibus
3552 5419 3733 5484 lavat,

2139 5535 2300 5591 quem
2355 5517 2408 5572 in
2447 5517 2696 5572 noctibus
2742 5515 3115 5584 inquinaverat
3146 5530 3159 5566 :
3190 5521 3244 5568 et
3273 5527 3341 5566 ne
3359 5519 3582 5583 putares
3610 5523 3735 5565 eum

2141 5626 2333 5682 aquam
2367 5598 2795 5681 qualemcunque
2829 5608 3045 5663 haurire
3073 5605 3213 5662 unde
3242 5621 3365 5660 eum
3393 5603 3601 5669 abluat,
3634 5601 3739 5656 La-

2140 5703 2353 5771 crymis,
2370 5701 2562 5771 inquit,
2586 5715 2710 5757 eum
2740 5698 2947 5769 rigabo.
2980 5697 3197 5765 Quare?
3224 5698 3349 5767 quia
3379 5695 3633 5751 turbatus
3655 5700 3737 5749 est
