3936 6176
260 320 352 395 533

1187 325 1657 388 COMMENTARII
1696 328 1760 384 IN
1804 326 2130 384 PSALMOS.
2174 326 2361 382 PSAL.
2406 322 2536 383 Vill.

3395 324 3571 379 554,

260 466 354 525 pra:
378 449 447 504 ira
474 434 660 503 oculus
688 430 855 501 meus.
891 445 1083 500 Audivi
1128 445 1303 515 ignem
1334 452 1594 499 aeternum
1637 441 1813 494 immi-
1845 445 1891 502 Α
1922 454 2095 492 meam
2122 453 2285 508 urque
2308 439 2359 491 in
2386 438 2661 507 pulverem
2690 435 2936 491 deducat.
2963 434 3086 491 [nec
3106 436 3365 492 historico
3388 452 3503 491 ser-

258 555 397 606 uere,
444 544 498 593 et
550 537 684 591 iram
716 535 847 605 justi
892 536 1081 591 ultoris
1128 534 1469 599 incumbere;
1514 540 1567 587 et
1615 530 1815 585 idcirco

255 628 476 687 turbatus
501 642 640 695 sum,
671 626 796 697 quia
824 641 1032 681 moram
1060 624 1163 681 feci
1200 626 1257 679 in
1300 623 1537 696 peccatis
1562 621 1729 687 meis,
1762 627 1817 674 ct

253 718 522 778 inveteravi
549 719 691 772 inter
721 732 908 773 omnes
928 716 1174 772 inimicos
1196 730 1366 771 meos.
1390 713 1542 769 Nunc
1576 712 1817 768 moribus

253 811 387 867 malis
411 816 465 864 et
491 809 770 880 spiritibus
796 808 1085 865 immundis
1120 806 1438 863 renuntians
1465 805 1643 861 dicam
1675 822 1688 857 :
1722 803 1815 858 Di—

251 900 430 956 scedite
458 914 489 952 a
518 913 606 953 me
633 913 821 955 omnes
847 898 940 967 qui
968 896 1268 967 operamini
1300 894 1657 966 iniquitatem,
1687 892 1815 963 quia

251 992 290 1048 is
306 990 387 1061 qui
403 990 603 1045 dimisit
617 996 857 1058 peccata,
873 990 937 1053 is,
956 988 1192 1058 inquam,
1215 986 1307 1057 qui
1331 985 1606 1041 exaudivit
1627 999 1815 1040 vocem

249 1083 385 1141 fletus
408 1083 535 1149 mei,
566 1090 623 1138 et
650 1083 953 1138 orationem
980 1096 1158 1136 meam
1187 1081 1446 1151 suscepit,
1477 1079 1613 1135 dixit
1658 1078 1813 1143 mihi,

249 1176 367 1230 Ecce
388 1177 561 1230 salvus
583 1178 752 1247 {actus
781 1191 853 1238 es,
878 1174 995 1245 jam
1019 1174 1241 1244 amplius
1269 1172 1378 1228 noli
1403 1188 1616 1243 peccare
1637 1170 1813 1243 (Joan.

249 1268 314 1336 v).
337 1265 607 1322 Recedant
634 1281 665 1319 a
690 1280 776 1320 me
802 1265 952 1330 vitia,
977 1278 1096 1335 quze
1134 1263 1359 1317 mentita
1379 1270 1506 1318 sunt
1534 1262 1810 1317 hactenus.

248 1355 554 1411 Avertantur
574 1363 870 1410 retrorsum
899 1361 955 1410 et
982 1354 1307 1419 erubescant
1332 1352 1490 1408 valde
1524 1353 1812 1419 velociter,

246 1427 331 1517 per
362 1445 554 1500 Filium
602 1444 735 1511 Dei,
778 1444 870 1514 qui
898 1450 1089 1513 regnat
1135 1444 1189 1498 in
1236 1442 1431 1499 saecula
1477 1443 1813 1499 seculorum.

248 1535 413 1592 Amen.

779 1618 1006 1680 PSALM
1012 1622 1098 1680 US
1135 1624 1248 1680 Vllt

247 1704 295 1769 in
324 1713 479 1769 linem
521 1710 758 1784 psalmus
788 1714 973 1784 David,
1004 1714 1432 1784 quemcantavit
1461 1713 1688 1769 Domino
1717 1728 1816 1784 pro

657 1785 834 1839 verbis
853 1782 1134 1839 Cbusiﬁlii
1154 1782 1382 1839 Gemini.

306 1897 543 1963 Domine,
567 1897 707 1952 Deus
725 1914 889 1964 meus,
914 1899 970 1952 in
992 1907 1040 1952 te
1067 1900 1289 1969 speravi,
1310 1898 1509 1952 salvum
1528 1914 1609 1951 me
1640 1899 1726 1969 [ac
1754 1910 1819 1950 ea:

244 1990 460 2042 omnibus
500 1988 915 2060 persequentibus
954 2004 1037 2041 me
1083 1996 1133 2042 et
1180 1986 1342 2061 libera
1376 2005 1475 2042 me.
1527 1984 1818 2058 Nequando

164 2104 185 2139 ε
242 2081 395 2151 rapiat
418 2089 481 2133 ut
501 2081 581 2133 leo
604 2080 833 2133 animam
854 2094 1038 2144 meam,
1073 2077 1193 2132 dum
1215 2094 1318 2132 non
1346 2086 1423 2133 est
1461 2079 1547 2150 qui
1576 2077 1816 2139 redimat,

240 2190 383 2244 neque
410 2174 501 2245 qui
528 2173 727 2226 salvum
768 2172 950 2243 faciat.
984 2168 1225 2236 Domine,
1256 2168 1400 2223 Deus
1437 2185 1600 2232 meus,
1642 2170 1685 2222 si
1722 2168 1820 2240 {eci

238 2263 383 2327 istud,
411 2265 461 2319 si
490 2272 569 2317 est
604 2264 849 2334 iniquitas
889 2264 942 2316 in
970 2262 1207 2322 manibus
1226 2262 1371 2316 meis.
1399 2259 1461 2316 Si
1499 2260 1703 2314 reddidi
1733 2276 1818 2313 re-

243 2354 566 2410 tnbuentibus
607 2355 732 2409 mihi
780 2354 940 2419 mala,
989 2352 1226 2407 decidam
1261 2352 1444 2405 merito
1489 2350 1553 2403 ab
1600 2350 1821 2403 inimicis

240 2449 351 2501 meis
385 2448 584 2502 inanis.
618 2445 969 2518 Persequatur
1006 2446 1246 2499 inimicus
1285 2445 1515 2497 animam
1561 2457 1729 2496 meam
1772 2449 1825 2495 et

242 2538 631 2607 comprehendat
656 2548 704 2591 et
733 2536 992 2591 conculcet
1017 2537 1073 2589 in
1097 2544 1235 2589 terra
1254 2535 1411 2588 vitam
1431 2550 1617 2609 meam,
1641 2540 1692 2587 et
1713 2532 1825 2604 glo-

241 2632 360 2684 riam
383 2648 555 2685 meam
592 2631 645 2684 in
676 2632 931 2700 pulverem
953 2627 1190 2683 deducat.
1224 2624 1482 2697 Exsurge,
1506 2624 1749 2690 Domine,
1769 2626 1822 2678 in

241 2723 311 2775 ira
339 2730 441 2789 tua,
466 2732 518 2776 et
555 2723 789 2776 exaltare
815 2723 869 2775 in
901 2719 1089 2795 finibus
1118 2720 1446 2774 inimicorum
1474 2734 1720 2772 meorum.
1755 2715 1827 2770 Et

241 2830 465 2888 murge,
491 2814 735 2877 Domine,
767 2812 908 2868 Deus
936 2830 1097 2880 meus,
1120 2813 1177 2866 in
1214 2821 1488 2883 prcecepto,
1522 2810 1657 2883 quod
1679 2825 1828 2863 man-

243 2907 385 2974 dasti,
416 2918 468 2961 et
497 2922 769 2978 synagoga
795 2906 1101 2978 populorum
1129 2902 1468 2960 circumdabit
1496 2913 1563 2957 te.
1603 2900 1674 2955 Et
1702 2919 1827 2973 pra-

242 3006 345 3064 pter
360 2997 499 3052 hanc
514 2999 572 3051 in
592 2996 755 3051 altum
774 2984 1074 3068 regiedere;
1097 2994 1350 3050 Dominus
1363 2993 1569 3065 judicat
1588 2993 1825 3064 populos.

243 3087 417 3144 Judica
457 3102 563 3154 me,
596 3087 836 3151 Domine,
867 3086 1147 3142 secundum
1168 3087 1433 3158 justitiam
1452 3101 1641 3150 meam,
1671 3093 1720 3139 et
1748 3100 1829 3138 se-

1918 544 2079 583 mone
2110 529 2162 582 in
2209 528 2414 597 Regum
2443 529 2717 582 volumine
2747 542 2913 597 usque
2940 527 3008 582 ad
3043 526 3202 582 finem
3233 527 3499 595 leguntur.

1918 622 2016 678 llic
2044 630 2226 677 autem
2267 623 2521 693 mysteria
2556 621 2756 676 Christi
2783 629 3081 687 cantemus,
3104 621 3190 675 cui
3224 636 3322 691 pro
3349 621 3505 675 bonis

1916 716 2056 770 mala
2095 715 2383 771 reddentes
2430 714 2799 769 acclamahant
2843 713 2989 783 quod
3017 729 3133 768 reus
3161 722 3294 768 esset
3323 715 3505 767 mortis

1918 797 2094 879 (Matt.
2129 808 2295 879 xxvr).
2320 807 2457 862 Huic
2485 821 2614 875 ergo
2637 807 2835 861 clamat
2863 805 3105 861 Ecclesia
3142 824 3153 856 :
3178 805 3420 875 Exsurge
3450 806 3504 858 in

1911 901 1998 957 ira
2019 908 2131 966 tua,
2154 909 2209 955 et
2231 900 2510 955 videamus
2530 899 2658 970 quid
2679 900 2731 952 in
2753 899 2832 953 ira
2854 898 3095 954 facturus
3118 899 3208 953 sit.
3230 898 3501 957 Exaltarc.

1917 990 2108 1060 inquit,
2133 990 2187 1045 in
2209 990 2405 1045 ﬁnibus
2424 990 2780 1044 inimicorum.
2801 984 2869 1044 At
2896 990 2985 1045 ubi
3014 990 3282 1044 senserint
3310 990 3505 1057 ingrati

1916 1079 2867 1149 Dominumirascentem,dantﬁnem
2898 1080 3263 1151 impietatibus
3290 1080 3420 1144 suis,
3452 1088 3507 1133 ct

1918 1172 2081 1227 linitis
2108 1173 2417 1239 inimicitiis,
2450 1174 2718 1228 exaltatur
2745 1173 2886 1229 Deus
2927 1174 2981 1228 in
3024 1171 3220 1228 finibus
3263 1172 3509 1228 inimico-

1916 1279 2057 1319 rum.
2089 1262 2331 1331 Exsurge
2380 1264 2434 1318 in
2481 1272 2752 1334 praecepto
2796 1264 2938 1333 quod
2982 1263 3269 1318 mandasti.
3317 1251 3507 1318 Dixisti

1915 1354 2078 1418 enim,
2100 1355 2250 1408 tertia
2263 1354 2346 1407 die
2359 1370 2641 1426 resurgam,
2659 1360 2715 1408 et
2730 1354 3019 1425 prwcedam
3039 1371 3126 1408 vos
3141 1356 3194 1408 in
3212 1352 3503 1414 Galilceam,

1915 1443 1986 1499 ibi
2006 1460 2087 1499 me
2105 1443 2339 1499 uidebitis
2357 1443 2537 1514 (Matt.
2561 1446 2768 1515 xxvm).
2788 1443 2855 1497 Et
2879 1444 3021 1509 ideo,
3038 1458 3286 1513 exsurge,
3312 1444 3504 1514 inquit,

1916 1535 1972 1589 in
1999 1542 2270 1605 prmcepto
2289 1533 2435 1604 quod
2461 1533 2743 1600 mandasti,
2768 1542 2822 1588 et
2844 1532 3028 1604 pOStea
3057 1549 3220 1605 quam
3246 1542 3298 1588 te
3322 1545 3473 1589 omen
3492 1565 3507 1572 -

1914 1626 2059 1682 deris
2087 1625 2401 1698 Synagogm,
2434 1641 2503 1681 ne
2531 1626 2724 1680 iterum
2753 1627 2989 1681 excitare
3015 1627 3245 1681 aestimet
3272 1626 3469 1680 bellum
3491 1667 3503 1685 .

1917 1725 2140 1787 propter
2166 1718 2307 1772 hanc
2327 1716 2509 1785 judica
2539 1717 2789 1786 populos.
2811 1714 2945 1770 Cum
2968 1717 3112 1771 enim
3134 1716 3349 1772 dederis
3362 1715 3507 1785 judi-

1852 1808 1893 1865 B
1919 1811 2080 1876 cium,
2112 1808 2272 1877 linem
2320 1809 2550 1878 accipiet
2588 1809 2791 1863 malitia
2821 1817 3188 1879 peccatorum,
3235 1817 3290 1864 et
3330 1808 3510 1878 justus

1918 1902 2194 1971 dirigeturt
2227 1901 2345 1957 Non
2382 1902 2526 1956 enim
2572 1900 2640 1955 ad
2678 1901 2903 1956 alterius
2941 1901 3028 1956 vel
3054 1900 3509 1971 vituperationem

1918 1994 2006 2048 vel
2034 1993 2246 2048 laudem
2273 1993 2447 2048 dictas
2474 1992 2821 2057 sententiam,
2861 1993 2985 2062 quia
3015 1991 3180 2047 corda
3220 1991 3507 2061 conspicis,

1920 2089 1976 2136 et
2003 2096 2192 2137 renum
2231 2090 2440 2137 secreta
2462 2081 2864 2151 contemplaris,
2895 2076 3075 2137 salvos
3120 2080 3286 2137 facies
3324 2097 3511 2137 omnes

1921 2174 2014 2243 qui
2041 2181 2193 2229 recto
2221 2183 2347 2228 sunt
2374 2172 2554 2228 corde.
2588 2171 2683 2227 His
2711 2181 2891 2228 autem
2930 2174 3022 2244 qui
3056 2189 3165 2229 non
3206 2183 3332 2229 sunt
3358 2185 3511 2230 recto

1922 2265 2088 2322 corde
2099 2266 2241 2321 Deus
2255 2264 2422 2335 judex
2442 2263 2650 2319 futurus
2671 2264 3007 2334 exprimitur,
3026 2265 3118 2334 qui
3140 2273 3339 2320 terram
3360 2281 3511 2319 suam

1924 2371 2033 2411 non
2062 2371 2121 2412 se
2141 2354 2578 2411 convertentibus
2606 2363 2888 2424 praeparat.
2923 2354 3053 2409 Nam
3074 2355 3282 2424 justitia
3302 2353 3511 2410 Iudaeo-

1923 2462 2044 2501 mm
2071 2446 2323 2517 parturiit
2343 2446 2397 2500 in
2420 2444 2608 2500 dolore
2634 2446 2796 2499 animi
2821 2446 3015 2516 posita,
3040 2461 3162 2501 cum
3181 2446 3390 2502 videret
3410 2446 3515 2499 Do-

1924 2536 2129 2590 minum
2159 2550 2258 2606 pro
2288 2535 2486 2589 virtute
2532 2536 2807 2603 signorum
2847 2550 2877 2589 a
2908 2536 3248 2591 multitudine
3276 2536 3512 2592 adorari.

1925 2623 2187 2695 Concepit
2231 2625 2473 2680 dolorem
2523 2632 2576 2679 et
2624 2625 2832 2695 peperit
2879 2625 3234 2694 iniquitatem,
3280 2626 3463 2681 dicens
3496 2646 3514 2681 ι

1928 2718 2184 2790 Cruciﬁge
2228 2734 2374 2774 reum
2415 2720 2597 2772 mortis
2652 2717 2867 2789 (Matth.
2902 2719 3089 2788 xxvii).
3126 2716 3345 2773 Paravit
3391 2735 3517 2785 erga

1928 2809 2138 2864 foveam
2156 2806 2394 2873 Christo,
2421 2808 2514 2863 sed
2538 2810 2648 2878 ipsa
2674 2809 2856 2864 incidit
2880 2810 2931 2864 in
2955 2811 3165 2864 foveam
3185 2826 3348 2879 quam
3371 2809 3518 2867 fecit.

1927 2897 1997 2955 Et
2023 2915 2317 2955 conversus
2343 2906 2426 2955 est
2452 2898 2608 2955 dolor
2629 2900 2744 2969 ejus
2772 2901 2825 2954 in
2852 2909 3015 2971 caput
3032 2900 3167 2970 ejus,
3199 2902 3335 2956 etin
3362 2905 3519 2956 verti—

1928 3007 2049 3049 cem
2071 2991 2187 3063 ejus
2227 2992 2481 3061 iniquitas
2510 2991 2627 3061 ejus
2654 2992 2949 3048 descendit.
2982 2992 3196 3049 Christo
3221 3001 3401 3049 autem
3436 3012 3520 3047 r.-—

1929 3094 2184 3156 surgente
2214 3101 2246 3141 a
2272 3087 2501 3141 mortuis
2537 3101 2636 3141 nos
2681 3086 2998 3141 confitemur
3023 3086 3288 3157 justitiam
3318 3087 3432 3151 Dei,
3468 3097 3521 3142 (ιι

244 3178 455 3232 cundum
492 3179 847 3232 innocentiam
874 3193 1041 3232 meam
1069 3193 1225 3246 super
1246 3192 1346 3231 me.
1370 3175 1710 3231 Consumetur
1737 3189 1827 3227 ne—
1854 3164 1896 3225 C
1930 3179 2252 3235 ascendente
2280 3194 2366 3245 eo,
2398 3179 2675 3248 psallimus
2702 3179 2909 3236 nomini
2938 3178 3054 3248 ejus
3075 3179 3356 3243 altissimo,
3390 3182 3482 3232 alii
3500 3210 3517 3218 -

242 3271 392 3339 quitia
418 3278 751 3341 peccatorum
776 3277 824 3322 et
860 3269 1054 3341 diriges
1075 3268 1294 3339 justum,
1317 3276 1556 3322 scrutans
1595 3264 1754 3320 corda
1781 3273 1831 3318 et

244 3375 381 3415 renes
413 3360 576 3414 Deus.
619 3360 654 3413 J
658 3369 827 3414 ustum
854 3360 1172 3432 adjutoriunt
1200 3376 1367 3413 meum
1405 3376 1439 3412 a
1467 3357 1712 3422 Domino,
1743 3358 1831 3428 qui

242 3452 398 3507 salvos
433 3454 565 3525 facit
593 3463 758 3507 rectos
781 3453 955 3507 corde.
1000 3451 1142 3506 Deus
1176 3451 1342 3522 judea:
1379 3451 1572 3522 justus,
1604 3449 1755 3520 fortis
1784 3456 1833 3501 et

243 3546 463 3610 patiens,
493 3544 726 3618 nunquid
752 3546 1005 3600 irascetur
1024 3560 1115 3616 per
1132 3543 1368 3616 singulos
1397 3542 1545 3596 dies?
1565 3540 1686 3595 Nisi
1710 3557 1834 3595 con-

242 3640 361 3693 versi
391 3640 625 3711 fueritis,
651 3637 883 3709 gladium
911 3653 1061 3691 suum
1086 3637 1321 3703 uibrauit,
1346 3651 1528 3689 arcum
1566 3651 1713 3689 suum
1760 3644 1835 3688 tes

245 3728 417 3794 tendit,
467 3736 516 3781 et
552 3728 756 3798 parauit
778 3727 944 3782 illum.
976 3725 1049 3780 Et
1068 3728 1122 3780 in
1161 3743 1221 3780 eo
1248 3726 1454 3797 parauit
1477 3741 1602 3779 vasa
1628 3726 1832 3790 mortis,

245 3821 464 3889 sagittas
491 3834 613 3874 suas
643 3816 941 3872 ardentibus
979 3817 1166 3886 eiecit.
1211 3814 1343 3871 Ecce
1369 3816 1835 3888 parturiitinjusti-
1924 3874 1946 3886 ,

246 3909 385 3975 tiam,
414 3918 471 3965 et
498 3910 731 3980 concepit
758 3907 1004 3976 dolorem,
1046 3917 1097 3961 et
1121 3908 1321 3977 peperit
1358 3908 1699 3980 iniquitatem.
1725 3903 1835 3957 La-

245 4015 355 4054 rum
381 4002 618 4071 aperuit,
659 4009 710 4055 et
735 4000 915 4070 effodit
932 4016 1069 4065 eum,
1091 4009 1156 4054 et
1181 3999 1363 4055 incidit
1382 4001 1437 4054 in
1458 4001 1657 4071 foveam
1683 4015 1837 4070 quam

249 4090 382 4160 fecit.
415 4089 753 4147 Ccnvertetur
780 4091 930 4147 dolor
952 4092 1067 4163 ejus
1092 4092 1150 4145 in
1187 4100 1343 4161 caput
1364 4091 1497 4161 ejus,
1526 4099 1576 4144 et
1602 4091 1656 4144 in
1685 4091 1838 4144 verti-

248 4190 354 4234 cem
380 4183 547 4252 ipsius
570 4182 817 4254 iniquitas
836 4183 949 4253 ejus
969 4180 1258 4236 descendet.
1285 4177 1582 4250 Conﬁtebor
1609 4178 1837 4234 Domino

251 4274 530 4329 secundum
566 4275 828 4345 justitiam
871 4274 1005 4345 ejus,
1047 4283 1098 4327 et
1136 4273 1359 4344 psallam
1388 4275 1584 4329 nomini
1628 4272 1840 4328 Domini

251 4364 511 4420 altissimi.

826 4451 1263 4492 COMMENTARIUI.

1933 3270 2172 3325 tudinem
2200 3270 2526 3340 penetranti,
2563 3285 2683 3339 quae
2711 3278 2794 3325 est
2820 3286 2983 3340 super
3011 3286 3200 3327 omnes
3240 3272 3426 3334 caelos,
3472 3274 3522 3325 iu

1931 3378 2039 3433 quo
2059 3360 2201 3417 facto
2231 3376 2382 3415 omne
2406 3378 2539 3432 genu
2567 3363 2809 3431 ﬂectitur,
2834 3373 2882 3417 et
2902 3364 3070 3418 omnis
3098 3364 3278 3436 lingua
3307 3366 3524 3434 conﬁte-

1934 3465 2016 3509 tur
2034 3456 2155 3527 quia
2184 3453 2437 3509 Dominus
2474 3453 2626 3508 Iesus
2654 3456 2707 3508 in
2729 3456 2900 3526 gloria
2923 3464 3000 3509 est
3026 3455 3123 3510 Dei
3153 3456 3332 3510 Patris
3365 3456 3519 3527 (Piri-

1933 3545 2025 3615 lip.
2070 3544 2150 3614 n).
2180 3543 2288 3615 Ipsi
2325 3545 2501 3599 honor
2540 3552 2596 3599 et
2621 3545 2793 3614 gloria
2843 3545 2896 3599 in
2945 3546 3138 3602 saecula
3181 3546 3521 3601 smculormn.

1936 3633 2124 3690 Amen.

2484 3704 2798 3761 PSALMUS
2848 3706 2980 3762 Vill.

2077 3794 2136 3851 in
2172 3794 2331 3851 linem
2369 3812 2470 3866 pro
2515 3798 2893 3863 torcularibus,
2928 3799 3167 3869 psalmus
3196 3799 3380 3855 David.

2007 3905 2249 3973 Domine,
2268 3907 2520 3963 Dominus
2536 3919 2730 3977 noster,
2748 3927 2902 3982 quam
2924 3910 3233 3966 admirabile
3250 3920 3325 3966 est
3342 3929 3527 3966 nomen

1937 4007 2081 4053 tuum
2113 4000 2171 4053 in
2197 4001 2440 4054 universa
2469 3998 2916 4065 terralQuoniam
2954 4002 3154 4057 elevata
3172 4010 3250 4057 est
3285 4004 3531 4074 magni/i-

1937 4090 2109 4143 centia
2134 4097 2223 4142 tua
2245 4106 2399 4161 super
2418 4090 2593 4145 oculos.
2618 4089 2704 4145 Ea:
2724 4109 2815 4146 ore
2834 4093 3121 4163 infantium
3148 4101 3199 4146 et
3225 4093 3530 4146 lactentiam

1939 4180 2201 4253 perfecisti
2242 4180 2466 4242 laudem,
2505 4189 2714 4252 propter
2752 4182 2993 4235 inimicos
3033 4189 3166 4247 tuos,
3198 4189 3256 4235 ut
3294 4182 3532 4237 destruas

1939 4273 2205 4327 inimicum
2230 4279 2279 4326 et
2297 4272 2534 4326 ultorem.
2557 4269 2817 4335 Quoniam
2843 4272 3020 4327 videbo
3050 4273 3203 4327 ctelos
3229 4282 3345 4329 tuos
3375 4291 3532 4345 opera

1941 4364 2222 4436 digitorum
2268 4368 2494 4425 tuorum,
2526 4361 2705 4416 lunam
2733 4371 2783 4416 et
2810 4362 2991 4418 stellas
3032 4379 3149 4435 qua
3177 4372 3231 4418 tu
3273 4365 3406 4436 [und
3425 4367 3529 4418 .sti.

1945 4452 2085 4521 Quid
2110 4463 2186 4511 est
2206 4455 2377 4519 homo,
2403 4454 2540 4528 quod
2562 4470 2757 4509 memor
2782 4471 2837 4508 es
2864 4458 2997 4526 ejus,
3022 4463 3111 4509 aut
3139 4456 3281 4526 ﬁlius
3310 4457 3534 4510 hominis

321 4541 463 4603 Cum
486 4548 820 4604 nuntiassent
841 4550 995 4619 pueri
1012 4546 1181 4604 David
1196 4547 1342 4617 quod
1368 4559 1590 4617 possent
1603 4543 1840 4605 Absalon
1872 4533 1919 4592 Ι)
1944 4547 2191 4620 quoniam
2209 4547 2391 4601 uisitas
2410 4562 2526 4601 eum
2544 4548 2569 4601 ?
2590 4544 2833 4599 Hinuisti
2850 4563 2965 4600 eum
2994 4546 3325 4615 paulominus
3345 4546 3408 4599 ab
3439 4564 3536 4599 αη-

257 4638 520 4706 cccidere,
543 4647 599 4694 et
627 4639 830 4693 diceret
856 4637 1024 4693 David
1048 4656 1061 4690 :
1085 4636 1297 4696 Parcite
1322 4638 1392 4705 ei,
1416 4645 1472 4694 et
1500 4637 1709 4707 fugeret
1726 4638 1841 4708 ipse

257 4723 423 4782 David
459 4744 490 4783 a
530 4727 669 4784 facie
707 4727 841 4796 ejus,
872 4728 1120 4799 apparuit
1155 4744 1317 4799 super
1353 4743 1476 4784 eum
1504 4727 1703 4793 Semei,
1748 4729 1840 4798 qui

255 4825 372 4871 erat
400 4818 467 4875 de
493 4819 821 4890 cognatione
846 4817 1042 4884 Saulis,
1073 4826 1131 4874 et
1150 4817 1361 4887 jactans
1394 4827 1519 4888 post
1556 4834 1680 4875 eum
1708 4819 1842 4889 lapi-

257 4908 370 4976 des,
422 4913 686 4969 clamabat
732 4928 857 4969 eum
901 4928 1021 4969 esse
1069 4913 1243 4968 virum
1289 4914 1607 4982 sanguiuum
1633 4931 1647 4980 ;
1678 4928 1839 4984 quem

258 5016 383 5056 eum
412 5004 610 5059 vellent
631 5002 954 5069 interficere,
977 5003 1113 5058 dixit
1140 5003 1310 5058 David
1335 5021 1347 5056 :
1372 5003 1569 5067 Nolite,
1596 5019 1725 5059 cecc
1748 5003 1841 5074 qui

257 5090 325 5145 de
353 5092 548 5149 lumbis
566 5094 703 5149 meis
722 5108 968 5163 egressus
988 5101 1071 5148 est
1088 5102 1290 5165 pugnat
1317 5101 1504 5149 contra
1530 5110 1635 5149 me.
1661 5093 1727 5147 Et
1746 5110 1844 5148 vos

257 5182 529 5240 miramini
565 5185 713 5255 quod
742 5184 885 5240 ﬁlius
909 5183 1091 5240 Semei
1117 5184 1185 5240 de
1225 5185 1366 5240 tribu
1406 5182 1535 5245 Saul
1561 5186 1631 5239 sit
1655 5192 1841 5239 contra

259 5283 370 5323 me.
404 5269 636 5329 Parcens
664 5287 797 5342 ergo
826 5280 881 5328 et
918 5273 1008 5329 isti
1033 5273 1202 5328 David
1228 5274 1367 5329 sicut
1394 5280 1450 5328 et
1477 5272 1623 5328 Sauli
1656 5287 1844 5342 peper-

257 5370 441 5429 cerat;
467 5380 694 5434 parcens
720 5374 777 5420 et
815 5372 1044 5437 tyranno
1084 5366 1213 5429 lilio,
1260 5374 1383 5421 orat
1416 5375 1476 5420 ut
1521 5367 1775 5420 liberetur
1812 5380 1843 5420 a

258 5459 728 5526 persajuentibus,
758 5474 1188 5515 commemorans
1224 5474 1333 5514 non
1374 5474 1434 5513 se
1474 5459 1666 5514 fecisse
1705 5458 1848 5514 istud

257 5545 413 5615 quod
441 5548 524 5606 ille
546 5551 833 5617 clamabat,
873 5567 983 5606 non
1010 5552 1197 5622 utique
1221 5550 1519 5607 reddidisse
1549 5551 1851 5607 retribuen-

259 5634 417 5691 tibus
441 5638 537 5694 sibi
563 5640 722 5694 mala.
751 5638 857 5694 Aut
888 5641 935 5696 si
963 5641 1187 5705 reddidi,
1213 5642 1403 5712 inquit,
1434 5641 1574 5696 mala
1604 5657 1702 5712 pro
1731 5657 1849 5696 ma-

262 5720 353 5791 lis,
384 5728 800 5798 comprehendat
816 5730 1063 5787 inimicus
1087 5724 1320 5786 animam
1341 5746 1534 5799 meam,
1554 5742 1608 5787 et
1627 5732 1850 5803 gloriam

1949 4638 2097 4710 gelis,
2146 4637 2315 4709 gloria
2339 4646 2389 4690 et
2428 4641 2623 4692 honore
2659 4637 2925 4691 coronasti
2964 4654 3099 4703 eum,
3131 4646 3180 4691 et
3221 4638 3535 4692 constituisti

1946 4743 2063 4782 eum
2107 4744 2262 4798 super
2296 4743 2452 4799 opera
2498 4744 2746 4782 manuum
2793 4735 3016 4781 tuarum.
3053 4725 3245 4782 Omnia
3274 4729 3536 4800 subjeciin

1948 4820 2040 4874 sub
2080 4818 2294 4890 pedibus
2339 4821 2610 4891 ejus,oves
2651 4826 2701 4872 et
2745 4818 2894 4873 boves
2930 4819 3218 4885 universas,
3251 4820 3461 4889 insuger
3488 4828 3535 4872 et

1948 4928 2135 4983 pecora
2173 4913 2361 4979 campi.
2396 4912 2644 4967 Volucres
2681 4912 2795 4969 cceli
2821 4921 2870 4967 et
2898 4914 3063 4983 pisces
3091 4914 3391 4986 maris,.qni
3419 4932 3536 4985 per-

1949 5002 2216 5056 ombulant
2263 5004 2474 5057 semitas
2508 5005 2691 5059 maris.
2724 5004 2980 5068 Domine,
3033 5004 3289 5062 Dominus
3338 5015 3529 5071 noster,

1945 5108 2098 5162 quam
2120 5092 2426 5147 admirabile
2451 5102 2527 5148 est
2556 5112 2742 5150 nomen
2771 5103 2915 5150 tuum
2953 5098 3007 5150 in
3032 5098 3271 5152 universa
3301 5094 3468 5151 terra!

2521 5247 2957 5287 COIIENTARIUI.

2018 5369 2135 5424 Non
2164 5383 2264 5439 pro
2305 5368 2577 5433 torculari,
2608 5368 2700 5422 sed
2731 5384 2827 5439 pro
2870 5368 3053 5423 multis
3083 5368 3434 5423 torcularibus
3478 5366 3531 5423 in

1948 5468 2143 5516 octavo
2174 5459 2379 5529 psalmo
2406 5458 2542 5513 fixus
2571 5468 2653 5513 est
2682 5460 2884 5527 titulus,
2907 5475 3027 5533 qua:
3056 5459 3345 5515 toreularia
3373 5477 3535 5515 voces

1950 5559 2075 5605 sunt
2118 5550 2357 5605 omnium
2383 5549 2787 5621 prophetarum,
2823 5567 2942 5621 quae
2986 5560 3114 5607 tunc
3143 5550 3359 5620 impleta
3390 5562 3531 5617 sunt,

1950 5638 2166 5709 quando
2194 5639 2317 5693 vitis
2347 5654 2472 5694 vera
2499 5640 2771 5695 clavorum
2803 5640 3137 5697 ferramentis
3165 5641 3402 5712 plantata
3433 5655 3533 5706 est,

1954 5740 2007 5786 et
2037 5731 2089 5785 in
2119 5730 2261 5799 ligno
2290 5729 2463 5786 crucis
2492 5731 2666 5800 posita
2702 5731 2884 5787 lancea
2912 5747 3166 5802 percusso
3203 5732 3319 5802 ejus
3350 5734 3533 5795 latore,
