3866 6178
482 260 587 320 533

483 475 708 534 tantum,
732 469 826 523 sed
848 470 901 523 in
926 471 1169 525 Universa
1194 481 1335 527 terra
1359 489 1555 529 nomen
1579 476 1790 532 Domini
1818 480 2061 535 mirabile

479 558 818 614 clamaretur.
845 560 996 624 Quod
1016 560 1223 615 factum
1254 571 1380 618 tunc
1407 566 1781 621 conﬁrmatum
1815 577 1914 635 est,
1937 584 2057 624 cum

481 648 780 702 elevaretur
824 649 1217 716 magniﬁcentia
1257 652 1371 720 ejus
1409 668 1570 723 super
1610 657 1796 722 coctos,
1846 666 1906 711 ut
1950 675 2058 713 non

480 748 683 794 tantum
711 749 895 794 :etates
924 743 1192 810 legitimae,
1215 744 1307 799 sed
1328 747 1488 799 etiam
1512 747 1740 803 infantes
1768 758 1824 804 et
1852 751 2057 806 lacten-

476 840 558 884 tes
584 832 651 886 ad
678 833 889 886 laniem
920 833 1033 901 ejus
1062 836 1442 905 irrumperent,
1491 847 1549 892 ut
1576 840 1944 897 destrueretur
1970 845 2058 899 ille

476 923 723 990 populus,
756 924 847 990 qui
882 939 977 992 per
1005 924 1369 981 defensionem
1399 928 1491 983 Dei
1521 939 1706 984 contra
1735 932 1904 986 Deum
1932 948 2053 1001 age-

475 1019 576 1065 ret.
610 1012 838 1080 lpseest
865 1015 1008 1067 enim
1029 1016 1275 1084 populus,
1300 1026 1354 1071 et
1381 1018 1632 1073 defensor
1653 1021 1766 1085 Dei,
1791 1030 1845 1074 et
1872 1023 2054 1077 inimi-

476 1118 569 1154 cus
611 1103 723 1168 Dei,
757 1104 1006 1159 defensor
1043 1107 1092 1158 in
1143 1105 1319 1172 Patre,
1362 1108 1607 1166 inimicus
1649 1111 1700 1166 in
1739 1111 1917 1167 Filio:
1961 1115 2053 1168 sed

475 1195 642 1246 omnis
673 1196 756 1265 qui
777 1206 928 1265 negat
956 1195 1169 1261 Filium,
1199 1215 1291 1252 nec
1321 1198 1531 1253 Patrem
1552 1200 1701 1254 habet
1723 1202 1764 1272 (1
1786 1203 1944 1258 Joan.
1970 1207 2050 1273 ιι),

475 1285 563 1351 qui
593 1293 768 1338 autem
801 1295 1087 1355 utrumque
1115 1288 1419 1353 conﬁtetur,
1451 1291 1537 1346 hic
1565 1292 1707 1347 videt
1726 1294 1889 1348 oculos
1908 1296 2051 1364 quod

474 1391 636 1444 opera
665 1376 951 1443 digitorum
982 1378 1098 1446 ejus
1137 1387 1280 1443 sunt,
1314 1389 1368 1434 et
1405 1381 1548 1448 quod
1578 1382 1755 1436 lunam
1786 1391 1841 1437 et
1869 1386 2050 1441 stellas

473 1466 585 1534 ipse
614 1465 928 1520 fundaverit.
954 1467 1091 1533 Quid
1119 1469 1261 1522 enim
1290 1479 1433 1524 esset
1460 1471 1621 1525 homo
1667 1473 1764 1526 nisi
1796 1473 1910 1543 ipse
1938 1491 2051 1530 me-

471 1571 588 1609 mor
628 1556 827 1622 fuisset,
859 1566 916 1611 et
944 1559 1163 1613 veniens
1186 1567 1389 1614 tantam
1415 1562 1801 1631 perfectionem
1832 1566 2046 1620 docuis-

470 1654 570 1711 set,
601 1654 658 1699 ut
685 1647 951 1702 modicum
980 1650 1157 1705 minus
1176 1666 1335 1719 quam
1359 1660 1483 1706 sunt
1510 1654 1561 1707 in
1582 1656 1721 1709 coelo
1747 1658 1921 1723 angeli
1961 1658 2048 1712 hic

1715 265 1993 331 ~AlWOBII
2029 278 2045 333 J

2149 281 2330 338 'IOR'IS
3580 305 3662 371 εδδ

431 378 451 407 δ
478 381 685 429 tantam
709 377 814 431 vim
842 378 896 433 in
925 380 1005 434 his
1028 380 1378 436 torcularibus
1406 381 1558 446 fudit,
1579 395 1635 439 ut
1665 400 1771 441 non
1797 388 1849 442 in
1878 389 2056 444 Judiea
2087 395 2135 452 Δ
2167 394 2402 465 Domine,
2448 418 2549 454 non
2591 420 2685 457 con

2692 407 2912 475 {artetur
2942 409 3113 476 homo,
3136 414 3419 484 judicentur
3460 434 3604 493 gentes
3625 437 3666 485 in

2164 500 2435 559 conspectu
2476 499 2582 545 tuo.
2615 492 2899 563 Constitue,
2937 497 3171 568 Domine,
3202 492 3519 575 legislatorem
3550 532 3670 586 super

2161 592 2268 639 eos,
2300 587 2354 629 ut
2383 582 2549 634 sciant
2576 594 2751 653 gentes
2777 591 3021 657 quoniam
3051 593 3279 649 homines
3306 608 3435 652 sunt.
3467 602 3525 656 Ut
3556 582 3667 675 quid,

2162 662 2401 731 Domine,
2435 674 2690 726 recessisti
2729 676 2899 746 longe,
2932 679 3154 749 despicis
3182 686 3233 737 in
3262 662 3671 755 opportunitalibus

2161 754 2214 807 in
2245 755 2611 820 tribulatione?
2627 761 2751 818 Cum
2782 767 3012 836 superbit
3041 772 3543 842 impius,.iuceuditur
3564 805 3669 856 pau-

2160 862 2268 944 per,
2319 852 2819 920 comprehenduntur
2869 858 2923 911 in
2970 863 3197 917 consiliis
3255 866 3424 932 quibus
3466 852 3668 944 cogitant.

2163 930 2420 997 Quoniam
2456 940 2702 996 laudatur
2726 957 2971 1015 peccator
2999 951 3051 1003 in
3084 952 3342 1010 desideriis
3380 963 3549 1016 anima:
3570 983 3671 1026 sua.

2157 1032 2204 1075 et
2219 1022 2425 1091 iniquus
2442 1030 2772 1087 benedicitur.
2799 1036 3143 1095 ancerbavit
3172 1044 3436 1103 Dominum
3461 1022 3670 1121 peccator,

2156 1117 2433 1169 secundum
2464 1121 2839 1178 multitudinem
2873 1129 2965 1181 irw
3002 1146 3109 1185 sua:
3138 1150 3238 1187 non
3267 1117 3469 1206 qureret;
3488 1140 3593 1197 Non
3615 1117 3671 1199 est

2157 1203 2296 1257 Deus
2325 1208 2375 1259 in
2404 1221 2676 1280 conspectu
2721 1216 2850 1284 ejus,
2881 1219 3166 1290 inquinata:
3210 1239 3324 1279 sunt
3352 1230 3438 1282 vice
3478 1233 3593 1287 illius
3632 1255 3671 1289 ιη

2154 1297 2294 1348 omni
2331 1307 2571 1369 tempore.
2621 1303 2943 1375 Auferuutur
2974 1312 3177 1379 judicia
3228 1323 3313 1369 tua
3348 1336 3379 1371 a
3414 1327 3534 1392 [acre
3566 1342 3670 1394 epis,

2154 1387 2379 1439 omnium
2402 1390 2727 1446 inimicorum
2756 1411 2967 1451 suorum
2996 1401 3359 1460 dominabitur.
3392 1387 3523 1463 Dixit
3547 1387 3655 1468 enim

2149 1478 2202 1528 in
2225 1478 2379 1531 corde
2407 1496 2497 1534 suo
2521 1498 2537 1533 :
2559 1480 2681 1536 Non
2710 1486 2947 1542 movebar
2967 1507 2999 1542 a
3019 1497 3345 1562 generatione
3371 1501 3420 1553 in
3438 1509 3674 1571 generatio-

2151 1582 2265 1619 nem
2294 1569 2405 1622 sine
2441 1571 2599 1625 malo.
2632 1573 2793 1645 Cujus
2821 1579 3182 1637 maledictione
3218 1603 3275 1640 os
3306 1569 3497 1658 plenum
3530 1602 3608 1658 est,
3637 1607 3673 1648 et

2150 1659 2497 1713 amaritudine
2536 1671 2586 1714 et
2612 1663 2766 1729 dolo;
2797 1666 2887 1719 sub
2935 1670 3113 1740 lingua
3157 1675 3268 1745 ejus
3295 1677 3434 1735 labor
3457 1691 3501 1734 et
3536 1684 3669 1737 dolor.

469 1736 714 1792 homines
739 1738 790 1791 in
813 1754 974 1793 carne
1004 1742 1207 1808 positos
1234 1741 1453 1809 faceret,
1476 1744 1606 1798 dans
1629 1746 1707 1799 eis
1729 1754 2047 1813 potestatem
2084 1750 2125 1805 Β
2152 1743 2307 1799 Sedet
2340 1749 2395 1800 in
2424 1750 2627 1805 insidiis
2656 1771 2772 1807 cum
2812 1736 3054 1814 divitibus
3084 1764 3137 1817 in
3179 1736 3405 1835 occultis,
3432 1781 3482 1824 ut
3516 1774 3671 1845 interﬁ-

469 1830 744 1895 virtutum,
781 1838 837 1884 nt
865 1832 1026 1885 etiam
1055 1843 1294 1887 mortuos
1321 1835 1609 1889 suscitandi
1643 1838 1877 1892 traderet
1904 1847 2052 1907 pote-

469 1927 682 1982 statem,
717 1928 771 1974 et
799 1922 976 1975 omnia
1006 1923 1293 1991 subjiceret
1331 1926 1533 1979 homini
1570 1927 1829 1993 credenti,
1877 1930 1947 1982 ita
1992 1939 2049 1983 ut

469 2010 671 2064 diceret
697 2029 708 2062 :
742 2010 874 2065 Dedi
897 2011 1034 2065 vobis
1066 2022 1367 2082 potestatem
1398 2015 1636 2068 calcandi
1664 2033 1816 2085 super
1834 2035 2046 2087 serpen-

468 2109 545 2153 tes
565 2109 616 2154 et
643 2103 937 2172 scorpiones
965 2101 1114 2172 (Luc.
1148 2102 1226 2172 ιι).
1262 2104 1392 2157 Nam
1422 2090 1565 2173 quod
1593 2104 1721 2159 dicit
1748 2122 1894 2171 oves,
1927 2109 2048 2161 sim-

468 2193 631 2262 plices
655 2194 920 2259 nominat;
946 2196 1128 2259 boves,
1154 2197 1243 2263 qui
1272 2197 1515 2250 laborant
1540 2198 1638 2251 sub
1661 2198 1790 2266 jugo
1816 2200 2045 2266 Domini;

467 2299 661 2353 pecora
703 2286 896 2354 campi,
948 2286 1100 2354 plebs
1142 2286 1427 2352 laicorum;
1481 2288 1724 2343 volucres
1766 2290 1905 2354 coeli,
1939 2291 2046 2344 alta

467 2373 787 2440 cogitantes;
812 2373 983 2442 pisces
1005 2374 1187 2439 maris,
1213 2374 1473 2444 profunda
1502 2377 1778 2430 rimantes.
1806 2378 1915 2431 llos
1938 2390 2048 2432 om-

468 2480 559 2517 nes
588 2464 858 2533 subjectos
885 2465 1087 2519 habens
1111 2481 1207 2534 per
1234 2465 1539 2534 passionem
1559 2465 1756 2519 Christi
1786 2466 2042 2531 Ecclesia,

468 2552 752 2608 confitetur
778 2554 1089 2609 admirabile
1141 2570 1334 2609 nomen
1364 2554 1478 2624 ejus
1522 2557 1575 2610 in
1604 2557 1850 2612 universa
1880 2566 2041 2612 terra.

447 2642 566 2715 -lpsi
588 2647 755 2715 gloria
784 2647 834 2700 in
862 2647 1052 2703 saacula
1080 2647 1413 2701 smculorum.
1440 2647 1626 2702 Amen.

1035 2822 1345 2878 PSALMUS
1382 2823 1471 2878 IX.

608 2959 662 3013 in
705 2958 864 3013 linem
902 2975 1000 3029 pro
1039 2959 1264 3014 occultis
1301 2957 1413 3026 ﬁlii,
1445 2958 1678 3029 psalmus
1715 2959 1897 3015 David.

2150 1838 2251 1890 ciat
2293 1841 2633 1897 innocentem.
2681 1844 2829 1901 Oculi
2870 1852 2981 1920 ejus
3023 1855 3075 1907 in
3116 1874 3388 1928 pauperem
3425 1867 3668 1933 respiciam,

2152 1926 2427 1982 insidiatur
2464 1932 2516 1984 in
2570 1932 2872 1990 abscondito
2917 1943 3064 2008 quasi
3110 1943 3190 1998 leo
3226 1926 3281 1999 in
3326 1926 3545 2019 spelunca
3581 1940 3668 2006 uia.

2152 2013 2440 2072 Insidiatur
2466 2029 2523 2074 ut
2550 2026 2720 2092 rapiat
2754 2044 3046 2098 pauperem,
3088 2050 3271 2103 rapere
3305 2013 3555 2108 pauperem
3577 2044 3672 2097 dum

2149 2108 2365 2160 attrahit
2384 2127 2518 2165 eum.
2544 2112 2608 2166 In
2638 2115 2819 2186 laqueo
2847 2134 2941 2173 suo
2971 2121 3259 2178 humiliavit
3291 2144 3417 2195 eum,
3450 2131 3672 2185 inclinavit

2146 2213 2202 2250 se
2227 2207 2276 2252 et
2295 2201 2443 2254 cadet
2471 2219 2583 2256 cum
2606 2205 2898 2263 dominatus
2928 2212 3081 2281 fuerit
3101 2231 3391 2286 pauperem.
3417 2200 3548 2273 Dicit
3566 2223 3672 2275 alii»

2147 2288 2200 2340 in
2231 2290 2384 2343 corde
2409 2308 2535 2344 suo:
2570 2293 2772 2349 Oblitus
2799 2306 2873 2351 est
2898 2299 3055 2365 Deus,
3079 2308 3264 2357 avertit
3284 2309 3457 2377 faciem
3482 2328 3607 2363 suam
3625 2330 3673 2365 uc

2147 2378 2316 2432 videat
2350 2382 2403 2433 in
2432 2383 2607 2452 ﬁnem.
2647 2383 2899 2459 Exsurge,
2948 2390 3171 2447 Domine
3200 2395 3356 2459 Deus,
3386 2407 3431 2452 et
3463 2404 3673 2455 exaltetur

2146 2482 2332 2522 manus
2364 2479 2488 2537 tua,
2536 2490 2600 2527 ne
2640 2475 2957 2533 obliviscaris
2995 2499 3290 2554 pauperem.
3335 2488 3537 2560 Pr0pter
3576 2495 3674 2564 quid

2146 2558 2370 2614 irritavit
2394 2565 2584 2634 impius
2612 2565 2962 2630 Deumrdia'it
3000 2578 3137 2629 enim
3180 2580 3232 2631 in
3260 2581 3410 2635 corde
3448 2600 3548 2649 suo,
3574 2582 3671 2638 Non

2148 2653 2388 2723 requiret.
2431 2654 2586 2711 Vides
2623 2664 2865 2730 quoniam
2896 2673 2945 2717 tu
2973 2665 3207 2723 laborem
3233 2683 3283 2725 et
3309 2674 3519 2728 dolorem
3544 2679 3674 2731 consi-

2148 2744 2317 2812 deras,
2347 2754 2404 2801 ut
2430 2751 2612 2805 tradas
2638 2769 2724 2807 eos
2751 2757 2806 2809 in
2828 2773 3011 2811 manus
3039 2768 3173 2815 tuas.
3210 2763 3319 2818 Tibi
3354 2767 3595 2820 derelictus
3617 2772 3675 2820 est

2147 2851 2360 2906 pauper,
2402 2841 2634 2910 orphano
2667 2852 2720 2896 tu
2758 2848 2859 2900 eris
2914 2848 3144 2919 adjutor.
3194 2853 3408 2910 Contere
3453 2857 3675 2911 brachium

2146 2933 2432 2997 peccatoris
2457 2942 2508 2986 et
2538 2936 2770 3007 maligni,
2795 2949 3052 3008 qureretur
3077 2954 3345 3012 peccatum
3376 2949 3504 3001 illius
3529 2958 3571 3000 et
3593 2966 3675 3001 non

2145 3022 2445 3077 inveniatur.
2463 3025 2713 3082 Dominus
2737 3032 2968 3100 regnabit
2989 3035 3041 3087 in
3066 3044 3314 3092 cateruam
3336 3048 3383 3093 et
3406 3042 3455 3094 in
3475 3041 3675 3094 saeculum

536 3110 831 3181 Conﬁtcbor
854 3111 965 3175 tibi,
991 3111 1232 3176 Domine,
1254 3112 1309 3164 in
1348 3120 1455 3167 toto
1483 3112 1638 3166 corde
1670 3130 1799 3177 meo,
1824 3114 2048 3170 narrabo
2077 3107 2121 3169 C
2151 3114 2329 3167 steculi
2356 3130 2373 3167 :
2396 3112 2625 3184 peribitis
2674 3128 2848 3190 gentes
2887 3121 2950 3175 de
3005 3133 3141 3177 terra
3192 3127 3348 3181 illius.
3403 3127 3675 3181 Desiderirm

466 3203 641 3257 omnia
670 3201 930 3256 mirabilia
951 3212 1060 3257 tua.
1086 3201 1327 3258 Ltetabor
1348 3212 1398 3258 et
1422 3205 1691 3259 exsultabo
1714 3207 1767 3259 in
1790 3214 1876 3272 te;
1908 3208 2047 3277 psal-

466 3295 569 3347 lam
610 3294 808 3348 nomini
845 3302 948 3360 tuo,
995 3296 1277 3350 Altissime.
1305 3296 1369 3351 In
1400 3299 1740 3354 convertenda
1779 3301 2042 3355 inimicum

466 3403 628 3440 meum
677 3395 974 3449 retrorsum,
1023 3387 1429 3459 iuﬁrmabuntur
1465 3394 1513 3442 et
1553 3389 1789 3459 peribunt
1838 3408 1871 3443 α
1910 3392 2044 3462 facie

464 3486 569 3529 tua.
598 3474 857 3539 Quoniam
878 3478 1046 3547 fecisti
1068 3478 1327 3548 judicium
1348 3495 1513 3533 meum
1542 3489 1590 3533 et
1618 3496 1830 3534 causam
1852 3497 2040 3545 meam,

464 3567 642 3620 sedisti
668 3583 820 3638 super
837 3568 1080 3622 thronum
1100 3569 1188 3639 qui
1210 3569 1419 3639 judicas
1435 3570 1715 3640 justitiam.
1753 3567 2045 3640 Increpasti

466 3667 639 3727 qentes
672 3665 721 3711 et
747 3658 896 3725 periit
915 3659 1134 3728 .impius,
1169 3675 1355 3711 nomen
1394 3675 1569 3712 eorum
1598 3659 1777 3713 delesti
1805 3660 1860 3713 in
1889 3668 2041 3715 aeter-

466 3763 602 3807 num,
632 3754 680 3799 et
706 3747 761 3799 in
789 3746 1032 3801 sceculum
1055 3749 1250 3801 steculi.
1280 3747 1488 3803 Inimici
1509 3749 1803 3820 defecerunt
1833 3752 2045 3821 fremere

466 3853 523 3888 an
548 3836 732 3905 finem,
765 3844 814 3887 et
840 3837 1069 3889 civitates
1097 3836 1420 3891 destruxisti.
1462 3837 1629 3893 Periit
1668 3841 1915 3895 memoria
1953 3858 2043 3895 eo-

467 3940 577 3976 rum
620 3939 734 3975 cum
782 3923 973 3988 sonitu,
1004 3932 1052 3978 et
1098 3923 1354 3979 Dominus
1392 3928 1446 3980 in
1481 3936 1727 3981 aeternum
1755 3940 2039 3999 permanet.

469 4017 681 4069 Paravit
710 4016 763 4069 in
786 4015 985 4087 judicio
1015 4016 1254 4070 thronum
1284 4034 1427 4071 suum
1456 4028 1504 4071 et
1533 4020 1645 4089 ipse
1671 4020 1929 4090 judicabit
1955 4038 2043 4075 or-

467 4106 575 4159 bem
604 4114 755 4159 terra:
774 4108 827 4160 in
855 4107 1110 4176 (equitate,
1128 4106 1384 4176 judicabit
1414 4109 1630 4177 populos
1656 4111 1709 4161 in
1726 4109 1956 4179 justitia.
1978 4109 2043 4162 Et

467 4202 632 4267 [nctus
674 4205 750 4250 est
777 4196 1032 4251 Dominus
1063 4198 1313 4267 refugium
1344 4200 1575 4267 pauperi,
1606 4200 1815 4269 adjutor
1845 4201 1897 4252 in
1946 4218 2042 4271 op-

466 4286 865 4356 portunitatibus
892 4289 945 4341 in
975 4287 1325 4341 tribulatione.
1355 4288 1420 4340 Et
1443 4298 1645 4358 sperent
1676 4292 1727 4344 in
1759 4299 1808 4343 te
1835 4292 1922 4361 qui
1949 4309 2043 4345 no-

466 4386 635 4429 verunt
666 4393 849 4430 nomen
878 4384 1038 4439 tuum,
1063 4380 1304 4447 quoniam
1333 4396 1434 4431 non
1466 4379 1781 4450 dercliquisti
1809 4397 2044 4450 quieran-

2144 3220 2425 3274 pauperum
2479 3208 2737 3262 exaudivit
2792 3208 3063 3276 Dominus,
3119 3219 3536 3284 praeparationem
3583 3235 3675 3271 cor-

2143 3295 2225 3349 dis
2252 3312 2426 3351 eorum
2456 3300 2651 3353 audivit
2677 3303 2816 3355 auris
2849 3312 2953 3357 tua.
2984 3303 3236 3360 Judicare
3260 3309 3447 3380 pupillo
3478 3317 3521 3362 et
3541 3305 3676 3361 humi-

2142 3385 2201 3446 li.
2231 3397 2289 3439 ut
2330 3403 2433 3442 non
2471 3399 2699 3465 apponat
2737 3391 2873 3447 ultra
2908 3390 3252 3466 magniﬁcare
3286 3415 3343 3453 se
3377 3400 3518 3455 homo
3556 3415 3678 3469 super

2145 3486 2352 3531 terram.

2717 3569 3146 3613 COIIENTABIUU.

2215 3660 2395 3715 Nonus
2424 3662 2659 3731 psalmus
2673 3663 2832 3720 docet
2851 3667 3058 3722 occulta
3085 3666 3207 3723 Filii
3239 3670 3289 3725 in
3312 3672 3471 3727 sancti
3490 3667 3678 3742 symboli

2144 3760 2510 3816 sacramento;
2541 3754 2632 3823 qui
2674 3755 2815 3809 enim
2858 3759 3155 3827 susceperit
3205 3760 3360 3815 fidem
3391 3762 3440 3816 in
3466 3758 3680 3832 mysterio

2145 3839 2527 3907 absconditam,
2551 3842 2725 3912 primo
2743 3846 3027 3900 conﬁtetur
3050 3862 3155 3902 non
3180 3851 3403 3905 summis
3430 3849 3582 3911 labiis,
3604 3845 3677 3903 sed

2146 3930 2198 3984 in
2241 3938 2357 3984 toto
2401 3932 2562 3986 corde
2599 3948 2719 3998 suo,
2750 3940 2805 3988 et
2847 3942 3029 3989 narrat
3069 3939 3251 3993 omnia
3289 3939 3539 3994 mirabilia
3570 3935 3675 4004 ejus.

2143 4018 2260 4073 Jam
2290 4037 2395 4076 non
2427 4022 2634 4077 laetatur
2662 4025 2714 4077 in
2744 4026 2904 4080 rebus
2951 4027 3255 4084 labentibus
3288 4040 3342 4085 et
3366 4027 3583 4093 caducis,
3606 4025 3678 4079 sed

2143 4108 2273 4162 dicit
2298 4109 2524 4164 Domino
2552 4128 2565 4163 :
2596 4111 2843 4191 Lmtabor
2860 4123 2913 4169 et
2938 4118 3220 4172 exsultabo
3247 4120 3299 4173 in
3331 4128 3401 4183 te,
3425 4128 3475 4173 et
3490 4114 3678 4188 psallam

2143 4202 2348 4255 nomini
2386 4211 2498 4266 tuo,
2531 4202 2816 4266 Altissime,
2847 4208 2969 4275 quia
3008 4207 3181 4263 fecisti
3214 4209 3470 4278 judicium
3513 4218 3678 4267 meum.

2140 4289 2197 4344 id
2236 4300 2336 4354 est,
2376 4307 2475 4361 pro
2514 4308 2601 4346 me
2624 4292 2893 4361 judicasti,
2926 4304 2982 4351 et
3027 4312 3244 4352 causam
3290 4314 3458 4353 meam
3486 4293 3676 4354 obtinui:

2142 4381 2326 4437 sedisti
2354 4384 2495 4437 enim
2524 4400 2684 4453 super
2712 4386 2959 4439 thronum
2990 4396 3049 4441 ut
3068 4388 3338 4455 judicares
3379 4387 3677 4443 sententiam.

462 4477 538 4519 tes
569 4475 631 4531 te,
671 4467 902 4521 Domine.
936 4466 1159 4520 Psattite
1187 4468 1433 4533 Domino,
1465 4472 1550 4537 qui
1580 4470 1774 4523 habitat
1797 4472 1852 4524 in
1884 4471 2037 4539 Sion,
2071 4469 2113 4527 Ι)
2139 4473 2427 4543 Increpasti
2452 4475 2594 4542 quod
2624 4484 2810 4542 gentes
2839 4476 3098 4538 essemus,
3119 4485 3174 4531 et
3204 4479 3363 4547 periit
3395 4478 3573 4546 impius
3595 4472 3681 4527 dia-

464 4558 767 4610 annnntiate
787 4558 918 4610 inter
935 4543 1113 4627 gentes
1142 4557 1313 4610 studia
1341 4559 1473 4627 ejus.
1502 4556 1757 4620 Quoniam
1780 4564 2043 4631 requirens

465 4647 763 4713 sanguinem
792 4662 969 4701 eorum
1013 4647 1314 4700 recordatus
1342 4656 1439 4711 est,
1471 4666 1571 4702 non
1611 4658 1685 4703 est
1715 4650 1901 4705 oblitus
1930 4654 2040 4706 cla—

465 4748 655 4787 morem
692 4753 991 4805 pauperum.
1024 4737 1275 4791 Miserere
1300 4740 1418 4803 mei,
1449 4737 1688 4802 Domine,
1729 4740 1843 4793 vide
1869 4742 2041 4797 humi-

465 4826 661 4879 litatem
703 4844 867 4881 meam
914 4830 978 4887 de
1017 4831 1242 4883 inimicis
1282 4832 1427 4885 meis.
1464 4829 1564 4894 Qui
1612 4832 1819 4886 exaltas
1859 4850 1941 4887 me
1980 4835 2042 4889 de

465 4919 627 4986 portis
656 4920 854 4981 mortis,
878 4928 932 4970 ut
961 4923 1263 4975 annuntiem
1285 4939 1458 4976 omnes
1480 4922 1807 4977 laudationes
1832 4932 1947 4978 tuas
1985 4926 2040 4978 in

466 5009 628 5077 portis
668 5008 793 5076 ﬁlice
837 5008 986 5063 Sion.
1027 5011 1316 5067 Ersultabo
1357 5015 1411 5067 in
1451 5015 1674 5068 salutari
1723 5024 1829 5081 tuo,
1864 5018 2043 5086 inﬁxa

467 5104 583 5152 sunt
613 5105 786 5167 gentes
816 5098 869 5149 in
896 5099 1105 5151 interitu
1147 5119 1291 5173 quem
1334 5104 1581 5174 fecerunt.
1636 5103 1703 5157 In
1734 5105 1915 5177 laqueo
1943 5109 2042 5160 isto

466 5206 612 5259 quem
641 5187 1038 5252 absconderant,
1069 5194 1461 5258 comprehensus
1499 5202 1574 5247 est
1603 5212 1692 5264 pes
1721 5212 1911 5249 eorum.
1946 5196 2044 5250 Co-

468 5286 737 5348 gnoscetur
751 5275 1003 5331 Dominus
1018 5278 1215 5345 judicia
1244 5282 1531 5350 [aciens;in
1547 5285 1781 5352 operibus
1803 5304 2045 5341 manuum

466 5385 676 5421 suarum
765 5366 1160 5436 comprehensus
1212 5377 1287 5422 est
1351 5380 1607 5439 peccator.
1666 5375 2041 5430 Convertantur

466 5467 759 5527 peccatores
779 5458 830 5510 in
851 5458 1129 5527 infernum,
1149 5475 1322 5511 omnes
1352 5470 1522 5530 gentes
1544 5480 1655 5532 qua:
1675 5463 2040 5518 obliviscuntur

469 5547 651 5599 Deum.
704 5543 960 5611 Quoniam
1007 5564 1109 5601 non
1156 5549 1207 5601 in
1253 5549 1359 5617 ﬁne
1404 5548 1587 5605 oblivio
1635 5555 1731 5606 erit
1776 5557 2035 5624 pauperis,

465 5638 715 5706 patientia
755 5655 1036 5705 pauperum
1083 5656 1183 5692 non
1222 5639 1403 5707 peribit
1446 5643 1496 5694 in
1548 5642 1723 5711 ﬁnem.
1776 5643 2033 5717 Exsurge,

2142 4564 2317 4630 bolus,
2348 4581 2509 4633 quem
2538 4567 2591 4620 in
2622 4566 2778 4620 idolis
2806 4569 3130 4631 colebamus.
3164 4569 3369 4624 Nomen
3398 4576 3563 4643 autem
3591 4564 3681 4617 ido-

2144 4654 2317 4708 lorum
2339 4656 2528 4709 delesti
2565 4657 2616 4709 in
2656 4666 2911 4710 aeternum
2951 4666 3007 4712 et
3042 4659 3094 4712 in
3126 4661 3379 4714 saeculum
3416 4656 3594 4712 smculi.
3620 4651 3680 4704 lbi

2143 4744 2451 4799 defecerunt
2479 4747 2654 4812 gladio
2681 4747 2829 4800 verbi
2866 4748 2942 4799 tui
2974 4748 3025 4800 in
3056 4746 3305 4809 finem,et
3333 4749 3564 4803 civitates
3598 4741 3677 4793 de-

2144 4836 2404 4890 struxisti:
2420 4837 2618 4905 templa
2634 4852 2819 4891 eorum
2842 4838 2894 4892 in
2912 4847 3028 4893 toto
3052 4840 3182 4894 orbe
3201 4839 3327 4893 dum
3354 4838 3676 4892 destruantur.

2145 4927 2318 4981 omnis
2363 4940 2501 4995 pene
2539 4927 2728 4981 civitas
2772 4928 2824 4979 in
2868 4929 3080 4998 templis
3118 4929 3387 4983 destructa
3427 4937 3532 4989 est;
3570 4923 3681 4976 sicut

2144 5016 2286 5070 enim
2315 5014 2566 5069 Eoclesim
2593 5016 2645 5068 in
2668 5023 2783 5069 toto
2808 5018 3003 5071 mundo
3024 5019 3209 5086 positio
3237 5019 3480 5072 civitates
3498 5017 3681 5067 sancto-

2144 5124 2263 5162 rum
2296 5115 2440 5171 sunt,
2470 5108 2547 5161 sic
2590 5108 2785 5176 templa
2815 5108 2867 5160 in
2899 5116 3011 5163 toto
3049 5109 3244 5162 mundo
3277 5110 3445 5177 posita
3472 5105 3682 5161 civitates

2144 5196 2444 5250 daemonum
2470 5211 2591 5261 esse
2614 5206 2921 5250 noscuntur.
2952 5195 3118 5250 Periit
3141 5204 3317 5251 autem
3346 5192 3586 5250 memoria
3606 5202 3683 5243 eo-

2145 5301 2262 5339 rum
2291 5300 2409 5340 cum
2440 5286 2638 5346 sonitu,
2662 5286 2917 5340 Dominus
2940 5294 3118 5339 autem
3147 5286 3199 5339 in
3221 5292 3473 5339 aeternum
3495 5291 3681 5335 manens

2146 5378 2353 5445 paravit
2383 5378 2435 5430 in
2456 5378 2657 5446 judicio
2685 5377 2863 5432 sedem
2893 5394 3065 5442 suam,
3098 5376 3377 5445 ut'judicet
3408 5375 3575 5429 orbem
3600 5375 3681 5420 ter-

2141 5480 2213 5519 ra:
2240 5466 2293 5520 in
2320 5468 2588 5535 asquitate.
2618 5467 2733 5521 Non
2761 5470 3030 5537 accipiens
3054 5468 3208 5523 aliter
3232 5467 3526 5527 Dominum,
3550 5458 3680 5513 aliter

2141 5570 2385 5621 servum;
2417 5557 2508 5611 sed
2539 5566 2887 5612 contemnens
2912 5574 3168 5629 personas
3195 5558 3435 5619 divitum,
3457 5553 3608 5607 factus
3631 5559 3679 5598 es

2142 5648 2309 5715 magis
2337 5649 2600 5716 refugium
2623 5664 2934 5718 pauperum,
2968 5665 3153 5705 eorum
3181 5663 3306 5705 sane
3334 5646 3423 5715 qui
3446 5642 3676 5698 noverunt
