3866 6178
198 368 285 423 537

197 592 329 646 quos,
367 574 456 630 sed
496 590 604 629 non
647 573 991 643 derelinques
1031 578 1333 641 quierentes
1385 575 1457 633 te,
1502 565 1745 620 Domine.

198 666 232 720 Ρ
258 668 465 721 allamus
485 678 612 732 ergo
634 663 864 718 Domino
891 663 983 732 qui
1008 661 1212 716 habitat
1235 660 1287 713 in
1319 657 1469 722 Sion,
1498 656 1545 710 id
1573 663 1672 716 est,
1698 654 1749 707 in

197 758 404 812 Ecclesia
445 756 722 810 catholicis
761 753 1160 808 deﬁnitionibus
1197 751 1503 816 sublimata,
1544 749 1614 803 ibi
1657 763 1753 801 an-

198 851 470 905 nuntiemus
507 847 770 901 mirabilia
808 845 944 914 ejus.
983 844 1040 897 In
1070 859 1176 912 qua
1217 841 1496 912 requirens
1534 838 1751 906 sangui-

196 957 298 994 nezn
325 949 613 1009 martyrum
643 921 862 991 suorum
891 934 1130 1005 quotidie
1150 934 1407 987 Dominus
1426 936 1756 985 memoratur

195 1030 359 1091 nostri,
392 1043 490 1082 nec
518 1027 853 1081 obliviscitur
897 1025 1200 1078 orationem
1229 1022 1496 1092 pauperis,
1529 1018 1757 1075 dicentis

194 1122 292 1184 sibi,
314 1121 443 1174 Vile
465 1120 822 1187 humilitatem
846 1132 1020 1171 meam
1050 1115 1117 1169 de
1146 1114 1435 1169 inimicitiis
1454 1112 1755 1167 daemonum

196 1222 368 1276 natam,
393 1212 571 1265 exalta
594 1226 681 1264 me
710 1211 777 1264 de
798 1210 969 1280 portis
997 1208 1207 1273 mortis,
1233 1207 1427 1262 tollens
1454 1221 1550 1260 cor
1578 1219 1757 1258 meum

145 1316 155 1329 τ’
196 1321 219 1356 a
242 1301 679 1371 concupiscentiis
708 1301 903 1367 carnis,
930 1308 990 1355 ut
1017 1300 1328 1354 annuntiem
1358 1313 1546 1353 omnes
1573 1296 1759 1351 laudes

196 1404 294 1449 tuas
320 1395 371 1448 in
400 1394 570 1466 portis
616 1392 735 1447 ﬁli-.c
785 1392 936 1456 Sion,
971 1400 1029 1446 ut
1060 1392 1321 1446 exsultem
1362 1390 1414 1443 in
1444 1391 1616 1445 salute
1644 1398 1753 1444 tua.

174 1486 308 1563 .Nam
336 1484 507 1541 inﬁxae
535 1493 659 1541 sunt
687 1493 878 1553 gentes
906 1485 961 1538 in
1005 1484 1279 1539 interitum
1307 1498 1467 1552 quem
1496 1482 1756 1546 fecerunt,

200 1597 313 1652 opus
340 1596 591 1635 manuum
620 1595 839 1635 suarum
869 1568 1156 1632 adorantes
1177 1593 1191 1643 ;
1214 1577 1269 1631 hi
1298 1581 1679 1631 convertentur
1706 1574 1761 1628 in

199 1671 457 1737 infernum,
502 1671 627 1741 quia
673 1670 1060 1725 obliviscuntur
1088 1668 1393 1732 Dominum,
1441 1669 1528 1737 qui
1556 1678 1676 1721 ‘non
1706 1665 1759 1720 in

200 1764 337 1817 tinem
364 1762 700 1817 obliviscitur
722 1774 1034 1831 pauperem,
1065 1758 1217 1827 cujus
1238 1758 1494 1828 patientia
1526 1773 1633 1812 non
1660 1771 1759 1827 pe—

197 1853 328 1908 rierit
358 1867 524 1921 usque
552 1852 607 1906 in
635 1850 814 1905 ﬁnem.
840 1849 991 1904 Nunc
1017 1856 1173 1917 rogat
1200 1849 1417 1918 spiritus
1442 1847 1759 1917 prophetiai,

200 1952 247 1997 ut
265 1951 507 2011 exsurgat
535 1942 793 1996 Dominus
812 1951 1000 1996 contra
1027 1939 1394 1994 fortitudinem
1420 1936 1675 2002 hominis,
1706 1945 1764 1991 ut

197 2037 378 2103 judicet
404 2043 594 2104 gentes
624 2034 677 2087 in
704 2042 999 2103 conspectu
1027 2049 1144 2087 suo.
1171 2031 1346 2088 Tollat
1366 2047 1459 2086 eas
1487 2031 1555 2086 ab
1584 2030 1760 2095 idolis,

198 2136 242 2180 et
260 2135 452 2181 statuat
472 2141 567 2182 eas
593 2127 645 2179 in
676 2124 933 2180 Ecclesia.
955 2124 1260 2179 Constituat
1290 2124 1649 2193 legislatorem
1671 2140 1764 2180 su-

197 2234 281 2288 per
317 2234 433 2284 eas,
479 2225 535 2272 et
582 2217 756 2273 sciant
798 2226 984 2286 gentes
1030 2217 1154 2288 quia
1204 2216 1275 2270 dii
1321 2232 1428 2270 non
1470 2223 1594 2271 sunt
1630 2232 1766 2286 quos

196 2311 395 2374 colunt;
444 2309 541 2365 sed
588 2311 760 2364 sciant
810 2309 936 2378 quia
981 2309 1228 2363 homines
1278 2317 1422 2363 sunt.
1470 2308 1637 2375 Quid,
1680 2310 1764 2364 in—

198 2402 317 2469 quit,
345 2400 586 2465 Domine,
614 2400 880 2455 recessisti
909 2400 1084 2467 longe,
1114 2400 1182 2453 ita
1209 2410 1268 2453 ut
1288 2399 1553 2468 despicias
1576 2415 1768 2469 oppor-

199 2492 436 2543 tunitates
458 2491 510 2544 in
536 2489 979 2544 tribulatione?lu
1007 2504 1115 2558 quo
1135 2489 1259 2543 dum
1285 2489 1527 2558 superbit
1552 2488 1764 2559 impius,

198 2581 481 2636 incenditur
502 2596 723 2652 pauper.
750 2581 805 2634 ln
832 2596 1154 2651 quocunque
1178 2582 1319 2635 enim
1339 2580 1540 2650 judicio
1566 2597 1769 2653 pauper

198 2681 245 2725 et
274 2671 417 2726 dives
446 2672 681 2737 auditur,
710 2671 873 2726 divite
900 2672 1261 2742 superbiente,
1291 2688 1497 2742 pauper
1524 2674 1767 2729 incendi-

198 2770 291 2819 tur.
315 2763 506 2818 Omnes
527 2764 672 2818 enim
703 2766 875 2836 ipsum
906 2772 1154 2831 arguunt,
1179 2764 1325 2817 illum
1349 2772 1528 2818 autem
1549 2764 1771 2821 laudant

198 2854 348 2907 etiam
372 2864 713 2923 peccatorem
744 2854 795 2907 in
822 2853 1101 2907 desideriis
1122 2854 1313 2907 anima:
1340 2870 1466 2919 suae,
1486 2855 1647 2909 etiam
1678 2856 1773 2909 ini-

198 2957 292 3011 qua
333 2951 577 3011 agentem
616 2943 956 2998 benedicunt.
1006 2942 1103 2997 llic
1142 2952 1224 2997 est
1262 2952 1512 3013 peccator
1556 2944 1772 3000 irritans

198 3033 486 3090 Dominum.
520 3034 656 3091 Cum
682 3038 823 3091 enim
852 3052 958 3091 non
989 3036 1163 3091 solum
1195 3052 1301 3090 non
1330 3038 1568 3105 arguitur
1589 3037 1772 3106 iniqua

199 3138 369 3192 agens,
399 3126 493 3180 sed
516 3127 677 3181 etiam
707 3126 1059 3190 benedicitur,
1086 3127 1131 3179 si
1159 3126 1304 3195 quod
1332 3135 1510 3180 autem
1540 3127 1773 3183 interro-

208 3222 357 3277 gaius
385 3213 575 3278 fuerit,
622 3213 917 3267 secundum
959 3212 1358 3266 multitudinem
1401 3210 1493 3266 ira:
1519 3228 1630 3267 sua:
1657 3227 1767 3266 non
1804 3201 1844 3261 C

206 3306 531 3371 quaeritﬁon
545 3316 626 3359 est
638 3305 777 3359 Deus
796 3312 919 3358 ante
931 3304 1117 3358 oculos
1129 3303 1268 3371 ejus,
1287 3303 1544 3371 polluitur
1558 3305 1637 3357 via
1652 3305 1770 3374 ejus

205 3396 256 3451 in
271 3400 414 3451 Omni
434 3408 693 3466 tempore.
709 3390 1029 3451 Judiciitua
1048 3410 1078 3447 a
1097 3394 1234 3448 facie
1245 3394 1362 3463 ejus
1385 3395 1701 3459 abscedunt,
1719 3404 1772 3449 et

198 3485 265 3540 ita
290 3487 541 3542 omnibus
572 3481 798 3541 inimicis
827 3487 937 3541 suis
956 3486 1280 3552 dominatur,
1303 3494 1358 3541 ut
1381 3489 1524 3542 dicat
1545 3489 1596 3542 in
1615 3489 1778 3545 corde

199 3592 308 3638 suo,
339 3578 453 3633 Non
494 3579 756 3633 movebar
784 3579 838 3632 iu
874 3578 1228 3648 generatione
1256 3580 1371 3635 sine
1399 3580 1542 3636 malo
1575 3599 1587 3632 :
1624 3581 1778 3649 hujus

198 3686 254 3722 es
276 3672 743 3726 maledictionibus
763 3672 999 3742 plenum,
1019 3672 1256 3741 nihilque
1276 3672 1528 3727 blandum
1552 3674 1773 3727 habens.

189 3762 380 3817 Contra
417 3777 711 3832 pauperem
742 3762 796 3816 in
835 3762 1013 3831 lingua
1057 3762 1174 3830 ejus
1211 3762 1365 3817 labor
1397 3772 1499 3829 est,
1538 3764 1689 3818 sedet
1724 3764 1777 3818 in

197 3852 397 3908 insidiis
415 3869 535 3908 cum
557 3853 814 3909 divitibus
835 3854 973 3919 aliis,
998 3854 1065 3908 ad
1086 3854 1217 3908 nihil
1239 3855 1382 3908 aliud
1405 3855 1508 3909 nisi
1539 3864 1595 3909 ut
1615 3856 1780 3911 inter-

198 3940 336 3996 ﬁciat
363 3945 705 3999 innocentem
737 3963 749 3997 :
778 3946 883 3999 hoc
911 3960 1040 4000 sane
1068 3945 1193 4013 quia
1221 3945 1412 4013 divites
1434 3946 1487 4000 in
1516 3961 1615 4001 suo
1644 3962 1778 4001 con-

194 4031 312 4085 silio
342 4032 559 4099 faciunt,
591 4042 650 4089 ut
678 4035 731 4088 in
759 4034 951 4103 laqueo
980 4050 1077 4090 suo
1106 4035 1322 4105 capiant
1350 4036 1694 4101 innocentes;
1725 4044 1781 4091 et

198 4119 316 4174 ideo
348 4122 550 4192 jugiter
593 4124 931 4180 clamandum
961 4132 1065 4191 est,
1110 4124 1383 4195 Exsurge,
1435 4128 1680 4191 Domine,
1723 4137 1778 4183 et

196 4212 460 4269 exaltetur
488 4231 679 4271 manus
700 4224 813 4281 tua,
852 4232 921 4271 ne
950 4216 1285 4275 obliviscaris
1314 4234 1604 4289 pauperem
1633 4221 1685 4275 in
1718 4220 1780 4272 li-

194 4318 341 4371 nem;
372 4316 428 4361 ut
455 4307 580 4377 quid
630 4308 861 4362 irritavit
889 4310 1084 4379 impius
1122 4310 1442 4364 Dominum?
1465 4312 1602 4366 dixit
1636 4313 1780 4367 enim

192 4394 240 4448 in
271 4397 438 4452 corde
458 4414 557 4452 suo
584 4416 595 4450 :
623 4398 738 4453 Non
763 4401 1002 4470 requiret
1021 4401 1179 4455 Deus.
1207 4400 1299 4455 Ille
1328 4410 1506 4455 autem
1534 4403 1777 4472 requirit,

194 4494 243 4536 ea
266 4487 577 4549 considerat
607 4488 807 4553 omnia,
840 4488 936 4543 sed
974 4490 1242 4558 patienter
1279 4504 1441 4558 agens
1484 4499 1779 4561 exspectat,

1127 358 1597 418 COMMENTARII
1636 356 1702 412 ΙΝ
1741 354 2069 411 PSALMOS.
2113 354 2301 411 P‘SAL.
2347 352 2431 408 Χῐ.

198 498 367 539 nomen
396 489 562 535 tuum.
586 479 705 536 Non
734 480 879 535 enim
905 494 1094 535 omnes
1115 482 1380 548 pauperes
1404 490 1508 529 non
1530 472 1755 528 derelin-
1782 479 1828 531 Α

3334 341 3441 395 538

2432 465 2744 523 PSALMUS
2799 464 2864 518 Χ.

2271 585 2327 638 In
2366 584 2524 637 linem
2562 581 2800 652 psalmus
2838 578 3022 633 David.

1931 717 1993 771 In
2038 717 2262 771 Domino
2293 717 2517 786 conﬁdo,
2544 714 2801 785 quomodo
2831 714 3010 767 dicitis
3045 714 3238 766 animae
3277 729 3403 765 mea-
3426 727 3445 763 :

1860 809 2217 878 Transmigra'
2246 809 2299 861 in
2347 815 2571 861 montem
2617 808 2750 860 sicut
2790 808 3004 883 passer?
3030 801 3283 867 Quoniam
3333 820 3449 855 ecce

1856 910 2147 968 peccatores
2176 898 2508 951 intenderunt
2535 913 2729 959 arcum,
2756 904 3066 967 parauerunt
3090 896 3305 964 sagittas
3326 911 3446 947 suas

1855 992 1909 1043 in
1931 991 2195 1060 pharetra,
2229 997 2284 1042 ut
2312 991 2557 1060 sagittent
2597 989 2650 1039 in
2680 987 2897 1040 obscuro
2919 994 3082 1039 rectos
3104 986 3273 1040 corde.
3310 984 3449 1049 Quo-

1860 1083 2001 1135 niam
2029 1096 2144 1152 qua:
2170 1081 2431 1152 perfecisti
2471 1079 2868 1142 destruxerunt;
2892 1079 3063 1149 justus
3103 1086 3275 1129 autem
3328 1076 3450 1148 quid

1860 1174 2015 1244 fecit?
2048 1172 2305 1227 Dominus
2330 1174 2381 1226 in
2418 1171 2603 1242 templo
2625 1179 2804 1224 sancto
2833 1187 2943 1239 suo,
2976 1169 3221 1223 Dominus
3246 1172 3296 1222 in
3326 1171 3450 1223 cocto

1858 1264 2003 1317 sedes
2032 1264 2161 1333 ejus.
2183 1261 2333 1316 Oculi
2354 1263 2466 1332 ejus
2487 1263 2538 1314 in
2568 1277 2842 1331 pauperem
2871 1261 3170 1331 respiciunt,
3193 1257 3452 1328 palpebra:

1860 1355 1971 1425 ejus
2010 1356 2335 1424 interrogant
2374 1353 2512 1422 ﬁlios
2547 1352 2831 1405 hominum.
2873 1349 3126 1403 Dominus
3164 1352 3452 1421 interrogat

1854 1446 2051 1515 justum
2082 1452 2129 1497 et
2167 1445 2401 1513 impium,
2433 1444 2520 1514 qui
2562 1451 2732 1496 autem
2772 1442 2944 1512 diligit
2968 1442 3310 1514 iniquitatem.
3342 1440 3452 1495 odit

1862 1537 2090 1590 animum
2123 1552 2289 1589 suam.
2330 1534 2477 1588 Pluit
2507 1551 2659 1605 super
2687 1540 2979 1604 peccatores
3017 1532 3253 1603 laqueos;
3292 1533 3449 1602 ignis,

1861 1627 2169 1697 sulplmr,et
2212 1628 2423 1697 spiritus
2472 1626 2815 1695 procellarum
2858 1641 2984 1695 pars
3030 1622 3208 1676 calicis
3253 1638 3449 1676 eorum.

1866 1713 2122 1780 Quoniam
2156 1717 2330 1787 justus
2369 1715 2645 1781 Dominus,
2669 1722 2720 1769 et
2742 1714 2980 1784 justitias
3009 1712 3197 1766 dilexit
3208 1714 3454 1783 nequitu-

1793 1832 1839 1890 Β
1867 1816 1966 1860 tem
1994 1806 2119 1859 vidit
2148 1807 2312 1860 vultus
2336 1806 2466 1875 ejus.

2439 1912 2877 1952 COMMENTARIUM.

1941 2035 2121 2089 Potuit
2149 2034 2255 2089 dici
2284 2033 2351 2089 ad
2380 2034 2568 2097 David,
2591 2041 2651 2088 ut
2678 2033 2732 2086 in
2765 2032 2982 2087 modum
3002 2032 3236 2102 passeris
3259 2031 3454 2085 montis

1868 2126 2251 2183 inaccessibilis
2280 2125 2541 2179 latebram
2568 2131 2832 2192 quzereret
2863 2130 3109 2192 tempore
3130 2138 3239 2191 quo
3262 2137 3456 2192 pecca-

1868 2223 2016 2271 tores
2034 2223 2222 2270 contra
2244 2231 2367 2270 eum
2390 2214 2683 2268 tendebant
2709 2229 2884 2276 arcus,
2903 2213 3017 2267 sive
3043 2212 3192 2277 Saul,
3224 2213 3336 2268 sive
3358 2213 3457 2268 Ab<

1867 2307 2018 2362 salon
2037 2350 2052 2375 ,
2070 2307 2184 2365 sive
2213 2305 2630 2361 innumerabiles
2659 2305 2878 2360 inimici.
2914 2304 3021 2359 Sed
3050 2305 3167 2359 haec
3196 2314 3251 2360 et
3276 2305 3344 2360 ad
3368 2322 3457 2360 nec
3508 2309 3514 2315 ’

1868 2405 2035 2453 stram
2084 2396 2493 2453 aediﬁcationem
2541 2398 2818 2452 trahentes
2847 2437 2863 2463 ,
2915 2396 3197 2452 audiamus
3234 2399 3456 2454 consilia

1870 2496 2210 2553 sanctorum;
2261 2496 2316 2543 et
2356 2504 2612 2544 ascensus
2656 2488 2710 2542 in
2752 2488 2917 2544 corde
2958 2496 3143 2544 nostro
3172 2496 3456 2558 ponentes,

1872 2582 2161 2648 migremus
2206 2579 2262 2634 in
2308 2587 2549 2636 montem
2598 2594 2629 2632 a
2673 2579 2915 2634 convalle
2942 2578 3117 2641 ﬂetus,
3159 2594 3228 2633 ne
3266 2574 3364 2634 nos
3405 2579 3458 2634 in

1872 2669 2160 2739 campestri
2190 2669 2309 2725 loco
2338 2677 2553 2739 apertos
2581 2669 2854 2725 inveniant
2878 2670 2972 2740 qui
3008 2676 3334 2739 paraverunt
3370 2686 3459 2724 sa-

1872 2761 2033 2828 gittas
2054 2776 2178 2818 suas
2207 2762 2259 2815 in
2286 2760 2539 2831 pharetra
2569 2769 2629 2816 ut
2652 2761 2907 2830 sagittent
2945 2761 2996 2815 in
3026 2761 3256 2817 obscuro
3286 2768 3460 2816 rectos

1874 2852 2057 2908 corde.
2087 2851 2385 2908 Obscurum
2426 2853 2514 2908 hic
2556 2870 2654 2924 pro
2693 2854 2906 2909 occulto
2942 2855 3141 2925 posuit.
3171 2854 3239 2908 Hi
3283 2862 3461 2909 autem

1874 2946 1963 3014 qui
1994 2945 2275 2999 destruunt
2315 2961 2434 3016 quae
2462 2944 2687 3015 perfecit
2718 2946 2992 3010 Dominus,
3024 2946 3079 3001 hi
3111 2954 3237 3001 sunt
3262 2947 3353 3018 qui
3377 2963 3463 3001 sa-

1875 3037 2072 3103 gittare
2094 3036 2312 3090 student
2339 3043 2517 3091 rectos
2545 3036 2731 3091 corde.
2753 3035 2819 3091 Et
2844 3051 2944 3090 nos
2971 3052 3071 3106 pro
3100 3037 3334 3107 peccatis
3363 3037 3463 3091 ista

1875 3127 2169 3196 patiamur:
2193 3127 2284 3196 qui
2306 3128 2484 3196 justus
2525 3134 2609 3182 est
2653 3142 2821 3196 quare
2865 3125 3137 3196 afﬂigitur,
3177 3127 3265 3198 qui
3289 3128 3464 3198 justus

1878 3225 1979 3281 est,
2028 3232 2196 3285 quare
2230 3217 2502 3284 fatigatur,
2553 3232 2719 3287 quare
2755 3219 3097 3287 percutitur?
3143 3218 3282 3284 Quid
3320 3219 3461 3272 enim

1877 3307 2002 3360 mali
2044 3306 2202 3361 fecit?
2230 3307 2413 3375 Agnus
2454 3309 2827 3363 immaculatus
2857 3308 3115 3363 Dominus
3154 3317 3257 3369 est.
3302 3325 3461 3378 quem

1880 3413 1974 3451 vos
1994 3403 2246 3467 putantes
2262 3396 2689 3468 qualemcunque
2705 3399 2995 3467 hominem,
3011 3398 3246 3455 hominis
3257 3399 3472 3454 arbitrio

1878 3486 2188 3541 tradidistis.
2227 3486 2345 3557 Ipse
2374 3495 2555 3542 autem
2585 3488 2638 3543 in
2667 3488 2872 3559 templo
2911 3495 3101 3543 sancto
3130 3504 3248 3552 suo,
3278 3489 3329 3542 id
3359 3498 3461 3554 est,

1880 3580 2020 3636 Deus
2040 3590 2115 3636 est
2136 3583 2189 3634 in
2218 3580 2422 3636 Clu-isto
2442 3582 2691 3637 mundum
2711 3582 2999 3639 concilians
3023 3580 3121 3635 sibi
3145 3580 3209 3652 (ll
3240 3578 3361 3635 Cor.
3387 3584 3462 3650 v).

1879 3671 1938 3725 ln
1968 3672 2085 3742 ipso
2131 3673 2332 3743 templo
2361 3681 2551 3729 sancto
2579 3682 2663 3728 est
2690 3673 2834 3743 quod
2871 3673 2938 3728 de
2979 3674 3320 3729 immaculata
3349 3673 3469 3729 Vir—

1880 3763 2005 3832 gine
2033 3764 2350 3833 suscipiens,
2374 3764 2528 3819 sedet
2556 3764 2609 3818 in
2631 3764 2781 3820 cmlis
2808 3757 2877 3819 ad
2903 3750 3179 3819 dexteram
3202 3763 3393 3830 Patris,
3417 3773 3472 3818 et

1880 3864 1965 3909 est
1993 3854 2047 3908 in
2067 3855 2205 3910 caelo
2221 3855 2377 3910 sedes
2406 3854 2539 3924 ejus.
2572 3854 2724 3911 Oculi
2752 3856 2867 3925 ejus
2900 3855 2952 3909 in
2981 3870 3275 3925 pauperem
3305 3855 3473 3924 reSpi-

1881 3948 2049 4011 ciunt,
2084 3958 2141 4001 ut
2170 3948 2465 4017 interroget
2488 3947 2691 4017 justum
2721 3955 2775 4003 et
2800 3948 3040 4018 impium,
3072 3956 3127 4002 et
3154 3948 3397 4019 quamvis
3420 3948 3472 4001 in

1883 4036 1988 4091 isto
2025 4038 2221 4092 saeculo
2262 4038 2489 4107 gloriam
2530 4038 2633 4093 sibi
2660 4038 2934 4093 vindicent
2969 4046 3301 4107 peccatores,
3346 4037 3473 4091 dum

1884 4129 2109 4198 cmperit
2146 4128 2406 4198 judicium
2451 4131 2679 4199 agitari,
2710 4131 2984 4185 habebunt
3030 4131 3191 4184 talem
3239 4130 3473 4200 pluviam

1884 4232 2048 4291 super
2074 4237 2151 4286 se,
2184 4221 2399 4290 qualem
2446 4220 2894 4292 Psalmographus
2924 4230 3207 4287 memorat,
3254 4222 3392 4291 ignis
3420 4230 3475 4277 et

1885 4311 2152 4381 sulphuris
2206 4319 2260 4366 et
2305 4311 2524 4382 spiritus
2562 4312 2916 4383 tempestatis.
2947 4310 3132 4367 Justus
3181 4314 3285 4367 erit
3330 4313 3474 4368 enim

1888 4402 2145 4458 Dominus
2173 4410 2301 4458 tunc
2338 4403 2429 4472 qui
2468 4419 2611 4458 nunc
2653 4403 2771 4474 pius
2823 4411 2925 4467 est,
2958 4410 3014 4457 et
3057 4403 3366 4473 mquitatem
3396 4404 3476 4457 vi-

1886 4494 2053 4561 debit,
2085 4496 2178 4564 qui
2216 4511 2360 4552 nunc
2398 4495 2731 4565 iniquitatem
2770 4494 3180 4553 attendinPost
3215 4495 3472 4566 judicium

191 4585 244 4630 ut
268 4579 450 4635 tradat
476 4595 570 4634 eos
596 4581 649 4634 in
672 4597 863 4636 manus
889 4597 1032 4647 suas,
1056 4591 1111 4636 et
1142 4582 1293 4636 tollat
1321 4599 1415 4638 eos
1442 4583 1508 4639 de
1537 4584 1780 4639 manibus
1810 4566 1857 4626 ί)
1885 4587 2028 4641 enim
2058 4586 2175 4655 ejus
2205 4604 2311 4642 non
2335 4588 2436 4643 erit
2461 4596 2743 4657 peccatum
2769 4603 2870 4642 nec
2892 4588 3236 4657 possibilitas,
3263 4603 3363 4643 nec
3381 4604 3476 4643 vo-

190 4668 516 4724 daemonum.
564 4671 669 4740 Ipsi
717 4673 859 4725 enim
905 4672 1192 4726 derelictus
1232 4680 1314 4726 est
1358 4688 1593 4742 pauper;
1620 4688 1780 4741 quem

190 4760 335 4815 enim
366 4778 557 4818 omnes
585 4762 905 4833 despiciunt,
934 4764 1046 4819 Deo
1065 4779 1188 4818 eum
1220 4765 1335 4818 sine
1359 4764 1522 4819 dubio
1552 4765 1783 4819 derelin-

189 4860 383 4916 quunt,
416 4861 472 4906 et
510 4853 755 4923 orpliano
792 4860 1002 4923 patrem
1044 4870 1151 4908 non
1188 4855 1406 4909 habenti
1447 4856 1559 4924 ipse
1600 4856 1783 4909 existit

189 4941 429 5009 adjutor.
469 4944 768 4999 Conterens
797 4944 1074 4999 brachium
1104 4944 1303 4999 diaboli
1331 4945 1422 5013 qui
1464 4960 1560 5015 per
1588 4943 1781 4999 Phari-

188 5044 325 5085 seos
350 5034 603 5102 quaesivit
632 5042 912 5103 peccatum
942 5035 1179 5105 aliquod,
1220 5036 1361 5091 unde
1389 5044 1638 5104 argueret
1675 5037 1782 5092 Do-

186 5122 421 5189 minum,
463 5132 518 5180 et
559 5142 668 5181 non
716 5127 939 5183 invenit.
981 5127 1237 5183 Dominus
1276 5135 1455 5184 autem
1494 5138 1683 5199 regnat
1731 5131 1785 5184 in

185 5214 383 5266 secula
414 5215 753 5280 seculorum,
781 5225 837 5271 et
864 5217 1115 5287 peribunt
1141 5226 1328 5286 gentes
1354 5218 1421 5274 de
1454 5226 1600 5277 terra
1644 5219 1778 5289 ejus.

188 5298 528 5359 Desiderium
573 5307 717 5360 enim
756 5321 1054 5377 pauperum
1090 5309 1363 5369 exaudivit
1412 5311 1685 5377 Dominus,
1727 5320 1782 5366 et

187 5395 459 5450 desideria
486 5397 663 5451 cordis
692 5412 880 5451 eorum
910 5399 1184 5453 exaudivit
1212 5400 1355 5454 auris
1384 5399 1517 5468 ejus,
1548 5408 1606 5455 ut
1638 5401 1783 5471 judi-

183 5496 337 5541 cetur
385 5487 445 5540 in
488 5486 727 5542 Ecclesia
755 5487 874 5557 ejus
919 5490 1124 5559 pupillo
1153 5497 1208 5545 et
1254 5490 1459 5555 humili,
1490 5498 1545 5545 et
1573 5498 1633 5548 ut
1673 5508 1783 5547 non

180 5586 431 5647 apponat
460 5576 617 5633 homo
644 5579 782 5632 ultra
811 5580 1154 5648 magniﬁcare
1182 5595 1242 5635 se
1262 5596 1423 5650 super
1449 5587 1667 5647 terram,
1682 5598 1785 5652 per

179 5668 358 5739 ipsum
406 5668 692 5724 Dominum
719 5669 903 5726 Jesum
932 5670 1223 5739 Christum,
1264 5673 1356 5742 qui
1384 5681 1572 5741 regnat
1603 5674 1654 5729 in
1686 5689 1783 5729 sae-

180 5762 297 5815 cula
330 5760 676 5815 saeculorum.
715 5761 908 5817 Amen.
1318 5746 1319 5749 η

1886 4676 2076 4732 luntas.
2092 4676 2609 4750 Gloriaaiterna,qui
2630 4688 2817 4748 regnat
2838 4679 2890 4733 in
2918 4678 3110 4735 saecula
3132 4680 3472 4735 smeulorum.

1889 4770 2076 4823 Amen.

2463 4844 2779 4937 PSALMDS
2807 4881 2896 4939 x1.

2137 4994 2195 5048 In
2234 4994 2392 5049 ﬁnem
2423 4994 2660 5064 psalmus
2688 4995 2855 5050 David
2881 5011 2982 5065 pro
3011 4974 3220 5052 octava.

1960 5126 2172 5179 Salvum
2206 5143 2285 5180 me
2314 5128 2418 5197 fac,
2460 5124 2714 5196 Domine,
2746 5129 2991 5199 quoniam
3019 5128 3205 5201 defecit
3245 5139 3477 5195 sanctus,

1889 5218 2129 5289 quoniam
2178 5217 2444 5273 diminuta:
2491 5228 2610 5272 sunt
2654 5221 2892 5274 veritates
2940 5237 2971 5273 a
3013 5221 3139 5292 [iliis
3193 5220 3474 5274 hominum.

1898 5308 2047 5361 Vana
2076 5307 2229 5362 loculi
2256 5318 2381 5361 sunt
2408 5311 2750 5382 unusquisque
2779 5312 2848 5365 ad
2875 5312 3165 5382 proximum
3200 5327 3365 5375 suum,
3394 5315 3479 5364 ta-

1893 5401 1976 5454 bia
2006 5401 2184 5455 dolosa
2210 5402 2266 5454 in
2295 5401 2449 5455 corde
2468 5411 2518 5455 et
2546 5403 2698 5456 corde
2718 5403 2873 5457 locuti
2901 5410 3035 5458 sunt.
3071 5400 3347 5470 Disperdat
3376 5399 3477 5454 Do-

1888 5493 2057 5545 minus
2077 5494 2315 5546 universa
2345 5492 2483 5547 labia
2505 5492 2713 5558 dolosa,
2744 5505 2793 5547 et
2813 5492 3039 5563 linguam
3066 5490 3471 5561 magniloquant.

1890 5580 1988 5647 Qui
2020 5583 2293 5637 dixerunt:
2318 5582 2573 5655 Linguam
2601 5594 2830 5639 nostram
2847 5580 3313 5652 magniﬁcabimus,
3339 5581 3480 5635 labia

1886 5686 2063 5728 nostra
2093 5694 2122 5729 a
2154 5675 2294 5730 nobis
2323 5686 2460 5741 sunt,
2498 5679 2611 5748 quis
2640 5686 2812 5729 noster
2840 5673 3096 5728 Dominus
3117 5683 3194 5729 est
3215 5675 3239 5727 ξ)
3261 5674 3482 5746 Propter

1887 5769 2142 5820 miseriam
2176 5771 2384 5839 inopum
2418 5778 2466 5823 et
2504 5770 2741 5839 gemitum
2784 5782 3100 5837 pauperum,
3134 5783 3271 5821 nunc
3294 5785 3469 5826 exsur-
