3936 6176
429 346 532 402 339

1683 335 1953 395 ARNOBll
1990 332 2294 390 JUNIORIS

3598 333 3699 390 540

433 464 705 537 gum,dicit
742 461 1014 517 Dominus.
1078 461 1278 515 Ponant
1326 462 1380 513 in
1424 458 1673 521 salutari;
1703 453 2018 527 [iducialiter
2049 458 2093 511 Α
2125 461 2180 505 ut
2218 452 2505 521 respiciat,
2557 458 2614 504 ut
2662 450 2950 515 exaudiat,
3005 460 3064 506 ut
3109 450 3376 507 illuminet
3408 452 3592 508 oculos
3615 455 3704 524 qni

429 570 587 627 agam
606 553 659 607 in
687 570 766 607 eo.
808 551 1027 625 Eloquia
1063 550 1275 605 Domini
1312 550 1515 621 eloquia
1543 558 1716 610 casta,
1747 553 2018 618 argentum

429 650 550 719 igne
593 647 942 701 examinatum
966 685 980 711 ,
1021 644 1293 715 probatum
1337 651 1505 707 terrae,
1538 648 1816 712 purgatum
1843 646 2019 708 septu—

429 741 590 810 plum.
645 736 721 791 Tu
743 777 759 803 ,
790 735 1045 803 Domine,
1074 734 1299 793 servabis
1347 752 1473 800 nos,
1500 743 1548 788 et
1576 731 1835 788 custodies
1863 745 1957 786 nos
1985 746 2019 783 a

429 831 761 900 generatione
786 830 884 883 hac
920 830 975 885 in
1003 838 1274 884 internum.
1317 826 1385 883 In
1423 827 1637 881 circuitu
1667 824 1813 895 impii
1839 822 2022 876 ambu«

430 922 558 986 lant,
608 921 891 976 secundum
938 920 1266 976 altitudinem
1305 929 1448 975 tuam
1485 916 1839 987 multiplicasti
1880 915 2019 985 ﬁlios

429 1012 715 1065 hondnunu

998 1095 1434 1136 (ΞΟΗΜΕΝΤΑΕΙΙᾺΙ.

500 1199 631 1252 item
660 1198 972 1253 undecimus
1020 1197 1256 1267 psalmus
1301 1210 1401 1267 pro
1444 1202 1667 1260 octava,
1699 1192 1753 1248 id
1783 1200 1884 1258 est,
1921 1206 2020 1262 pro

432 1290 708 1345 linininica
746 1289 836 1345 die
883 1288 1119 1360 ponitur.
1174 1287 1391 1344 Salvum
1438 1301 1528 1341 me
1564 1284 1666 1351 fac,
1693 1284 1938 1349 Domine,
1968 1281 2022 1337 id

429 1389 531 1443 est,
563 1393 794 1449 exsurge
821 1394 853 1434 a
881 1378 1391 1448 mortuis,quoniam
1419 1375 1618 1433 defecit
1641 1384 1888 1440 sanctus,
1921 1372 2019 1429 de~

428 1473 558 1527 fecit
584 1471 814 1529 credens
832 1472 887 1527 in
917 1479 989 1537 te,
1022 1479 1078 1526 et
1102 1470 1377 1529 diminuta:
1405 1476 1531 1526 sunt
1557 1468 1815 1525 veritates
1842 1482 1873 1521 a
1899 1464 2021 1520 liliis

426 1562 725 1618 hominum.
769 1562 909 1619 Ecce
935 1562 1099 1617 etiam
1126 1560 1438 1617 custodibus
1476 1559 1719 1630 corporis
1751 1558 1828 1613 tui
1857 1572 2020 1628 pecu-

428 1655 546 1711 nias
574 1653 807 1710 ollerunt
830 1654 1071 1710 dicentes
1096 1672 1109 1707 :
1148 1653 1321 1708 Dicite
1346 1670 1463 1708 eum
1486 1654 1715 1725 [uratum
1734 1668 1766 1704 a
1786 1650 2019 1721 discipu-

428 1748 492 1800 lis
516 1744 730 1817 (Matth.
762 1746 971 1816 xxviii),
1004 1745 1099 1800 sed
1120 1745 1233 1800 haec
1253 1744 1514 1809 dicentes,
1544 1742 1806 1813 disperdit
1832 1739 2018 1796 Domi-

429 1851 531 1891 nus
559 1836 698 1891 labia
725 1835 914 1893 dolosa
943 1843 999 1892 et
1018 1835 1252 1904 linguam
1281 1835 1648 1904 maliloquam.
1689 1831 1792 1899 Qui
1812 1831 2017 1898 dicunt,
2054 1822 2093 1881 Β

431 1925 690 1994 Linguam
737 1933 978 1980 nostram
1019 1923 1515 1993 magniticabimus,
1568 1922 1709 1978 labia
1757 1930 1941 1977 nostra
1987 1936 2019 1979 ει

431 2017 585 2071 nobis
627 2025 771 2071 sunt.
825 2016 881 2069 ld
928 2025 1047 2082 est,
1082 2032 1181 2071 nos
1220 2015 1563 2072 suadebimus
1609 2030 1733 2070 eum
1761 2012 2014 2077 furatum,

430 2122 528 2161 nos
561 2106 702 2161 inter
728 2122 828 2162 nos
856 2107 957 2163 ista
997 2121 1401 2176 componemus.
1458 2104 1575 2159 1am
1604 2105 1746 2160 enim
1772 2104 2021 2159 dixerant

429 2199 494 2253 ile
522 2214 589 2254 eo
616 2214 740 2254 cum
767 2198 1026 2254 vidissent
1049 2200 1307 2269 scriptum
1330 2197 1444 2252 Rea:
1464 2196 1767 2252 Judceorum
1790 2230 1805 2254 ,
1831 2191 1906 2251 illi
1932 2193 2017 2251 di-

431 2299 639 2355 xerant,
665 2290 796 2358 Quis
828 2299 1015 2347 noster
1036 2290 1294 2347 Dominus
1321 2290 1442 2345 est?
1470 2287 1585 2345 Nos
1613 2287 1879 2343 dominum
1898 2285 2016 2342 Cte-

427 2402 596 2439 sarem
636 2384 878 2440 habemus
928 2382 1106 2454 (Joan.
1151 2385 1295 2455 xxx),
1344 2381 1439 2437 sed
1485 2388 1709 2452 propter
1745 2378 2017 2436 miseriam

427 2478 648 2548 inopum
674 2492 774 2547 pro
798 2476 992 2547 quibus
1012 2490 1202 2547 passus
1222 2491 1362 2541 sum,
1393 2490 1536 2531 nunc
1555 2486 1859 2542 exsurgam,
1886 2473 2017 2528 dicit

430 2568 705 2623 Dominus.
746 2566 816 2623 Et
843 2582 1041 2637 ponam
1063 2568 1117 2621 in
1147 2567 1381 2622 salutare
1401 2581 1676 2622 meum,ac
1700 2565 2019 2621 ﬁducialiter

430 2672 587 2726 agam
610 2659 664 2713 in
692 2673 780 2715 eo.
823 2658 1186 2726 Fiducialiter,
1215 2658 1268 2713 id
1295 2665 1400 2723 est,
1420 2656 1777 2728 passibilitate
1802 2672 2013 2724 carens,

430 2749 561 2805 nulli
606 2750 785 2805 timori
826 2750 1199 2806 succumbens.
1242 2749 1324 2804 Ad
1366 2749 1483 2805 haec
1519 2748 1747 2805 credens
1773 2747 2015 2805 Ecclesia

428 2842 482 2895 in
510 2841 771 2912 apostolis
810 2848 992 2897 cantat
1022 2841 1236 2911 eloquia
1264 2840 1495 2899 Domini.
1546 2839 1628 2895 Ita
1653 2847 1782 2896 sunt
1806 2856 1934 2895 vera
1963 2846 2019 2895 et

428 2941 574 2989 easta
622 2940 682 2987 nt
726 2942 1004 3004 argentum
1034 2935 1156 3004 igne
1195 2943 1479 3004 purgatum
1499 2949 1599 3004 pro
1626 2933 1893 3004 septuplo.
1936 2931 2016 2987 Tu

428 3039 578 3094 ergo,
610 3023 870 3091 Domine,
911 3025 1037 3095 quia
1084 3025 1215 3080 mihi
1260 3024 1537 3091 dixerunt,l
1572 3022 1688 3079 Non
1725 3030 1808 3079 est
1834 3030 2019 3077 noster

432 3116 716 3181 Dominus,
750 3125 808 3172 tu
826 3158 841 3183 ,
875 3116 1118 3183 Domine,
1148 3117 1390 3172 servabis
1417 3133 1517 3178 nos
1537 3124 1593 3176 et
1619 3115 1890 3172 custodias
1917 3130 2019 3171 nos

2123 542 2527 597 obdomiierant
2557 542 2610 595 in
2632 549 2806 596 morte
2823 583 2837 607 ,
2864 549 2924 596 ut
2951 557 3061 597 non
3086 541 3233 598 dicat
3257 541 3501 598 diabolus
3517 582 3533 607 ,
3565 542 3707 600 Pras-

2123 637 2283 699 valui,
2321 635 2564 701 obtinui,
2594 642 2651 690 et
2678 650 2774 689 ero
2802 633 3064 690 Dominus
3088 634 3141 688 in
3169 643 3463 701 aeternum;
3492 637 3584 706 qui
3614 637 3706 692 tri-

2121 730 2311 784 bulant
2336 742 2422 783 me
2449 727 2797 783 exsultahunt
2824 726 2867 782 si
2896 734 3075 782 motus
3099 726 3273 794 fuero,
3301 727 3406 783 hoc
3432 738 3517 783 est
3542 730 3586 784 si
3616 730 3708 784 de.

2121 835 2429 889 speravero.
2471 816 2774 876 Exsultavit
2801 834 2897 874 eor
2923 834 3103 873 meum
3152 820 3204 875 in
3245 821 3464 876 salutari
3510 830 3625 885 tuo.
3657 824 3708 878 id

2121 919 2242 966 est.
2291 911 2345 965 in
2383 910 2614 966 Domino
2661 908 2727 963 Ν.
2776 907 2904 964 Jesu
2947 908 3163 965 Christo
3209 908 3346 965 Filio
3375 919 3583 975 tuo;et
3613 912 3707 983 ipsi

2123 1001 2356 1058 cantabo
2387 1003 2481 1070 qui
2511 1001 2654 1056 bona
2683 987 2886 1056 tribuet
2912 1000 3073 1067 mihi;
3117 1010 3172 1055 et
3198 1000 3428 1056 laudabo
3458 1002 3708 1072 psallam-

2121 1107 2228 1162 que
2257 1092 2458 1147 nomini
2484 1090 2601 1161 ejus
2627 1091 2920 1157 altissimo,
2962 1090 3058 1159 qui
3088 1100 3276 1162 regnat
3304 1091 3355 1145 in
3385 1093 3578 1148 saecula
3607 1108 3706 1147 sa:-

2124 1184 2386 1243 culorum.
2420 1184 2609 1244 Amen.

2669 1274 2986 1332 PSAthUS
3022 1275 3159 1330 Xlll.

2550 1366 2607 1421 In
2630 1365 2791 1421 linem
2820 1366 3059 1437 psalmus
3086 1366 3272 1421 David.

2194 1481 2345 1536 Dixit
2365 1482 2615 1553 insipiens
2638 1483 2693 1536 in
2720 1481 2876 1536 corde
2895 1498 3007 1546 suo,
3040 1479 3162 1535 Non
3191 1491 3267 1536 est
3290 1479 3447 1536 Deus.
3472 1478 3712 1551 Corrupti

2122 1582 2241 1628 sunt
2278 1582 2326 1627 et
2360 1570 2731 1627 abominabiles
2759 1573 2886 1643 {acti
2910 1581 3028 1625 sunt
3055 1573 3110 1625 in
3141 1570 3326 1626 studiis
3353 1573 3478 1634 suis,
3503 1587 3610 1625 non
3637 1582 3712 1626 est

2122 1668 2209 1738 qui
2230 1666 2392 1736 faciat
2413 1664 2630 1730 bonum,
2658 1680 2762 1718 non
2784 1673 2861 1718 est
2880 1680 3037 1737 usque
3058 1664 3127 1717 ad
3147 1681 3322 1718 unum.
3366 1662 3622 1718 Dominus
3651 1665 3712 1718 de

2123 1754 2249 1809 caelo
2268 1754 2537 1825 prospexit
2564 1770 2719 1823 super
2749 1753 2890 1823 ﬁlios
2933 1753 3197 1807 hominum
3216 1791 3230 1816 ,
3262 1763 3319 1806 ut
3346 1753 3515 1807 rideat
3556 1754 3603 1806 si
3638 1764 3711 1807 est

2121 1842 2410 1914 intelligens
2459 1852 2549 1895 aut
2606 1844 2867 1914 requirens
2920 1840 3106 1897 Deum.
3174 1842 3366 1897 Omnes
3424 1843 3712 1897 declinare-

2122 1942 2258 1997 runt,
2284 1933 2439 1987 simul
2457 1932 2664 1987 inutiles
2685 1934 2812 2005 facti
2831 1941 2969 1998 sunt,
2992 1950 3094 1988 non
3118 1933 3298 2004 estqui
3319 1934 3478 2002 faciat
3502 1934 3709 1995 bonum,

2120 2037 2223 2075 non
2250 2030 2326 2075 est
2352 2037 2509 2092 usque
2546 2019 2620 2074 'ad
2646 2037 2821 2074 unum.
2875 2019 3183 2091 Sepulcrum
3211 2032 3391 2091 patens
3418 2029 3496 2074 est
3537 2031 3710 2089 guttur

2121 2129 2327 2178 eorum,
2363 2112 2550 2183 linguis
2571 2113 2676 2165 suis
2707 2111 2884 2167 dolose
2917 2112 3167 2183 agebant,
3192 2127 3432 2166 venenum
3472 2111 3711 2179 aspiciam

2118 2204 2210 2257 sub
2241 2201 2390 2256 labiis
2418 2217 2611 2256 eorum.
2638 2199 2866 2265 Quorum
2895 2217 2951 2255 os
2980 2200 3339 2255 maledictione
3371 2211 3420 2253 et
3450 2202 3704 2253 amaritu~

2120 2295 2241 2349 dine
2279 2293 2487 2364 plenum
2526 2302 2634 2358 est,
2666 2293 2860 2346 veloces
2880 2292 3033 2363 pedes
3055 2308 3229 2346 eorum
3250 2291 3319 2345 ad
3338 2291 3706 2360 e/fundendum

2118 2386 2441 2459 sanguinem.
2503 2383 2757 2440 Contritio
2800 2392 2849 2437 et
2894 2383 3175 2453 infelicitas
3218 2384 3271 2436 in
3321 2383 3411 2436 uiis
3431 2398 3635 2441 eorum,
3664 2393 3713 2434 et

2118 2482 2253 2537 uiam
2297 2481 2442 2552 pacis
2488 2495 2593 2534 non
2633 2487 2996 2549 cognoverunt,
3038 2492 3141 2532 non
3170 2486 3248 2531 est
3282 2477 3433 2529 timor
3466 2473 3564 2528 Dei
3596 2485 3713 2528 ante

2118 2574 2295 2628 oculos
2324 2589 2519 2627 eorum.
2563 2570 2754 2625 Nonne
2782 2579 3092 2643 cognoscent
3114 2586 3291 2625 omnes
3317 2570 3401 2639 qui
3427 2581 3711 2636 operantur

2116 2665 2476 2736 iniquitatem;
2508 2664 2593 2735 qui
2629 2661 2877 2717 decorant
2920 2659 3113 2733 plebem
3158 2677 3324 2714 meam
3360 2662 3493 2714 sicut
3538 2675 3711 2713 escam

2118 2757 2305 2829 panis?
2348 2755 2628 2811 Dominum
2648 2771 2751 2809 non
2775 2756 3162 2818 invocaverunt,
3194 2753 3300 2807 illic
3328 2753 3711 2821 trepidarerunt

2121 2851 2320 2912 timore,
2346 2847 2433 2903 ubi
2461 2865 2566 2903 non
2594 2856 2706 2902 erat
2733 2848 2901 2901 timor.
2944 2843 3202 2910 Quoniam
3231 2843 3481 2900 Dominus
3520 2846 3580 2896 in
3624 2862 3711 2913 qe-

2119 2942 2387 2994 neratione
2418 2941 2562 3012 justa
2602 2948 2708 3004 est,
2734 2937 3006 2992 consilium
3030 2937 3198 3006 inopis
3219 2936 3553 3006 confudistis,
3585 2951 3711 3005 quo-

2120 3034 2262 3087 niam
2284 3031 2536 3087 Dominus
2559 3048 2671 3101 spes
2705 3031 2819 3101 ejus
2845 3039 2941 3084 est.
2985 3028 3113 3093 Quis
3140 3027 3282 3081 dabit
3311 3043 3376 3081 ex
3408 3025 3538 3081 Sion
3572 3029 3710 3079 salu-

2120 3133 2232 3178 tare
2253 3121 2465 3177 Israel?
2491 3139 2606 3176 cum
2627 3122 2864 3175 averterit
2893 3119 3145 3175 Dominus
3176 3118 3518 3189 captivitatem
3552 3116 3710 3187 plebis

428 3222 459 3261 a
488 3206 837 3275 generatione
863 3205 965 3262 hac
993 3214 1047 3262 et
1073 3206 1127 3261 in
1158 3214 1437 3263 aeternum.
1480 3206 1613 3263 Nam
1642 3207 1782 3263 sicut
1802 3206 2017 3276 quando

2126 3233 2249 3283 suae,
2275 3213 2554 3272 exsultabit
2571 3210 2756 3280 Iacob,
2787 3222 2836 3267 et
2864 3209 3123 3267 lattabitur
3148 3209 3334 3264 Israel.

429 3305 484 3351 te
525 3297 815 3352 humiliasti
861 3297 1142 3354 diminuta:
1180 3306 1307 3354 sunt
1351 3298 1607 3354 veritates
1640 3314 1670 3353 a
1696 3297 1818 3353 ﬁliis
1843 3298 2020 3353 homi-

433 3403 580 3456 num,
611 3389 682 3443 ita
708 3389 924 3459 quando
953 3388 1243 3445 ascendisti
1272 3390 1324 3443 in
1349 3389 1545 3454 oculos,
1576 3388 1871 3445 secundum
1893 3388 2018 3443 alti-

433 3478 669 3534 tudinem
719 3488 865 3535 tnam
907 3480 1273 3550 multiplieasti
1313 3481 1452 3538 lilios
1498 3481 1809 3546 hominum,
1841 3489 1900 3535 ut
1926 3481 2018 3550 qui

431 3570 678 3625 tliminuti
710 3569 923 3626 fuerant
952 3571 1004 3625 in
1034 3570 1426 3637 descendente,
1460 3569 1797 3640 multiplicati
1829 3567 2019 3624 tierent

432 3661 486 3716 in
525 3660 894 3728 ascendente,
953 3663 1043 3732 qui
1090 3669 1278 3729 regnat
1336 3662 1387 3715 in
1435 3660 1628 3717 smcula
1674 3659 2019 3721 saeculorum.

432 3753 622 3811 Amen.

995 3822 1311 3879 PSALMUS
1347 3822 1458 3878 ΧΠ.

858 3913 919 3969 In
946 3912 1108 3970 linem
1136 3915 1372 3986 psalmus
1399 3915 1585 3970 David.

508 4027 800 4099 Usquequo,
839 4027 1077 4095 Domine,
1108 4028 1419 4085 Oblivisceris
1449 4046 1531 4084 me
1548 4030 1603 4084 in
1623 4029 1813 4100 linem,
1844 4044 2021 4102 usque-

432 4138 529 4193 quo
551 4122 736 4177 avertis
760 4122 786 4192 f
783 4122 943 4175 aciem
966 4129 1109 4175 tuam
1126 4138 1159 4175 a
1177 4122 1297 4177 me?
1319 4118 1577 4185 Quamdiu
1591 4136 1782 4191 ponam
1802 4119 2020 4174 consilia

432 4215 483 4266 in
510 4213 686 4266 anima
714 4229 845 4279 mea,
870 4212 1100 4268 dolorem
1116 4214 1172 4265 in
1197 4212 1351 4267 corde
1376 4228 1487 4268 meo
1506 4229 1598 4284 per
1626 4210 1798 4266 diem?
1825 4209 2021 4280 Usque-

433 4321 530 4374 quo
563 4301 879 4357 exaltabitur
911 4305 1151 4358 inimicus
1194 4319 1335 4357 meus
1374 4318 1529 4373 super
1567 4302 1687 4359 me?
1728 4301 1946 4372 Respice
1972 4310 2023 4355 et

431 4395 620 4448 exaudi
640 4413 737 4460 me,
777 4394 999 4449 Domine
1038 4394 1179 4450 Deus
1204 4411 1368 4448 meus.
1415 4393 1663 4449 Illumina
1684 4393 1858 4448 oculos
1882 4410 2020 4447 meos

432 4505 497 4542 ne
525 4504 749 4560 unquam
777 4488 1099 4542 obdormiam
1121 4489 1175 4541 in
1209 4497 1392 4552 morte,
1420 4504 1484 4540 ne
1508 4487 1713 4558 quando
1741 4487 1883 4541 dicat
1918 4489 2021 4541 ini-

432 4582 592 4634 micus
617 4596 758 4634 meus
781 4595 799 4632 :
825 4577 1090 4633 Prcvalui
1111 4577 1352 4632 adversus
1380 4593 1515 4639 eum.
1541 4574 1641 4641 Qui
1668 4575 1917 4630 tribulant
1938 4594 2020 4631 me

431 4669 758 4724 exsultabant
790 4670 836 4729 si
874 4679 1040 4726 motus
1077 4670 1242 4741 fuero,
1270 4685 1363 4740 ego
1392 4676 1563 4721 autem
1581 4668 1635 4721 in
1664 4667 2019 4722 misericordia

434 4772 519 4814 tua
547 4763 766 4832 speravi.
807 4760 1105 4817 Exsultavit
1130 4776 1221 4815 cor
1239 4775 1406 4813 meum
1425 4759 1480 4811 in
1507 4757 1725 4811 salutari
1748 4768 1863 4823 tuo;
1894 4774 2019 4811 can-

435 4852 551 4907 tabo
574 4852 816 4915 Domino,
871 4856 955 4925 qui
1004 4855 1139 4908 bona
1179 4851 1415 4906 retribuit
1435 4851 1579 4914 mihi,
1604 4858 1650 4903 et
1672 4851 1895 4920 psallam
1925 4868 2019 4904 no-

430 4950 559 5003 mini
589 4948 800 5004 Domini
822 4949 1084 5003 altissimi.
1746 4952 1750 4957 ’

991 5053 1427 5095 COMIIENTARIUI.

505 5132 584 5187 Ex
612 5146 721 5202 quo
750 5130 994 5187 inimicus
1014 5130 1226 5199 generis
1253 5128 1471 5184 humani
1502 5142 1599 5198 per
1624 5123 2021 5198 praevaricatio-—

436 5239 558 5280 nem
588 5221 819 5279 hominis
863 5220 1022 5291 primi
1068 5235 1229 5289 super
1254 5220 1545 5273 humanum
1575 5231 1744 5288 genus
1770 5216 2037 5295 domina—r

437 5321 637 5375 tionem
682 5315 945 5380 obtinuit,
988 5314 1314 5369 oblivionem
1352 5311 1585 5371 divinam
1618 5309 1873 5374 incurrit;
1902 5324 2023 5379 quin.

436 5411 636 5467 oblivio
665 5426 773 5466 non
795 5422 889 5480 per
909 5405 1212 5479 passionem
1230 5445 1245 5470 ,
1268 5403 1363 5459 sed
1392 5419 1489 5474 per
1517 5402 1852 5457 aversionem
1882 5398 2023 5453 facta

436 5520 598 5575 super
624 5504 913 5559 humanum
941 5514 1127 5570 genus,
1154 5505 1211 5552 ut
1237 5496 1366 5560 dixi,
1396 5495 1776 5551 exultationem
1804 5491 2021 5547 inimico

440 5596 740 5665 relinquere
767 5593 1068 5650 videbatur.
1098 5588 1296 5645 Verum
1325 5587 1449 5657 quia
1482 5586 1744 5641 adventus
1776 5581 1895 5638 Filii
1925 5580 2021 5636 Dei

441 5687 539 5745 ista
585 5686 805 5741 adversa
854 5683 1268 5754 promittebatur
1314 5677 1621 5741 excludere,
1654 5677 1707 5730 in
1740 5675 1902 5729 totius
1930 5687 2023 5741 ge-

439 5777 581 5841 neris
622 5777 839 5832 humani
880 5790 1108 5855 persona
1158 5771 1531 5846 propheticum
1563 5782 1779 5825 carmen
1809 5773 2018 5833 exorat,

2052 4541 2094 4598 Ι)

2693 3339 3129 3383 εοωιεκτλιιιυη.

2194 3443 2434 3513 Rogatus
2479 3441 2744 3497 adventus
2792 3434 3003 3495 Domini
3034 3439 3087 3493 in
3109 3435 3429 3492 duodecimo
3476 3433 3706 3504 psalmo,

2123 3537 2178 3591 in
2206 3536 2369 3591 tertio
2396 3534 2607 3589 decimo
2650 3539 3038 3603 prtesentatur;
3088 3528 3183 3584 sed
3213 3529 3356 3582 hunc
3384 3525 3576 3580 videns
3614 3526 3704 3579 hn-

2120 3626 2301 3682 milem
2338 3626 2393 3680 in
2434 3624 2622 3680 habitu
2660 3622 2968 3679 incredulus
2994 3619 3259 3691 populus,
3306 3617 3435 3672 dicit
3463 3618 3515 3671 in
3548 3614 3711 3671 corde

2121 3736 2221 3776 suo
2246 3737 2259 3774 :
2289 3719 2408 3775 Non
2438 3724 2522 3773 est
2550 3717 2708 3772 Deus.
2766 3715 2825 3771 ln
2856 3730 2966 3783 quo
3010 3712 3211 3784 populo
3254 3724 3443 3767 omnes
3469 3709 3710 3763 declina-

2121 3818 2353 3876 verunt,
2385 3808 2545 3865 simul
2590 3807 2808 3862 inutiles
2855 3805 2980 3860 facti
3010 3802 3344 3859 dcvorabant
3371 3799 3590 3871 plebem
3619 3796 3708 3851 Dei

2121 3905 2269 3965 velut
2288 3917 2466 3958 escam
2493 3900 2666 3971 panis.
2713 3898 2889 3968 Atque
2915 3902 3302 3967 persequentes
3327 3892 3499 3961 ipsum
3528 3887 3710 3944 Domi-

2123 4016 2250 4057 num
2280 4007 2334 4055 et
2360 3997 2477 4067 ejus
2505 3993 2812 4065 apostolos,
2858 3991 2964 4045 illic
2995 3988 3335 4059 trepidabant
3362 3984 3559 4038 timore
3577 4021 3595 4046 ,
3625 3980 3706 4035 ubi

2122 4110 2228 4149 non
2259 4099 2377 4147 erat
2418 4090 2599 4145 timor.
2639 4084 3001 4140 Observantes
3035 4079 3259 4135 sabbata
3289 4085 3346 4131 et
3384 4072 3706 4144 baptismata

2121 4188 2348 4243 calicum
2378 4192 2434 4238 et
2463 4195 2779 4246 nrceorum,
2814 4177 2909 4233 Dei
2947 4190 3076 4231 vero
3106 4172 3301 4228 Filium
3326 4179 3381 4225 et
3402 4167 3522 4238 ejus
3549 4166 3707 4221 disci-

2124 4281 2295 4351 pulos,
2334 4289 2393 4331 nt
2430 4275 2663 4330 diximus
2685 4314 2698 4339 ,
2727 4276 3140 4343 persequentes,
3174 4262 3497 4322 confitcntes
3525 4276 3587 4315 se
3615 4273 3706 4328 pa-

2121 4350 2257 4426 trem
2300 4369 2500 4424 hahere
2542 4365 2851 4426 Abraham,
2898 4361 2966 4417 de
2993 4374 3220 4430 genere,
3263 4371 3370 4411 non
3411 4353 3480 4408 de
3499 4350 3704 4423 justitia

2122 4459 2532 4532 praesumebant.
2575 4454 2833 4510 Dominus
2878 4459 3059 4506 autem
3091 4450 3143 4503 in
3182 4445 3531 4517 generatione
3568 4443 3706 4512 justa

2122 4561 2243 4618 est,
2291 4549 2364 4604 illi
2413 4555 2591 4602 autem
2638 4543 2920 4600 consilium
2950 4541 3124 4610 inOpis
3152 4535 3573 4599 confundentes,
3606 4549 3707 4588 non

2120 4640 2600 4700 consideraverunt
2627 4633 2883 4705 quoniam
2915 4630 3171 4686 Dominus
3199 4643 3322 4697 spes
3350 4625 3470 4694 ejus
3500 4634 3604 4679 est.
3648 4621 3703 4674 l-Zt

2122 4735 2249 4790 licet
2290 4737 2513 4802 propter
2555 4741 2655 4782 nos
2702 4738 2906 4795 panper
2950 4721 3121 4777 lactus
3144 4720 3245 4782 sit,
3276 4727 3454 4771 tamen
3489 4715 3603 4786 ipse
3622 4722 3705 4802 est

2122 4826 2210 4896 qui
2260 4821 2429 4899 dedit!
2454 4834 2521 4875 ex
2548 4817 2677 4873 Sion
2707 4816 2942 4871 salutare
2971 4811 3150 4867 Israel.
3194 4808 3309 4864 Non
3339 4807 3483 4862 enim
3515 4820 3581 4860 ex
3609 4801 3706 4870 Sy-

2124 4929 2329 4986 nagoga
2356 4896 2570 4968 Satanae
2597 4908 2745 4964 salus
2772 4914 2897 4989 nata
2925 4909 3005 4959 est
3024 4943 3039 4968 ,
3069 4900 3163 4956 sed
3192 4915 3258 4955 ex
3286 4896 3448 4962 Sion,
3478 4908 3601 4965 qua:
3628 4899 3705 4945 est

2124 5006 2362 5064 Ecclesia
2411 5000 2662 5065 Domini,
2711 4985 2997 5069 perquam
3026 4989 3295 5048 convertit
3330 4985 3593 5041 Dominus
3618 4995 3708 5035 ca—

2125 5101 2425 5173 ptivitatem
2454 5092 2638 5166 pOpuli
2666 5091 2769 5157 sui,
2802 5089 2874 5143 ita
2906 5094 2965 5141 ut
2990 5085 3199 5139 laetetur
3220 5079 3387 5173 Jacob
3408 5076 3462 5131 in
3485 5084 3711 5173 convcr-

2124 5163 2278 5248 sione
2306 5204 2431 5254 sua,
2459 5163 2515 5240 et
2530 5163 2778 5240 exsultet
2807 5179 2972 5235 Israel
3001 5177 3053 5231 in
3082 5174 3299 5231 Christo
3326 5169 3473 5234 ἔθευ,
3504 5163 3599 5236 qui
3628 5176 3710 5218 rc-

2125 5292 2253 5357 gnat
2284 5283 2334 5337 in
2364 5279 2557 5335 szeettla
2585 5274 2920 5331 seculorum.
2960 5270 3145 5323 Amen.

2668 5402 2888 5460 PSALM
2901 5400 2983 5456 US
3019 5397 3158 5454 XIV.

2553 5520 2611 5576 ln
2641 5517 2798 5575 [litem
2825 5515 3063 5586 psalmus
3098 5509 3283 5567 David.

2207 5664 2443 5724 Domine,
2478 5659 2590 5730 quis
2620 5652 2872 5710 habitabit
2896 5652 2947 5706 in
2981 5644 3310 5704 tabernaculo
3341 5652 3455 5706 tuo,
3488 5648 3573 5693 aut
3600 5635 3713 5701 quis

2135 5759 2409 5835 requiescet
2440 5755 2488 5808 in
2524 5760 2694 5806 monte
2730 5756 2907 5803 sancto
2946 5744 3069 5798 tuo?
3118 5738 3215 5806 Qui
3264 5736 3547 5807 ingreditur
3602 5731 3715 5784 sine
