3866 6178
191 349 271 409 5H
1126 351 1594 412 COMMENTARII
1631 352 1699 408 IN
1737 350 2067 409 PSALMOS.
2111 351 2302 410 PSAL.
2345 350 2457 407 XV.

3330 350 3456 406 543‘

189 469 387 532 macula,
427 476 477 521 et
518 476 764 538 operatur
795 458 1072 538 justiti-am.
1116 467 1217 532 Qui
1237 468 1460 540 loquitur
1478 469 1742 521 veritatem
1770 470 1816 527 Α
1845 482 2012 519 meam
2050 465 2197 520 mihi.
2237 463 2414 519 Funes
2445 463 2742 518 ceciderunt
2777 464 2903 519 mihi
2940 464 2996 519 in
3023 463 3326 537 prteclaris,
3356 474 3435 521 et—

191 565 232 614 ἱί
249 560 392 615 corde
413 575 528 625 suo,
566 560 653 631 qui
677 575 784 614 non
823 560 928 630 egit
964 559 1140 613 dolum
1178 561 1233 613 in
1273 559 1450 631 lingua
1477 574 1592 612 sua.
1634 556 1749 612 Nec

190 652 292 720 fecit
314 651 544 720 proximo
569 666 664 704 suo
703 650 916 715 malum,
968 660 1019 704 et
1062 650 1393 721 opprobrium
1419 666 1524 705 non
1554 652 1750 722 accepit

190 741 407 793 adversus
446 742 714 811 proximos
752 757 891 795 suos.
932 741 1016 795 Ad
1041 741 1259 795 nihilum
1292 740 1563 794 deductum
1590 749 1666 795 est
1693 742 1747 794 in

189 841 430 903 conspectu
470 833 583 904 ejus
630 835 919 905 malignus,
963 835 1197 888 timentes
1246 841 1416 887 autem
1466 832 1748 888 Dominum

190 925 434 995 gloriﬁcat.
489 921 591 988 Qui
630 925 780 996 jurat
823 927 1062 995 proximo
1101 941 1194 980 suo
1218 933 1397 979 etnon
1421 925 1629 995 decipit,
1660 926 1747 995 qui

189 1017 425 1086 pecuniam
452 1033 602 1070 suam
629 1033 733 1071 non
760 1017 901 1070 dedit
928 1016 998 1070 ad
1024 1032 1255 1083 usuram,
1285 1024 1336 1071 et
1354 1032 1569 1071 munera
1596 1032 1748 1087 super

188 1110 479 1161 innocentem
516 1124 621 1162 non
660 1110 877 1178 accepit.
939 1104 1039 1171 Qui
1069 1108 1196 1178 facit
1223 1107 1351 1173 liter,
1385 1123 1492 1163 non
1521 1123 1747 1162 commo-

189 1196 352 1252 vebitur
377 1201 430 1253 in
453 1208 725 1253 aeternum.

729 1285 1167 1325 COHHENTARIUI.

247 1376 418 1433 Omnis
459 1379 834 1436 immaculatus
875 1381 1169 1449 ingreditur
1213 1382 1616 1438 tabernaculum
1639 1382 1746 1437 Do-

187 1468 328 1533 mini,
355 1477 407 1523 et
446 1469 518 1523 ibi
548 1470 922 1525 immaculatus
952 1469 1200 1526 efﬁcitur.
1249 1470 1406 1527 Jesus
1442 1481 1622 1528 autem
1645 1472 1746 1526 im-

187 1560 455 1613 maculatus
500 1561 650 1615 solus
692 1561 990 1629 virgineam
1034 1562 1213 1617 aulam
1249 1562 1538 1630 ingressus,
1571 1564 1745 1633 ipsum

187 1651 555 1706 tabernaculum
584 1667 616 1706 a
640 1652 864 1707 maculis
889 1653 1194 1708 carnalibus
1214 1653 1479 1717 liberavit,
1513 1663 1568 1710 et
1597 1654 1746 1710 dedit

182 1740 633 1797 sanctiﬁcationem
664 1744 844 1813 potius
881 1759 1041 1814 quam
1090 1745 1317 1814 accepit.
1359 1745 1625 1811 Quoniam
1656 1745 1742 1800 lex

1852 557 1989 610 enim
2010 555 2285 611 haereditas
2314 572 2429 609 mea
2449 555 2800 626 praclaraest
2823 555 2949 610 mihi
2956 596 2970 609 .
2996 554 3305 610 Benedicam
3327 553 3438 612 Do-

1850 647 2047 700 minum
2069 648 2155 718 qui
2177 644 2350 700 tribuit
2375 646 2501 699 mihi
2521 645 2851 711 intellectum,
2877 647 3089 718 insuper
3115 655 3165 700 et
3183 663 3340 721 usque
3367 647 3438 701 ad

1852 746 2051 791 nectent
2077 738 2439 807 increpuerunt
2476 752 2557 790 me
2594 753 2743 790 renes
2769 738 2897 790 mei.
2949 735 3293 791 Providebam
3338 735 3443 810 ρο-

1849 829 2047 880 minuat
2070 827 2124 880 in
2144 835 2415 898 conspectu
2437 842 2551 881 meo
2567 842 2786 897 semper,
2817 828 3060 897 quoniam
3088 844 3119 881 a
3141 826 3337 882 dextris
3364 837 3441 881 est

1850 919 1976 972 mihi
2024 935 2088 972 ne
2135 935 2472 974 commovear.
2533 918 2758 989 Propter
2809 918 2906 973 hoc
2960 919 3191 974 ltetatum
3235 928 3311 973 est
3351 935 3442 975 cor

1849 1026 2016 1064 meum
2061 1019 2113 1065 et
2150 1012 2427 1066 exsultavit
2468 1011 2647 1083 lingua
2671 1028 2814 1078 mea,
2844 1012 3056 1081 insuper
3092 1020 3144 1065 et
3178 1028 3299 1066 caro
3324 1029 3445 1067 mea

1847 1102 2127 1171 requiescet
2159 1103 2218 1155 in
2254 1118 2363 1173 spe.
2427 1099 2687 1166 Quoniam
2732 1118 2835 1156 non
2864 1100 3185 1172 derelinques
3206 1103 3455 1156 animum

1846 1205 2013 1243 meam
2034 1192 2089 1244 in
2117 1192 2355 1263 inferno,
2386 1207 2479 1245 nec
2508 1190 2656 1246 dabis
2683 1199 2922 1246 sanctum
2952 1200 3091 1245 tuum
3114 1192 3287 1246 videre
3323 1208 3433 1248 cer-

1848 1284 2161 1352 ruptionem.
2207 1283 2380 1338 Notas
2409 1285 2579 1355 fecisti
2599 1284 2726 1338 mihi
2747 1286 2855 1338 vias
2883 1285 3015 1350 vitm,
3040 1283 3343 1355 adimplebis
3362 1302 3443 1340 me

1848 1371 2029 1427 lcetitia
2071 1389 2185 1428 cum
2230 1374 2373 1429 vultu
2414 1385 2536 1441 tuo,
2588 1374 2952 1431 delectationes
3002 1378 3057 1431 in
3102 1377 3318 1431 dextera
3349 1386 3436 1431 tua

1844 1481 2002 1537 usque
2028 1468 2083 1521 in
2110 1467 2286 1538 ﬁnem.

2415 1554 2849 1594 COIIENTABIUII.

1916 1647 1960 1699 A
1989 1646 2431 1716 quinquagesimo
2476 1649 2667 1717 quinto
2713 1650 2922 1718 psalmo
2971 1665 3143 1719 usque
3182 1650 3248 1705 ad
3273 1652 3434 1721 quin--

1842 1738 2212 1805 quagesimum
2261 1754 2464 1793 nonum
2503 1754 2693 1794 omnes
2720 1739 2921 1795 habent
2956 1740 3101 1795 tituli
3125 1741 3434 1813 inscriptio-

184 1841 275 1887 wta
320 1833 370 1885 in
418 1832 669 1901 Decalogi
726 1848 936 1888 summa
981 1834 1336 1900 concluditur,
1385 1835 1730 1907 decemplices

1845 1841 1942 1883 nes
1962 1864 1976 1889 ,
2009 1825 2104 1881 sed
2149 1842 2259 1883 non
2287 1843 2468 1898 puras.
2527 1827 2634 1885 Iste
2674 1837 2853 1884 autem
2883 1830 3122 1901 psalmus
3148 1832 3263 1888 sola
3293 1832 3433 1888 tituli

181 1920 277 1987 ejus
305 1921 354 1974 in
382 1923 482 1975 isto
507 1922 715 1991 psalmo
742 1921 944 1979 formas
968 1925 1263 1994 expressit,
1295 1925 1490 1994 quibus
1528 1941 1591 1982 ea
1640 1928 1742 1982 do-

180 2012 331 2065 cuisse
350 2027 465 2080 quae
493 2010 687 2068 fecisse
706 2013 986 2083 probatur.
1012 2013 1148 2069 Nam
1176 2015 1421 2084 ingressu
1449 2032 1547 2073 suo
1571 2018 1745 2073 taber-

179 2103 401 2157 naculum
420 2118 451 2157 a
473 2104 697 2159 maculis
718 2105 1012 2159 ementium
1027 2113 1083 2160 et
1102 2104 1449 2162 vendentium
1472 2107 1737 2173 liberavit,

176 2202 219 2247 et
240 2202 484 2264 operatus
495 2199 580 2248 est
588 2192 868 2263 justitiam,
898 2197 1126 2254 salutem
1141 2197 1376 2255 hominis
1388 2198 1737 2256 sabbatorum

175 2281 300 2338 feriis
340 2284 719 2354 praeponenda.
767 2286 1115 2355 Loquebatur
1146 2295 1328 2343 autem
1355 2289 1640 2346 veritatem
1684 2290 1739 2345 in

174 2374 315 2429 corde
334 2391 452 2442 suo,
481 2376 610 2431 nihil
631 2377 893 2445 cogitans,
911 2376 1014 2432 nisi
1032 2378 1364 2433 voluntatem
1385 2376 1578 2435 Patris.
1620 2379 1736 2436 Non

174 2464 265 2532 egit
288 2464 467 2520 dolum
514 2466 569 2519 in
618 2466 800 2533 lingua
849 2482 968 2532 sua,
1012 2467 1275 2538 siquidem
1317 2483 1387 2524 ex
1415 2469 1595 2538 lingua
1622 2470 1739 2540 ejus

172 2568 328 2609 sermo
354 2569 629 2623 egressus,
649 2556 804 2613 (necis
828 2557 1008 2631 lumen
1025 2597 1040 2622 ,
1071 2558 1301 2615 salutem
1328 2561 1734 2630 aegrotantibus,

173 2649 218 2695 et
242 2643 397 2698 vitam
426 2647 653 2702 mortuis
680 2644 1010 2704 conferebat.
1051 2647 1409 2720 Opprobrium
1438 2668 1548 2708 non
1577 2668 1735 2710 acce-

170 2731 233 2799 pl't
272 2734 526 2790 adversus
572 2737 875 2806 proximum
920 2755 1096 2796 suum.
1149 2739 1426 2811 Siquidem
1452 2744 1615 2799 etiam
1641 2743 1736 2800 Ju-

168 2823 271 2878 dam
314 2828 500 2883 osculo
547 2830 801 2899 suscepit.
856 2830 941 2887 Ad
988 2832 1214 2888 nihilum
1251 2834 1512 2891 deductus
1557 2844 1641 2892 est
1677 2837 1734 2893 in

167 2925 459 2986 conspectu,
482 2918 603 2988 ejus
647 2921 911 2990 malignus
933 2961 949 2986 ,
1001 2924 1294 2994 prohibens
1321 2928 1506 2996 utique
1529 2928 1733 2986 bonum

1844 1917 2194 1988 inscriptione
2222 1926 2575 1990 praenotatur,
2606 1933 2714 1989 qua
2737 1920 3039 1976 ostenditur
3062 1921 3185 1992 plus
3213 1922 3280 1977 ad
3313 1939 3433 1995 my-

1841 2008 2033 2063 sticam
2055 2007 2461 2078 intelligentiam
2481 2023 2644 2079 quam
2666 2009 2731 2064 ad
2756 2010 3070 2067 historicam
3094 2011 3435 2080 decantatus,

1840 2098 1896 2152 in
1923 2112 2032 2168 quo
2066 2098 2396 2154 advertimus
2423 2100 2696 2155 hominem
2726 2099 3022 2171 perfectum
3050 2101 3234 2158 Jesum
3261 2103 3432 2158 Naza-

1838 2203 2029 2243 renum
2051 2187 2118 2243 ad
2137 2189 2441 2258 passionem
2465 2198 2703 2256 euntem,
2727 2191 2887 2261 hujus
2912 2193 3107 2263 psalmi
3127 2194 3430 2251 orationem

1838 2279 2129 2336 eﬂ'undere.
2147 2279 2405 2348 Quamvis
2419 2282 2561 2337 enim
2580 2281 2719 2338 Deus
2730 2293 2862 2339 esset
2873 2285 2927 2339 in
2942 2282 3171 2352 Christo,
3184 2287 3430 2342 mundum

1838 2371 2178 2426 reconcilians
2190 2370 2291 2427 sibi
2307 2371 2375 2443 (Il
2404 2372 2524 2428 Cor.
2549 2372 2628 2443 v),
2647 2382 2827 2428 tamen
2841 2375 3284 2444 passibilitatibus
3304 2379 3429 2433 sub-

1832 2460 2044 2531 iacebat
2064 2502 2080 2528 ,
2127 2469 2183 2517 et
2223 2462 2421 2518 timore
2466 2463 2611 2518 enim
2653 2470 2711 2519 et
2755 2465 3010 2521 mmstitia
3037 2466 3315 2537 agebatur.
3359 2468 3423 2523 Γπ

1837 2552 1960 2607 ideo
1989 2552 2269 2622 alloquens
2290 2553 2634 2609 Divinitatem
2655 2554 2864 2622 adorat,
2894 2555 3083 2613 dicens
3107 2575 3120 2612 :
3152 2557 3425 2615 Conserva

1835 2660 1944 2710 me,
1970 2644 2216 2713 Domine,
2242 2645 2498 2716 quoniam
2519 2648 2729 2717 speravi
2752 2648 2804 2702 in
2835 2656 2918 2715 te;
2939 2665 3047 2707 non
3074 2650 3141 2706 ad
3168 2666 3426 2723 arrogan-

1835 2736 1965 2790 tiam
2012 2736 2204 2794 ductus
2256 2753 2358 2808 pro
2408 2739 2751 2795 immaculata
2817 2741 3146 2798 conscientia
3195 2745 3428 2816 superbo

1835 2827 1988 2898 sapui
2012 2867 2026 2894 ,
2060 2828 2155 2883 sed
2179 2828 2290 2884 dixi
2318 2829 2577 2897 Domino,
2607 2830 2751 2888 Dens
2776 2846 2930 2888 meus
2957 2847 3016 2890 es
3048 2842 3127 2901 tu,
3150 2842 3212 2892 .et
3236 2850 3429 2906 quam-

1832 2917 1915 2976 vis
1940 2919 2121 2974 omnia
2142 2935 2308 2991 opera
2336 2935 2477 2989 mea,
2508 2930 2564 2977 et
2590 2924 2771 2979 omnia
2799 2924 2963 2982 verba
2988 2939 3133 2993 mea,
3164 2935 3222 2983 et
3247 2930 3425 2984 omnia

169 3002 283 3061 ﬁeri.
324 3008 598 3067 Timentes
616 3021 798 3070 autem
832 3014 1116 3070 Dominum
1145 3017 1219 3072 ita
1249 3020 1638 3087 magniﬁcavit,
1672 3031 1732 3078 ut

166 3096 290 3152 daret
313 3101 388 3155 eis
417 3109 722 3172 potestatem
749 3106 891 3177 ﬁlios
921 3106 1019 3161 Dei
1046 3108 1164 3178 ﬁeri
1194 3108 1373 3180 (Joan.
1407 3111 1468 3182 ι).
1521 3110 1730 3171 Juravit

1832 3099 2100 3156 bonorum
2138 3116 2386 3159 meorum
2425 3120 2534 3160 non
2565 3118 2711 3174 eges.
2752 3107 2870 3164 Non
2893 3110 3036 3165 enim
3064 3125 3166 3181 pro
3196 3111 3290 3167 Dei
3325 3129 3424 3168 ne-

167 3196 211 3242 et
233 3194 477 3260 proximo
504 3210 605 3251 suo
633 3204 688 3251 et
716 3213 825 3254 non
871 3198 1104 3269 decepit.
1164 3200 1304 3269 Quid
1326 3202 1566 3271 juravit?
1594 3205 1726 3262 Illud

1832 3190 2087 3245 cessitate
2129 3201 2439 3263 assumptus
2477 3202 2559 3249 est
2586 3195 2751 3252 homo
2768 3237 2783 3263 ,
2815 3198 2911 3254 sed
2935 3214 3037 3271 pro
3062 3200 3299 3259 hominis
3326 3219 3426 3261 ne-

1833 3010 2070 3081 cogitata
2093 3026 2213 3067 mea
2230 3012 2373 3068 bona
2401 3013 2529 3081 sint,
2560 3022 2742 3071 tamen
2774 3024 2829 3071 tu
2855 3018 2946 3087 qui
2974 3032 3064 3074 me
3090 3022 3442 3092 assumpsisti,
3528 3086 3541 3095 ξ

165 3278 261 3334 sine
278 3281 442 3337 dubio
469 3285 615 3355 quod
656 3288 934 3356 promisit,
966 3289 1150 3345 dicens
1180 3308 1191 3343 :
1223 3291 1388 3346 Amen
1418 3293 1533 3348 dico
1563 3295 1725 3363 vobis,

162 3370 260 3438 quia
283 3374 329 3425 si
376 3376 676 3430 manseritis
697 3378 751 3431 in
775 3379 1094 3434 sermonibus
1116 3382 1264 3446 meis,
1286 3383 1401 3452 jam
1429 3401 1533 3438 non
1559 3385 1730 3441 dicam

162 3477 231 3515 vos
252 3479 422 3520 servos
447 3467 541 3521 sed
573 3469 768 3524 amicos
804 3470 983 3540 (Joan.
1017 3474 1130 3541 xv),
1158 3481 1212 3527 et
1240 3475 1420 3529 omnia
1447 3491 1567 3545 qua:
1597 3493 1726 3546 pro-

162 3550 284 3605 misit
306 3554 617 3611 credentem
639 3558 691 3611 in
721 3574 779 3613 se
803 3561 1107 3629 proximum
1137 3578 1245 3617 non
1279 3562 1511 3635 decepit.
1553 3565 1724 3622 Pecu-

162 3641 278 3698 niam
303 3661 438 3701 vero
465 3662 621 3702 suam
649 3666 757 3705 non
797 3650 945 3706 dedit
965 3653 1032 3708 ad
1061 3670 1298 3709 usuram.
1340 3653 1585 3712 Pecunia:
1608 3659 1727 3729 ejus

162 3731 356 3789 virtutes
406 3737 697 3793 sanitatum
740 3748 926 3806 erant,
970 3754 1110 3811 quas
1136 3759 1246 3798 non
1295 3745 1471 3802 solum
1510 3747 1627 3818 ipse
1656 3751 1726 3805 ab

160 3821 248 3878 ullo
274 3826 409 3881 nihil
436 3829 709 3899 accipiens
735 3834 978 3889 exercuit
1000 3874 1016 3900 ,
1062 3837 1156 3891 sed
1182 3845 1239 3892 et
1264 3838 1409 3909 ipsos
1435 3840 1726 3912 discipulos

158 3925 264 4000 suos
289 3918 469 3973 taliter
495 3919 825 3989 informavit,
850 3924 975 3980 dum
1000 3926 1152 3983 daret
1172 3929 1253 3984 eis
1280 3939 1606 4000 potestatem
1634 3935 1721 3989 in-

158 3997 314 4098 lirmos
357 4010 581 4065 curandi
620 4027 684 4067 ac
725 4022 968 4072 mortuos
1012 4019 1304 4075 suscitandi
1328 4062 1343 4088 ,
1371 4022 1719 4098 diceretque:

157 4088 308 4187 gratis
333 4101 625 4170 accepistis,
650 4105 814 4173 gratis
842 4106 962 4160 date
983 4106 1196 4179 (Matth.
1224 4110 1303 4180 Χ).
1322 4111 1541 4169 Munera
1557 4088 1724 4187 super

156 4198 444 4245 innocentes
487 4207 597 4247 non
646 4195 820 4249 solum
869 4212 974 4251 non
1022 4200 1261 4270 accepit,
1291 4202 1386 4257 sed
1416 4205 1577 4260 etiam
1607 4208 1721 4277 ipse

153 4276 351 4371 teipsum
391 4281 540 4335 dedit
567 4284 968 4357 redemptionem
995 4306 1089 4358 pro
1121 4291 1361 4348 omnibus
1391 4294 1433 4366 (l
1466 4294 1599 4351 Tim.
1628 4276 1715 4371 ll).

154 4362 422 4440 Completis
453 4388 585 4443 ergo
616 4377 697 4431 his
734 4377 923 4434 decem
972 4380 1229 4436 virtutum
1259 4362 1500 4453 indiciis,
1531 4387 1584 4441 in
1614 4362 1719 4446 hoc

153 4455 207 4511 de
230 4463 359 4518 ccelo
385 4474 442 4521 et
474 4467 861 4538 perfectionem
891 4470 1165 4541 impletum
1194 4477 1459 4544 ostendit,
1491 4487 1546 4535 et
1571 4481 1718 4551 adje-

1832 3280 2084 3335 cessitate
2130 3290 2411 3352 susceptus
2451 3291 2536 3339 est
2579 3285 2738 3343 Deus.
2801 3287 2904 3345 Hic
2930 3299 3113 3346 autem
3139 3293 3306 3350 homo
3333 3296 3425 3364 qui

1830 3376 2136 3439 assumptus
2167 3386 2199 3425 a
2226 3371 2340 3427 Deo
2367 3373 2512 3429 inter
2537 3389 2726 3432 omnes
2752 3388 2971 3436 sanctos
2997 3381 3303 3439 miriﬁcavit
3332 3401 3425 3441 vo-

1829 3458 2065 3518 luntates
2090 3478 2217 3519 suas
2238 3505 2255 3532 ,
2287 3465 2361 3521 ita
2392 3474 2450 3521 ut
2474 3468 2716 3525 omnium
2756 3472 2949 3526 merita
2980 3470 3034 3525 in
3062 3472 3421 3530 inaestimabili

1826 3552 2026 3608 virtute
2055 3557 2479 3625 transcenderet,
2511 3566 2567 3615 et
2590 3560 2794 3615 nullum
2820 3560 2923 3616 sibi
2950 3562 3166 3631 penitus
3192 3563 3422 3620 similem

1826 3644 2121 3713 inveniret,
2152 3656 2208 3704 et
2235 3649 2363 3706 licet
2390 3652 2756 3724 multiplicatae
2789 3662 2915 3710 sunt
2943 3654 3281 3712 inﬁrmitates
3324 3672 3420 3714 eo—

1825 3754 1963 3805 rum,
1994 3745 2176 3797 tamen
2208 3743 2457 3815 exemplo
2476 3744 2690 3800 Domini
2727 3747 3168 3805 acceleraverunt
3201 3748 3421 3805 tenden-

1827 3835 1909 3885 tes
1936 3830 2001 3885 ad
2030 3832 2263 3901 palmam
2281 3874 2296 3900 ,
2329 3849 2465 3904 quos
2493 3851 2524 3891 a
2553 3838 2814 3894 societate
2841 3838 3107 3895 malorum
3133 3855 3422 3912 segregans

1825 3918 2084 3979 Dominus
2112 3923 2241 3981 dicit
2266 3943 2279 3979 :
2311 3925 2429 3983 Non
2456 3930 2797 3999 congregabo
2825 3933 3199 3988 conventicula
3229 3949 3417 3990 eorum

1824 4010 1892 4066 de
1920 4016 2400 4084 sanguinibus.id
2442 4027 2545 4086 est,
2596 4022 2878 4078 credentes
2907 4024 2959 4077 in
2989 4039 3075 4080 me
3120 4013 3418 4096 segregabo

1825 4104 1894 4158 ab
1939 4105 2018 4161 eis
2063 4108 2155 4176 qui
2198 4108 2253 4163 in
2296 4108 2557 4166 elfusione
2604 4114 2882 4182 sanguinis
2907 4113 3284 4171 delectantur:
3318 4132 3417 4173 inec

1824 4210 2032 4251 memor
2072 4212 2167 4253 ero
2196 4200 2476 4255 nominum
2504 4218 2690 4257 eorum
2721 4219 2821 4274 per
2848 4204 2986 4259 labia
3015 4221 3133 4261 mea
3155 4247 3171 4273 ,
3215 4221 3418 4276 negans

1823 4303 1917 4344 eos
1944 4304 2127 4345 coram
2154 4290 2317 4349 Patre
2343 4300 2400 4348 et
2420 4295 2647 4363 angelis.
2681 4296 2938 4353 Dominus
2966 4299 3108 4354 enim
3137 4315 3265 4370 pars
3295 4316 3413 4357 mea

1821 4387 1877 4435 et
1930 4382 2196 4451 passionis
2241 4399 2407 4452 mere,
2438 4386 2493 4441 id
2515 4394 2638 4453 est,
2669 4387 2853 4444 calicis
2881 4389 3007 4445 mei.
3039 4388 3097 4444 In
3126 4405 3234 4460 quo
3262 4391 3415 4447 funes

1820 4473 2173 4542 ceciderunt,
2204 4475 2260 4532 id
2298 4486 2412 4547 est,
2467 4479 2637 4535 fortes
2664 4481 3005 4569 ceciderunt;
3035 4483 3163 4538 mihi
3193 4484 3247 4538 in
3277 4499 3409 4555 prte-

152 4550 212 4642 cil
245 4555 431 4614 dicens‘
452 4561 603 4627 :-Qui
637 4561 763 4616 facit
793 4564 925 4629 hinc,
959 4564 1010 4619 id
1040 4574 1154 4631 est,
1187 4567 1278 4637 qui
1311 4570 1453 4627 hunc
1482 4550 1717 4631 imitatus
1743 4565 1798 4629 D
1820 4567 1979 4625 claris
2001 4608 2018 4635 ,
2072 4571 2127 4625 in
2172 4574 2433 4642 apostolis
2472 4574 2590 4630 sine
2643 4575 2828 4632 dubio.
2888 4554 3098 4632 Etenim
3126 4550 3412 4633 luereditas

151 4639 302 4710 fuerit,
330 4664 439 4703 non
468 4654 901 4709 commovebitur
927 4655 982 4710 in
1005 4663 1289 4713 aeternum.
1331 4660 1433 4731 lpsi
1463 4664 1633 4733 gloria
1659 4667 1713 4722 in

150 4737 314 4792 Sinchla
343 4743 686 4798 saeculorum.
720 4746 911 4803 Amen.

677 4877 897 4935 PSALM
909 4880 993 4938 US
1040 4883 1157 4941 XV.

512 4992 678 5048 Tituli
708 4996 986 5068 inscriptio
1006 4997 1108 5070 ipsi
1132 4999 1329 5057 David..

206 5097 450 5183 Conserva
477 5123 578 5172 me,
610 5105 854 5175 Domine,
881 5112 1130 5180 quoniam
1156 5114 1361 5183 speravi
1387 5114 1443 5168 in
1473 5086 1537 5168 te:
1582 5114 1712 5171 Dixi

146 5182 344 5247 Domino
363 5212 382 5248 :
410 5194 553 5253 Deus
591 5215 732 5254 meus
750 5217 805 5254 es
832 5211 905 5266 tu,
945 5204 1187 5274 quoniam
1208 5202 1454 5260 bonorum
1483 5223 1711 5261 meorum

146 5291 237 5332 non
268 5300 399 5355 eges.
449 5287 659 5344 Sanctis
704 5293 791 5364 qui
828 5302 950 5347 sunt
985 5294 1040 5347 in
1082 5304 1218 5350 terra
1247 5297 1392 5367 ejus,
1413 5298 1712 5367 miriﬁcavit

145 5384 298 5429 omnes
317 5379 600 5435 voluntates
621 5399 761 5437 meas
787 5385 839 5437 in
869 5386 963 5440 eis.
1006 5384 1366 5459 Multiplicata:
1406 5400 1526 5443 sunt
1550 5391 1706 5459 inﬁr-

145 5463 322 5519 mitates
352 5484 546 5535 eorum,
570 5481 748 5541 postea
776 5474 1206 5532 acceleraverunt.
1240 5476 1364 5532 Non
1386 5478 1705 5551 cangregabo

142 5560 472 5614 convauicula
496 5578 670 5617 eorum
690 5562 753 5619 de
772 5564 1108 5637 sanguinibus
1124 5609 1139 5634 ,
1169 5584 1262 5622 nec
1281 5585 1477 5623 memor
1502 5587 1587 5624 ero
1609 5588 1707 5625 no-

144 5642 317 5700 minum
335 5666 511 5706 eorum
529 5671 622 5723 per
649 5655 790 5711 labia
811 5674 948 5712 mea.
967 5656 1217 5715 Dominus
1243 5678 1365 5733 pars
1389 5663 1709 5719 Itwreditatis

147 5749 283 5802 mete,
322 5753 372 5796 et
416 5746 591 5802 colicis
621 5751 750 5813 mei;
794 5761 844 5804 tu
880 5769 935 5806 es
973 5754 1058 5822 qui
1085 5756 1318 5810 restitues
1353 5756 1706 5814 [nereditatem

1822 4677 1942 4717 mea
1972 4669 2081 4717 tam
2110 4665 2366 4734 praeclara
2393 4674 2475 4723 est
2496 4707 2511 4733 ,
2561 4676 2621 4723 ut
2657 4669 2757 4740 ipsi
2784 4669 2891 4725 sint
2932 4685 3104 4740 usque
3132 4670 3293 4727 hodie
3319 4671 3407 4727 lux

1821 4752 1983 4823 hujus
2010 4755 2195 4811 mundi
2224 4794 2241 4821 ,
2294 4757 2572 4828 inquibus
2616 4760 2953 4817 benedicitur
2996 4762 3139 4818 Deus
3162 4804 3176 4831 ,
3209 4763 3302 4834 qui
3343 4765 3408 4819 ad

1819 4842 1935 4898 hinc
1988 4844 2175 4901 tribuit
2217 4846 2587 4916 intellectum,
2636 4866 2738 4907 nec
2776 4850 2951 4907 solum
2991 4868 3055 4908 ea
3086 4868 3204 4925 qua:
3234 4854 3408 4912 lucida

1819 4937 2085 5002 sunt,-sed
2102 4945 2155 4993 et
2177 4938 2267 4994 illa
2295 4954 2414 5010 qua:
2435 4943 2644 4997 occulta
2672 4952 2819 5010 sunt,
2846 4960 2954 5000 non
2982 4962 3013 5001 a
3042 4949 3207 5005 corde
3226 4950 3320 5007 sed
3341 4952 3408 5007 ab

1819 5025 1950 5096 ipsis
1996 5029 2213 5085 renibus
2261 5031 2581 5097 erudiebat,
2631 5041 2697 5088 ut
2735 5035 3074 5105 providerem
3118 5039 3404 5099 Dominum

1816 5117 1871 5172 in
1899 5129 2191 5191 conspectu
2241 5137 2380 5178 meo.
2411 5138 2643 5194 semper.
2704 5124 2823 5195 Ipse
2851 5134 2934 5183 est
2973 5129 3116 5185 enim
3146 5146 3177 5186 a
3204 5132 3406 5192 dextris

1815 5209 1952 5265 meis
1980 5226 2049 5265 ne
2075 5226 2438 5278 commovear,
2471 5222 2530 5269 ut
2555 5215 2661 5272 hoc
2685 5216 2831 5287 quod
2858 5230 3129 5291 peccatum
3149 5241 3255 5281 non
3284 5228 3401 5299 feci,

1815 5315 1909 5353 nec
1960 5299 2109 5355 dolus
2146 5302 2384 5358 inventus
2424 5312 2500 5359 est
2544 5307 2601 5360 in
2640 5324 2730 5363 ore
2755 5326 2902 5376 meo,
2945 5328 3054 5368 non
3083 5312 3400 5370 humanitaii

1813 5391 1908 5447 sed
1936 5392 2208 5449 Divinitati
2239 5396 2521 5452 ascribam.
2566 5396 2796 5471 Propter
2823 5402 2929 5458 hoc
2968 5404 3291 5460 delectatum
3320 5417 3402 5462 est

1813 5498 1909 5538 cor
1935 5498 2113 5539 meum
2137 5525 2154 5551 ,
2203 5493 2259 5540 et
2304 5488 2593 5545 exsultavit
2638 5492 2817 5562 lingua
2847 5510 2963 5548 mea
2984 5536 2998 5561 ,
3049 5503 3103 5549 et
3129 5495 3245 5565 ipsa
3275 5512 3401 5551 caro

1812 5588 1931 5629 mea
1960 5575 2252 5645 requiescit
2279 5577 2332 5633 in
2363 5595 2489 5650 spe,
2525 5582 2780 5652 quoniam
2818 5599 2847 5636 a
2883 5582 3087 5639 dextris
3126 5585 3263 5642 meis
3291 5586 3398 5644 Do-

1771 5708 1778 5715 .
1811 5666 2010 5730 minus.
2038 5676 2102 5721 ut:
2128 5683 2234 5724 non
2264 5685 2629 5729 commovear.
2672 5672 2739 5729 Et
2766 5673 2890 5729 ideo
2912 5690 3021 5753 non
3051 5674 3398 5753 derelinques

1813 5759 1864 5814 in
1898 5759 2105 5817 inferno
2146 5763 2376 5819 animam
2410 5781 2581 5820 meam
2608 5807 2622 5832 ,
2669 5782 2765 5822 nec
2795 5765 2948 5824 dabis
2976 5777 3220 5829 sanctum
3250 5782 3399 5830 tuum
