3870 6182
454 294 559 351 313

457 504 565 558 itur
606 500 676 556 ad
723 501 1075 556 aeternitatem
1102 540 1117 564 ,
1168 500 1221 554 in
1249 501 1445 570 quibus
1472 510 1591 573 post
1628 503 1896 559 tristitiam
1922 518 2046 573 pas-

455 595 623 651 sionis
651 593 968 664 adimplebis
996 609 1083 649 me
1113 594 1291 649 laetitia
1322 611 1443 651 cum
1467 596 1618 651 vultu
1647 605 1762 663 tuo,
1791 604 1847 657 et
1865 612 2050 653 ascen»

455 687 586 742 dens
634 687 688 741 in
734 687 902 741 cmlos
948 686 1100 743 dabis
1147 687 1536 743 delectationes
1584 688 1638 742 in
1682 688 1905 744 dextera
1953 696 2044 743 tua

456 793 624 846 usque
640 778 693 832 in
709 775 889 832 ﬁnem.
906 777 1009 849 Ipsi
1026 778 1196 847 gloria
1214 778 1267 832 in
1284 779 1477 835 saecula
1493 780 1830 836 steculorum.
1850 780 2040 835 Amen.

1015 890 1331 948 PSALMUS
1354 891 1492 947 XVI.

1040 981 1226 1038 Oratio
1262 984 1451 1043 David.

525 1093 769 1161 Exaudi,
791 1094 1031 1164 Domine,
1052 1097 1313 1168 justitiam
1336 1116 1504 1154 meam
1522 1140 1537 1164 ,
1566 1100 1774 1155 intende
1796 1100 2045 1172 depreca.

447 1189 645 1251 tionem
671 1203 858 1242 meam.
899 1190 1123 1260 Auribus
1152 1192 1362 1261 percipe
1383 1193 1671 1246 orationem
1698 1208 1896 1257 meam,
1938 1209 2044 1246 non

455 1280 508 1330 in
539 1276 690 1333 labiis
720 1278 931 1333 dolosis.
967 1278 1045 1334 De
1073 1282 1211 1335 vultu
1235 1291 1320 1336 tuo
1334 1281 1589 1354 judicium
1612 1299 1780 1337 meum
1806 1284 2044 1353 prodeat,

455 1366 591 1420 oculi
618 1369 690 1421 tui
714 1368 921 1423 rideant
949 1370 1259 1441 equitatem.
1294 1369 1537 1425 Probasti
1557 1389 1647 1426 cor
1671 1388 1866 1438 meum,
1897 1382 1947 1426 et
1971 1374 2046 1426 vi-

454 1459 623 1512 sitasti
644 1467 816 1525 nocte,
839 1461 960 1531 igne
993 1477 1076 1514 me
1101 1462 1436 1524 examinasti,
1466 1471 1517 1514 et
1535 1478 1638 1516 non
1667 1472 1743 1517 est
1764 1463 1969 1517 inventa
1988 1464 2044 1516 in

454 1567 535 1607 me
551 1551 816 1623 iniquitas.
846 1551 915 1607 Ut
930 1568 1035 1607 non
1056 1553 1293 1625 loquatur
1314 1570 1371 1608 os
1392 1570 1558 1608 meum
1578 1571 1737 1624 opera
1755 1554 2041 1620 hominum,

456 1653 665 1713 propter
692 1643 844 1698 verba
874 1643 1128 1699 labiorum
1157 1653 1360 1699 tuorum
1397 1662 1491 1716 ego
1519 1646 1771 1700 custodiri
1807 1646 1917 1700 vias
1946 1646 2043 1705 du-

456 1750 563 1787 ras.
613 1733 817 1804 Perﬁce
843 1751 1047 1805 gressus
1072 1751 1209 1790 meos
1231 1737 1287 1789 in
1319 1736 1514 1789 semitis
1544 1737 1645 1790 tuis
1663 1775 1677 1801 ,
1708 1745 1764 1789 ut
1801 1752 1907 1790 non
1931 1752 2044 1790 mo-

458 1834 671 1878 veantur
699 1826 911 1896 vestigia
950 1842 1083 1879 mea.
1134 1824 1246 1897 Ego
1276 1826 1761 1898 clamavi,quoniam
1788 1827 2050 1880 exaudisti

458 1930 537 1968 me
560 1955 574 1979 ,
608 1913 746 1968 Deus
768 1929 788 1979 ;
818 1915 1011 1968 inclina
1039 1932 1216 1969 aurem
1242 1925 1382 1970 tuam
1410 1916 1569 1981 mihi,
1603 1924 1652 1970 et
1679 1916 1869 1970 exaudi
1897 1915 2049 1971 verba

459 2025 591 2061 mea.
618 2006 850 2079 Miriﬁca
872 2009 1256 2064 misericordias
1285 2019 1399 2064 tuas
1418 2048 1435 2074 ,
1463 2011 1550 2081 qui
1579 2010 1748 2063 salvos
1774 2010 1905 2081 facis
1932 2026 2049 2080 spc-.

460 2110 632 2156 rantes
660 2099 715 2152 in
737 2108 802 2153 te.
832 2100 875 2152 Α
901 2098 1251 2155 resistentibus
1281 2100 1508 2156 dextera:
1529 2110 1631 2159 tute
1648 2100 1847 2155 custodi
1867 2117 1967 2166 me,
1992 2109 2051 2154 ut

460 2190 712 2260 pupillam
740 2190 876 2244 oculi
909 2192 999 2244 tui.
1045 2189 1153 2247 Sub
1182 2189 1363 2245 umbra
1392 2191 1596 2246 alarum
1619 2202 1821 2255 tuarum
1842 2200 2051 2264 protege

459 2300 572 2348 me;
608 2300 640 2337 a
668 2284 803 2355 facie
839 2284 1114 2355 impiorum
1133 2286 1218 2356 qui
1247 2301 1328 2338 me
1352 2284 1665 2355 afflixerunt.
1714 2283 1923 2339 Inimici
1952 2285 2051 2338 mei

459 2376 692 2429 animam
713 2391 882 2429 meam
908 2375 1385 2442 circumdederunt,
1422 2376 1630 2447 adipem
1663 2393 1813 2433 suum
1839 2378 2051 2431 conclu—

462 2475 672 2531 serunt,
702 2481 758 2520 os
787 2482 967 2520 eorum
999 2465 1225 2519 locutum
1246 2475 1332 2527 test
1354 2465 1665 2537 superbiam.
1707 2465 2053 2537 Projicientes

461 2575 543 2612 me
579 2574 715 2612 nunc
762 2557 1210 2615 circumdederunt
1254 2575 1353 2623 me,
1397 2559 1573 2613 oculos
1616 2574 1735 2613 suos
1761 2567 2054 2613 statuerunt

465 2652 726 2704 declinare
756 2651 810 2703 in
843 2659 1052 2705 terram.
1087 2649 1437 2721 Susceperunt
1468 2668 1548 2705 me
1577 2652 1711 2705 sicut
1732 2650 1812 2706 leo
1837 2659 2055 2722 paratus

464 2732 535 2795 ad
561 2740 812 2812 prwdam,
849 2751 898 2795 et
915 2744 1048 2795 sicut
1073 2740 1275 2796 catulus
1303 2741 1466 2796 leonis
1493 2741 1733 2797 habitans
1752 2744 1810 2797 in
1840 2742 2048 2797 abditis.

466 2833 724 2906 Exsurge,
775 2833 1034 2899 Domine,
1076 2836 1301 2905 praeveni
1354 2852 1470 2890 eum
1498 2844 1548 2888 et
1594 2835 1873 2906 supplanta
1912 2852 2051 2900 eum,

464 2927 606 2995 eripe
632 2924 863 2979 animum
888 2941 1055 2979 meum
1099 2924 1165 2979 ab
1202 2926 1390 2995 impio,
1422 2928 1675 2997 frameam
1700 2934 1841 2979 tuam
1864 2924 1928 2979 ab
1950 2927 2054 2980 ini-

465 3019 613 3072 micis
641 3032 825 3072 tnanus
877 3026 995 3074 tute.
1046 3016 1295 3083 Domine,
1345 3035 1378 3072 a
1418 3020 1598 3089 paucis
1628 3018 1692 3073 de
1720 3026 1857 3072 terra
1885 3018 2055 3075 divide

465 3128 553 3166 cos
578 3112 633 3164 in
656 3112 762 3165 vita
787 3127 984 3180 eorum,
1017 3120 1066 3165 et
1092 3111 1154 3165 de
1173 3110 1488 3167 absconditis
1516 3112 1615 3166 tuis
1645 3110 1951 3182 adimpletus
1979 3122 2056 3167 est

466 3214 640 3258 venter
659 3220 851 3258 eorum.
886 3203 1123 3260 Saturati
1144 3214 1262 3258 sunt
1289 3203 1785 3274 filiis,etdiviserunt
1812 3204 2053 3275 reliquias

466 3313 589 3351 suas
619 3297 847 3367 parvulis
875 3298 1002 3351 suis.
1036 3294 1149 3367 Ego
1171 3304 1344 3350 autem
1363 3296 1417 3350 in
1432 3294 1641 3367 justitia
1661 3295 1918 3366 apparebo
1940 3311 2057 3349 con-

467 3389 661 3458 spectui
684 3396 788 3455 tuo,
812 3388 1044 3443 satiabor
1063 3404 1179 3443 cum
1207 3388 1507 3459 apparuerit
1533 3386 1703 3459 gloria
1728 3394 1837 3440 tua.

1037 3516 1472 3557 COMMENTARIUM.

541 3609 749 3665 Titulus
797 3612 1097 3668 orationem
1148 3611 1402 3677 insinuat,
1452 3611 1505 3665 in
1540 3625 1647 3679 qua
1676 3609 1744 3665 de
1767 3609 1975 3678 justitia
2004 3617 2059 3667 et

467 3701 535 3755 de
558 3700 761 3770 judicio
790 3716 820 3754 a
844 3700 959 3756 Deo
987 3701 1227 3770 regulam
1255 3699 1444 3767 sumit,
1485 3707 1546 3754 ut
1574 3715 1694 3755 cum
1719 3698 1924 3768 iudicat
1956 3699 2058 3754 ho-

469 3794 670 3847 minem
698 3794 881 3859 homo,
914 3808 1123 3849 memor
1159 3793 1230 3849 sit
1268 3808 1393 3848 eum
1434 3792 1503 3848 ad
1542 3792 1829 3862 imaginem
1862 3791 1956 3845 Dei
1983 3788 2061 3844 fa-

471 3896 650 3959 ctum;
682 3894 738 3944 et
766 3902 874 3942 non
900 3886 954 3940 in
984 3886 1139 3943 labiis
1166 3885 1369 3942 dolosis
1393 3884 1460 3941 de
1491 3884 1644 3941 iultu
1685 3883 1781 3939 Dei
1802 3881 2063 3954 judicium

470 3993 625 4045 suum
672 3974 938 4048 proferat,
992 3975 1086 4031 sed
1132 3976 1275 4032 oculi
1321 3973 1437 4046 ejus
1476 3974 2058 4043 videantzequitatem;

473 4086 578 4125 non
628 4068 809 4134 dicat,
861 4067 960 4123 llic
985 4066 1134 4125 dives
1161 4075 1216 4122 et
1244 4068 1331 4123 hic
1355 4081 1577 4138 pauper,
1625 4066 1721 4122 sed
1749 4065 1929 4129 dicat,
1964 4062 2063 4118 Hic

473 4177 673 4218 nocens
719 4170 776 4216 et
817 4161 907 4216 hic
953 4162 1242 4225 innocens,
1290 4159 1502 4216 etiamsi
1539 4158 1778 4229 patiatur
1813 4156 2060 4217 adversa,

471 4254 595 4324 quia
633 4253 813 4323 justus
854 4253 1018 4322 judex
1065 4253 1265 4325 poterit
1309 4250 1631 4316 factionibus
1676 4247 1920 4317 fatigari,
1952 4262 2060 4301 nou

470 4348 695 4420 justitia.
737 4346 836 4402 lIic
866 4353 1047 4401 tamen
1085 4346 1246 4399 etiam
1274 4345 1484 4413 Ignibus
1511 4342 1851 4397 examinatus
1879 4344 1980 4402 est,
2008 4346 2064 4392 et

476 4458 581 4497 uon
630 4448 713 4495 est
758 4439 972 4494 iuventa
1022 4438 1077 4491 in
1124 4452 1190 4492 eo
1238 4436 1509 4505 iniquitas.
1578 4432 1794 4499 Quare?
1841 4437 2064 4501 propter

445 4532 636 4589 'verba
662 4572 677 4598 ,
726 4531 933 4601 inquit,
983 4529 1249 4585 labiorum
1275 4536 1508 4595 tuorum,
1548 4524 1673 4594 quia
1704 4524 1819 4594 ipse
1841 4520 2061 4577 dixisti:
2099 4510 2141 4569 Ι)

476 4624 601 4681 Non
631 4627 853 4697 accipies
882 4639 1157 4696 personam
1186 4622 1409 4694 potentis
1440 4621 1493 4673 in
1517 4618 1735 4690 judicio.
1766 4615 1909 4685 Ergo
1936 4630 2065 4685 pro-

475 4726 595 4787 pter
622 4718 737 4773 hazc
764 4733 882 4788 quzc
907 4716 1141 4785 iussisti,
1173 4715 1336 4771 etiam
1365 4712 1478 4766 vias
1505 4710 1667 4766 duras
1692 4706 2070 4765 custodiendas

474 4808 695 4875 credidi,
728 4824 833 4864 non
857 4808 1096 4864 timendo
1125 4808 1299 4861 minas
1327 4799 1660 4873 carniﬁcum,
1695 4816 1800 4855 non
1829 4797 2067 4854 timendo

470 4904 737 4968 iacturam
785 4900 1023 4953 omnium
1071 4913 1272 4954 rerum.
1334 4895 1532 4950 Verum
1569 4892 1696 4962 quia
1732 4891 1826 4963 qui
1855 4903 2068 4960 perma-

476 5007 611 5051 nens
640 4991 762 5055 erit,
796 4991 883 5045 hic
911 4990 1088 5044 salvus
1109 4990 1248 5053 erit;
1273 4989 1538 5057 deprecor
1565 4990 1623 5039 ut
1650 4981 1897 5054 perticias
1923 4994 2068 5050 gres-

476 5101 568 5140 sus
596 5099 747 5139 meos
777 5084 828 5138 in
863 5082 1068 5137 semitis
1092 5082 1195 5135 tuis
1215 5120 1230 5145 ,
1263 5087 1321 5135 ut
1356 5094 1463 5133 non
1492 5083 1812 5132 moveantur
1838 5071 2063 5141 vestigia

478 5194 616 5233 mea.
660 5176 775 5231 Non
824 5176 1039 5230 timeam
1089 5174 1332 5227 homines
1362 5171 1607 5240 injustas,
1658 5179 1714 5224 et
1741 5168 1889 5231 salva
1918 5180 2004 5219 me
2033 5179 2065 5219 a

478 5270 854 5329 resistentibus
898 5267 1137 5323 dextera:
1164 5273 1287 5319 tum.
1329 5262 1550 5319 Custodi
1591 5276 1677 5316 me
1712 5268 1771 5314 ut
1810 5257 2066 5330 pupillam

478 5366 641 5432 oculi,
674 5363 727 5420 id
753 5370 868 5429 est,
899 5361 951 5416 in
984 5357 1130 5414 omni
1157 5358 1290 5412 hora
1319 5396 1334 5421 ,
1368 5356 1420 5410 in
1450 5354 1596 5409 omni
1624 5359 1824 5423 puncto
1843 5391 1857 5416 ,
1889 5355 1945 5405 et
1969 5347 2068 5402 sub

480 5459 668 5514 umbra
698 5455 903 5510 alarum
953 5459 1167 5507 tuarum
1204 5454 1428 5519 protege
1467 5460 1572 5500 me.
1636 5442 1835 5498 Umbra
1863 5441 2068 5495 alarum

482 5567 580 5623 pro
610 5548 806 5605 affectu
830 5546 1022 5602 domus
1042 5542 1237 5598 divinae
1263 5539 1500 5612 ponitur.
1552 5537 1596 5591 A
1626 5535 1760 5590 facie
1789 5534 2076 5603 impiorum

481 5641 574 5721 qui
600 5656 687 5697 me
714 5638 1048 5700 alllixcrunt,
1083 5633 1368 5705 impiorum
1399 5627 1791 5687 Pharisazorum
1817 5623 2073 5691 intelligo.

485 5714 586 5803 Qui
613 5731 822 5805 adipem
851 5745 1006 5787 suum
1036 5727 1435 5789 concluserunt,
1468 5721 1520 5778 id
1544 5729 1645 5787 est,
1675 5718 1901 5790 pingues
1932 5714 2075 5771 lacti.

1703 292 1975 353 ARNOBII
2014 290 2315 352 JUNIORIS
3565 300 3646 358 SH

356 476 361 481 ,
455 411 639 466 videre
663 409 1081 480 corruptionem,
1114 409 1237 479 quia
1269 418 1423 467 notas
1450 412 1581 467 mihi
1601 414 1773 469 fecisti
1806 414 1918 468 vias
1937 426 2042 481 qua
2072 414 2122 470 A
2148 409 2219 466 Os
2247 426 2435 466 eorum
2467 410 2707 465 locutum
2748 415 2830 463 est
2872 407 3189 478 superbiam.
3229 406 3538 479 Projicieutcs
3567 430 3649 481 me,

2152 514 2280 559 tunc
2306 504 2374 558 de
2395 502 2708 574 Synagoga;
2739 498 3200 556 circumdederunt
3222 516 3321 567 me,
3344 518 3468 557 nunc
3490 514 3540 559 ut
3560 521 3655 560 cru.

2150 591 2381 662 ciﬁgant.
2440 590 2638 648 Oculos
2683 591 2829 647 enim
2870 606 3000 648 suos
3042 598 3332 646 statuerunt
3363 592 3591 649 declinare
3612 597 3654 651 in

2150 697 2378 751 terram,
2411 694 2467 741 et
2505 701 2614 741 non
2652 684 3056 741 considerantes
3090 685 3333 739 oculorum
3356 678 3573 754 iudicem,
3596 688 3656 743 sic

2148 784 2500 847 susmperunl
2544 791 2651 843 me,
2701 776 2842 831 sicut
2886 775 2974 830 leo
3019 782 3232 845 paratus
3273 775 3335 830 ad
3376 776 3593 846 pandam,
3615 786 3657 832 et

2147 868 2286 922 sicut
2312 867 2520 922 catulus
2556 867 2747 923 leonis.
2810 864 3050 922 Leonem
3077 866 3324 937 populum
3356 867 3657 934 sacerdotum,

2147 959 2384 1013 catulum
2412 958 2587 1014 leonis
2628 957 2886 1029 populum
2925 956 3195 1013 subditum
3227 956 3554 1013 sacerdotibus
3583 973 3659 1026 po-

2147 1050 2270 1104 suit.
2310 1049 2420 1104 Illis
2465 1049 2817 1105 frementibus
2866 1064 3031 1119 super
3074 1057 3283 1119 captum
3307 1088 3325 1113 ,
3359 1049 3427 1103 illi
3451 1049 3659 1110 seditiosa

2147 1140 2297 1195 rabie
2341 1139 2691 1195 devorabant.
2733 1138 2975 1209 Exsurge
2996 1181 3011 1205 ,
3060 1140 3308 1204 Domine,
3345 1140 3548 1209 praeveni
3571 1153 3661 1204 eos,

2147 1231 2414 1287 suscitans
2440 1227 2712 1285 Christum
2743 1237 2891 1283 tuum
2911 1270 2925 1296 ,
2967 1244 3075 1298 quo
3102 1236 3399 1297 resurgente
3434 1228 3660 1286 subvertes

2148 1337 2261 1377 eos.
2303 1320 2477 1376 Habet
2516 1321 2660 1375 enim
2705 1320 2917 1374 ruinam
2962 1320 3104 1375 hanc
3148 1319 3355 1384 invidia,
3384 1325 3437 1372 ut
3462 1331 3659 1371 eversum

2147 1410 2291 1465 dicat
2334 1417 2643 1480 susceptum
2668 1424 2823 1464 suum
2840 1450 2855 1474 ,
2878 1409 2924 1463 si
2965 1410 3109 1465 hunc
3135 1424 3291 1478 quem
3316 1407 3474 1477 decipi
3498 1405 3663 1461 studuit

2148 1500 2328 1556 videat
2356 1499 2795 1570 triumphantem.
2837 1498 3029 1570 Eripe,
3061 1499 3260 1568 inquit,
3290 1498 3501 1552 animam
3524 1509 3662 1549 meam

2149 1594 2217 1648 ab
2246 1592 2430 1663 impio,
2461 1591 2513 1647 id
2537 1600 2639 1658 est,
2670 1607 2701 1646 a
2728 1591 2921 1647 mortis
2943 1590 3093 1660 jugo,
3126 1598 3181 1645 et
3217 1587 3436 1657 gladium
3468 1585 3662 1639 inimico-

2150 1700 2269 1740 rum
2296 1685 2365 1740 de
2401 1698 2565 1738 manu
2601 1691 2693 1737 tua
2734 1682 2922 1737 evelle.
2965 1680 3245 1736 Frameam
3273 1680 3495 1734 humanae
3517 1675 3663 1728 litters:

2082 1770 2122 1828 Β
2148 1776 2456 1846 specialiter
2477 1773 2662 1829 dicunt
2688 1773 2931 1828 lanceam
2954 1772 3114 1841 regis,
3149 1786 3246 1826 nos
3270 1777 3435 1824 autem
3460 1766 3663 1820 frameam

2148 1867 2471 1937 generaliter
2509 1864 2742 1935 gladium
2778 1866 2831 1919 in
2872 1864 3166 1934 Scripturis
3199 1861 3389 1918 sanctis
3409 1858 3663 1928 accipimus.

2149 1956 2303 2024 Quod
2331 1963 2512 2012 autem
2536 1972 2567 2011 a
2595 1956 2780 2026 paucis
2806 1963 2962 2024 rogat
2988 1962 3048 2009 ut
3073 1959 3383 2025 separentur
3403 1951 3455 2005 bi
3479 1948 3555 2018 qui
3572 1961 3667 2002 eum

2151 2047 2423 2116 alliigunt,
2472 2048 2587 2103 haec
2630 2047 2772 2102 ratio
2819 2053 2938 2111 est,
2987 2044 3136 2114 quod
3163 2044 3286 2099 dum
3314 2047 3558 2097 teneretur
3579 2036 3665 2089 ait:

2152 2141 2265 2212 Ego
2310 2155 2422 2194 sum
2450 2155 2598 2212 quem
2636 2139 2896 2210 quaeritis,
2938 2138 3032 2192 hos
3082 2136 3321 2190 dimittite
3348 2131 3508 2205 (Joan.
3534 2126 3671 2194 mn).

2153 2230 2219 2286 de
2247 2231 2444 2300 quibus
2473 2231 2588 2300 ipse
2613 2230 2826 2286 dixerat
2854 2247 2867 2282 :
2916 2227 3076 2283 Multi
3118 2228 3320 2301 quidem
3354 2223 3529 2287 vocati,
3554 2218 3674 2291 pauci

2153 2341 2271 2378 vero
2292 2324 2438 2378 electi
2467 2322 2647 2396 (Matt.
2684 2322 2801 2393 xx).
2860 2320 2907 2375 A
2937 2322 3125 2391 paucis
3154 2334 3280 2389 ergo
3308 2319 3403 2373 bos
3426 2318 3674 2387 persecuto-

2154 2431 2242 2473 res
2289 2430 2442 2472 meos
2484 2414 2693 2480 divide,
2741 2421 2797 2469 et
2823 2413 3106 2484 supplanta
3138 2428 3233 2468 eos
3258 2412 3312 2465 in
3337 2408 3437 2463 vita
3463 2406 3673 2475 ipsorum.

2155 2507 2540 2578 Supplantatur
2577 2507 2670 2575 qui
2714 2505 3050 2576 privilegium
3097 2503 3323 2562 amittit,
3352 2499 3479 2555 sicut
3499 2509 3527 2548 a
3547 2488 3677 2578 lacob

2154 2577 2294 2652 Esau
2324 2597 2698 2668 supplantatus
2724 2602 2835 2662 est,
2873 2610 2980 2650 non
3010 2611 3109 2666 per
3136 2592 3388 2649 malitiam
3412 2584 3584 2647 Iacob,
3608 2577 3678 2635 sed

2155 2704 2254 2760 per
2297 2695 2665 2757 contemptum
2708 2686 2888 2751 Esau,
2930 2687 3025 2756 qui
3073 2694 3183 2740 tam
3218 2699 3316 2755 pro
3360 2679 3509 2735 nihilo
3532 2671 3679 2728 habuit

2157 2781 2417 2850 primatus
2439 2820 2453 2846 ,
2487 2786 2549 2834 ut
2590 2778 2749 2833 unius
2783 2778 2889 2833 cibi
2931 2777 3178 2833 vilissimi
3206 2776 3362 2831 etiam
3388 2769 3544 2841 pretio
3566 2775 3682 2820 com-

2156 2876 2389 2945 putarat.
2430 2872 2508 2926 Ita
2554 2885 2684 2940 ergo
2731 2879 2788 2926 et
2834 2870 2985 2927 bide
3014 2868 3345 2927 absconditis
3366 2864 3454 2919 Dei
3480 2857 3607 2930 quasi
3629 2852 3682 2907 de

2158 2966 2380 3038 porcina
2408 2965 2588 3021 satiati
2627 2972 2777 3031 sunt,
2809 2965 3056 3020 nolentes
3089 2963 3221 3019 dare
3245 2955 3571 3017 reverentiam
3593 2961 3681 3038 mv-

2156 3036 2335 3113 steriis
2361 3055 2496 3125 ejus.
2538 3054 2596 3111 Si
2624 3057 2768 3112 enim
2796 3055 3029 3112 scrutari
3062 3070 3187 3110 cum
3216 3047 3504 3107 reverentia
3524 3036 3683 3095 voluis-

2084 3141 2129 3205 C
2159 3157 2278 3205 sent
2305 3163 2468 3205 voces
2495 3147 2861 3219 propheticas,
2892 3160 3089 3215 agnum
3118 3146 3424 3212 acciperent
3443 3132 3684 3190 Christum.

2158 3242 2390 3298 salutem
2436 3254 2588 3296 suam
2635 3240 2689 3293 in
2734 3238 2849 3307 ejus
2894 3236 3158 3305 sanguine
3203 3232 3532 3290 collocantes.
3571 3219 3688 3307 Nunc

2158 3342 2337 3389 autem
2365 3332 2518 3402 quasi
2547 3330 2826 3402 porcinam
2855 3327 3247 3384 exsecrabilem
3287 3318 3595 3379 eomedenles
3614 3305 3687 3409 ξω

2157 3426 2279 3492 duci,
2328 3425 2400 3480 ita
2443 3438 2510 3479 eo
2558 3422 2707 3477 abusi
2737 3429 2898 3486 sunt,
2943 3420 2995 3475 in
3021 3433 3129 3488 quo
3161 3414 3338 3472 satiati
3366 3409 3458 3482 ipsi
3482 3408 3690 3470 sanguine

2160 3517 2293 3586 ejus,
2325 3516 2488 3570 etiam
2508 3512 2576 3567 ad
2596 3512 2847 3584 parvulos
2867 3524 2995 3566 suos
3022 3507 3283 3579 reliquias
3309 3496 3527 3559 criminis
3550 3501 3688 3545 trans-

2160 3609 2397 3663 tulerunt
2431 3606 2709 3661 dicentes:
2753 3602 2984 3674 Sanguis
3021 3600 3179 3670 hujus
3208 3614 3356 3669 super
3383 3608 3489 3652 nos,
3519 3595 3562 3641 et
3575 3592 3692 3651 super

2160 3700 2298 3777 ﬁlios
2320 3706 2521 3752 nostros
2551 3694 2730 3769 (Matt.
2761 3693 2950 3764 x'xvu).
2993 3691 3239 3747 Ecclesia
3268 3696 3440 3743 autem
3460 3680 3693 3777 exsecrati?

2162 3763 2258 3845 eos
2281 3788 2411 3844 dicit
2439 3763 2585 3858 quod
2633 3786 2702 3840 sit
2746 3799 2868 3841 cum
2911 3763 3119 3852 iustitia
3152 3782 3208 3836 in
3237 3781 3517 3847 conspectu
3538 3763 3631 3858 Dei.
3653 3763 3695 3810 εί

2163 3882 2385 3937 satietur
2412 3853 2540 3934 dum
2568 3876 2880 3948 apparuerit
2906 3874 3125 3929 dextera
3155 3872 3274 3942 ejus
3301 3871 3353 3923 in
3371 3863 3564 3921 Christo
3581 3853 3691 3912 les“.

2163 3977 2254 4046 qui
2283 3980 2472 4043 regnat
2500 3972 2555 4027 in
2584 3971 2776 4028 saecula
2804 3968 3146 4053 saeculorum.
3192 3966 3385 4024 Amen.

2700 4078 3019 4144 PSALMUS
3054 4076 3218 4132 XVII.

2165 4181 2221 4245 ιη
2254 4176 2413 4233 ﬁnem
2441 4173 2843 4248 ρυετοροωίηί
2865 4170 3050 4248 David.
3073 4172 3168 4239 ειυί
3198 4170 3409 4248 locum?
3427 4149 3695 4248 εεέὲΡὲΤέῗέ

2867 4222 2939 4297 ἷηῄ
2952 4222 3050 4297 δίε
3066 4222 3175 4312 qua
3203 4222 3401 4312 eripuit
3421 4242 3534 4285 eum

2649 4285 2991 4369 ίίιῖἶδῖὡῶω
3011 4285 3176 4381 νείῖιε,
3210 4316 3267 4363 et
3289 4285 3360 4361 [de
3398 4312 3547 4356 manu
3577 4285 3698 4345 Sani.

2236 4400 2292 4446 et
2315 4389 2476 4447 dixit:

2239 4508 2472 4578 Diligam
2493 4512 2560 4565 te,
2585 4500 2825 4564 Domine,
2850 4496 3100 4571 fortitudo
3122 4512 3237 4550 mea
3260 4509 3277 4548 :
3300 4486 3540 4544 Dominus
3564 4475 3701 4578 firmit-

2169 4574 2396 4654 meutum
2422 4610 2593 4657 meum
2619 4600 2669 4648 et
2698 4593 2956 4664 refugium
2993 4605 3159 4644 meum
3178 4626 3193 4652 ,
3235 4595 3285 4641 et
3327 4580 3558 4664 liberator
3580 4574 3702 4664 math

2170 4691 2311 4746 Deus
2335 4705 2476 4744 meus
2504 4686 2714 4757 adjutOr
2732 4659 2894 4747 meus,
2925 4690 2976 4736 et
3008 4679 3225 4752 sperabo
3249 4678 3306 4731 in
3333 4686 3462 4728 eum.
3490 4659 3706 4757 Drottfltt

2168 4800 2330 4847 meus,
2352 4790 2403 4836 et
2422 4745 2588 4834 cornu
2604 4776 2787 4833 salutis
2809 4788 2954 4838 mete,
2975 4781 3025 4825 et
3043 4777 3311 4840 susceptor
3330 4777 3483 4819 meus.
3508 4745 3711 4807 ιιωιάακε

2168 4874 2415 4932 invocabo
2459 4871 2772 4933 Dominum,
2804 4864 2946 4921 etab
2990 4862 3218 4918 inimicis
3268 4857 3393 4913 meis
3437 4847 3707 4939 saltu-8.970!-

2172 4964 2633 5024 Circumdederunt
2656 4977 2738 5016 me
2759 4958 2963 5014 dolores
2986 4954 3187 5017 mortis,
3220 4959 3271 5005 et
3302 4948 3539 5001 torrentes
3559 4933 3710 5024 initi?“

2174 5012 2292 5113 latis
2321 5052 2755 5111 conturbauerunt
2789 5066 2889 5104 me.
2925 5046 3143 5100 Dolores
3180 5038 3377 5113 inferni
3410 5012 3708 5119 circumi???

2172 5159 2293 5207 runt
2319 5166 2418 5212 me,
2450 5147 2934 5220 praeoccupaverunt
2964 5154 3045 5193 me
3073 5134 3243 5208 laquei
3271 5128 3468 5220 mortis.
3493 5118 3551 5174 Ῑπ

2173 5244 2365 5299 latione
2406 5206 2521 5295 mea
2565 5206 2797 5290 invocavi
2842 5230 3154 5291 Dominum,
3192 5232 3245 5278 et
3273 5220 3344 5275 ad
3393 5215 3547 5270 Deum
3578 5206 3711 5257 1W

2173 5336 2411 5393 clamavi.
2464 5332 2532 5387 Et
2575 5328 2839 5384 exaudivit
2880 5325 2945 5379 de
2997 5319 3185 5392 templo
3227 5321 3410 5371 sancto
3449 5320 3539 5404 tuo

2179 5446 2346 5486 meam
2364 5468 2379 5495 ,
2408 5435 2458 5481 et
2486 5425 2682 5480 clamor
2720 5437 2861 5476 meus
2890 5421 2944 5474 in
2972 5422 3247 5486 conspectu
3286 5410 3400 5482 ejus
3440 5394 3715 5495 intrarat}?

2182 5541 2332 5578 aures
2355 5523 2485 5594 ejus.
2520 5518 2789 5574 Commota
2817 5522 2894 5569 est
2929 5522 2977 5567 et
3018 5505 3324 5566 contremuit
3363 5508 3525 5557 terra.

2184 5625 2357 5672 menta
2379 5581 2630 5670 montium
2655 5605 2961 5666 conturbata
2990 5611 3108 5660 sunt
3136 5610 3185 5657 et
3203 5599 3455 5654 commota
3474 5586 3599 5645 sui“,

2190 5712 2325 5765 niam
2356 5710 2515 5763 iratus
2545 5714 2621 5761 est
2642 5705 2732 5760 eis.
2760 5698 3001 5757 Ascendit
3026 5698 3194 5772 fumus
3221 5693 3276 5746 in
3299 5691 3379 5744 ira
3400 5684 3523 5755 sit“.
3549 5679 3592 5728 εί
3615 5671 3722 5739 ³9⁷³⁸³
