3870 6182
156 319 252 381 545

1061 314 1533 375 (ΣΟΜΒΞΕΝΤᾹΠΗ
1572 314 1635 369 ΙΝ
1680 311 2008 368 PSALMOS.
2052 311 2241 368 I’SAL.
2288 314 2444 374 XVII.

3307 323 3412 379 546

158 453 185 493 a
208 431 692 506 faciecjusemarsit,
709 430 957 486 carbones
980 432 1211 485 succensi
1227 436 1347 511 sunt
1366 428 1429 481 ab
1452 444 1531 482 eo.
1558 425 1719 480 Incli—
1752 427 1793 483 Α
1823 423 1967 486 mili,
2000 433 2049 477 et
2076 422 2254 477 subdis
2282 425 2501 495 populos
2536 424 2628 478 sub
2657 443 2756 492 me,
2782 426 3030 483 liberator
3056 446 3195 483 meus
3224 431 3287 485 de
3309 433 3412 486 ini-

161 525 286 581 tiavit
306 523 487 589 cenios,
518 531 568 576 et
592 521 886 587 descendit,
928 531 979 575 et
1019 521 1187 593 caligo
1223 520 1315 574 sub
1344 518 1555 589 pedibus
1583 518 1717 589 ejus.

164 619 224 673 Et
245 616 469 671 ascendit
492 632 647 685 super
673 612 960 677 Cherubin,
1006 622 1055 666 et
1083 613 1296 676 volavit;
1342 610 1528 664 volavit
1567 626 1723 678 super

164 726 332 779 pennas
368 717 650 763 ventorum.
692 705 764 760 Et
804 707 974 778 posuit
997 703 1229 759 tenebras
1258 702 1528 758 latibulum
1550 718 1720 765 suum,

160 806 202 858 in
227 802 426 854 circuitu
452 801 563 870 ejus
604 797 991 853 tabernaculum
1020 799 1130 868 ejus
1149 836 1163 860 ,
1194 794 1463 850 tenebrosa
1503 812 1637 867 aqua
1664 796 1719 847 in

163 890 349 945 nubibus
387 891 546 947 aeris,
594 887 719 942 Prae
750 888 955 959 fulgore
998 889 1052 940 in
1099 894 1372 957 conspectu
1412 886 1522 957 ejus
1563 885 1719 939 nubes

163 982 478 1043 transierunt,
517 979 742 1050 grando,
774 985 822 1031 et
851 976 1100 1031 carbones
1129 978 1283 1048 ignis.
1310 974 1381 1029 Et
1402 976 1627 1029 intonuit
1658 974 1722 1029 de

124 1055 129 1059 ’
162 1075 263 1127 κιο
290 1071 559 1135 Dominus,
583 1080 632 1124 et
653 1071 951 1125 Altissimus
972 1070 1111 1123 dedit
1134 1086 1305 1123 vocem
1327 1070 1508 1133 suam,’
1520 1068 1720 1141 grando

162 1152 198 1217 et
231 1162 460 1216 carbones
490 1162 648 1233 ignis.
682 1160 751 1214 Et
780 1162 920 1215 misit
955 1162 1176 1232 sagittas
1213 1178 1335 1215 suas
1373 1170 1422 1214 et
1450 1161 1722 1231 dissipavit

161 1271 258 1316 eos;
286 1253 484 1323 fulgura
514 1253 874 1323 multiplicauit
893 1262 943 1305 et
970 1252 1288 1306 conturbavit
1315 1268 1421 1306 eos.
1454 1250 1525 1304 Et
1551 1268 1718 1322 appa-

161 1352 344 1397 ruerunt
372 1345 538 1413 fontes
567 1358 819 1413 aquarum
838 1383 853 1407 ,
894 1350 943 1395 et
973 1342 1194 1395 revelata
1225 1350 1344 1394 sunt
1382 1341 1720 1413 fundamenta

162 1435 281 1489 orbis
300 1444 564 1489 terrarum.
596 1432 671 1486 Ab
694 1434 1047 1503 increpatione
1066 1442 1175 1495 tua,
1202 1434 1442 1498 Domine,
1473 1433 1536 1487 ab
1559 1435 1719 1502 inspi-

162 1526 337 1579 ratione
355 1526 567 1594 spiritus
589 1525 682 1578 ἕνα
702 1532 824 1579 ιηω.
852 1519 1000 1577 Misit
1024 1525 1085 1579 de
1104 1542 1301 1579 summa
1321 1535 1369 1579 et
1391 1527 1583 1595 accepit
1604 1542 1717 1589 me;

166 1624 205 1669 et
224 1615 486 1683 assumpsit
514 1631 596 1668 me
616 1615 679 1667 de
697 1616 843 1684 aquis
865 1616 1057 1670 multis.
1084 1615 1287 1686 Eripuit
1314 1635 1391 1671 me
1411 1618 1474 1670 de
1493 1618 1719 1672 inimicis

160 1706 272 1758 meis
313 1700 638 1776 fortissimis,
669 1713 719 1758 et
747 1705 811 1759 ab
840 1707 920 1760 Itis
946 1708 1033 1778 qui
1061 1708 1279 1761 oderunt
1320 1725 1433 1769 me;
1475 1710 1719 1780 quoniam

1822 513 1967 566 micis
1994 515 2123 567 meis
2150 515 2436 568 iracundis.
2471 513 2539 567 Et
2568 516 2631 569 ab
2661 517 3042 587 insurgentibus
3069 520 3125 572 in
3152 536 3234 573 me
3259 528 3414 574 exat-

1822 602 1958 655 tabis
1993 619 2106 667 me;
2146 620 2179 656 a
2206 605 2315 657 viro
2341 605 2519 671 iniquo
2547 606 2732 674 eripies
2759 623 2857 660 me.
2882 605 3168 676 Propterea
3197 609 3414 680 conﬁte-

1823 691 1915 745 bor
1941 691 2030 746 tibi
2051 693 2105 745 in
2127 692 2447 757 nationibus,
2471 692 2713 761 Domine,
2737 706 2787 750 et
2815 699 3015 752 nomini
3045 709 3129 753 tuo
3157 700 3413 769 psalmum

1822 782 2011 836 dicam.
2037 782 2391 856 Magnificam
2416 787 2610 841 salutes
2639 790 2774 859 regis
2802 791 2933 860 ejus,
2964 801 3014 844 et
3035 793 3232 864 faciens
3253 795 3411 848 mise-

1820 873 2102 927 ricordiam
2130 875 2324 930 cltristo
2353 893 2447 931 suo
2484 875 2690 944 David,
2731 888 2781 933 et
2809 882 2992 936 semini
3021 884 3134 953 ejus
3161 900 3320 957 usque
3354 886 3412 939 in

1819 964 2089 1020 siccatum.

1872 1054 1887 1067 ‘
2394 1053 2832 1097 COHIENTABIUI.

1892 1146 2100 1202 Titulus
2145 1147 2233 1203 hic
2276 1147 2476 1206 indicat
2519 1152 2736 1220 quidem
2777 1153 3087 1218 historiam,
3130 1170 3293 1225 quam
3321 1156 3414 1227 qui

1820 1241 2010 1296 melius
2029 1256 2190 1310 quam
2212 1242 2265 1296 in
2287 1243 2495 1311 psalmo
2513 1245 2725 1300 canitur
2744 1246 2881 1302 scire
2910 1249 3140 1303 voluerit
3153 1291 3169 1314 ,
3207 1232 3416 1317 Regum

1818 1330 2095 1385 volumina
2126 1331 2350 1400 legendo
2411 1335 2730 1404 reperiet,et
2757 1337 2987 1407 qualiter
3013 1338 3333 1408 pugnaverit
3361 1346 3418 1392 et

1823 1423 2027 1487 vicerit,
2059 1431 2115 1477 et
2141 1424 2374 1491 qualiter
2401 1439 2622 1481 suorum
2651 1427 2895 1482 omnium
2924 1429 3157 1484 evaserit
3178 1428 3415 1483 hostium

1820 1530 2027 1570 manus.
2062 1514 2313 1571 Nostrum
2337 1525 2517 1571 autem
2545 1518 2650 1574 hoc
2671 1527 2754 1573 est
2783 1522 3144 1589 propositum,
3178 1527 3265 1581 ut,
3297 1535 3416 1590 my-

1820 1608 1953 1661 stica
1980 1608 2272 1663 moralibus
2299 1608 2657 1666 admiscentes
2674 1652 2693 1677 ,
2723 1620 2851 1666 tunc
2877 1612 3117 1668 dicamus
3142 1612 3373 1667 Domino
3397 1627 3412 1664 :

1822 1698 2049 1765 Diligam
2078 1706 2159 1765 te;
2205 1713 2326 1753 cum
2356 1700 2606 1755 omnibus
2634 1703 2910 1757 amoribus
2939 1702 3099 1757 tinem
3128 1702 3414 1772 quemdam

161 1796 414 1868 confortati
440 1804 560 1850 sunt
589 1813 744 1867 super
771 1814 868 1851 me.
902 1797 1272 1853 Prtevenerunt
1303 1817 1384 1852 me
1404 1800 1458 1853 in
1482 1800 1569 1853 die
1587 1800 1720 1871 afﬂi-

1829 1795 1877 1843 et
1908 1788 2195 1843 terminum
2216 1797 2500 1858 ponentes,
2525 1789 2626 1860 ipsi
2647 1791 2893 1855 dicimus,
2918 1791 3144 1860 Diligam
3167 1801 3240 1846 te.
3263 1790 3416 1846 Tunc

160 1888 323 1940 ctionis
349 1903 503 1951 meat;
533 1897 584 1940 et
603 1889 771 1959 factus
795 1899 872 1942 est
897 1888 1149 1943 Dominus
1178 1900 1437 1960 protector
1464 1908 1624 1945 meus.
1654 1892 1721 1945 Et

161 1976 315 2039 eduxit
341 1994 419 2031 me
455 1978 509 2031 in
552 1977 911 2043 latitudinem;
961 1980 1159 2033 salvum
1189 1998 1269 2033 me
1296 1982 1416 2051 fecit
1435 2021 1450 2046 ,
1479 1983 1724 2052 quoniam

161 2068 293 2121 voluit
313 2084 408 2122 me.
432 2066 504 2121 Et
541 2067 785 2122 retribuet
811 2069 941 2123 milii
974 2068 1231 2125 Dominus
1263 2072 1542 2126 secundum
1560 2074 1723 2145 jussi-

160 2162 265 2213 tiam
284 2177 477 2225 meam;
513 2168 563 2213 et
602 2159 883 2216 secundum
909 2162 1187 2231 puritatem
1210 2179 1457 2216 manuum
1495 2180 1725 2217 mearum

160 2253 380 2307 retribuet
404 2252 554 2309 mihi.
587 2251 725 2317 Quia
754 2253 1003 2309 custodivi
1044 2255 1153 2308 vias
1184 2253 1426 2320 Domini,
1455 2272 1547 2310 nec
1571 2257 1727 2326 impie

161 2344 277 2412 gessi
304 2360 337 2395 a
364 2342 474 2397 Deo
496 2360 626 2397 meo.
655 2341 914 2406 Quoniam
944 2346 1121 2398 omnia
1142 2346 1345 2415 judicia
1373 2347 1484 2417 ejus
1510 2349 1563 2401 in
1599 2365 1726 2401 con-

159 2444 313 2503 specta
353 2451 497 2499 meo,
526 2442 575 2487 et
597 2435 835 2504 justitias
878 2437 989 2506 ejus
1020 2453 1123 2490 non
1152 2436 1319 2507 repuli
1356 2456 1387 2491 α
1412 2455 1510 2492 me.
1540 2438 1609 2491 Et
1640 2457 1727 2493 ero

161 2524 498 2578 immaculatus
517 2541 633 2578 cum
651 2542 730 2590 eo,
754 2535 803 2579 et
822 2525 1095 2581 observabo
1116 2545 1198 2581 me
1217 2528 1283 2582 ab
1302 2530 1571 2601 iniquitate
1589 2549 1723 2585 mea.

162 2611 219 2665 Et
243 2612 484 2668 retribuet
508 2616 637 2669 milii
665 2615 921 2670 Dominus
943 2618 1224 2672 secundum
1252 2620 1513 2690 justitiam
1538 2639 1724 2687 nteant,

159 2710 198 2753 et
221 2704 494 2758 secundum
522 2706 801 2775 puritatem
829 2724 1076 2761 manuum
1104 2725 1334 2763 mearum
1373 2712 1425 2765 in
1456 2722 1726 2783 conspectu

161 2794 403 2849 oculorum
442 2797 577 2867 ejus.
609 2795 737 2851 Cum
782 2808 963 2854 sancto
992 2810 1201 2856 sanctus
1243 2804 1373 2865 eris,
1405 2814 1455 2858 et
1478 2822 1593 2858 cum
1622 2807 1729 2861 viro

160 2886 411 2942 innocente
437 2889 685 2944 innocens
714 2892 852 2955 eris;
884 2890 951 2944 Et
979 2909 1095 2946 cum
1122 2893 1281 2949 electo
1304 2895 1493 2950 electus
1518 2899 1651 2964 eris,
1679 2909 1731 2953 et

80 3024 83 3025 ν
160 2994 258 3032 cum
281 2997 519 3049 perverso
546 2984 873 3051 perverteris.
908 2982 1165 3048 Quoniam
1191 2997 1243 3040 tu
1282 2990 1528 3058 populum
1556 2991 1728 3045 humi-

161 3067 243 3121 lem
278 3070 478 3125 salvum
519 3074 712 3143 facies,
742 3084 793 3127 et
820 3076 995 3130 oculos
1030 3079 1365 3147 superborum
1409 3081 1725 3139 humiliabis.

1778 1946 1785 1954 ἢ
1825 1881 1969 1935 enim
1986 1896 2111 1936 vere
2131 1882 2298 1951 erepti
2319 1882 2386 1936 de
2406 1897 2568 1936 manu
2589 1884 2827 1938 omnium
2850 1883 3189 1938 inimicorum
3208 1891 3415 1937 nostro-

1823 1988 1971 2037 rum,
2004 1972 2057 2026 id
2085 1979 2201 2036 est,
2232 1971 2299 2026 de
2337 1987 2498 2027 manu
2527 1974 2767 2028 omnium
2795 1974 3133 2039 vitiorum,et
3159 1972 3226 2029 de
3256 1988 3416 2027 manu

1824 2064 1972 2129 Saul,
2004 2064 2057 2118 id
2084 2072 2187 2128 est,
2211 2064 2279 2118 de
2307 2080 2469 2118 manu
2498 2065 2755 2134 principis
2783 2065 2940 2133 hujus
2962 2064 3165 2128 mundi,
3189 2064 3417 2119 dicimus

1825 2154 1956 2221 Deo,
1980 2153 2208 2223 Diligam
2231 2163 2301 2209 te.
2326 2154 2721 2222 lnterrogemus
2743 2166 2921 2209 tamen
2944 2155 3228 2210 Dominum
3256 2162 3313 2208 et
3339 2152 3417 2205 di-

1827 2262 2013 2301 camus
2054 2264 2066 2299 :
2118 2245 2249 2312 Quis
2277 2254 2361 2300 est
2405 2247 2496 2315 qui
2527 2246 2699 2315 diligit
2728 2247 2814 2301 te?
2863 2245 3229 2316 Respondebit
3274 2246 3417 2300 enim

1828 2338 1983 2391 nobis
2012 2352 2109 2406 per
2135 2336 2517 2405 evangelistam
2565 2352 2755 2401 suum,
2803 2345 2858 2392 et
2903 2337 3046 2392 dicet
3079 2355 3091 2389 :
3126 2334 3227 2401 Qui
3274 2336 3419 2391 audit

1828 2427 1981 2484 verba
2011 2445 2143 2493 mea,
2175 2437 2225 2482 et
2253 2430 2381 2500 facit
2407 2445 2487 2492 ea,
2521 2428 2604 2482 hic
2632 2438 2708 2482 est
2734 2429 2819 2499 qui
2849 2428 3020 2499 diligit
3048 2444 3128 2481 me
3237 2424 3427 2495 (Joan.

1805 2519 2066 2591 xiv).lpsc
2094 2518 2225 2573 dicit
2250 2536 2261 2570 :
2286 2516 2543 2573 Dominus
2574 2518 2966 2572 ﬁrmamentum
2994 2532 3196 2583 meum,
3228 2517 3279 2572 id
3308 2525 3417 2581 est,

1830 2610 1898 2664 de
1925 2626 2034 2678 quo
2063 2625 2172 2664 non
2201 2608 2408 2664 dubito.
2457 2608 2579 2679 Ipse
2624 2608 2887 2678 refugium
2936 2624 3145 2673 meum,
3197 2609 3311 2679 ipse
3339 2616 3419 2662 est

1830 2703 2089 2756 liberator
2114 2715 2296 2765 meus,
2328 2701 2501 2770 ipsum
2532 2699 2754 2755 laudans
2781 2709 2835 2754 et
2864 2700 3038 2770 ipsum
3068 2699 3326 2754 invocans
3354 2698 3418 2752 ab

1832 2792 2063 2847 inimicis
2090 2790 2226 2846 meis
2253 2791 2432 2846 salvus
2457 2806 2573 2845 ero.
2621 2790 2863 2859 Denique
2906 2791 3177 2861 pnnterita
3224 2789 3454 2855 dicam,.

1832 2891 1891 2938 ut
1920 2882 2096 2937 futura
2126 2897 2234 2937 non
2261 2882 2529 2948 dubitem,
2561 2880 2687 2937 dum
2715 2881 3191 2938 circumdedissent
3217 2896 3304 2936 me
3330 2894 3419 2950 ge-

1831 2975 1995 3031 mitus
2022 2974 2231 3040 mortis,
2256 2982 2310 3028 et
2337 2973 2665 3043 iniquitates,
2689 2981 2744 3029 et
2759 2972 2995 3041 dolores,
3012 2981 3065 3028 et
3092 2973 3287 3044 laquei,
3319 2972 3427 3028 cla-

1832 3065 1972 3119 mavi
2002 3064 2069 3119 ad
2096 3080 2220 3120 eum
2247 3064 2490 3120 credens.
2523 3063 2587 3117 Et
2613 3064 2883 3120 exaudivit
2911 3063 2977 3119 de
3008 3064 3207 3134 templo
3236 3071 3421 3118 sancto
3514 3082 3520 3085 ·

165 3155 402 3221 Quoniam
430 3172 485 3215 ιιι
516 3163 781 3219 illuminas
804 3165 1068 3222 lucernam
1094 3186 1280 3232 meum,
1306 3169 1558 3236 nomine;
1588 3172 1729 3228 De",
1755 3164 1800 3226 ρ
1833 3170 1945 3227 suo
1961 3170 2148 3209 vocem
2179 3170 2350 3209 meam
2369 3196 2383 3219 ,
2416 3164 2471 3209 et
2498 3154 2704 3209 clamor
2732 3170 2884 3209 meus
2913 3155 3154 3209 introivit
3182 3155 3237 3210 in
3264 3169 3420 3208 aures

160 3266 295 3315 incus,
326 3253 568 3307 illumina
610 3254 847 3310 tenebras
888 3275 1050 3312 meas.
1081 3257 1339 3324 Quoniam
1369 3263 1421 3315 in
1461 3270 1511 3315 te
1536 3264 1733 3334 eripiar

160 3360 185 3395 α
205 3347 497 3409 tentatione,
529 3357 580 3401 et
601 3349 654 3401 in
683 3348 794 3404 Deo
823 3367 935 3405 meo
956 3352 1317 3423 transgrediar
1344 3370 1563 3407 murum.
1590 3353 1731 3409 Deus

159 3452 277 3491 meus
314 3439 590 3509 impolluta
619 3443 701 3495 via
728 3442 880 3512 ejus;
901 3445 1105 3513 eloquia
1134 3444 1347 3500 Domini
1386 3449 1506 3517 igne
1532 3448 1733 3501 exami-

159 3538 294 3591 nata;
319 3540 588 3600 protector
606 3541 684 3585 est
708 3534 936 3587 omnium
957 3537 1277 3605 sperantium
1296 3538 1350 3590 in
1372 3553 1443 3590 se.
1472 3534 1731 3600 Quoniam

159 3621 251 3686 quis
291 3621 433 3678 Deus
479 3633 670 3694 preter
710 3624 1013 3691 Dominum,
1062 3638 1154 3681 aut
1196 3629 1309 3698 quis
1356 3628 1496 3682 Deus
1542 3639 1732 3699 printer

158 3708 298 3766 Deum
318 3718 593 3770 nostrum?
616 3715 756 3771 Deus
782 3719 871 3789 qui
894 3721 1173 3788 prwcinxit
1201 3739 1283 3775 me
1300 3723 1509 3785 virtute,
1551 3731 1601 3776 et
1637 3739 1730 3792 po—

158 3802 242 3857 tuit
268 3804 658 3860 immaculatum
678 3808 815 3866 viam
836 3825 1025 3864 meam.
1055 3808 1158 3873 Qui
1180 3814 1397 3883 perfecit
1415 3812 1568 3883 pedes
1589 3829 1729 3867 meos

160 3900 376 3962 tanquam
405 3913 699 3962 cervorum,
728 3908 776 3951 et
803 3916 957 3969 super
988 3901 1196 3956 excelsa
1232 3910 1466 3956 statuens
1487 3920 1588 3957 me.
1627 3900 1731 3967 Qui

158 3982 282 4036 docet
306 4003 495 4041 manus
523 4004 669 4041 meas
697 3988 768 4041 ad
812 3990 1084 4060 prcelium;
1114 4001 1164 4046 et
1192 3993 1412 4062 posuisti
1454 4002 1511 4046 ut
1549 4010 1729 4048 arcum

158 4088 319 4129 ereum
358 4075 575 4137 brachia
601 4095 738 4134 mea.
768 4078 838 4132 Et
864 4080 1054 4135 dedisti
1081 4083 1209 4136 milii
1250 4086 1619 4153 protectionem
1638 4102 1728 4139 sa—

156 4163 258 4221 lutis
286 4177 407 4233 tute;
459 4180 511 4223 et
536 4170 752 4231 dextera
796 4181 883 4226 tua
921 4176 1147 4246 suscepit
1174 4192 1283 4240 me;
1350 4185 1403 4233 et
1450 4177 1728 4248 disciplina

158 4266 229 4309 tua
255 4264 476 4319 correxit
497 4280 579 4317 me
600 4264 655 4320 in
682 4264 860 4334 ﬁnem,
890 4275 941 4319 et
969 4266 1248 4337 disciplina
1275 4277 1362 4321 tua
1386 4270 1502 4339 ipsa
1528 4286 1608 4324 me
1632 4270 1728 4325 do-

156 4350 283 4404 cebit.
326 4352 581 4409 Dilatasti
625 4372 830 4426 gressus
874 4374 1014 4411 meos
1054 4356 1230 4414 subtus
1259 4377 1370 4425 me;
1399 4371 1449 4414 et
1476 4378 1581 4415 non
1607 4370 1727 4416 sunt

159 4442 399 4510 inﬁrmata
429 4448 650 4517 vestigia
695 4464 829 4505 mea.
862 4447 1156 4521 Persequar
1199 4451 1440 4506 inimicos
1474 4470 1645 4519 meos,
1676 4463 1727 4508 et

1835 3248 1969 3317 ejus.
2003 3247 2067 3301 Et
2094 3263 2162 3303 ex
2190 3249 2296 3303 hoc
2322 3248 2443 3303 loco
2473 3247 2635 3302 futuri
2660 3248 2846 3315 judicii
2874 3248 3107 3317 qualitas
3149 3245 3419 3317 panditur,

1831 3342 1985 3409 cujus
2016 3356 2112 3395 nos
2140 3349 2335 3406 terror,
2367 3340 2412 3393 si
2441 3341 2729 3403 credimus,
2761 3350 2971 3410 purgat.
3000 3340 3149 3395 Tunc
3176 3341 3319 3395 enim
3349 3340 3421 3394 ita

1833 3439 1972 3485 terra
2006 3424 2251 3486 tremore'
2268 3433 2594 3495 concutitur,
2627 3439 2684 3484 ut
2729 3431 2845 3501 ipsa
2890 3431 3238 3485 fundamenta
3268 3445 3421 3484 mon-

1832 3524 1964 3577 tium
1993 3523 2398 3578 conturbentur.
2449 3521 2719 3578 lrascente
2764 3523 2907 3578 enim
2949 3523 3209 3589 Domino,
3258 3521 3421 3577 etiam

1830 3614 1967 3683 ignis
1995 3614 2109 3684 ipse
2137 3612 2389 3668 ardescit.
2425 3610 2492 3667 Ut
2520 3612 2664 3667 enim
2693 3614 2830 3682 ignis
2876 3628 3092 3668 omnem
3141 3611 3421 3667 materiam

1830 3722 1860 3759 a
1890 3705 2026 3761 facie
2053 3722 2150 3760 sua
2179 3704 2306 3760 facit
2346 3704 2699 3760 exardescere
2717 3746 2733 3771 ,
2780 3705 2855 3759 ita
2903 3705 3017 3775 ipse
3063 3704 3201 3774 ignis
3228 3719 3259 3758 a
3289 3702 3423 3759 facie

1829 3796 1924 3852 Dei
1952 3796 2287 3863 exarilescet,
2319 3812 2441 3852 cum
2472 3795 2808 3852 inclinaverit
2835 3797 3019 3862 caelos,
3051 3804 3105 3853 et
3132 3795 3424 3852 descende-

1830 3889 1928 3953 rit,
1962 3896 2016 3941 et
2044 3887 2269 3956 cmperit
2297 3903 2417 3943 esse
2458 3886 2631 3955 caligo
2677 3888 2777 3942 sub
2822 3886 3048 3957 pedibus
3093 3886 3229 3956 ejus.
3259 3884 3424 3955 Cujus

1829 3980 1980 4050 ejus?
2008 3981 2127 4035 sine
2153 3978 2317 4034 dubio
2346 3978 2463 4049 ejus
2508 3980 2600 4048 qui
2648 3979 2911 4042 ascendit,
2937 3995 3100 4050 super
3125 3966 3420 4043 Cherubin,

1830 4084 1885 4130 et
1912 4074 2114 4130 volavit
2141 4087 2304 4142 super
2330 4087 2534 4142 pennas
2563 4082 2843 4128 ventorum
2862 4112 2878 4138 ,
2908 4073 3110 4142 quique
3138 4071 3317 4141 posuit
3345 4077 3426 4124 te-

1830 4167 2024 4222 nebras
2045 4164 2322 4218 latibulum
2342 4179 2517 4218 suum.
2539 4162 2814 4218 Tenebras
2833 4163 2920 4217 hic
2938 4179 3038 4232 pro
3060 4159 3425 4217 invisibilitaie

1827 4263 2040 4333 posuit;
2072 4259 2215 4315 unde
2242 4266 2298 4313 et
2325 4257 2570 4326 sequitur
2601 4275 2613 4310 :
2645 4256 2704 4311 in
2733 4256 2961 4312 circuitu
3006 4256 3124 4325 ejus
3168 4255 3417 4310 taberna-

1828 4355 1948 4411 cula
1976 4354 2093 4424 ejus
2111 4394 2127 4417 ,
2158 4359 2215 4408 et
2242 4350 2532 4406 tenebrosa
2560 4363 2700 4419 aqua
2730 4348 2785 4404 in
2812 4348 3046 4404 nubibus
3083 4347 3245 4402 aeris.
3275 4345 3424 4401 Tune

1831 4446 1935 4501 erit
1961 4442 2166 4515 grando
2194 4442 2353 4497 simul
2382 4448 2438 4496 et
2464 4441 2735 4496 carbones
2763 4439 2919 4509 ignis,
2943 4454 3065 4496 cum
3094 4438 3330 4499 tonuerit
3356 4436 3425 4492 de

159 4536 565 4602 comprehendam
594 4537 743 4600 illos,
768 4547 817 4593 et
840 4556 945 4593 non
975 4549 1244 4598 convertar
1265 4541 1427 4595 donec
1456 4543 1722 4613 deficiant.
1754 4527 1804 4587 Ι)
1827 4537 1969 4593 cmlo
2012 4534 2294 4596 Dominus,
2317 4538 2373 4588 et
2419 4531 2725 4587 Altissimus
2769 4531 2979 4587 dederit
3005 4546 3192 4587 vocem
3221 4544 3373 4585 suam
3407 4547 3421 4582 :

160 4623 474 4698 Confringam
504 4628 644 4693 illos,
692 4646 784 4683 nec
833 4639 1074 4699 poterunt
1119 4640 1288 4696 stare;
1334 4633 1523 4687 cadent
1548 4635 1726 4689 subtus

160 4718 290 4781 pedes
310 4738 464 4777 meos.
482 4720 555 4775 Et
575 4724 896 4793 prazcinxisti
917 4741 998 4778 me
1013 4726 1197 4779 virtute
1216 4725 1285 4778 ad
1305 4723 1520 4789 bellum;
1543 4737 1593 4780 et
1612 4744 1729 4797 sup-

159 4806 383 4872 plantasti
427 4816 753 4885 insurgentes
800 4816 855 4869 in
898 4833 980 4869 me
1022 4815 1198 4873 subtus
1240 4834 1338 4871 me.
1372 4817 1443 4871 Et
1489 4820 1728 4873 inimicos

162 4912 280 4953 meos
305 4902 493 4959 dedisti
512 4906 640 4959 mihi
662 4905 901 4969 dorsum;
925 4916 975 4960 et
996 4906 1227 4961 odientes
1247 4925 1328 4961 me
1347 4908 1721 4979 disperdidisti.

162 4987 520 5061 Clamaverunt,
545 5013 638 5051 nec
658 5008 770 5051 erat
788 4998 875 5068 qui
902 4997 1076 5053 salvos
1102 5000 1294 5070 faceret
1321 5000 1389 5053 ad
1414 4998 1725 5065 Dominum;

164 5095 242 5134 nec
281 5086 542 5141 exaudivit
585 5104 696 5142 eos.
739 5086 812 5141 Et
852 5089 1201 5144 comminuam
1246 5105 1334 5144 eos
1378 5098 1436 5142 ut
1473 5089 1729 5160 pulverem

163 5184 267 5228 ante
292 5179 473 5247 faciem
506 5180 662 5245 venti,
689 5189 746 5233 ut
772 5179 934 5233 lutum
959 5181 1249 5250 platearum
1276 5179 1450 5235 delebo
1471 5198 1579 5241 eos.
1605 5179 1730 5237 Eri—

160 5264 256 5327 Ρίεε
292 5284 370 5323 me
393 5270 459 5323 de
499 5268 995 5331 contradictionibus
1023 5270 1233 5341 populi;
1263 5273 1538 5329 constitues
1567 5288 1650 5326 me
1672 5272 1729 5329 in

163 5367 297 5426 caput
313 5363 559 5430 gentium.
580 5360 810 5433 Populus
830 5378 977 5432 quem
998 5379 1103 5417 non
1124 5366 1337 5435 cognovi
1356 5364 1561 5421 servivit
1580 5365 1726 5429 mihi,

163 5463 206 5498 ιη
232 5451 399 5505 auditu
427 5454 571 5507 auris
601 5452 821 5507 obedivit
857 5454 1005 5509 mihi.
1038 5453 1170 5509 Filii
1196 5456 1357 5510 alieni
1384 5457 1585 5511 mentiti
1608 5466 1729 5511 sunt

164 5539 297 5604 mihi,
326 5542 423 5611 ﬁlii
466 5544 626 5598 alieni
671 5545 941 5599 inveterati
978 5555 1127 5612 sunt,
1159 5556 1209 5600 et
1235 5546 1656 5602 claudicaverunt
1698 5567 1731 5602 a

164 5632 335 5686 semitis
361 5637 487 5689 suis.
529 5634 661 5690 Vivit
690 5634 965 5703 Dominus,
993 5648 1045 5692 et
1070 5638 1364 5694 benedictus
1392 5638 1532 5693 Deus
1563 5657 1726 5702 meus,

165 5735 205 5777 et
225 5727 469 5783 exaltetur
500 5727 634 5784 Deus
662 5730 845 5785 salutis
891 5749 1033 5787 metr.
1075 5732 1209 5787 Deus
1238 5735 1325 5804 qui
1354 5734 1446 5787 das
1480 5734 1729 5788 vindictas

1827 4629 2006 4684 mittet
2033 4625 2255 4695 sagittas
2281 4640 2424 4691 suas,
2450 4633 2508 4678 ut
2534 4624 2759 4694 dissipet
2784 4638 2899 4688 eos,
2926 4631 2983 4678 ut
3012 4623 3218 4690 fulgura
3244 4621 3426 4677 multi-

1826 4720 2008 4790 plicet,
2039 4723 2095 4773 et
2122 4717 2408 4772 conturbet
2435 4729 2550 4770 eos.
2584 4713 2735 4768 Tunc
2761 4714 3030 4783 parebunt
3056 4711 3232 4768 fontes
3259 4725 3427 4781 aqua-

1827 4826 1969 4876 rum,
2000 4817 2129 4865 tunc
2156 4806 2366 4879 parebit
2392 4812 2595 4874 quanta
2623 4804 2693 4859 sit
2720 4804 2889 4859 virtus
2914 4799 3277 4872 baptismatis,
3300 4808 3427 4857 tunc

1828 4917 1950 4957 cum
1978 4901 2361 4955 revelabuntur
2390 4897 2731 4952 fundamenta
2761 4897 2908 4950 orbis
2936 4884 3094 4951 terrae
3112 4936 3127 4961 ,
3158 4896 3225 4951 ab
3254 4894 3428 4949 incre-

1833 4996 2052 5066 patione
2074 4993 2284 5049 Domini
2304 5000 2358 5049 et
2379 5007 2409 5046 a
2431 4991 2728 5060 spiratione
2748 4989 2968 5060 spiritus
2997 4989 3093 5044 iraa
3119 4988 3254 5057 ejus.
3277 4985 3429 5042 Tunc

1833 5091 1977 5145 dicet
2003 5085 2276 5151 Ecclesia,
2308 5083 2452 5138 Misit
2490 5082 2559 5138 de
2596 5098 2809 5138 summo
2837 5090 2894 5138 et
2932 5080 3222 5152 assumpsit
3249 5093 3336 5134 me
3362 5076 3428 5132 de

1833 5179 2175 5238 multitudine
2189 5192 2473 5247 aquarum;
2487 5176 2646 5231 unius
2667 5176 2812 5232 enim
2834 5190 2987 5247 aqua!
3006 5169 3430 5232 sanctiﬁcatione

1833 5266 1922 5330 me
1949 5273 2120 5328 voluit
2147 5269 2475 5333 consecrari,
2503 5284 2603 5336 per
2629 5283 2791 5337 quam
2822 5267 3024 5338 eripuit
3050 5281 3137 5321 me
3164 5264 3231 5319 ab
3260 5259 3433 5316 inimi~

1834 5368 1912 5423 cis
1940 5365 2075 5421 meis
2116 5362 2441 5428 fortissimis,
2473 5369 2529 5417 et
2549 5362 2617 5417 ab
2644 5362 2728 5417 his
2755 5362 2849 5431 qui
2878 5361 3111 5416 oderunt
3147 5372 3262 5421 mc,
3291 5369 3432 5424 quo-

1834 5460 1978 5514 niam
2021 5455 2310 5514 conl‘ortati
2356 5464 2484 5512 sunt
2536 5471 2699 5526 super
2753 5471 2858 5510 me.
2910 5453 3292 5509 Prmvenerunt
3344 5462 3433 5503 me

1836 5566 2066 5619 namque
2095 5551 2149 5604 in
2178 5549 2265 5605 die
2293 5548 2600 5605 aﬂlictionis
2626 5564 2778 5611 uiae,
2812 5556 3057 5616 tempore
3083 5558 3193 5612 quo
3220 5540 3431 5611 gladius

1832 5642 2003 5698 secuit
2057 5642 2144 5712 pia
2203 5642 2405 5698 viscera
2462 5640 2680 5701 matris,
2725 5644 2780 5692 et
2819 5636 2992 5691 factus
3045 5644 3129 5689 est
3178 5630 3441 5688 Dominus

1835 5740 2117 5804 susceptor
2147 5749 2316 5789 meus.
2351 5732 2419 5787 Et
2448 5731 2699 5804 produxit
2729 5742 2815 5782 me
2844 5728 2912 5783 ab
2940 5727 3197 5798 angustiis
3225 5726 3278 5782 in
3308 5724 3432 5780 lati-
