3870 6182
391 291 492 346 537

1719 281 1989 338 ARNOBH
2027 281 2345 341 JUNIOBIS.

3563 293 3670 356 348

394 404 577 461 tudine
594 447 609 472 ,
641 405 887 461 liberavit
913 405 1054 459 enim
1082 418 1170 458 me
1198 403 1266 457 ab
1296 400 1525 456 inimicis
1571 400 1706 455 meis
1747 398 1978 453 fortissi-
2008 399 2057 457 A
2084 408 2318 468 nostros,
2349 410 2403 456 et
2422 406 2928 475 comprehendimus
2952 424 3067 476 eos,
3092 418 3151 466 et
3174 425 3285 466 nou
3311 415 3665 471 convertimur

394 499 520 564 mis;
551 506 607 553 et
627 498 876 553 retribuit
896 497 1025 550 mihi
1047 494 1336 550 secundum
1354 493 1616 564 justitiam
1636 508 1833 559 meam,
1855 493 1980 563 quia

392 592 688 646 mstodiam
717 590 830 644 vias
849 589 1060 643 Domini
1091 602 1260 656 usque
1288 587 1355 641 ad
1382 595 1634 651 mortem,
1659 602 1760 641 nec
1787 587 1981 640 timens

391 684 620 751 gladium
668 684 943 737 hominum
992 683 1155 752 impie
1200 679 1338 749 gessi
1382 695 1411 733 a
1458 678 1572 734 Dee
1599 694 1743 734 meo.
1773 677 1979 734 Judicia

390 775 530 827 enim
561 774 675 842 ejus
703 789 917 843 semper
943 783 1068 827 ante
1097 774 1282 828 oculos
1308 771 1498 837 habui,
1531 779 1586 826 et
1600 770 1837 840 justitias
1864 771 1983 841 ejus

391 881 495 921 non
515 865 685 934 repuli
708 881 737 919 a
752 881 857 919 me.
880 863 1032 919 Unde
1053 873 1108 919 et
1127 865 1358 934 populus
1372 870 1666 934 martyrum
1682 862 1796 931 ejus
1815 863 1942 918 dicit
1962 881 1975 917 :

390 956 496 1012 Ero
527 958 900 1013 immaculatus
928 974 1050 1013 eum
1088 973 1175 1013 eo.
1209 956 1343 1011 Cum
1365 971 1432 1012 eo
1454 956 1639 1026 utique
1666 957 1759 1025 qui
1786 956 1979 1010 imma-

393 1048 604 1102 ('ult'tlus
633 1048 684 1101 in
714 1063 874 1102 cruce
904 1063 1002 1117 pro
1031 1046 1399 1117 iniquitatibus
1427 1046 1627 1101 nostris
1654 1061 1845 1115 passus
1873 1029 1981 1100 esi.

397 1137 465 1191 Et
494 1137 791 1193 observabo
820 1153 906 1192 me
935 1139 1003 1192 ab
1043 1135 1326 1207 iniquitate
1346 1151 1464 1191 mea
1483 1176 1499 1202 ,
1520 1151 1683 1205 quam
1707 1136 1892 1205 utique
1920 1136 1976 1190 in

397 1230 652 1301 martyrio
672 1230 915 1300 deposui.
936 1230 1088 1285 Tunc
1106 1230 1363 1285 retribuet
1379 1229 1510 1283 mihi
1525 1228 1783 1284 Dominus
1794 1244 1982 1283 secuna

390 1327 516 1373 dum
564 1319 825 1388 justitiam
881 1336 1095 1385 meam,
1151 1328 1208 1375 et
1259 1319 1554 1375 secundum
1615 1319 1978 1375 innocentiam

391 1427 562 1467 meam
581 1454 595 1478 ,
627 1424 683 1466 et
722 1414 1014 1468 secundum
1059 1413 1422 1467 innocentiam
1451 1428 1707 1468 manuum
1735 1428 1979 1469 mearum

388 1502 442 1556 in
470 1512 763 1573 conspectu
791 1505 1069 1559 oculorum
1115 1504 1249 1573 ejus.
1292 1503 1427 1559 Nam
1471 1503 1617 1575 quod
1663 1512 1977 1559 memorat:

2082 493 2255 549 donec
2283 495 2557 552 deficiant.
2585 499 2880 567 Allligimus
2899 517 3014 569 eos,
3038 512 3099 558 ut
3118 512 3245 559 ante
3267 520 3368 561 nos
3393 514 3539 562 stare
3562 525 3668 564 non

2081 585 2326 654 possint,
2376 588 2470 643 sed
2500 589 2695 645 cadant
2721 592 2821 647 sub
2849 593 3077 663 pedibus
3121 596 3359 663 nostris,
3406 598 3452 652 si
3493 604 3666 654 tamen

2080 679 2355 746 praecincti
2384 680 2639 739 fuerimus
2664 684 2862 741 virtute
2883 687 2950 741 ad
2976 689 3203 756 bellum;
3232 698 3362 747 tunc
3389 693 3668 762 insurgeno

2049 814 2053 818 .
2083 777 2163 826 tes
2190 786 2353 847 super
2379 789 2495 840 nos,
2526 783 2685 829 erunt
2712 779 2898 833 subter
2942 796 3061 834 nos.
3092 778 3162 835 Et
3188 782 3527 838 inimicorum
3575 801 3671 841 no-

2080 868 2312 916 strorum
2338 863 2498 920 dorsa
2527 868 2828 925 videbimus
2855 869 3190 939 fugientium,
3223 889 3330 929 non
3358 874 3524 931 facies
3549 892 3672 946 per-

2080 955 2419 1024 sequentium
2442 997 2457 1021 ,
2503 959 2578 1013 ita
2628 967 2686 1014 ut
2730 964 3157 1019 eomminuamus
3185 980 3280 1021 eos
3308 975 3375 1021 ut
3395 968 3668 1037 pulverem

2082 1054 2208 1100 ante
2236 1045 2426 1101 faciem
2458 1050 2639 1116 venti,
2660 1059 2717 1106 et
2746 1060 2805 1106 ut
2851 1053 3021 1108 lutum
3068 1056 3369 1125 platearum
3396 1057 3672 1117 deleamus

2080 1150 2197 1191 eos.
2233 1136 2359 1193 Hice
2397 1140 2579 1219 omnia
2610 1142 2766 1197 nobis
2794 1159 2892 1213 per
2918 1144 3067 1199 illum
3094 1148 3344 1202 evenient
3371 1131 3670 1219 quiposuit

2080 1234 2140 1281 ut
2168 1244 2353 1284 arcum
2380 1218 2579 1286 aereum
2609 1233 2829 1289 brachia
2859 1236 2913 1289 in
2941 1252 3122 1301 cruce,
3155 1246 3211 1292 et
3236 1240 3481 1307 quotidie
3498 1218 3669 1296 inter-

2081 1319 2247 1388 pellat
2274 1336 2372 1390 pro
2399 1323 2575 1378 nobis.
2606 1323 2724 1394 ipse
2745 1326 2887 1380 enim
2917 1326 3049 1381 dicit
3076 1327 3144 1382 ad
3172 1328 3387 1384 Patrem
3417 1348 3430 1383 :
3463 1329 3674 1401 Eripies

2080 1425 2168 1465 me
2195 1411 2262 1466 de
2289 1414 2806 1471 contradictionibus
2834 1419 3018 1488 populi
3048 1420 3338 1488 increduli,
3383 1432 3438 1477 et
3463 1426 3674 1479 cenati...

2079 1507 2200 1556 tues
2227 1518 2313 1557 me
2342 1504 2397 1558 in
2424 1516 2585 1575 caput
2604 1509 2864 1576 gentium.
2894 1508 2963 1563 Et
2985 1509 3181 1579 adjecit
3205 1529 3218 1565 :
3242 1511 3483 1583 Populus
3507 1529 3683 1583 quem

387 1596 520 1649 Cum
549 1605 736 1652 sancto
763 1606 982 1652 sanctus
1009 1599 1148 1663 eris,
1196 1614 1302 1653 non
1334 1598 1401 1653 ad
1430 1597 1558 1653 illud
1586 1597 1806 1669 respicit
1832 1599 1978 1668 quod
2078 1608 2185 1647 non
2215 1597 2442 1663 cognovi
2471 1597 2689 1652 servivit
2730 1599 2884 1653 mihi.
2933 1599 3072 1670 Magi
3117 1602 3489 1670 crediderunt,
3533 1620 3675 1675 quos

390 1687 581 1741 usitata
629 1688 786 1755 vulgo
831 1689 1098 1744 sententia
1144 1690 1372 1745 dicimus
1404 1707 1418 1743 :
1447 1688 1584 1744 Cum
1627 1705 1738 1759 quo
1784 1690 1977 1759 aliquis

2089 1681 2222 1737 Deus
2248 1699 2358 1739 non
2385 1684 2704 1754 dedignatur
2726 1701 3075 1757 cognoscere,
3105 1698 3161 1745 et
3184 1690 3289 1746 illis
3313 1693 3676 1751 servientibus

389 1777 645 1846 jungitur,
679 1779 802 1834 talis
829 1781 950 1833 erit.
984 1780 1109 1835 Haec
1140 1773 1372 1860 quidenf
1403 1782 1669 1837 sententia
1698 1797 1826 1837 vera
1871 1791 1972 1846 est,

2089 1780 2139 1825 et
2178 1787 2400 1828 munera
2429 1773 2779 1832 oﬂ‘erentibus
2812 1777 2994 1834 Judaei
3035 1780 3337 1850 abnegant,
3384 1791 3441 1838 et
3468 1783 3522 1837 in
3551 1784 3678 1854 ejus

389 1868 485 1923 sed
529 1884 635 1924 non
684 1871 917 1939 pertinet
962 1871 1030 1926 ad
1085 1872 1580 1942 interpretationem
1634 1874 1977 1944 praesentium

389 1976 671 2027 versuum;
703 1965 807 2017 hoc
834 1963 976 2018 enim
1008 1964 1061 2018 in
1092 1964 1212 2019 loco
1233 1966 1280 2019 si
1301 1965 1381 2019 vis
1407 1965 1624 2035 planum
1654 1965 1829 2020 facere
1857 1982 1980 2021 sen-

389 2070 508 2109 sum
537 2058 798 2118 canentis,
826 2056 953 2111 illud
973 2056 1040 2111 ad
1062 2057 1378 2111 memoriam
1407 2058 1685 2113 revocabis
1711 2058 1855 2127 quod
1884 2074 1982 2128 per

390 2147 708 2217 prephctam
742 2146 1013 2202 ‘Dominus
1056 2147 1189 2202 dicit
1215 2148 1281 2202 ad
1311 2148 1568 2219 populum
1601 2167 1614 2201 :
1646 2147 1703 2203 Si
1732 2149 1979 2204 ambula-

390 2238 575 2293 veritis
620 2238 674 2292 in
724 2247 1019 2308 conspectu
1065 2253 1188 2293 meo
1234 2240 1400 2305 recti,
1450 2246 1506 2294 et
1553 2253 1654 2308 ego
1698 2239 1980 2295 vobiscum

390 2337 570 2385 rectus
600 2331 868 2396 incedam;
906 2347 954 2386 sn
1004 2346 1130 2386 vero
1177 2330 1579 2386 ambulaveritis
1620 2332 1891 2401 perversi,
1925 2340 1982 2388 et

390 2436 492 2493 ego
537 2425 814 2482 vobiscum
863 2440 1150 2495 perversos
1197 2440 1310 2479 ero.
1369 2423 1473 2494 Ipsi
1519 2439 1650 2494 ergo
1698 2422 1981 2480 Psalmista

392 2516 811 2584 loquitur:Cum
840 2524 1031 2572 sancto
1072 2525 1289 2573 sanctus
1334 2517 1474 2583 eris,
1523 2532 1646 2572 cum
1693 2518 1982 2571 innocente

394 2607 667 2675 innocens,
692 2618 804 2664 etc.
839 2607 993 2664 Unde
1022 2617 1076 2662 et
1105 2606 1303 2677 adjecit
1327 2625 1340 2660 :
1371 2606 1452 2660 Tu
1480 2606 1644 2672 enim,
1669 2607 1862 2675 inquit,
1885 2623 1983 2677 po-

394 2698 579 2768 pulum
604 2700 859 2755 humilem
889 2700 1091 2755 salvum
1122 2697 1307 2765 facies,
1330 2706 1384 2752 et
1412 2698 1599 2753 oculos
1626 2699 1982 2769 superborum

395 2792 719 2847 humiliabis.
751 2790 977 2856 Verum,
1026 2793 1152 2860 quia
1201 2791 1380 2859 posuit
1407 2790 1659 2845 tenebras
1704 2790 1983 2846 latibulum

394 2899 571 2948 suum,
593 2890 648 2937 et
668 2883 849 2938 videre
873 2883 1124 2954 mysteria
1153 2881 1548 2951 Scripturarum
1579 2879 1695 2949 ejus
1724 2896 1829 2935 non
1859 2897 1986 2951 pos-

395 2991 608 3042 sumus,
642 2976 742 3047 ipsi
786 2975 1079 3031 clamemus
1127 2991 1249 3031 cum
1292 2973 1559 3045 propheta
1592 2992 1604 3026 :
1637 2971 1900 3040 Quoniam
1927 2984 1986 3030 tu

398 3068 665 3124 illuminas
711 3068 985 3123 lucernam
1034 3084 1227 3132 meam,
1276 3066 1522 3123 Domine.
1571 3066 1721 3122 Sicut
1766 3069 1984 3123 lucerna

2081 1866 2544 1934 l‘el‘St'CllliOitlbUS
2570 1880 2940 1939 perseverant.
2969 1872 3088 1927 Filii
3117 1874 3276 1928 alieni
3305 1878 3517 1931 mentiti
3546 1886 3677 1932 sunt

2081 1954 2211 2007 mihi
2241 1955 2482 2010 dicentes
2509 1975 2521 2010 :
2546 1958 2752 2013 Scimus
2791 1962 2913 2032 quia
2934 1978 2967 2015 a
2997 1960 3110 2015 Deo
3136 1965 3345 2027 venisti,
3375 1975 3425 2018 et
3452 1966 3509 2020 in
3537 1968 3677 2020 reri-

2084 2052 2187 2097 tale
2212 2045 2363 2099 doces
2395 2046 2610 2118 (Matth.
2641 2049 2802 2119 xxu);
2831 2052 2927 2106 sed
2953 2051 3055 2106 ista
3095 2053 3257 2108 verba
3285 2067 3487 2109 eorum
3518 2066 3682 2112 erant

2081 2134 2242 2205 plena
2269 2136 2395 2191 dolo
2425 2138 2716 2205 mendacii,
2750 2142 2803 2195 in
2824 2156 2933 2211 quo
2956 2142 3241 2197 inveterati
3270 2152 3421 2208 sunt,
3445 2153 3499 2200 et
3520 2146 3681 2201 clau-

2082 2223 2396 2281 dica-verunt
2422 2244 2453 2281 a
2476 2229 2681 2287 semitis
2708 2230 2838 2295 suis,
2863 2232 3049 2300 utique
3072 2233 3124 2287 in
3145 2233 3338 2302 quibus
3358 2249 3454 2290 eos
3481 2235 3683 2291 decue

2080 2326 2207 2372 runt
2249 2319 2526 2377 ambulare
2553 2322 2848 2392 prophetae.
2897 2322 3005 2379 Sed
3031 2324 3164 2379 vivit
3208 2324 3500 2392 Dominus,
3551 2327 3683 2383 liuet

2083 2422 2204 2462 eum
2246 2411 2595 2479 crucifigatis,
2647 2421 2703 2467 et
2740 2414 3010 2483 sepultum
3048 2416 3316 2482 cernatis,
3361 2416 3452 2472 ille
3494 2425 3683 2473 tamen

2084 2510 2329 2571 resurget
2357 2512 2412 2558 et
2438 2505 2602 2572 vivit,
2634 2516 2690 2560 et
2710 2506 3036 2562 exaltabitur
3058 2506 3112 2561 in
3144 2507 3296 2563 cmlis
3323 2507 3468 2563 Deus
3486 2508 3687 2563 salutis

2084 2610 2236 2650 mete.
2271 2596 2389 2665 Ipse
2433 2596 2581 2653 dabit
2626 2599 2914 2654 vindictam
2961 2600 3101 2656 hanc
3148 2600 3402 2657 Ecclesia:
3444 2617 3594 2667 sum,
3628 2612 3689 2656 ut

2085 2688 2279 2744 subdat
2304 2691 2534 2761 populos
2556 2676 2770 2758 sub'ea,
2794 2700 2849 2748 et
2870 2693 2941 2748 sit
2960 2692 3216 2749 liberator
3236 2693 3353 2762 ejus
3375 2708 3406 2747 a
3425 2694 3690 2762 gentibus

2086 2780 2383 2847 iracundis,
2416 2790 2471 2836 et
2499 2782 2568 2837 ab
2596 2784 2994 2854 insurgentibus
3021 2798 3184 2855 super
3209 2799 3360 2850 eam,
3391 2791 3446 2839 et
3475 2785 3694 2840 exultet

2087 2886 2207 2926 eam
2235 2889 2388 2942 super
2427 2882 2654 2944 petram,
2699 2883 2758 2928 ut
2799 2886 2964 2946 parte:
2990 2877 3185 2948 inferni
3229 2891 3332 2930 non
3362 2875 3694 2946 praealtam

2088 2964 2331 3018 adversus
2357 2982 2472 3019 eam
2514 2964 2739 3037 (Matth.
2783 2966 2925 3038 1m).
2954 2966 3022 3020 Et
3050 2984 3082 3022 a
3112 2968 3227 3022 viro
3271 2967 3458 3039 iniquo
3487 2969 3694 3038 eripiet

2089 3070 2228 3120 eam,
2262 3056 2313 3110 id
2340 3065 2443 3122 est,
2469 3072 2499 3111 a
2527 3073 2697 3127 prave
2720 3058 2962 3115 doctore.
2994 3058 3288 3130 Propterea
3315 3057 3621 3119 conﬁtetur
3639 3062 3693 3117 ei

398 3160 643 3231 corporis
669 3160 874 3224 oculus,
907 3159 979 3212 ita
1010 3160 1226 3215 lucerna
1256 3160 1447 3213 animae
1475 3174 1626 3213 mens
1654 3168 1764 3223 est,
1799 3159 1850 3213 in
1878 3174 1985 3229 qua

2091 3148 2143 3202 in
2171 3150 2403 3218 populis,
2434 3157 2490 3204 et
2508 3150 2774 3219 psalmum
2802 3150 2933 3206 dicit
2960 3151 3166 3206 nomini
3186 3149 3321 3219 ejus,
3359 3151 3450 3221 qui
3470 3153 3693 3220 magni—

402 3252 503 3306 nisi
549 3250 727 3306 oleum
764 3250 948 3319 gratia:
994 3265 1102 3305 sua:
1147 3249 1392 3305 Christus
1442 3248 1727 3314 infuderit,
1776 3251 1988 3319 penitus

403 3348 581 3400 lumen
630 3344 830 3399 habere
876 3358 979 3398 non
1028 3343 1244 3413 poterit.
1294 3341 1595 3397 Lucernam
1650 3355 1780 3410 ergo
1833 3357 1985 3397 suam

401 3439 598 3495 clamat
639 3437 901 3510 propheta
932 3436 1219 3491 illuminari
1244 3451 1275 3490 a
1302 3435 1563 3503 Domino,
1594 3450 1714 3505 qua:
1742 3436 1786 3490 si
1827 3452 1986 3491 acce-

405 3531 545 3600 perit
570 3529 784 3585 lucendi
812 3528 1091 3582 materiam
1110 3567 1124 3592 ,
1175 3526 1416 3582 ostendit
1444 3526 1627 3582 foveas
1657 3527 1709 3582 in
1737 3542 1872 3595 quas
1900 3527 1989 3581 in-

403 3623 544 3677 cauti
565 3630 754 3687 ruunt,
778 3628 834 3675 et
853 3620 1076 3687 laqueos
1098 3620 1149 3673 in
1173 3619 1407 3674 tenebris
1425 3618 1647 3689 positos.
1672 3617 1736 3691 In.
1751 3618 1990 3673 tenebris

385 3714 545 3767 .enim
576 3712 677 3766 nisi
706 3712 884 3767 lumen
907 3710 1153 3763 habuerit
1173 3709 1470 3774 ambulans,
1494 3715 1588 3761 aut
1609 3707 1991 3763 offendiculum

404 3803 657 3866 incurrit,
702 3810 794 3856 aut
834 3803 1107 3857 incursum
1146 3801 1362 3870 penitus
1389 3816 1496 3854 non
1526 3800 1732 3867 evadit;
1765 3800 1907 3855 unde
1936 3810 1994 3856 et

406 3894 668 3965 propheta
695 3911 707 3945 :
731 3891 866 3946 Cum
897 3891 1300 3957 illuminaveris,
1324 3891 1513 3960 inquit,
1537 3891 1790 3946 tenebras
1817 3907 1985 3957 meas,

408 3986 480 4038 ita
507 3983 721 4038 demum
752 3983 951 4053 eripiar
978 3996 1008 4036 a
1037 3983 1367 4046 tentatinne,
1414 3990 1468 4037 et
1514 3983 1567 4036 in
1614 3988 1668 4038 te
1717 3982 1830 4038 Deo
1868 3998 1990 4039 meo

407 4076 767 4145 transgrediar
794 4091 1007 4142 muros,
1049 4076 1189 4130 sicut
1234 4074 1461 4130 Samson
1489 4076 1684 4132 clausis
1713 4083 1989 4146 portarum

400 4167 579 4239 januis
617 4167 756 4221 intra
800 4182 984 4221 mures
1011 4166 1227 4222 clausos
1267 4182 1365 4236 per
1407 4167 1662 4222 virtutem
1688 4166 1787 4223 Dei
1816 4177 1991 4224 trans-

403 4275 619 4329 gressus
646 4267 730 4315 est
757 4274 958 4315 muros.
986 4257 1429 4329 Transgredimur
1448 4267 1502 4313 et
1522 4275 1621 4314 nos
1643 4275 1844 4323 muros,
1868 4274 1990 4313 cum

404 4354 472 4408 de
501 4355 607 4408 isto
654 4367 883 4421 corpore
928 4361 1221 4415 exeuntes,
1270 4366 1367 4405 eos
1413 4349 1503 4418 qui
1534 4366 1633 4405 nos
1659 4349 1994 4404 circumdant

403 4444 695 4499 evadimus.
746 4442 803 4495 in
848 4440 963 4495 Deo
1010 4450 1189 4495 autem
1225 4442 1550 4508 migramus,
1582 4441 1629 4496 si
1656 4441 1988 4510 impollutam

403 4535 543 4588 viam
572 4533 696 4587 vita:
723 4541 921 4586 nostra:
949 4530 1417 4587 ambulaverimus.
1462 4530 1597 4599 Quia
1641 4533 1755 4602 ipsa
1796 4542 1878 4587 est
1904 4532 1991 4588 via
2020 4504 2071 4564 θ

406 4624 529 4689 Dei,
563 4625 612 4679 in
643 4638 747 4693 qua
779 4623 1177 4677 ambulantibus
1198 4631 1477 4693 protector
1498 4631 1582 4678 est
1608 4623 1847 4679 omnium
1869 4639 1993 4695 spe-

402 4717 633 4772 rantium
676 4718 727 4771 in
775 4732 851 4772 se.
900 4715 1019 4787 ipse
1065 4716 1207 4770 enim
1247 4729 1341 4770 eos
1369 4716 1647 4786 prtecingit
1674 4717 1902 4783 virtute,
1936 4726 1990 4772 et

402 4808 527 4863 facit
549 4810 941 4882 innnaculatam
962 4809 1103 4863 viam
1125 4824 1311 4865 eorum
1332 4817 1390 4863 ut
1413 4807 1616 4877 fugiant
1638 4811 1791 4879 quasi
1819 4812 1983 4866 cervi.

403 4902 539 4969 Quid
569 4900 806 4970 fugiant?
833 4901 963 4957 Sine
989 4903 1152 4958 dubio
1173 4919 1332 4959 omne
1354 4902 1578 4958 facinus.
1601 4902 1769 4960 Omne
1789 4906 1991 4975 quippe

401 5000 682 5063 peccatum
713 5007 780 5047 ex
810 4992 1114 5061 abjectione
1144 4995 1416 5050 vitiorum.
1447 4995 1620 5067 Super
1647 4998 1859 5052 excelsa
1888 4999 1990 5052 vir-

405 5091 578 5138 tutum
608 5081 916 5148 ascendent,
939 5085 982 5138 si
1005 5093 1182 5141 tamen
1213 5088 1327 5156 ipse
1346 5087 1541 5143 doceat
1568 5104 1757 5145 manus
1777 5099 1991 5146 nostras

403 5177 459 5235 in
488 5174 672 5245 pnelio
690 5216 704 5239 ,
736 5176 861 5244 quia
887 5177 1004 5231 sine
1032 5178 1417 5235 rebellantibus
1445 5181 1509 5235 ad
1540 5181 1801 5250 refugium
1833 5198 1990 5238 mon~

404 5267 536 5321 tium
568 5283 673 5322 non
702 5268 943 5332 venitur;
974 5277 1027 5322 et
1056 5279 1219 5338 ponat
1248 5278 1308 5325 ut
1333 5286 1517 5326 arcum
1546 5288 1744 5329 terenm
1773 5275 1989 5330 brachia

402 5367 587 5413 nostra
607 5398 621 5421 ,
655 5368 715 5414 ut
742 5360 793 5414 in
825 5360 1071 5414 oratione
1100 5376 1205 5415 non
1250 5361 1534 5427 deficiant,
1584 5365 1837 5433 quoniam
1866 5365 1995 5421 dum

403 5463 528 5510 sunt
562 5463 783 5510 extensa
808 5454 862 5509 in
891 5454 1331 5520 cruce,Amalech
1357 5458 1604 5513 vincitur.
1637 5457 1693 5513 Si
1719 5475 1847 5530 ergo
1876 5461 1989 5531 ipse

404 5548 484 5604 eis
510 5548 717 5604 dederit
744 5548 1111 5605 fortitudinem
1135 5557 1195 5605 ut
1221 5565 1374 5624 quasi
1403 5567 1559 5607 arcus
1585 5568 1756 5609 terens
1785 5553 1836 5608 in
1868 5569 1989 5608 ora-

404 5639 641 5699 tionibus
664 5650 1028 5711 perseverent,
1060 5657 1167 5697 non
1199 5642 1370 5697 solum
1402 5660 1499 5699 nos
1528 5644 1843 5713 effugientes
1872 5662 1990 5700 eva-

406 5730 581 5787 dimus
610 5744 1022 5816 persequentes,
1074 5734 1164 5789 sed
1197 5752 1293 5791 nos
1331 5737 1703 5807 persequimur
1747 5737 1993 5794 inimicos
2046 5774 2049 5777 -

2090 3236 2215 3293 fleat
2237 3239 2471 3294 salutare
2494 3241 2636 3308 regis
2664 3241 2799 3310 ejus,
2822 3250 2877 3296 et
2909 3240 3066 3297 faciet
3091 3241 3516 3296 misericordiam
3538 3243 3697 3297 chri-

2088 3338 2173 3385 sto
2201 3346 2299 3384 suo
2328 3331 2531 3397 David,
2556 3348 2680 3388 cum
2708 3350 2774 3388 ex
2802 3334 3010 3389 semine
3053 3334 3170 3403 ejus
3209 3333 3410 3389 excitat
3454 3347 3696 3403 regnum

2089 3421 2232 3491 quod
2263 3423 2490 3492 imperet
2519 3426 2572 3479 in
2603 3425 2798 3480 saecula
2827 3426 3165 3482 smculorum.
3199 3425 3388 3480 Amen.

2619 3576 2936 3634 PSALMUS
2974 3578 3155 3633 XVIII.

2506 3689 2564 3744 In
2593 3689 2753 3747 finem
2783 3692 3021 3762 psalmus
3048 3692 3235 3747 David.

2162 3801 2286 3856 Caeli
2312 3812 2562 3857 enarrant
2588 3803 2808 3875 gloriam
2846 3803 2964 3869 Dei,
3010 3812 3064 3858 et
3099 3820 3256 3874 opera
3284 3818 3532 3857 manuum
3571 3804 3695 3873 ejus

2090 3896 2365 3949 annuntiat
2391 3896 2792 3966 ﬁrmamentum.
2824 3894 2949 3951 Dies
2978 3898 3080 3951 diei
3122 3905 3319 3951 emetat
3355 3896 3600 3960 verbum,
3640 3905 3699 3951 et

2090 4003 2196 4040 nea:
2236 3988 2376 4041 nocti
2413 3988 2615 4042 indicat
2639 3990 2929 4043 scientiam.
2957 3986 3081 4043 Non
3121 3997 3240 4042 sunt
3267 3987 3485 4058 loquela:
3521 4004 3695 4059 neque

2090 4094 2381 4141 sermones,
2431 4095 2645 4151 quorum
2694 4095 2801 4133 non
2847 4079 3129 4133 audiantur
3172 4095 3316 4134 voces
3364 4072 3597 4132 eorum.’
3624 4077 3693 4132 In

2090 4184 2291 4223 omnem
2333 4177 2520 4223 terram
2559 4172 2716 4224 exivit
2749 4186 2908 4225 sonus
2944 4186 3139 4234 eorum,
3180 4178 3231 4224 et
3270 4170 3325 4223 in
3367 4169 3502 4233 fines
3543 4167 3695 4223 orbis

2092 4267 2242 4312 terra:
2264 4261 2415 4312 verba
2436 4276 2631 4314 eorum.
2657 4259 2725 4313 In
2747 4260 2855 4315 sole
2882 4262 3052 4331 posuit
3082 4259 3467 4314 tabernaculum
3506 4276 3692 4326 suum,

2090 4357 2139 4404 et
2174 4352 2286 4421 ipse
2327 4359 2571 4424 tanquam
2608 4368 2825 4424 sponsus
2871 4353 3149 4423 procedens
3188 4352 3252 4406 de
3301 4351 3532 4405 thalamo
3565 4368 3689 4406 suo.

2093 4440 2392 4497 Exsultaoit
2412 4452 2469 4496 ut
2491 4444 2638 4515 gigas
2658 4443 2729 4497 ad
2747 4452 3055 4498 currendum
3079 4444 3214 4498 viam
3235 4458 3403 4507 suam,
3425 4459 3459 4495 a
3484 4458 3696 4497 summo

2095 4533 2220 4588 caelo
2247 4535 2470 4604 egressio
2491 4535 2620 4605 ejus.
2653 4532 2725 4587 Et
2749 4550 2991 4589 occursus
3017 4534 3129 4604 ejus
3156 4549 3314 4606 usque
3338 4532 3409 4585 ad
3427 4549 3696 4587 summum

2095 4628 2227 4698 ejus,
2248 4644 2341 4681 nec
2357 4637 2433 4682 est
2447 4632 2534 4699 qui
2549 4644 2604 4681 se
2627 4626 2913 4682 abscondat
2938 4644 2969 4680 a
2995 4627 3167 4680 calore
3181 4626 3312 4697 ejus.
3342 4623 3446 4678 Lee:
3470 4620 3697 4680 Domini

2094 4719 2429 4772 immaculata
2474 4728 2770 4773 convertens
2792 4721 3047 4783 animas,
3098 4716 3440 4771 testimonium
3473 4713 3698 4769 Domini

2096 4810 2585 4882 ﬁdele,sapientiam
2624 4817 2881 4880 praestans
2923 4809 3169 4879 parvulis.
3201 4807 3427 4862 Justitite
3472 4804 3699 4859 Domini

2095 4911 2266 4968 rectm,
2292 4903 2617 4974 lceti/icantes
2639 4903 2831 4968 corda;
2856 4909 3166 4972 prwceptum
3194 4898 3405 4954 Domini
3434 4897 3696 4958 lucidum,

2094 4996 2396 5051 illuminans
2426 4996 2620 5051 oculos.
2654 4996 2830 5050 Timor
2858 4993 3071 5050 Domini
3120 5002 3355 5060 sanctus,
3378 5007 3699 5067 pennam:

2093 5087 2146 5139 in
2176 5086 2420 5140 saxulum
2442 5086 2618 5140 screnti
2635 5102 2652 5148 ;
2674 5085 2877 5155 judicia
2906 5082 3118 5138 Domini
3145 5098 3285 5148 rem,
3311 5081 3612 5151 justi/imm
3641 5081 3698 5133 in

2093 5181 2385 5250 semetipsa.
2419 5177 2801 5233 Desiderabilia
2830 5194 2983 5248 super
3027 5193 3209 5230 aurum
3238 5183 3288 5228 et
3316 5172 3543 5243 lapidem
3575 5190 3700 5242 pre-

2099 5273 2283 5326 tiosum
2312 5271 2525 5326 multum
2544 5310 2559 5336 ,
2580 5280 2629 5324 et
2650 5270 2881 5324 dulciora
2901 5283 3053 5338 super
3068 5266 3172 5320 mel
3191 5276 3240 5320 et
3262 5267 3452 5337 favum.
3480 5262 3701 5318 Etenim

2097 5380 2269 5420 servus
2301 5374 2414 5420 tuus
2442 5364 2664 5420 custodit
2690 5380 2751 5416 ea
2769 5404 2785 5429 ,
2814 5363 2869 5416 in
2907 5359 3256 5416 custodiendis
3282 5359 3391 5414 illis
3418 5354 3701 5411 retributio

2097 5457 2278 5511 multa.
2310 5455 2516 5512 Delicta
2545 5456 2658 5530 quis
2684 5452 2963 5525 intelligit?
2989 5451 3054 5505 ab
3083 5450 3295 5506 occultis
3332 5449 3458 5503 meis
3495 5449 3702 5502 munda

2097 5567 2206 5615 me,
2239 5560 2288 5603 et
2326 5549 2390 5604 ab
2418 5550 2602 5604 alienis
2630 5565 2786 5620 parce
2811 5563 2954 5602 servo
2984 5556 3088 5600 tuo.
3135 5543 3196 5599 Si
3225 5544 3324 5597 mei
3364 5557 3467 5597 non
3501 5543 3703 5612 fuerint

2100 5642 2369 5707 deminuti,
2398 5652 2516 5695 tunc
2536 5639 2893 5695 immaculatus
2915 5655 3022 5701 ero,
3040 5646 3089 5690 et
3115 5633 3431 5690 emundabor
3450 5650 3484 5685 a
3504 5634 3701 5688 delicto

2102 5736 2347 5791 maxime.
2383 5733 2451 5789 Et
2479 5744 2626 5791 crtmt
2651 5743 2704 5787 ut
2725 5730 3078 5801 complaceaut
3105 5728 3303 5799 eloquia
3346 5728 3449 5782 oris
3498 5727 3605 5780 mei
3648 5736 3701 5780 et
