3870 6182
188 296 280 351 359

1079 293 1539 351 COMMENTARII
1577 294 1645 348 IN
1684 292 2010 350 PSALMOS.
2052 294 2241 351 PSAL.
2284 297 2422 353 XIX.

3292 307 3400 366 350

182 408 423 461 meditatio
449 406 617 460 cordis
645 406 741 460 mei
769 407 821 459 in
848 416 1117 475 conspectu
1159 417 1241 463 tuo
1262 423 1476 476 semper.
1507 406 1723 459 Domine
1751 410 1796 465 Α
1826 405 1921 459 Dei
1951 407 2228 461 retributio
2257 415 2365 461 tam
2395 402 2559 463 multa
2600 412 2702 477 sit,
2749 421 2806 467 ut
2834 429 2936 467 non
2983 417 3085 469 sint
3129 417 3397 488 condigna

180 499 369 569 adjutor
389 513 546 560 meus,
576 506 625 549 et
652 496 939 567 redemptor
963 513 1122 549 mens.

726 646 1158 685 COIMENTARIUI.

234 763 370 819 Sicut
395 762 590 817 terreni
632 769 985 815 narraveruzit
1029 760 1250 827 gloriam
1296 760 1600 823 hominum,
1644 759 1717 813 ita

176 855 394 911 caelestes
421 859 671 907 enarraut
707 850 932 920 gloriam
972 850 1084 904 Dei.
1115 848 1206 904 Sic
1241 858 1416 903 autem
1444 848 1717 918 proprium

174 945 323 997 locum
365 941 728 1009 relinquentes
772 941 913 1006 magi
960 940 1124 992 stella:
1170 938 1385 1004 indicio,
1428 940 1719 992 narrabant

172 1035 253 1103 ipsi
277 1032 492 1101 gloriam
519 1032 635 1085 Dei.
667 1030 771 1086 Sed
802 1038 855 1085 et
889 1030 1008 1084 coeli
1037 1029 1156 1085 facti
1185 1037 1307 1084 sunt
1352 1030 1579 1098 apostoli
1619 1030 1715 1083 ha-

170 1126 332 1178 bentes
354 1122 405 1175 in
428 1137 486 1176 se
506 1119 686 1175 Solem
710 1120 955 1188 iustitiae,
981 1127 1034 1174 et
1060 1120 1250 1174 merita
1272 1121 1325 1173 in
1346 1119 1560 1174 modum
1588 1120 1716 1173 stel-

170 1214 314 1266 larum
340 1225 439 1280 pro
464 1211 719 1263 varietate
739 1210 952 1263 diverso
973 1208 1255 1278 splendore
1278 1208 1557 1262 radiantia.
1583 1207 1715 1276 Ipsis

171 1317 275 1370 ergo
300 1302 636 1355 narrantibus
677 1301 905 1368 gloriam
944 1300 1068 1366 Dei,
1111 1315 1274 1370 opera
1319 1314 1571 1353 manuum
1619 1298 1714 1353 Dei

169 1392 523 1448 annuntiabant
537 1391 790 1446 doctrina:
811 1406 997 1446 eorum
1019 1393 1411 1446 ﬁrmamentum
1431 1410 1443 1445 :
1461 1392 1573 1446 sive
1588 1392 1711 1460 quia

169 1499 294 1546 crux,
313 1496 429 1550 qua:
455 1481 847 1536 ﬁrmamentum
868 1489 951 1536 est
969 1490 1246 1546 internum,
1276 1498 1437 1552 opere
1458 1497 1710 1537 manuum

168 1574 261 1643 ejus
286 1574 625 1643 triumphavit
651 1581 707 1628 et
730 1574 887 1639 vicit;
915 1576 1027 1629 sive
1054 1575 1179 1643 quia
1208 1575 1533 1629 curabuntur
1559 1573 1708 1627 inﬁr-

168 1665 224 1718 mi
254 1672 305 1719 et
336 1664 730 1719 suscitabantur
756 1665 972 1729 mortui,
1000 1680 1162 1733 opera
1193 1679 1444 1718 manuum
1473 1663 1587 1732 ejus
1614 1679 1710 1717 an—

1826 498 2089 565 passiones
2116 498 2266 568 hujus
2295 501 2532 569 temporis
2558 502 2628 554 ad
2655 505 2879 574 futuram
2908 505 3127 576 gloriam
3176 523 3288 577 quae
3315 524 3396 560 re-

1824 585 2071 640 velabitur
2089 588 2143 640 in
2172 589 2318 643 nobis
2342 589 2515 660 (Rom.
2538 593 2677 661 vni);
2707 595 2751 647 si
2775 601 2953 648 tamen
2974 594 3156 664 lapsus
3182 602 3396 650 nostros

1822 683 1877 730 et
1903 677 2097 731 delicta
2144 687 2323 733 nostra
2355 680 2650 749 intelligere
2692 683 3019 749 studeamus,
3049 684 3191 752 quod
3220 685 3393 753 arguit

1821 764 2101 823 Psalmista
2122 809 2137 833 ,
2170 769 2373 823 nullum
2418 770 2553 824 velle
2592 772 2885 839 intelligere
2922 773 3116 828 delicta
3138 789 3255 828 sua.
3288 775 3393 830 Ar-

1819 858 2029 926 guendo
2068 860 2207 913 enim
2248 876 2355 915 non
2398 861 2641 929 negando
2668 864 2900 918 cantavit
2930 864 3112 918 dicens
3144 883 3156 917 :
3189 855 3390 920 Delicta

1817 951 1938 1020 quis
1965 951 2243 1020 intelligit?
2268 952 2414 1007 Sicut
2454 954 2507 1007 in
2535 956 2825 1009 centesimo
2868 962 3021 1009 sexto
3059 955 3188 1011 dicit
3217 973 3230 1008 :
3261 955 3390 1022 Quis

1816 1042 2031 1110 sapiens
2054 1041 2168 1097 haec
2195 1042 2474 1110 intelligit?
2501 1050 2555 1095 et
2582 1043 2669 1097 hic
2696 1043 2769 1096 ita
2797 1061 2808 1095 :
2833 1043 3033 1099 Delicta
3058 1045 3177 1112 quis
3196 1045 3390 1097 intelli“

1815 1130 1924 1198 git?
1950 1129 2102 1200 Saepe
2129 1130 2270 1184 enim
2301 1131 2654 1186 temeritatem
2680 1132 3031 1187 constantiam
3060 1132 3302 1195 dicimus,
3333 1143 3389 1187 et

1815 1218 2063 1287 injuriam
2107 1220 2404 1274 libertatem
2453 1235 2734 1286 vocamus,
2781 1219 3009 1277 fatuitati
3035 1222 3389 1291 simplicitatis

1814 1326 2009 1364 nomen
2039 1311 2389 1379 imponimus,
2433 1318 2489 1364 et
2517 1310 2877 1365 adulationem
2904 1312 3222 1366 charitatem
3252 1313 3415 1365 iute-'

1812 1400 2095 1468 gerrimam
2124 1400 2471 1468 appellamus.
2502 1399 2580 1452 Ad
2614 1401 2729 1455 hmc
2753 1400 2819 1454 da
2848 1410 3175 1455 scrutantem
3210 1402 3388 1457 cordis

1812 1490 2043 1553 oculum,
2063 1489 2322 1557 intelliget
2342 1488 2472 1553 ista;
2495 1497 2549 1543 et
2570 1488 2770 1544 idcirco
2790 1490 2985 1544 clamat
3006 1490 3097 1557 qui
3117 1490 3383 1558 intelligit:

1812 1579 1893 1633 Ab
1915 1579 2139 1634 occultis
2167 1579 2300 1633 meis
2327 1577 2523 1632 munda
2551 1594 2667 1644 me,
2693 1579 2947 1643 Domine,
2974 1579 3097 1648 quia
3128 1581 3239 1650 ipsa
3267 1596 3386 1651 quae

1812 1670 1865 1724 in
1893 1686 1980 1723 me
2004 1677 2188 1725 sancta
2216 1676 2470 1739 putantur
2494 1670 2666 1725 reatui
2691 1670 2995 1740 subjacent;
3025 1681 3080 1727 et
3104 1672 3172 1727 ab
3199 1672 3388 1730 alienis

167 1754 345 1808 nuntiat
370 1751 781 1809 ﬁrmamentum.
810 1751 946 1808 Cum
973 1754 1089 1809 dies
1114 1755 1433 1823 loquebatur
1451 1753 1519 1807 ad
1543 1754 1702 1818 diem,
1734 1761 1783 1820 Β
1810 1762 2062 1832 peccatis,
2093 1761 2289 1830 quibus
2314 1760 2578 1815 adulando
2605 1759 2844 1815 fomitem
2864 1762 3196 1827 exhibemus,
3226 1777 3390 1831 parce
3416 1778 3431 1786 '

166 1852 210 1899 et
224 1860 318 1899 nox
339 1844 658 1913 loquebatur
685 1844 752 1899 ad
780 1852 1014 1908 noctem,
1039 1845 1162 1914 quia
1182 1846 1261 1900 sic
1282 1845 1349 1899 de
1372 1845 1458 1899 die
1486 1845 1539 1899 in
1568 1844 1709 1899 diem

165 1936 279 2001 ibat,
309 1945 363 1990 et
390 1952 497 1991 nox
544 1936 862 2005 loquebatur
901 1937 966 1991 ad
1007 1946 1220 1992 noctem
1254 1939 1506 2003 verbum,
1548 1945 1603 1992 et
1645 1936 1713 1992 de

165 2035 300 2082 noctu
327 2027 381 2080 in
409 2036 620 2081 noctem
640 2068 656 2095 ,
687 2037 745 2081 ut
780 2028 896 2097 ejus
939 2029 1163 2083 scientia
1197 2028 1536 2098 panderetur.
1588 2027 1712 2084 Haec

164 2116 463 2187 simpliciter.
480 2116 742 2172 Caeterum
763 2118 888 2183 diei,
912 2117 1027 2173 dies
1048 2118 1222 2174 Patris
1241 2116 1405 2173 Filius
1425 2127 1533 2174 est:
1554 2117 1715 2173 Pater

164 2220 270 2277 ergo
296 2208 555 2263 eructavit
582 2205 837 2274 Verbum,
870 2207 1014 2276 quod
1032 2210 1267 2266 Verbum
1314 2208 1611 2263 involutum
1658 2209 1712 2262 in

163 2308 299 2354 nocte
322 2300 525 2354 ventris
553 2299 803 2368 virginei,
827 2300 1068 2354 involuto
1098 2300 1153 2354 in
1182 2307 1341 2355 nocte
1367 2300 1572 2354 ventris
1606 2308 1716 2354 ste-

163 2391 255 2446 rilis
276 2389 544 2445 Elisabeth
588 2389 667 2445 sui
694 2390 945 2445 indicavit
984 2390 1283 2444 scientiam.
1326 2388 1452 2445 Hatc
1486 2389 1715 2459 apostoli

161 2480 506 2551 przedicantes,
546 2496 655 2536 non
683 2481 781 2535 fuit
807 2482 1039 2549 loquela,
1069 2496 1245 2550 neque
1269 2496 1445 2536 sermo
1488 2486 1716 2550 quorum

161 2587 251 2626 non
291 2570 599 2626 audirentur
639 2587 801 2627 voces
854 2587 1072 2637 eorum,
1122 2572 1197 2626 ita
1242 2580 1302 2626 ut
1347 2572 1712 2626 universarum

160 2662 374 2729 gentium
420 2662 673 2731 loquaces
714 2662 956 2717 dicerent
1006 2662 1073 2717 de
1112 2662 1191 2717 cis
1232 2680 1244 2714 :
1290 2659 1482 2715 Nonne
1523 2662 1578 2716 Izi
1618 2662 1716 2716 viri

161 2750 346 2807 Galiltei
370 2762 516 2817 sunt,
561 2761 611 2806 et
651 2754 902 2827 quomodo
939 2754 1286 2825 unusquisque
1320 2754 1497 2825 lingua
1536 2762 1716 2809 nostra

160 2842 422 2896 auditimus
441 2859 527 2897 eos
547 2843 804 2914 loquentes
824 2843 1089 2914 magnalia
1111 2841 1208 2897 Dei
1228 2844 1362 2914 (Act.
1386 2842 1453 2912 ιι)
1470 2843 1493 2897 ?
1513 2842 1715 2898 Horum

161 2941 319 2986 autem
347 2948 510 2988 sonus
542 2934 595 2986 in
624 2948 838 2988 omnem
866 2942 1062 2988 terram
1091 2947 1406 3003 progressus
1434 2939 1543 2998 est,
1575 2939 1630 2987 et
1660 2934 1714 2986 in

161 3022 272 3078 lines
299 3024 530 3078 universi
559 3024 705 3077 orbis
732 3025 890 3078 verba
940 3039 1123 3078 eorum
1154 3029 1537 3093 penetrarunt,
1582 3028 1717 3075 tem-
1765 3014 1769 3016 ν

1810 1866 1966 1906 servo
1989 1860 2112 1915 tuo;
2142 1851 2267 1919 quia
2287 1851 2332 1904 si
2358 1850 2411 1904 in
2441 1866 2527 1906 me
2546 1865 2644 1920 per
2665 1850 3026 1905 adulationem
3056 1867 3166 1906 non
3192 1851 3389 1905 fuerint

1812 1942 2104 2007 dominati,
2151 1950 2276 1994 tunc
2321 1940 2690 1996 immaculatus
2717 1956 2843 2008 ero,
2875 1949 2930 1997 et
2968 1942 3196 1997 mundus
3223 1957 3318 1997 ero
3356 1957 3387 1998 τι

1811 2032 2010 2085 delicto
2033 2030 2299 2095 maximo;
2330 2031 2545 2098 quando
2573 2039 2749 2085 autem
2771 2032 2887 2089 sine
2914 2030 3223 2086 adulatione
3241 2031 3389 2086 locu-

1813 2130 1899 2176 tus
1923 2121 2093 2183 fuero,
2124 2128 2255 2177 tunc
2281 2122 2376 2175 tibi
2404 2121 2692 2190 placebunt
2717 2122 2928 2190 eloquia
2961 2122 3071 2176 oris
3092 2121 3218 2177 mei.
3242 2121 3389 2178 Tunc

1813 2212 1916 2266 erit
1944 2210 2220 2265 meditatio
2265 2211 2442 2265 cordis
2487 2211 2593 2265 mei
2622 2211 2675 2265 in
2716 2219 3006 2279 conspectu
3034 2220 3128 2266 tuo
3154 2226 3385 2281 semper.

1814 2304 1956 2358 Nihil
1985 2304 2128 2357 enim
2154 2303 2357 2369 cogitat
2381 2303 2474 2370 qui
2516 2319 2622 2357 non
2653 2302 2918 2360 adulatur.
2951 2302 3052 2356 nisi
3077 2302 3201 2365 hoc,
3242 2302 3388 2371 quod

1815 2410 1922 2449 non
1953 2395 2139 2448 timeat
2182 2392 2360 2448 videre
2399 2393 2586 2459 Deum,
2616 2402 2672 2447 et
2700 2393 2820 2449 ideo
2864 2394 2968 2464 ipsi
3011 2393 3123 2449 Deo
3168 2407 3390 2448 securus

1817 2488 2067 2557 loquitur,
2087 2494 2141 2540 et
2159 2485 2443 2555 placebunt
2463 2484 2515 2539 ei
2534 2485 2746 2554 eloquia
2767 2484 2902 2554 ejus,
2919 2484 3194 2539 meditatio
3213 2482 3391 2539 cordis

1816 2577 1932 2646 ejus
1978 2578 2030 2630 in
2076 2582 2364 2645 conspectu
2413 2575 2510 2629 Dei
2548 2582 2651 2629 est.
2695 2574 2763 2629 Et
2808 2575 2932 2630 huic
2970 2573 3135 2629 dicit:
3167 2572 3392 2642 Adjutor

1815 2684 1998 2733 meus,
2028 2676 2083 2722 et
2107 2666 2413 2736 redemptor
2438 2680 2622 2731 meus,
2650 2666 2741 2734 qui
2771 2673 2958 2735 regnat
2994 2667 3048 2721 in
3077 2665 3271 2721 saecula
3295 2679 3392 2719 sae-

1816 2759 2080 2814 culorum.
2110 2755 2300 2810 Amen.

2366 2821 2677 2878 PSALMUS
2712 2822 2852 2877 XIX.

2236 2917 2295 2971 ln
2324 2916 2482 2972 ﬁnem
2512 2918 2746 2986 psalmus
2773 2917 2960 2973 David.

1888 3028 2154 3082 Exaudiat
2184 3038 2230 3081 te
2258 3027 2504 3083 Dominus
2543 3028 2599 3081 in
2627 3026 2711 3082 die
2758 3026 3118 3093 tribulationis,
3161 3034 3393 3097 protegat

159 3126 271 3180 pore
317 3127 423 3181 quo
466 3111 725 3167 Dominus
771 3113 826 3166 in
872 3113 1040 3167 solem
1088 3112 1268 3182 posuit
1310 3110 1711 3166 tabernaculum
1740 3109 1785 3172 C
1816 3126 1866 3171 te
1886 3132 2067 3170 nomen
2097 3114 2197 3169 Dei
2219 3114 2401 3170 Iacob.
2443 3115 2619 3169 Mittat
2647 3113 2739 3169 tibi
2767 3117 3020 3171 auxilium
3047 3116 3110 3170 de
3135 3124 3392 3179 sancto,et

158 3218 312 3256 suum.
337 3203 393 3257 ln
421 3203 611 3268 solem,
639 3220 749 3258 non
782 3205 943 3258 istum
972 3204 1063 3274 qui
1101 3203 1454 3258 ministerium
1476 3202 1713 3257 divinum

160 3310 419 3357 exercens,
456 3296 708 3349 horarum
759 3309 1034 3349 mensuras
1078 3294 1177 3348 sub
1221 3299 1367 3347 certa
1415 3300 1714 3360 temporum

161 3400 321 3439 norma
342 3385 623 3450 discurrit;
647 3385 743 3440 sed
761 3384 936 3440 Solem
960 3383 1197 3452 justitiac,
1221 3384 1332 3453 qui,
1357 3383 1409 3437 in
1432 3381 1716 3452 splendore

164 3474 265 3528 vitae
288 3482 505 3529 atteram
525 3476 764 3543 virgineo
793 3475 967 3538 editus
995 3475 1133 3537 alvo,
1158 3474 1335 3528 lumen
1358 3487 1541 3528 verum
1564 3487 1716 3526 men-

163 3562 279 3616 tibus
304 3563 484 3628 fulsit,
515 3573 570 3617 et
595 3572 677 3618 est
704 3576 950 3630 egressus
975 3562 1042 3617 de
1080 3563 1285 3630 virgine
1322 3562 1461 3616 sicut
1486 3573 1715 3631 sponsus

163 3650 214 3705 de
238 3652 488 3708 thalamo.
543 3650 645 3708 Hic
672 3654 957 3709 exsultavit
997 3661 1055 3707 ut
1094 3654 1243 3722 gigas
1284 3651 1352 3706 ad
1398 3650 1714 3706 currendum

163 3741 305 3808 tiam,
351 3743 728 3798 immaculatus
768 3743 949 3812 utique
994 3743 1284 3797 ambulavit
1311 3742 1365 3795 in
1392 3728 1495 3796 via'
1516 3741 1571 3794 in
1599 3740 1715 3808 lege

163 3827 344 3884 Domini
369 3850 383 3883 :
407 3846 435 3885 a
458 3846 669 3885 summo
694 3832 831 3887 caelo
855 3832 1091 3899 egressio
1117 3830 1252 3899 ejus.
1277 3829 1399 3885 Non
1419 3844 1486 3884 ex
1512 3829 1716 3884 semine

163 3919 259 3985 viri,
280 3921 373 3976 sed
398 3936 465 3975 ex
494 3936 590 3976 ore
615 3920 788 3977 Patris
814 3922 905 3989 qui
933 3929 1016 3976 est
1042 3922 1094 3975 in
1122 3936 1331 3975 summo
1352 3921 1632 3986 caelorum,
1660 3926 1715 3974 et

163 4023 391 4066 occursus
423 4012 540 4081 ejus
563 4025 734 4079 usque
770 4010 836 4065 ad
863 4027 1126 4066 summum
1154 4011 1289 4080 ejus.
1319 4010 1436 4066 Non
1465 4010 1609 4065 enim
1646 4010 1714 4065 de

163 4096 349 4156 Oriente
379 4101 433 4155 in
459 4100 830 4166 Occidentem,
859 4110 951 4155 aut
972 4103 1122 4170 quasi
1152 4101 1220 4156 de
1254 4101 1363 4155 alto
1382 4100 1450 4155 ad
1464 4101 1592 4167 ima,
1618 4101 1712 4155 sed

164 4191 422 4250 desummo
437 4196 491 4249 in
505 4210 789 4257 summum,
806 4194 873 4248 de
890 4194 998 4249 alto
1021 4194 1073 4247 in
1103 4195 1267 4248 altum
1281 4202 1335 4248 et
1353 4193 1422 4248 de
1442 4193 1638 4247 virtute
1657 4192 1712 4246 in

165 4285 416 4353 virtutem;
448 4296 610 4357 atque
639 4302 668 4340 a
696 4301 907 4341 summo
934 4286 1001 4340 ad
1037 4302 1327 4352 summum,
1358 4302 1466 4342 non
1493 4286 1597 4341 erit
1621 4286 1713 4353 qui

165 4387 211 4427 se
234 4376 517 4431 abscondat
546 4393 576 4429 a
606 4377 784 4431 calore
821 4377 956 4445 ejus.
987 4376 1138 4431 Nulla
1176 4378 1317 4431 enim
1355 4391 1485 4445 gens
1525 4378 1628 4431 erit
1656 4376 1710 4429 in

1817 3209 1880 3262 de
1908 3208 2037 3262 Sion
2067 3215 2268 3260 tueatur
2297 3215 2360 3259 te.
2394 3206 2596 3261 Memor
2624 3208 2690 3259 sit
2717 3208 2885 3262 omnis
2928 3207 3174 3277 sacriﬁcii
3213 3207 3305 3271 tui,
3343 3214 3394 3259 et

1817 3298 2170 3352 holocaustum
2201 3306 2340 3349 tuum
2386 3299 2575 3367 pingue
2607 3298 2721 3365 ﬁat.
2757 3296 2969 3352 Tribuat
2999 3297 3088 3350 tibi
3115 3296 3394 3351 secundum

1815 3405 1905 3441 cor
1943 3396 2100 3451 tuum,
2131 3396 2181 3439 et
2207 3402 2356 3439 omne
2381 3388 2651 3440 consilium
2679 3395 2821 3441 tuum
2857 3388 3144 3457 conﬁrmet.
3169 3385 3394 3442 La’tabi-

1814 3495 1929 3531 mur
1954 3479 2009 3531 in
2037 3477 2256 3531 salutari
2287 3485 2390 3541 tuo,
2421 3486 2471 3530 et
2494 3479 2548 3530 in
2578 3479 2784 3530 nomine
2831 3477 3039 3531 Domini
3085 3476 3181 3530 Dei
3228 3477 3405 3530 nostri

1814 3564 2278 3636 magniﬁcabimur.
2330 3563 2555 3635 Impleat
2604 3565 2849 3620 Dominus
2903 3582 3078 3620 omnes
3123 3567 3394 3636 petitiones

1816 3666 1951 3721 tuas,
2002 3671 2138 3708 nunc
2184 3657 2396 3725 cognoui
2441 3656 2683 3726 quoniam
2727 3655 2925 3709 salvum
2973 3657 3094 3727 fecit
3138 3654 3394 3709 Dominus

1816 3746 2073 3801 Christum
2117 3762 2283 3800 suum.
2314 3745 2572 3800 Emaudiet
2598 3745 2744 3800 illum
2772 3746 2836 3800 de
2862 3746 2988 3801 caelo
3008 3753 3186 3800 sancto
3215 3761 3324 3808 suo,
3335 3747 3391 3800 in

1814 3836 2160 3908 potentatibus
2204 3841 2345 3891 salus
2385 3837 2609 3891 dextera:
2636 3836 2766 3907 ejus.
2800 3836 2875 3891 Hi
2897 3839 2955 3891 in
2982 3837 3235 3901 curribus,
3262 3836 3391 3890 ει.ὴὶ

1812 3928 1869 3980 in
1896 3928 2057 3998 equis,
2089 3942 2182 3980 nos
2204 3937 2371 3980 autem
2401 3928 2455 3981 in
2475 3928 2686 3982 nomine
2708 3926 2918 3983 Domini
2945 3927 3044 3983 Dei
3068 3930 3229 3983 nostri
3257 3929 3395 3982 inro-

1814 4016 2059 4070 cabimus.
2111 4016 2224 4087 Ipsi
2266 4015 2478 4089 obligati
2522 4027 2643 4071 sunt
2682 4027 2732 4072 et
2758 4019 3069 4086 ceciderunt,
3100 4035 3195 4073 nos
3222 4027 3391 4071 autem

1813 4110 2130 4164 surreximus
2149 4118 2198 4162 et
2217 4111 2372 4162 erecti
2397 4125 2592 4162 sumus.
2615 4108 2851 4174 Domine,
2865 4114 3061 4164 salvum
3088 4112 3173 4181 [ac
3200 4124 3392 4180 regem,

1813 4210 1863 4255 et
1888 4200 2078 4255 exaudi
2105 4215 2200 4253 nos
2225 4200 2280 4253 in
2307 4200 2390 4253 die
2416 4215 2516 4270 qua
2540 4201 2942 4254 invocaverimus
2969 4210 3033 4253 te.

2380 4347 2813 4388 COIMENTARIUI.

166 4465 249 4522 huc
269 4469 461 4523 saeculo
490 4468 556 4523 ad
579 4468 731 4537 cujus
761 4468 1003 4522 notitiam
1034 4484 1139 4523 non
1165 4469 1392 4536 attingat
1414 4468 1564 4522 calor
1591 4465 1711 4521 ﬁdei
1742 4471 1789 4530 D
1882 4466 2094 4523 Christo
2121 4468 2268 4523 eunti
2303 4466 2371 4523 ad
2398 4482 2611 4523 crucem
2639 4467 2769 4523 dicit
2808 4467 3044 4524 Ecclesia
3076 4486 3088 4522 :
3128 4467 3392 4524 Exaudiat

167 4555 478 4624 Christianae,
507 4561 562 4614 in
590 4575 693 4629 qua
729 4569 811 4615 est
840 4561 926 4614 lex
956 4560 1161 4615 Domini
1202 4561 1707 4630 irreprehensibilis,

167 4660 457 4706 convertens
478 4651 706 4715 animas,
728 4652 957 4705 invitans
975 4651 1040 4705 ab
1061 4667 1246 4707 errore
1266 4650 1333 4704 ad
1357 4651 1461 4706 iter
1483 4658 1708 4714 rectum,

167 4749 190 4788 ε
214 4742 475 4797 mendacio
498 4741 565 4795 ad
595 4743 874 4796 veritatem
908 4760 920 4793 :
950 4741 1023 4795 ibi
1048 4748 1174 4795 sunt
1196 4740 1714 4810 justitirc'ltetiliean-

170 4836 234 4884 tes
266 4834 439 4887 corda.
471 4832 627 4900 Quod
664 4833 806 4888 enim
850 4841 958 4887 tam
993 4833 1193 4901 justum
1236 4833 1486 4901 gaudium
1513 4832 1709 4897 cordis,

169 4934 303 4988 quam
343 4926 447 4981 hoc
490 4927 543 4979 in
588 4941 696 4996 quo
720 4925 971 4994 jubemur
1011 4925 1189 4978 omnia
1218 4939 1336 4993 qua:
1385 4924 1627 4979 volumus
1654 4931 1713 4977 ut

169 5008 334 5067 faciant
360 5016 515 5070 nobis
541 5016 806 5076 homines,
836 5014 1023 5070 eadem
1053 5030 1152 5069 nos
1178 5013 1433 5069 faciamus
1459 5013 1570 5067 eis?
1596 5011 1713 5068 Hoc

174 5112 466 5173 pmoeptum
495 5113 603 5158 tam
634 5105 861 5159 lucidum
888 5112 1000 5169 est,
1032 5113 1091 5159 ut
1116 5104 1278 5159 etiam
1306 5119 1566 5159 cocorum
1594 5102 1714 5157 illuc

170 5191 311 5246 minet
336 5196 548 5261 oculos,
580 5198 626 5252 si
655 5204 834 5252 tamen
864 5198 1024 5251 timor
1050 5196 1258 5251 Domini
1308 5196 1361 5250 in
1402 5196 1558 5252 nobis
1584 5210 1711 5265 per-

170 5294 354 5351 manet,
392 5302 489 5358 per
512 5303 672 5358 quem
700 5290 1098 5344 consideremus
1132 5288 1329 5358 judicia
1367 5287 1460 5343 Dei
1500 5294 1556 5342 et
1582 5302 1711 5342 vera

171 5369 428 5439 iustiﬁcata
473 5380 523 5435 in
571 5380 876 5450 semetipsa.
926 5379 994 5433 Et
1035 5379 1401 5435 desideremus
1444 5394 1507 5433 ea
1550 5393 1712 5449 super

170 5477 332 5519 aurum
354 5479 407 5523 et
425 5470 653 5540 lapidem
677 5471 990 5541 pretiosum,
1014 5479 1069 5526 et
1086 5470 1324 5526 dulciora
1345 5472 1497 5525 nobis
1516 5471 1714 5526 fuerint

169 5564 313 5623 super
340 5560 442 5615 mel
470 5570 524 5617 et
546 5563 725 5617 favum
749 5580 763 5615 :
786 5563 1037 5634 quoniam
1056 5563 1149 5633 qui
1170 5577 1359 5618 servus
1376 5569 1460 5617 est
1481 5562 1709 5626 Domini,

172 5650 379 5705 custodit
406 5667 494 5720 ea,
525 5664 578 5713 et
603 5656 771 5711 credit
805 5654 949 5725 quod
976 5655 1029 5710 in
1057 5654 1295 5713 custodia
1324 5661 1710 5725 pravccptorum

1816 4568 1870 4613 te
1898 4558 2153 4612 Dominus
2178 4558 2232 4613 in
2259 4557 2347 4612 die
2366 4557 2741 4613 tribulationis.
2770 4555 2984 4612 Homini
3011 4556 3195 4626 utique
3220 4557 3312 4626 qui
3332 4570 3393 4612 se

1816 4650 2010 4705 obtulit
2053 4650 2478 4719 redemptionem
2512 4665 2611 4719 pro
2662 4649 2928 4704 omnibus.
2985 4647 3387 4714 Holocaustum,

1818 4734 2007 4811 inquit,
2038 4747 2189 4794 tuum
2210 4741 2403 4810 pingue
2442 4739 2550 4803 ﬁat,
2581 4739 2726 4809 quod
2752 4739 2806 4793 in
2834 4738 2988 4793 altari
3015 4739 3187 4794 crucis
3208 4736 3388 4802 offers,

1818 4840 1873 4886 et
1901 4832 1973 4885 ita
1999 4845 2159 4885 omne
2186 4830 2466 4885 consilium
2496 4837 2641 4883 tuum
2670 4827 2970 4890 conﬁrmet,
2990 4835 3049 4883 ut
3067 4828 3309 4884 laetemur
3336 4828 3392 4882 in

1816 4923 2037 4979 salutari
2066 4932 2178 4988 tuo,
2209 4931 2266 4978 et
2284 4923 2337 4976 in
2365 4920 2583 4975 nomine
2602 4919 2814 4976 Domini
2840 4919 2936 4974 Dei
2964 4919 3134 4974 nostri
3176 4919 3394 4974 invoce-

1814 5030 1933 5070 mus
1977 5022 2050 5079 te,
2097 5028 2219 5069 cum
2264 5012 2621 5068 resurrcxeris
2660 5026 2691 5064 a
2718 5010 2984 5065 mortuis:
3016 5010 3222 5066 salvum
3249 5009 3392 5065 enim

1813 5107 1940 5161 facit
1963 5105 2221 5160 Dominus
2246 5102 2517 5157 Christum
2547 5112 2722 5168 suum,
2754 5108 2811 5155 et
2835 5101 2911 5157 ita
2940 5102 3044 5157 erit
3071 5102 3124 5155 in
3152 5107 3394 5170 potenta-

1813 5199 1956 5253 tibus
1999 5196 2145 5253 salus
2170 5194 2407 5252 dexteris
2433 5192 2567 5263 ejus,
2592 5200 2651 5248 ut
2678 5209 2708 5246 a
2734 5191 2937 5248 dextris
2980 5192 3091 5248 suis
3127 5192 3392 5247 latronem

1814 5290 1882 5345 ad
1909 5287 2217 5358 paradisum
2245 5286 2424 5341 ducat.
2454 5285 2558 5340 Alii
2586 5281 2859 5341 conﬁdunt
2886 5285 2940 5338 in
2995 5284 3256 5344 curribus,
3301 5280 3389 5334 alii

1814 5381 1868 5436 in
1896 5380 2069 5449 equis,
2097 5394 2198 5434 nos
2226 5385 2405 5433 autem
2457 5378 2509 5432 in
2558 5378 2776 5432 nomine
2821 5376 3033 5432 Domini
3077 5375 3175 5429 Dei
3220 5370 3389 5427 nostri

1812 5466 2287 5538 magniﬁcabimur,
2311 5476 2365 5523 et
2391 5468 2496 5523 illis
2537 5467 2870 5530 cadentibus,
2902 5481 3002 5521 nos
3027 5476 3386 5531 resurgemus,

1811 5561 1935 5630 quia
1960 5575 2056 5615 rex
2086 5567 2271 5615 noster
2288 5560 2469 5615 salvus
2493 5558 2662 5615 factus
2681 5568 2781 5623 cst,
2812 5567 2870 5613 ct
2897 5568 3180 5622 resurgens
3199 5569 3229 5606 a
3251 5568 3387 5606 mor.

1814 5654 1914 5713 tuis
1942 5650 2179 5707 ascendit
2210 5652 2261 5705 in
2291 5636 2473 5718 cauos,
2505 5659 2559 5705 et
2610 5650 2797 5705 sedens
2847 5646 2915 5702 ad
2962 5644 3237 5700 dexteram
3285 5640 3381 5697 Dei
