3908 6176
478 320 574 374 331

1777 320 2048 377 ΑΒΝΟΒΙΙ

2166 323 2387 380 NIORIS
3607 328 3693 384 35?.

477 433 674 501 Patris,
727 433 944 490 exaudit
983 450 1083 490 nos
1133 435 1189 489 ia
1215 434 1302 489 die
1326 451 1429 504 qua
1457 434 1884 491 invocaverimus
1913 449 2055 502 eum;
2086 438 2137 497 Λ
2165 436 2324 490 rieut.
2358 435 2488 489 Nam
2520 452 2615 490 eos
2659 435 2939 491 l‘t-uctificat
2997 437 3046 491 iu
3095 437 3486 492 resurrectionis
3532 437 3691 505 fructu,

477 525 576 592 ipsi
605 524 772 594 gloria
796 526 850 579 in
879 524 1071 579 suacula
1100 524 1434 579 smculorum.
1468 523 1657 577 Amen.

1030 635 1249 689 PSALM
1260 634 1343 690 US
1381 634 1499 690 XX.

903 725 960 780 In
991 726 1146 781 [itacui
1175 728 1411 797 psalmus
1442 727 1629 780 David.

552 813 788 880 Domine,
819 819 874 870 in
907 820 1087 872 tirtute
1116 829 1203 871 tua
1232 819 1492 872 lwtabitur
1519 836 1630 879 rex,
1663 830 1710 871 et
1739 837 1892 890 super
1920 820 2077 872 salum

476 916 587 959 tare
617 915 757 959 tuum
800 909 1081 962 exsultabit
1130 910 1464 963 vehementer.
1517 909 1844 965 Desidcrium
1892 913 2071 967 cordis.

476 1013 587 1051 erus
616 996 837 1051 tribuisti
867 1000 931 1061 ei,
964 1008 1013 1052 et
1042 1000 1301 1053 voluntate
1329 998 1580 1054 labiorum
1608 1001 1719 1070 ejus
1765 1018 1866 1055 non
1917 1004 2063 1071 {rau-

477 1088 612 1140 dzsli
632 1105 764 1141 eum.
800 1087 1060 1151 Quoniam
1085 1091 1372 1159 prazvenisti
1401 1108 1515 1144 eum
1542 1092 1597 1144 in
1627 1089 2062 1145 benedictionibus

477 1176 784 1243 dulcedinis,
841 1181 1057 1248 posuisti
1096 1182 1151 1233 in
1193 1182 1361 1247 capite
1386 1182 1500 1251 ejus
1526 1197 1770 1234 coronam
1799 1180 1862 1234 de
1891 1181 2063 1249 lapide

475 1269 715 1336 pretioso.
754 1268 925 1322 Unam
954 1272 1097 1341 petiit
1125 1287 1157 1323 a
1188 1279 1251 1333 te,
1287 1283 1335 1325 et
1367 1272 1594 1329 tribuisti
1617 1274 1667 1326 ei
1690 1272 2061 1343 longitudinem

475 1359 673 1413 dierum
718 1361 773 1413 in
818 1364 1060 1416 stet-utam
1090 1370 1137 1415 et
1167 1363 1219 1414 in
1248 1362 1491 1415 steculum
1521 1364 1716 1418 saeculi.
1761 1362 1959 1434 Magna
1987 1379 2061 1417 est

474 1450 643 1520 gloria
687 1452 799 1523 ejus
844 1455 897 1505 in
945 1455 1163 1506 salutari
1212 1463 1297 1506 tuo
1328 1471 1345 1507 :
1376 1455 1597 1524 gloriam
1626 1465 1674 1508 et
1702 1473 1944 1527 magnum
1973 1458 2063 1512 de-

474 1559 643 1596 corem
679 1545 910 1615 impones
951 1563 1102 1616 super
1129 1564 1262 1599 eum.
1299 1543 1560 1610 Quoniam
1590 1547 1739 1603 dabis
1758 1566 1871 1603 eum
1892 1551 1944 1603 in
1976 1550 2061 1603 be-

474 1634 814 1689 nedictionem
860 1637 915 1688 in
963 1637 1205 1690 siccatam
1259 1637 1454 1701 seaculi,
1512 1639 1807 1708 twtiﬁcabis
1853 1657 1967 1694 eum
2006 1643 2061 1695 in

474 1723 668 1792 gaudio
690 1740 803 1776 cum
826 1724 961 1778 vultu
993 1738 1096 1781 tuo.
1125 1724 1383 1790 Quoniam
1413 1744 1504 1782 rex
1531 1739 1703 1798 sperat
1728 1730 1783 1782 in
1815 1730 2060 1796 Domino,

2163 541 2301 594 quos
2330 528 2621 582 semiuatos
2647 530 2854 597 accepit
2885 530 2937 582 in
2960 528 3133 594 obitu;
3167 543 3286 582 nam
3315 543 3524 598 corpora
3545 540 3694 584 nostra

2161 618 2416 671 seminari
2437 619 2728 688 Apostolus
2765 621 2978 689 probat,
3011 635 3132 674 cum
3161 619 3329 673 dicit:
3362 619 3628 673 Seminatur
3651 637 3694 673 vi

2161 711 2511 781 corruptione,
2544 723 2714 780 surget
2734 712 2788 764 in
2815 711 3253 781 incorruptionem
3284 709 3327 779 (Ι
3352 707 3464 763 Cor.
3495 708 3695 776 xv);sed

2162 800 2214 853 hi
2238 800 2327 868 qui
2356 800 2628 855 declinant
2657 801 2709 853 in
2739 799 2954 855 Christo
2983 800 3142 867 mala,
3172 801 3307 854 sicut
3329 809 3449 855 tunc
3472 797 3635 863 .luilaci,
3651 813 3696 856 et

2162 897 2348 945 contra
2378 905 2500 945 eum
2531 891 2898 959 perversitatis
2937 906 3048 961 suae
3093 891 3328 958 cogitant
3354 889 3625 952 consilium,
3652 889 3694 943 in

2160 980 2249 1037 die
2284 981 2372 1034 illa
2419 991 2690 1050 ponentur
2738 983 2790 1036 iu
2820 982 3003 1047 dorso,
3036 991 3090 1036 et
3126 983 3177 1035 in
3208 982 3436 1051 reliquiis
3460 982 3561 1035 suis
3586 996 3696 1050 pra:-

2162 1081 2321 1140 parat.
2348 1073 2552 1127 vultum
2584 1074 2822 1143 illorum,
2864 1075 2967 1135 hoc
2988 1082 3073 1130 est
3094 1090 3200 1129 non
3230 1074 3283 1128 in
3310 1073 3473 1144 prima
3500 1072 3696 1126 anastasi

2161 1173 2445 1232 resurgunt
2467 1180 2591 1220 cum
2614 1167 2834 1231 sanctis,
2858 1167 2954 1222 sed
2982 1167 3126 1236 quod
3152 1167 3413 1221 residuum
3438 1165 3527 1220 fuit
3546 1182 3696 1220 resur-

2161 1256 2388 1309 rectioni
2438 1257 2647 1326 primm,
2703 1258 2754 1313 in
2806 1273 2871 1311 eo
2909 1242 3233 1328 prteparabit
3277 1256 3470 1311 vultum
3500 1257 3695 1311 illorum.

2165 1344 2312 1400 Tunc
2328 1347 2510 1402 laudes
2522 1348 2749 1403 Domino
2765 1347 2891 1404 Iesu
2906 1349 3119 1404 Christo
3156 1347 3435 1411 oiiereutes
3449 1349 3499 1405 in
3511 1349 3697 1420 hymno,

2163 1446 2218 1493 ct
2246 1438 2345 1493 ista
2375 1440 2539 1494 verba
2581 1442 2934 1506 cantabimus,
2970 1450 3027 1496 ut
3070 1442 3309 1497 dicamus
3338 1442 3422 1495 ei:
3465 1439 3695 1505 Exaltare,

2163 1526 2408 1593 Domine,
2442 1530 2495 1583 in
2518 1530 2715 1585 virtute
2746 1539 2854 1585 tua.
2882 1530 2998 1587 lam
3028 1547 3133 1586 non
3164 1532 3219 1585 in
3245 1545 3465 1600 persona
3489 1530 3613 1585 servi
3635 1531 3698 1582 la-

2162 1618 2388 1672 tibulum
2418 1627 2522 1675 tum
2558 1622 2774 1675 virtutis
2802 1623 3113 1687 obumbras,
3144 1622 3241 1677 sed
3268 1623 3496 1677 exaltare
3530 1622 3577 1674 in
3613 1622 3700 1674 vir-

2167 1716 2278 1762 tute
2306 1721 2420 1775 tua,
2453 1719 2507 1764 et
2528 1713 2763 1768 sentiant
2793 1722 2845 1768 te
2874 1714 3126 1780 ultorem,
3149 1714 3241 1785 qui
3273 1721 3501 1767 nostrum
3528 1721 3573 1767 te
3601 1727 3699 1767 cre-

475 1821 523 1863 et
546 1813 599 1865 in
648 1815 1003 1869 misericordia
1050 1816 1301 1869 Altissimi
1330 1833 1431 1870 non
1462 1797 1873 1873 commovebitur.
1910 1819 2061 1875 Inre—
2094 1797 2134 1854 Β
2165 1799 2294 1855 ἀπο
2317 1801 2562 1857 duum“
2590 1805 2949 1872 salvatorem}
2984 1806 3077 1861 [ibi
3105 1806 3350 1875 Gloriari“
3375 1805 3551 1860 Simul“
3569 1818 3703 1861 δίων

476 1904 653 1956 niatur
681 1921 865 1958 manus
894 1916 981 1959 tua
1010 1907 1242 1961 omnibus
1288 1908 1512 1962 inimicis
1545 1911 1665 1974 tuis,
1712 1910 1927 1965 dextera
1974 1922 2067 1968 tua

477 1996 702 2048 nweniat
739 2013 914 2051 omnes
959 2000 1045 2069 qui
1087 2009 1134 2052 te
1152 1999 1387 2053 oderunt.
1414 1999 1586 2055 Pones
1612 2019 1701 2056 eos
1719 2012 1776 2056 ut
1802 2002 2062 2059 clibanum

478 2087 613 2154 ignis
644 2087 695 2139 in
729 2096 954 2157 tempore
979 2088 1145 2143 vultus
1180 2091 1287 2153 tui;
1320 2090 1573 2145 Dominus
1601 2093 1653 2145 in
1701 2094 1782 2146 ira
1811 2110 1906 2148 sua
1933 2113 2076 2149 con--

479 2175 703 2230 turbabit
721 2195 826 2243 eos,
858 2189 909 2232 et
936 2180 1197 2237 deverabit
1220 2199 1305 2235 eos
1336 2184 1491 2254 ignis.
1524 2183 1776 2239 Fructum
1804 2204 1978 2242 eorum
1999 2191 2064 2243 de

480 2279 616 2322 terra
644 2271 843 2339 perdes,
875 2281 925 2326 et
953 2290 1126 2328 semen
1170 2292 1345 2328 eorum
1372 2292 1405 2328 a
1433 2276 1560 2346 ﬁliis
1598 2277 1881 2334 hominum.
1928 2280 2077 2344 Quo-.

479 2362 621 2414 niam
661 2362 1044 2419 declinaverunt
1071 2367 1125 2419 in
1174 2376 1221 2419 te
1256 2367 1415 2430 mala,
1464 2370 1817 2440 cogitaverunt
1843 2374 2060 2427 consilia

477 2469 720 2522 quianon
749 2464 1023 2524 potuerunt
1050 2455 1299 2510 stabilire.
1334 2456 1594 2521 Quoniam
1622 2477 1780 2527 pones
1824 2479 1910 2516 eos
1939 2462 2073 2516 dor-7

477 2562 609 2610 sum,
632 2547 936 2618 moreliquiis
958 2549 1057 2602 tuis
1079 2549 1399 2620 prwparabis
1420 2552 1615 2605 vultum
1637 2569 1829 2606 eorum.
1860 2553 2059 2608 Exsul—

478 2648 605 2701 tare,
636 2635 874 2700 Domine,
906 2640 959 2692 in
987 2642 1168 2694 virtute
1214 2649 1321 2707 tua,
1353 2639 1678 2696 cantabimus
1704 2652 1755 2696 et
1782 2644 2074 2714 psallemus.

479 2726 683 2780 virtutes
716 2738 848 2781 ruas.

1049 2814 1485 2854 COMﬂENTARIUM.

552 2885 749 2953 itcgcm
779 2887 884 2945 hoc
930 2888 983 2942 in
1032 2890 1151 2945 loco
1194 2891 1464 2945 hominem
1485 2892 1780 2960 perlectum
1804 2895 2059 2964 appellat,

479 2991 585 3030 non
617 2977 669 3031 in
697 2977 894 3031 virtute
923 2994 1038 3041 sua,
1069 2980 1163 3034 sed
1204 2981 1254 3034 in
1293 2982 1492 3036 virtute
1522 2983 1637 3050 ejus
1672 2983 1937 3038 laetantem
1967 2986 2061 3054 qui

478 3083 598 3121 cum
628 3068 932 3137 assumpsit,
961 3070 1051 3137 qui
1082 3070 1402 3125 desiderium
1424 3073 1601 3127 cordis
1622 3072 1736 3141 ejus
1773 3074 1957 3129 tribuit
1985 3076 2055 3142 ei,

2166 1891 2361 1946 10mm.
2395 1893 2586 1949 Amen.
3072 1936 3077 1941 ι

2707 1963 3021 2022 PSALMUS
3058 1966 3200 2021 XXI.

2164 2051 2220 2106 lu
2262 2052 2418 2107 linem
2460 2054 2694 2134 psalmus
2732 2056 2894 2112 David
2940 2074 3038 2128 pro
3087 2059 3424 2129 susceptione
3457 2057 3698 2123 matutina.

2237 2162 2373 2217 Deus
2420 2164 2561 2219 Deus
2607 2184 2769 2231 meus,
2824 2169 3021 2239 respice
3048 2171 3102 2222 in
3132 2187 3243 2232 me;
3273 2186 3424 2240 quare
3450 2184 3522 2221 me
3547 2167 3703 2220 dereli-

2164 2256 2355 2326 quisti?
2383 2255 2533 2326 longe
2560 2274 2591 2310 a
2620 2257 2786 2311 salute
2832 2276 2947 2312 mea
2976 2259 3125 2312 verba
3175 2260 3465 2314 delictorum
3492 2275 3699 2312 meorum.

2167 2346 2306 2401 Deus
2333 2365 2491 2408 meus,
2531 2349 2764 2405 clamabo
2811 2368 2902 2421 per
2948 2351 3104 2415 diem,
3155 2361 3335 2407 etnon
3374 2350 3627 2413 exaudies;
3665 2356 3704 2401 et

2163 2448 2329 2503 nocte,
2358 2449 2407 2492 et
2428 2456 2529 2493 non
2552 2440 2621 2492 ad
2640 2442 2992 2509 insipientiam
3014 2442 3160 2496 mihi.
3190 2442 3264 2496 Tu
3293 2451 3453 2495 autem
3477 2443 3528 2494 in
3554 2448 3704 2493 sancto

2165 2529 2388 2595 habitas,
2421 2532 2534 2585 laus
2566 2531 2769 2595 Israel,
2787 2532 2851 2586 In
2885 2543 2931 2587 te
2958 2543 3294 2603 speraverant
3341 2543 3502 2603 patres
3538 2530 3703 2592 nostri;

2163 2630 2512 2689 speraverant,
2537 2632 2586 2675 et
2606 2622 2835 2678 liberasti
2850 2641 2956 2677 eos.
2983 2624 3064 2677 Ad
3086 2634 3133 2677 te
3161 2626 3518 2687 clamauerunt,
3542 2632 3585 2675 et
3603 2620 3705 2674 salii

2165 2714 2289 2783 facti
2308 2722 2463 2776 sunt;
2484 2714 2537 2766 in
2569 2722 2617 2766 te
2648 2722 3003 2783 speraverant,
3034 2726 3080 2768 et
3110 2731 3215 2768 non
3244 2725 3362 2767 sunt
3389 2714 3593 2784 confusi.
3616 2709 3706 2778 Ego

2164 2815 2334 2857 autem
2361 2820 2473 2858 sum
2501 2805 2761 2858 vermiset
2789 2822 2893 2858 non
2922 2804 3092 2869 homo,
3123 2805 3455 2875 opprobrium
3483 2802 3707 2857 hominum

2163 2904 2212 2947 et
2250 2893 2468 2965 abjectio
2522 2895 2701 2962 plebis.
2756 2895 2945 2950 Omnes
2973 2896 3197 2950 videntes
3230 2913 3309 2949 me
3330 2895 3595 2949 deriserunt
3617 2905 3707 2949 me.“

2162 2986 2320 3040 locuti
2347 2996 2466 3040 sunt
2492 2987 2663 3051 labiis,
2687 2996 2737 3041 et
2763 2998 3028 3042 moverunt
3065 2998 3243 3056 caput.
3277 2988 3509 3060 Speravit
3548 2986 3595 3038 in
3619 2981 3709 3036 Do—

2165 3078 2327 3142 mino,
2358 3077 2547 3147 eripiat
2572 3094 2723 3142 eum;
2771 3077 2968 3132 salvum
2997 3078 3158 3150 faciat
3186 3095 3325 3143 eum,
3378 3076 3602 3148 quoniam
3625 3070 3710 3125 vult

477 3165 539 3212 ct
555 3159 830 3215 voluntate
858 3161 1122 3216 labiorum
1142 3164 1257 3230 ejus
1287 3180 1392 3219 non
1433 3163 1703 3220 fraudavit.
1722 3183 1845 3221 cum
1880 3186 1891 3220 :
1925 3184 2061 3238 ιιι-ιη-
2089 3167 2132 3228 C
2163 3184 2298 3221 eum.
2343 3164 2602 3230 Quoniam
2648 3181 2703 3223 tu
2727 3185 2781 3222 es
2827 3169 2914 3239 qui
2933 3168 3310 3227 extruxistime
3338 3168 3400 3220 de
3418 3174 3590 3229 ventre,
3615 3175 3709 3230 spes

477 3254 624 3307 venit
669 3254 812 3308 enim
867 3270 991 3309 eum
1036 3255 1088 3309 in
1112 3256 1485 3313 benedictione
1506 3258 1819 3314 dulcedinis.
1847 3259 2062 3316 Amauti

477 3344 620 3397 enim
652 3354 911 3417 prmcepla
943 3346 1077 3415 ejus,
1129 3347 1299 3403 dulcis
1338 3358 1440 3414 est,
1474 3350 1627 3418 isque
1652 3351 1879 3421 imperat
1924 3354 2063 3408 sicut

475 3436 719 3505 superius
771 3437 904 3491 dixit
934 3457 946 3492 :
981 3438 1150 3508 Super
1196 3440 1297 3493 mel
1340 3450 1391 3493 et
1418 3443 1591 3511 favum
1619 3444 1697 3497 ori
1743 3460 1856 3498 meo
1886 3444 2067 3515 (Psal.

476 3528 645 3593 xviu).
698 3526 1009 3583 Benedictio
1047 3542 1177 3596 ergo
1230 3529 1525 3587 dulcedinis
1570 3539 1654 3586 est
1686 3548 1884 3602 corpus
1903 3534 2056 3601 ejus:

476 3608 707 3680 (instate,
738 3618 832 3682 ait,
855 3628 903 3672 et
927 3619 1090 3673 ridete
1117 3637 1270 3691 quam
1298 3624 1467 3676 suavis
1496 3632 1573 3676 est
1599 3622 1855 3678 Dominus
1887 3625 2056 3695 (Psal.

476 3707 682 3776 χχχιιι).
716 3707 830 3762 Hoc
878 3717 1056 3762 autem
1094 3709 1238 3777 quod
1264 3709 1414 3773 dicit,
1447 3710 1680 3766 Posuisti
1711 3729 1872 3782 super
1899 3725 2062 3783 caput

477 3798 593 3865 ejus
619 3814 896 3864 coronam,
930 3803 1168 3856 imitator
1209 3800 1408 3857 Christi
1458 3804 1652 3860 Paulus
1695 3807 1799 3860 hoc
1827 3809 2061 3877 appellat

475 3888 720 3960 gaudium
746 3906 895 3944 suum
914 3900 965 3944 et
995 3904 1240 3947 coronam
1261 3910 1409 3947 suam
1440 3894 1663 3966 (Philip.
1696 3895 1791 3966 tv),
1823 3898 1915 3965 qui
1944 3898 2060 3966 ejus

475 3980 677 4033 monita
707 3980 1185 4049 amplectebantur.
1217 3982 1352 4049 Quia
1384 3987 1614 4053 apostoli
1655 3986 1705 4039 in
1736 3986 1852 4055 ejus
1890 3988 2057 4056 gloria

473 4073 857 4139 gloriabantur,
889 4074 957 4129 de
984 4076 1066 4128 his
1093 4075 1291 4129 dicitur
1322 4093 1333 4128 :
1367 4075 1581 4132 Corona
1612 4079 1860 4149 imposita
1891 4081 1943 4134 in
1974 4096 2059 4135 ca-

474 4181 484 4232 ;
512 4166 583 4219 ite
614 4166 842 4233 Domini,
878 4167 1015 4223 facta
1045 4185 1112 4223 ex
1141 4169 1318 4239 lapide
1343 4173 1600 4240 pretioso,
1632 4174 1770 4227 sicut
1798 4173 2056 4229 Ezechie-

473 4254 536 4309 lis
556 4257 858 4327 prophetia,
890 4268 945 4315 et
969 4259 1196 4323 Joannis
1222 4263 1569 4334 Apocalypsis
1600 4265 1852 4334 loquitur.
1885 4265 2059 4322 Unam

473 4351 624 4418 petiit
652 4369 664 4402 :
693 4351 759 4406 de
787 4361 1062 4422 assumpto
1088 4354 1306 4409 homine
1335 4357 1473 4424 agit;
1496 4357 1661 4411 vitam
1691 4358 1832 4412 enim
1852 4360 2059 4429 positus

473 4444 486 4496 i
514 4460 525 4494 I
556 4451 728 4498 morte
757 4445 1010 4514 suscepit,
1040 4453 1095 4499 et
1116 4445 1500 4514 longitudinem
1525 4448 1730 4502 dierum
1758 4465 1863 4503 non
1887 4464 2058 4518 usque

472 4534 537 4586 ad
568 4541 919 4599 senectutem,
952 4535 1047 4589 sed
1096 4536 1148 4589 in
1190 4537 1441 4591 sscculum
1464 4538 1661 4592 smculi.
1695 4538 1884 4607 Magna
1914 4542 2057 4594 enim

470 4625 639 4691 gloria
672 4626 806 4694 ejus.
833 4624 889 4679 In
916 4641 1026 4695 quo
1056 4641 1249 4696 magna
1277 4628 1395 4681 est?
1426 4642 1530 4681 non
1559 4628 1611 4681 in
1641 4631 1947 4697 arrogantia
1973 4631 2059 4685 Di-

470 4718 726 4781 vinitatis,
758 4719 852 4775 sed
883 4719 936 4773 in
955 4719 1128 4775 salute
1152 4721 1515 4783 humanitatis,
1549 4729 1604 4774 et
1625 4721 1746 4775 ideo
1760 4722 1983 4789 gloriam
2001 4731 2056 4777 et

471 4824 720 4875 magnum
746 4811 994 4866 decorem
1023 4813 1269 4881 impones
1295 4827 1457 4882 super
1484 4828 1625 4877 eum,
1669 4820 1723 4867 et
1750 4813 1903 4869 dabis
1932 4831 2055 4869 eum

470 4902 523 4954 in
555 4901 924 4957 benedictione
952 4910 1176 4969 κιαι-ιιι),
1205 4905 1330 4973 quia
1361 4905 1439 4959 sic
1458 4906 1695 4974 speravit
1722 4905 1775 4959 in
1804 4905 2053 4970 Domino,

468 5004 523 5044 et
545 4991 595 5045 in
627 4992 989 5046 misericordia
1020 4993 1135 5061 ejus
1157 5004 1457 5049 commotus
1481 5011 1587 5049 non
1617 5003 1718 5061 est,
1747 5003 1804 5050 ut
1850 5011 1949 5065 pro
1976 5012 2060 5051 sa-

467 5084 580 5137 lute
620 5084 833 5150 generis
878 5085 1096 5139 humani
1136 5086 1300 5140 etiam
1331 5088 1565 5157 scipsum
1613 5088 1905 5143 sacriﬁcari
1932 5104 2058 5159 per-

466 5174 724 5227 mitteret.
768 5174 850 5228 Ex
897 5176 1002 5229 hoc
1029 5176 1148 5231 loco
1178 5174 1339 5231 Pater
1365 5177 1433 5231 ad
1462 5178 1653 5234 Filium
1682 5179 1937 5248 loquitur,
1969 5180 2056 5235 Iu-

465 5264 715 5319 vcniatur
743 5280 933 5319 manus
960 5272 1049 5319 tua
1080 5267 1330 5323 omnibus
1380 5269 1608 5324 inimicis
1637 5270 1743 5324 tuis
1764 5311 1779 5335 ,
1830 5271 2051 5325 dextera

466 5368 555 5410 tua
584 5357 669 5411 illa
700 5373 819 5426 qure
838 5359 887 5411 in
909 5373 1069 5413 cruce
1097 5359 1277 5414 clavos
1306 5361 1534 5430 accepit,
1561 5361 1674 5431 ipsa
1700 5361 1939 5415 inveniat
1959 5375 2056 5415 eos

465 5450 554 5517 qui
588 5435 638 5504 te
664 5450 909 5516 oderunt,
934 5466 1077 5521 pone
1125 5467 1218 5508 cos
1251 5461 1309 5507 ut
1335 5454 1604 5508 clibanum
1636 5455 1791 5522 ignis,
1826 5454 1877 5507 in
1918 5461 2054 5508 tem-

464 5556 599 5611 pore
625 5542 804 5597 vultus
834 5542 928 5598 tui.
964 5542 1113 5600 Tunc
1156 5544 1207 5598 in
1254 5545 1331 5598 ira
1364 5553 1450 5599 tua
1501 5544 1849 5600 conturbabis
1878 5552 2055 5609 eos,ct

464 5631 745 5687 devorabit
772 5650 867 5689 eos
914 5634 1067 5701 ignis.
1124 5634 1316 5689 Judicii
1346 5636 1487 5689 enim
1531 5635 1646 5690 dies
1665 5635 1790 5689 dum
1822 5633 2048 5695 venerit.

465 5723 670 5780 fructus
690 5740 877 5781 corum
914 5727 1004 5794 qui
1036 5726 1289 5782 increduli
1322 5736 1686 5796 perseverant,
1722 5744 1751 5781 a
1782 5736 1923 5780 terra
1955 5741 2051 5794 pc-

2162 3276 2277 3317 itea
2305 3258 2370 3313 ab
2398 3260 2636 3314 uberibus
2663 3262 2848 3315 matris
2874 3278 3021 3328 meas,
3052 3263 3109 3316 in
3155 3271 3201 3315 te
3248 3261 3499 3333 projectus
3539 3271 3639 3310 sum
3660 3268 3711 3305 ex

2159 3360 2325 3406 utero.
2368 3350 2446 3404 De
2472 3362 2649 3406 ventre
2690 3353 2876 3406 matris
2902 3369 3030 3406 mea:
3058 3351 3200 3406 Deus
3232 3368 3377 3405 meus
3408 3365 3459 3404 es
3488 3356 3553 3409 tu,
3583 3360 3637 3397 ne
3652 3341 3713 3393 di-

2160 3442 2402 3495 scesseris
2427 3458 2460 3494 a
2486 3458 2587 3495 me.
2623 3438 2883 3504 Quoniam
2915 3442 3180 3497 tribulatio
3226 3442 3464 3511 proxima
3490 3444 3577 3501 est,
3605 3449 3710 3505 quo-

2162 3518 2437 3585 niam'non
2488 3539 2566 3584 est
2593 3532 2680 3601 qui
2724 3530 2948 3601 adjuvet.
2989 3519 3449 3588 Circumdederunt
3482 3541 3555 3579 me
3594 3518 3713 3576 vituli

2160 3621 2327 3685 multi,
2378 3621 2514 3677 tauri
2554 3622 2768 3691 pingues
2797 3620 3104 3675 obsederunt
3132 3637 3231 3673 me.
3263 3622 3571 3691 Aperuerunt
3587 3626 3713 3681 super

2161 3727 2242 3762 me
2260 3727 2318 3763 os
2345 3727 2511 3775 suum,
2562 3712 2696 3764 sicut
2740 3711 2818 3766 leo
2848 3713 3056 3782 rapiens
3087 3721 3135 3765 et
3164 3713 3395 3782 rugiens.
3440 3709 3577 3765 Sicut
3601 3717 3712 3775 aqua

2160 3801 2355 3867 eﬂ'usus
2383 3817 2519 3866 sum,
2547 3810 2598 3855 et
2627 3801 2866 3871 dispersa
2886 3810 3004 3855 sunt
3021 3802 3195 3855 omnia
3224 3819 3349 3856 ossa
3369 3817 3496 3854 nica.
3523 3794 3713 3849 Factum

2161 3901 2236 3945 cst
2257 3907 2344 3944 cor
2371 3907 2541 3945 meum
2565 3901 2810 3963 tanquam
2830 3908 2947 3946 cera
2975 3891 3265 3962 liquescens
3286 3893 3341 3945 in
3368 3888 3531 3944 medio
3553 3881 3713 3939 ventris

2160 3987 2280 4037 mei.
2312 3983 2463 4037 Aruit
2493 3993 2737 4056 tanquam
2766 3994 2895 4038 testa
2944 3985 3105 4040 virtus
3134 4001 3271 4050 mea,
3316 3992 3367 4037 et
3413 3982 3583 4052 lingua
3620 3988 3713 4029 mea

2160 4077 2380 4132 adhaesit
2409 4076 2641 4147 faucibus
2664 4078 2813 4142 meis,
2834 4085 2881 4130 et
2911 4077 2965 4130 in
2993 4076 3253 4146 pulverem
3283 4075 3463 4129 mortis
3490 4063 3713 4125 deduxisti

2162 4186 2260 4221 me.
2297 4166 2554 4232 Quoniam
2583 4168 3032 4223 circumdederunt
3061 4185 3144 4221 me
3194 4184 3350 4222 canes
3379 4165 3539 4228 multi,
3569 4156 3712 4214 consi-

2161 4262 2287 4315 lium
2315 4262 2719 4333 malignantium
2740 4261 2938 4317 obsedit
2957 4277 3055 4314 me.
3080 4258 3353 4314 Foderunt
3381 4271 3559 4312 manus
3598 4263 3712 4304 meas

2159 4360 2209 4405 et
2260 4353 2416 4421 pedes
2454 4369 2615 4417 meos,
2666 4353 3060 4405 dinumerarunt
3101 4351 3278 4406 omnia
3306 4366 3425 4404 ossa
3470 4362 3593 4400 mea.

2162 4458 2278 4495 vero
2307 4440 2759 4496 consideraverunt
2777 4451 2825 4494 et
2853 4442 3191 4510 inspexerunt
3214 4455 3316 4504 me,
3347 4437 3612 4491 diviserunt
3636 4424 3717 4481 sibi

2083 4526 2136 4587 D
2161 4533 2460 4589 vestimenta
2481 4548 2623 4596 mea,
2638 4542 2688 4585 et
2713 4548 2868 4603 super
2887 4541 3072 4591 vestem
3100 4545 3268 4584 meam
3282 4530 3714 4584 miseruntsortem-

2164 4623 2239 4680 Tu
2269 4632 2469 4687 autem,
2500 4623 2741 4688 Domine,
2773 4640 2839 4678 ne
2866 4622 3184 4693 elongareris
3228 4621 3482 4675 auxilium
3525 4625 3652 4668 tuum
3690 4622 3715 4657 α

2160 4734 2258 4781 me,
2305 4715 2375 4768 ad
2422 4715 2775 4785 defensionem
2800 4730 2968 4769 meam
2993 4713 3246 4783 conspice.
3280 4710 3423 4766 Erue
3448 4725 3479 4761 α
3524 4709 3713 4777 framea.

2161 4809 2322 4874 Deus,
2348 4809 2581 4861 animam
2607 4824 2796 4873 meam,
2828 4814 2877 4860 et
2898 4805 2963 4860 de
2984 4821 3141 4858 manu
3162 4804 3308 4857 canis
3335 4803 3537 4856 unicam
3555 4805 3715 4850 meam-

2162 4900 2321 4955 Salva
2349 4917 2432 4954 me
2456 4915 2521 4953 ea:
2548 4916 2639 4954 ore
2667 4900 2831 4954 leonis
2859 4906 2907 4951 et
2934 4915 2968 4950 a
2987 4896 3229 4952 cornibus
3249 4892 3567 4950 unicornium
3581 4880 3716 4941 humi-

2159 4993 2359 5047 litatem
2387 5008 2576 5045 meum.
2609 4989 2857 5044 Narrabo
2885 5005 3085 5047 nomen,
3123 4997 3265 5041 tuum
3307 4984 3548 5057 fratribus
3591 4973 3717 5034 meis.

2158 5083 2216 5135 in
2264 5081 2431 5136 medio
2460 5080 2712 5135 Ecclesiae
2755 5079 2979 5134 laudabo
3011 5088 3076 5133 te.
3112 5077 3214 5142 Qui
3236 5076 3423 5131 timetis
3447 5069 3718 5128 Dominum.

2160 5173 2370 5227 laudate
2396 5188 2532 5236 eum,
2581 5171 2877 5225 universum
2913 5185 3087 5223 semen
3110 5164 3576 5239 Jacobgloriﬁcate
3599 5167 3715 5253 eum.

2162 5262 2364 5316 Timeat
2385 5278 2504 5315 eum
2534 5277 2686 5316 omne
2710 5276 2883 5315 semen
2913 5257 3103 5325 Israel,
3136 5258 3510 5344 quoniamnon
3534 5250 3717 5344 spreti?

2158 5372 2319 5426 neque
2364 5354 2601 5422 despexit
2645 5352 3065 5423 deprecationem
3102 5349 3364 5421 pauperis.
3421 5341 3529 5397 Nec
3562 5339 3721 5436 avertit

2159 5447 2346 5517 {aciem
2373 5460 2524 5499 suam
2551 5461 2584 5497 a
2609 5459 2710 5507 me,
2742 5452 2927 5496 etcum
2946 5440 3227 5495 clamarem
3253 5438 3324 5493 ad
3351 5452 3463 5491 eum
3486 5426 3723 5487 exaudiui

2159 5555 2257 5592 me.
2290 5536 2442 5606 Apud
2472 5544 2519 5590 te
2565 5535 2681 5589 laus
2707 5551 2821 5588 mea
2849 5535 2904 5586 in
2949 5532 3169 5587 ecclesia
3206 5545 3399 5605 magna
3421 5543 3440 5581 :
3480 5532 3589 5579 vota
3622 5528 3721 5571 mea

2158 5630 2371 5684 reddam
2420 5632 2477 5684 in
2515 5637 2789 5697 conspectu
2816 5627 3106 5682 timentium
3133 5642 3269 5681 eum.
3300 5622 3472 5680 Edent
3498 5621 3724 5691 pauperet

2158 5731 2208 5775 et
2234 5720 2622 5784 saturabuntur,
2649 5727 2696 5774 et
2719 5716 3007 5773 laudabunt
3036 5716 3315 5777 Dominum
3352 5713 3443 5785 qui
3484 5703 3722 5777 requirﬂnl
