3908 6176
228 265 313 334 353

1070 255 1544 321 COMMENTARII
1581 259 1648 315 ΙΝ
1684 257 2020 316 PSALMOS.
2066 257 2253 317 PS.\|..
2300 256 2458 320 XXll.

3363 275 3469 330 δῖςι

226 407 346 455 null;
372 387 522 441 virent
551 386 707 439 corde
730 397 905 437 eorum
934 381 987 433 in
1010 378 1254 433 swculum
1288 376 1485 431 saeculi.
1543 374 1774 428 Remini—
1804 383 1852 440 Α
1879 383 1937 429 ut
1976 374 2199 431 adorent
2258 377 2310 430 in
2363 389 2654 449 conspectu
2695 379 2831 450 ejus,
2860 398 2965 437 non
2997 384 3112 439 sola
3141 383 3343 452 Judma,
3374 388 3470 443 sed

225 492 412 543 scentur,
441 487 487 531 et
512 482 876 530 conrerteutur
904 472 973 525 ad
1002 471 1304 534 Dominum,
1335 470 1590 522 universa:
1641 468 1770 537 ﬁnes

225 585 366 628 terrte.
395 569 458 623 Et
484 564 774 621 (tdorabunt
794 566 850 619 in
879 572 1156 633 conspectu
1186 564 1299 633 ejus
1329 562 1584 615 universa:
1612 562 1771 631 [ami-

220 665 294 721 βω
314 661 539 733 gentium.
567 656 827 721 Quoniam
868 654 1079 709 Domini
1105 663 1179 707 est
1200 669 1431 724 regnum,
1460 663 1509 706 et
1538 653 1646 721 ipse
1672 651 1771 704 do-

219 751 462 809 minabitur
505 749 753 820 gentium.
816 745 1263 825 Manducaverunt
1324 753 1373 796 et
1425 741 1771 795 adoraverunt

219 859 366 899 omnes
383 841 589 912 pingues
617 850 807 892 terrm:
839 838 895 890 in
924 845 1201 906 conspectu
1223 835 1335 905 ejus
1364 834 1550 888 cadent
1593 850 1770 888 omnes

216 936 286 1008 qui
310 931 605 986 descendunt
640 931 691 983 in
724 939 936 983 terram.
969 925 1041 979 Et
1070 925 1248 979 anima
1279 942 1393 979 mea
1420 926 1498 980 illi
1525 925 1670 988 vivet,
1720 932 1770 977 et

217 1041 358 1082 semen
378 1040 539 1077 meum
566 1021 749 1076 serviet
776 1021 898 1092 ipsi.
927 1016 1332 1072 Annuntiabitur
1353 1017 1578 1072 Domino
1612 1033 1769 1087 gene-

216 1120 324 1171 ratio
352 1123 576 1179 ventura,
608 1123 657 1166 et
686 1110 1069 1165 annuntiabunt
1091 1110 1201 1164 curii
1224 1110 1483 1180 justitiam
1523 1108 1634 1180 ejus
1671 1126 1768 1176 po-

214 1208 313 1279 pulo
337 1207 415 1279 qui
443 1212 706 1271 nascetur,
739 1221 888 1276 quem
910 1204 1033 1275 fecit
1062 1202 1339 1257 Dominus.

1126 1304 1149 1323 ι.

654 1388 662 1395 .
720 1390 735 1405 ,
749 1314 1184 1394 conuertuntur;

271 1473 318 1528 In
342 1473 590 1544 passione
617 1488 713 1527 sua
735 1472 941 1542 positus
962 1471 1220 1525 Dominus
1242 1469 1551 1540 explanavit
1578 1469 1768 1539 psalmi

210 1564 342 1634 hujus
385 1564 658 1636 mysteria.
708 1562 843 1617 Nam
891 1560 1167 1617 Hebraicis
1223 1560 1399 1615 verbis
1445 1559 1768 1613 versiculum

207 1659 407 1728 primum
452 1656 607 1710 istius
634 1654 828 1724 psalmi
854 1653 1180 1723 exprimens,
1211 1660 1404 1707 caetera
1432 1664 1552 1718 qua:
1575 1664 1769 1718 seque-

1874 482 2062 521 omnes
2088 468 2273 537 patria:
2303 469 2560 537 gentium,
2586 473 2838 540 quoniam
2869 473 3080 529 Domini
3109 486 3191 531 est
3219 492 3462 546 regnum,

1872 566 1926 613 et
1957 559 2072 628 ipse
2097 559 2461 615 dominabitur
2492 564 2749 629 gentium.
2793 564 2930 621 Ecce
2972 567 3157 621 schola
3186 569 3380 622 Christi
3412 571 3462 623 in

1874 650 2201 717 pauperibus
2229 652 2502 721 discipulis
2532 654 2836 721 celebrata;
2873 673 3014 712 nunc
3041 660 3225 713 schola
3270 658 3460 715 Phari-

1870 754 2098 792 s:eorum
2130 742 2393 808 exsurgit;
2428 750 2480 796 et
2510 742 2685 797 videte
2714 746 3101 802 rnandueanlcs
3152 758 3207 803 et
3235 752 3461 804 unmdn-

1868 831 2156 885 canteszilli
2177 834 2634 889 manducaverunt
2662 843 2717 890 et
2747 838 2971 893 saturati
3002 849 3146 904 sunt.
3179 850 3233 896 ct
3278 843 3461 897 latnla~

1882 947 2069 995 verunt
2105 941 2388 995 Dominum
2422 940 2757 1007 requirentes
2786 952 2941 1001 eum;
2977 937 3063 992 isti
3094 946 3269 990 autem
3300 953 3450 989 man-

1884 1031 2246 1092 dueaverunt,
2289 1036 2343 1082 et
2370 1027 2730 1091 adoraverunt
2752 1041 2940 1080 omnes
2969 1026 3156 1079 divites
3186 1033 3358 1079 terrm.
3389 1024 3455 1083 Et

1888 1120 2010 1174 ideo
2048 1121 2101 1173 in
2128 1126 2417 1188 conspectu
2444 1117 2538 1172 Dei
2566 1117 2757 1171 cadent
2793 1131 2978 1169 omnes
3005 1116 3095 1184 qui
3128 1115 3457 1170 descendunt

1889 1210 1941 1263 in
1972 1219 2188 1271 terram.
2241 1209 2536 1263 Descensus
2583 1208 2723 1261 enim
2766 1215 3010 1260 terrenus
3050 1206 3350 1259 hominibus
3381 1206 3457 1259 fa-

1888 1300 2138 1364 mulatur,
2188 1307 2367 1353 nostra
2418 1305 2595 1352 autem
2637 1297 2812 1350 anima
2859 1295 2969 1349 Deo
3010 1295 3235 1359 serviat,
3275 1303 3329 1348 et
3358 1296 3456 1362 ipsi

1886 1391 2050 1444 vivat.
2090 1390 2280 1444 Semen
2310 1405 2438 1444 vero
2480 1399 2718 1443 nostrum
2747 1389 2850 1456 ipsi
2884 1388 3078 1442 serviat
3109 1388 3159 1440 in
3199 1388 3461 1441 castiﬁca-

1890 1482 2036 1535 tione
2066 1480 2447 1542 continentia},
2482 1487 2540 1532 ut
2579 1486 2952 1532 annuntiemus
2981 1476 3206 1531 Domino
3234 1490 3458 1543 genera-

1893 1569 2093 1623 tionem
2124 1577 2419 1632 venturam,
2445 1568 2497 1621 id
2519 1575 2621 1633 est,
2655 1565 2886 1620 futuram
2913 1576 3213 1619 sanctorum
3237 1566 3458 1633 gloriam

1894 1661 2212 1727 cogitemus.
2244 1659 2310 1711 Et
2331 1660 2706 1713 annuntienms
2720 1657 2978 1727 justitiam
3010 1657 3103 1711 Dei
3132 1658 3379 1710 fratribus
3401 1670 3461 1710 ac

205 1749 373 1801 bantur
385 1747 649 1815 exposuit.
671 1744 801 1798 Nam
824 1744 898 1798 ibi
925 1744 1150 1811 legimus
1175 1741 1413 1796 dicentes
1434 1737 1761 1794 Pharismos:

1894 1750 2015 1805 [iliis
2059 1760 2247 1815 actate,
2276 1759 2330 1805 et
2357 1751 2499 1804 omni
2526 1750 2722 1818 populo
2741 1750 2832 1817 qui
2863 1757 3129 1813 nascetur,
3160 1764 3317 1818 quem
3339 1747 3463 1801 fi-th

204 1839 497 1911 Speravitin
530 1837 779 1903 Domino,
805 1836 1000 1906 eripiat
1024 1850 1173 1899 eum;
1205 1834 1410 1889 salvum
1442 1830 1602 1886 faciat
1622 1846 1764 1896 eum,

202 1931 426 2000 quoniam
452 1929 567 1983 vult
596 1944 740 1983 eum.
771 1926 828 1981 lu
861 1927 975 1997 ipsa
1013 1925 1263 1996 passione
1303 1921 1770 1978 circumdederunt

204 2037 305 2077 eum
354 2022 504 2077 vituli
561 2020 748 2085 multi,
797 2019 851 2074 id
903 2026 1005 2084 est,
1039 2017 1219 2089 populi
1248 2013 1574 2071 Judmorum.
1605 2014 1768 2068 Tauri

196 2113 396 2183 pingues
424 2111 755 2167 obsederunt
782 2124 925 2174 eum,
960 2108 1012 2162 id
1042 2115 1145 2171 est,
1197 2106 1469 2177 principes
1515 2104 1769 2160 sacerdo—

200 2212 313 2257 tum.
368 2202 710 2275 Aperuerunt
763 2214 926 2270 super
970 2214 1094 2255 eum
1148 2214 1211 2253 os
1257 2214 1432 2263 suum,
1479 2198 1765 2252 dicentes:

199 2294 559 2366 Blaspliemavit
608 2292 787 2365 (Matt.
839 2306 985 2357 xxvi,
1037 2289 1147 2361 65).
1194 2289 1469 2345 Dederunt
1499 2290 1769 2345 fremitum

199 2385 318 2440 sicut
342 2386 426 2441 leo
452 2384 672 2455 rapiens
709 2391 765 2439 et
790 2382 1025 2451 rugiens.
1071 2379 1400 2436 Damnabilis
1420 2381 1510 2436 ille
1538 2381 1769 2450 Caiplias

181 2475 420 2544 princeps
471 2474 820 2530 sacerdotum
868 2472 947 2526 ita
999 2469 1233 2536 fremuit,
1280 2479 1342 2525 ut
1368 2479 1423 2526 et
1450 2471 1768 2526 vestimenta

195 2579 279 2619 sua
305 2564 589 2620 scinderet.
621 2562 772 2619 Sicut
798 2578 937 2632 aqua
965 2561 1133 2618 ell‘usa
1162 2570 1287 2618 sunt
1310 2577 1431 2617 ossa
1461 2562 1594 2631 ejus.
1624 2561 1769 2617 Bene

195 2656 355 2723 posuit
383 2670 603 2724 aquam,
635 2655 762 2723 quia
793 2654 926 2709 nihil
975 2653 1126 2707 novit
1163 2668 1360 2723 corpus
1404 2653 1623 2717 Christi,
1665 2653 1769 2707 nisi

192 2757 392 2816 peccata
420 2748 628 2803 lavare.
661 2747 881 2801 Factum
913 2753 997 2801 est
1041 2761 1138 2801 cor
1164 2761 1340 2800 meum
1369 2746 1509 2800 sicut
1548 2760 1671 2800 cera
1701 2744 1770 2799 li-

189 2854 435 2908 quescens
485 2841 544 2893 in
585 2838 763 2893 medio
816 2837 1017 2892 ventris
1067 2837 1193 2891 mei.
1236 2836 1372 2891 Cera
1411 2836 1539 2891 dum
1592 2835 1768 2891 soluta

190 2930 333 2987 fuerit
371 2933 438 2987 ab
467 2933 618 3001 igne,
664 2946 770 2985 non
800 2931 957 3001 perit,
987 2942 1044 2985 ut
1080 2937 1290 2985 cunelae
1317 2930 1523 2999 species
1549 2930 1617 2983 ab
1646 2929 1769 2997 igne

188 3025 335 3079 semel
364 3026 602 3081 incensa:
624 3025 680 3079 in
712 3025 943 3078 cinerem
975 3023 1320 3091 rediguntur;
1350 3038 1474 3078 cera
1499 3039 1628 3077 vero
1643 3038 1766 3078 cum

1894 1839 2151 1893 Dominus
2176 1838 2316 1892 Deus
2364 1847 2563 1903 noSter,
2603 1837 2693 1906 qui
2730 1846 2914 1904 regnat
2944 1838 2994 1890 in
3023 1837 3211 1891 sarcula
3241 1838 3463 1890 S.‘L‘Ctlln—

1892 1944 2033 1985 rum.
2059 1929 2247 1983 Amen.

2427 2014 2742 2071 PSALMUS
2770 2014 2930 2068 XXII.

2451 2104 2694 2159 Psalmus
2723 2104 2908 2157 David.

1969 2236 2220 2287 Dominus
2249 2235 2375 2299 regit
2404 2247 2514 2296 me,
2545 2240 2595 2285 et
2620 2232 2751 2285 nihil
2784 2232 2908 2285 nti/ti
2937 2233 3128 2296 deerit;
3158 2239 3210 2285 tn
3233 2237 3344 2287 loco
3369 2250 3465 2304 ρας

1891 2339 2030 2377 scuta
2055 2321 2127 2376 ibi
2161 2338 2241 2376 me
2278 2322 2562 2375 collocavit.
2608 2321 2775 2391 Super
2814 2338 2999 2393 aquam
3028 2324 3315 2393 refectionis
3338 2325 3465 2378 edi:-

1896 2416 2030 2467 carit
2058 2431 2166 2478 me,
2213 2415 2440 2467 animum
2468 2429 2629 2467 meam
2656 2415 2919 2467 convertit.
2961 2413 3188 2469 Deduxit
3214 2403 3294 2469 me
3315 2432 3465 2485 super

1896 2505 2106 2557 semitas
2127 2504 2348 2573 justitia:
2374 2514 2582 2572 propter
2612 2520 2796 2558 nomen
2831 2520 2996 2557 suum.
3053 2503 3189 2558 Nam
3216 2516 3265 2558 et
3284 2506 3328 2558 si
3357 2523 3464 2559 ams

1898 2593 2137 2647 bulavero
2179 2592 2231 2645 in
2275 2593 2441 2646 medio
2472 2593 2681 2647 umbrte
2719 2593 2922 2656 mortis,
2962 2608 3065 2646 non
3096 2592 3275 2648 timebo
3305 2596 3464 2658 mola,

1898 2684 2138 2753 quoniam
2170 2692 2221 2735 tu
2248 2698 2444 2735 mecum
2462 2699 2543 2736 es.
2579 2682 2741 2752 Virga
2769 2690 2856 2734 tua
2880 2691 2929 2735 et
2956 2680 3164 2736 baculus
3186 2692 3320 2747 tuus,
3352 2687 3465 2755 ipsa

1897 2789 1977 2825 me
2005 2772 2269 2826 consolata
2299 2780 2437 2826 sunt.
2466 2770 2679 2824 Parasti
2706 2772 2759 2824 in
2785 2782 3054 2840 conspectu
3077 2788 3187 2825 meo
3214 2789 3465 2843 mensam,

1899 2863 2140 2917 adversus
2186 2881 2274 2917 eos
2308 2865 2392 2935 qui
2432 2863 2676 2917 tribulant
2720 2879 2818 2916 me.
2867 2862 3211 2933 lmpinguasti
3254 2865 3310 2917 in
3354 2867 3465 2919 oleo

1899 2963 2051 3021 caput
2084 2970 2270 3017 meum,
2295 2961 2344 3007 et
2374 2952 2513 3007 calix
2543 2969 2683 3007 meus
2712 2953 2973 3005 inebrians
3000 2968 3152 3023 quam
3189 2955 3465 3023 praeclarus

1894 3040 2003 3096 est!
2016 3042 2079 3096 Et
2106 3044 2455 3098 misericordia
2474 3051 2563 3096 tua
2589 3042 2913 3115 subsequatur
2933 3058 3014 3096 me
3047 3043 3277 3099 omnibus
3292 3045 3465 3100 diebus

190 3118 378 3183 arserit,
411 3118 478 3172 ad
506 3118 615 3171 hoc
643 3115 782 3171 redit
807 3114 948 3184 quod
978 3113 1096 3169 fuit.
1126 3113 1312 3168 Sciens
1338 3127 1465 3207 ergo
1494 3130 1552 3167 se
1590 3113 1767 3183 perire
1795 3121 1841 3181 (ξ
1894 3135 2011 3187 vim,
2046 3150 2190 3188 mm.
2249 3133 2318 3187 Ε,
2345 3143 2402 3187 αι
2428 3133 2703 3188 inhabilem
2731 3113 2785 3189 ᾗ,
2811 3137 2963 3192 domo
2991 3136 3199 3192 Domini
3217 3179 3234 3207 ’
3263 3139 3317 3192 θη
3347 3138 3464 3193 (an-

189 3225 280 3264 non
308 3227 514 3280 posse:
564 3210 717 3265 Sicut
753 3224 898 3274 cera,
938 3208 1130 3277 inquit,
1179 3206 1519 3275 liquefactum
1572 3214 1655 3260 est
1708 3207 1761 3260 in

188 3302 346 3357 medio
370 3303 580 3358 ventris
608 3294 734 3356 mei.
766 3301 920 3354 Aruit
946 3300 1095 3354 velut
1125 3307 1258 3354 testa
1289 3299 1457 3352 virtus
1486 3314 1623 3352 mea.
1648 3297 1765 3353 Non

186 3390 318 3456 dixit,
344 3392 603 3449 Fractum
632 3400 715 3447 est
745 3392 885 3447 velut
912 3400 1067 3453 testa,
1098 3406 1219 3443 nam
1243 3388 1628 3444 sicutfractura
1652 3387 1767 3457 ejus

188 3482 584 3540 irremediabilis
608 3491 710 3548 est,
734 3484 804 3537 ita
826 3491 1045 3538 coctura
1077 3481 1355 3536 laudabilis
1385 3481 1668 3535 invenitur.
1699 3479 1767 3534 Et

187 3571 293 3629 ideo
318 3586 525 3644 quanto
557 3575 681 3645 plus
707 3574 909 3628 aruerit
947 3571 1092 3641 ﬁguli
1123 3587 1274 3642 opus,
1312 3580 1460 3627 tanto
1496 3572 1687 3626 melior
1713 3580 1767 3627 et

185 3666 390 3722 solidior
444 3666 741 3721 invenitur.
791 3664 942 3719 Aruit
990 3677 1131 3732 ergo
1150 3663 1202 3717 in
1234 3665 1354 3732 igne
1385 3663 1763 3729 tribulationis,

187 3756 317 3813 velut
345 3767 505 3824 testa,
542 3758 716 3812 virtus
744 3771 883 3811 mea.
914 3754 983 3809 Et
1033 3755 1211 3823 lingua
1250 3770 1371 3809 mea
1399 3755 1623 3809 adhaesit
1651 3753 1767 3809 fait-

182 3847 317 3904 cibus
340 3852 499 3905 meis.
535 3832 749 3905 Taceas
781 3848 932 3917 quasi
958 3861 1085 3902 reus
1113 3846 1370 3902 inclinato
1400 3848 1579 3918 capite
1606 3848 1767 3902 falsos

184 3948 333 3998 testes
360 3944 416 3999 in
448 3949 755 4013 conspectu
778 3940 975 4009 judieis
1014 3956 1123 3995 non
1176 3940 1524 4011 repellebam,
1581 3940 1673 4009 qui
1715 3941 1766 3995 in

178 4034 441 4102 pulverem
473 4036 672 4090 mortis
702 4034 1039 4089 deduxerunt
1065 4049 1170 4088 me.
1202 4032 1271 4087 Et
1298 4032 1769 4089 circumdederunt

182 4140 258 4182 me
286 4129 438 4198 quasi
466 4143 639 4185 canes
669 4127 842 4193 multi,
871 4134 925 4181 et
954 4127 1029 4181 ita
1079 4123 1134 4181 in
1161 4125 1392 4181 concilio
1421 4124 1769 4193 malignitatis

177 4232 278 4273 sua:
322 4222 664 4276 obsederunt
717 4234 822 4284 me,
877 4227 936 4273 ut
989 4217 1234 4274 foderent
1286 4232 1478 4274 manus
1515 4231 1665 4273 meas
1714 4225 1770 4270 et

179 4311 347 4379 pedes,
398 4324 453 4367 et
501 4313 912 4367 dinumerarent
932 4311 1113 4365 omnia
1141 4326 1264 4365 ossa
1293 4326 1432 4365 mea.
1465 4309 1572 4380 Ipsi
1601 4309 1765 4365 etiam

176 4408 580 4461 considerarent
609 4412 664 4461 et
693 4407 1069 4475 conspicerent
1106 4420 1213 4471 me,
1246 4421 1310 4459 ac
1347 4404 1635 4461 dividerent
1667 4403 1764 4458 sibi

1900 3224 2130 3293 gitudine
2156 3224 2371 3278 dierum.

2462 3332 2894 3372 COIHENTARIUI.

1966 3399 2066 3466 Qui
2096 3402 2149 3455 in
2187 3404 2444 3469 vigesimo
2474 3406 2648 3474 primo
2683 3407 2888 3475 psalmo
2928 3408 3205 3464 habuimus
3242 3409 3461 3464 tribula-

1898 3491 2095 3545 tionem
2126 3494 2414 3561 passionis,
2449 3494 2502 3549 iu
2529 3496 2787 3562 vigesimo
2819 3497 3059 3552 secundo
3092 3500 3298 3567 psalmo
3328 3501 3461 3555 lanti-

1896 3583 2024 3635 tiam
2052 3584 2458 3638 resurrectionis
2495 3586 2851 3656 accipiamus:
2884 3590 3091 3656 utquia
3121 3590 3192 3644 ibi
3230 3593 3459 3646 semina-

1891 3674 2064 3729 vimus
2092 3676 2354 3746 lacrymas
2380 3678 2631 3745 patientis
2659 3678 2896 3745 Domini,
2927 3680 3017 3736 hic
3043 3688 3302 3737 metamus
3328 3698 3459 3749 gan-

1893 3764 1979 3819 dia
2007 3767 2349 3834 resurgentis.
2404 3767 2588 3823 Dicant
2621 3770 2711 3838 qui
2753 3770 2971 3825 volunt:
3011 3771 3180 3842 Iit-get
3213 3789 3298 3829 me
3333 3787 3459 3843 agar
3518 3788 3523 3794 ‘

1898 3869 2050 3910 meus
2071 3896 2085 3922 ,
2136 3864 2193 3910 et
2222 3857 2355 3911 nihil
2392 3858 2523 3913 mihi
2560 3859 2751 3916 deerit.
2794 3861 2945 3918 Dicat
2972 3864 3144 3919 alius:
3177 3864 3344 3934 Reget
3371 3883 3457 3923 me

1900 3945 2187 4012 negotiatio
2215 3962 2363 4012 mea,
2397 3957 2491 4003 aut
2516 3950 2702 4005 militia
2732 3967 2849 4007 mea
2868 3994 2883 4019 ,
2913 3960 3005 4007 aut
3032 3954 3288 4010 industria
3315 3973 3452 4020 mea,

1900 4041 1991 4087 aut
2015 4048 2102 4088 ars
2129 4049 2274 4098 mea,
2318 4044 2410 4089 aut
2440 4038 2631 4095 littera:
2665 4055 2823 4106 meae,
2873 4049 2928 4095 et
2954 4042 3085 4095 nihil
3112 4044 3239 4099 mihi
3266 4044 3457 4101 deerit.

1893 4121 2001 4177 Nos
2019 4122 2256 4178 dicamus
2274 4138 2395 4177 cum
2418 4123 2674 4180 Ecclesia:
2695 4128 2949 4183 Dominus
2966 4131 3102 4197 regit
3122 4146 3226 4196 me,
3253 4140 3308 4186 et
3330 4134 3460 4188 nihil

1894 4213 2023 4268 mihi
2050 4213 2242 4268 deerit.
2289 4213 2404 4269 Vox
2439 4230 2568 4284 ergo
2608 4215 2709 4270 isca
2735 4221 3125 4275 contemnentis
3153 4229 3261 4287 est,
3292 4223 3336 4278 si
3366 4224 3463 4277 ha-

1855 4306 1871 4325 '
1894 4302 2052 4366 beat;
2082 4312 2174 4357 aut
2213 4304 2414 4359 habere
2456 4307 2711 4372 nolentis,
2752 4308 2797 4362 si
2824 4324 2933 4364 non
2961 4310 3171 4365 habeat.
3213 4312 3460 4384 Alioquin

1897 4393 2155 4447 mentitur
2181 4395 2232 4448 in
2266 4396 2533 4459 carmine,
2581 4398 2670 4466 qui
2709 4398 2853 4452 aliud
2889 4406 3111 4471 exoptat
3138 4403 3189 4455 in
3220 4411 3364 4457 voto.
3404 4404 3460 4460 Si

178 4500 463 4552 vestimenta
495 4517 639 4562 mea,
661 4507 709 4551 et
728 4514 881 4568 super
910 4498 1264 4551 vestimentum
1290 4497 1550 4551 mitterent
1573 4506 1764 4551 sortem

1898 4482 2039 4536 enim
2077 4483 2253 4538 studio
2287 4487 2424 4553 agit,
2464 4494 2521 4540 ut
2558 4502 2676 4540 eum
2705 4504 3031 4558 qumcunque
3060 4500 3266 4547 terrena
3299 4509 3461 4564 opera

177 4586 341 4655 (latin.
376 4592 522 4660 nx).
558 4590 752 4644 Nescio
784 4605 905 4644 cum
935 4604 1041 4657 qua
1071 4589 1234 4642 animi
1263 4590 1697 4660 praesumptione,
1730 4607 1763 4643 o

175 4681 569 4737 sceleratissimi
614 4680 802 4745 Judaai,
856 4680 1175 4735 Psalterium
1219 4681 1278 4754 in
1325 4681 1519 4736 vestris
1574 4682 1764 4737 canitis

172 4772 470 4841 synagogis.
506 4772 884 4838 Considerate,
915 4771 1118 4837 miseri,
1168 4771 1311 4826 hunc
1331 4787 1449 4828 esse
1479 4771 1762 4827 Dominum

172 4876 318 4929 quem
343 4868 612 4934 negastis,
639 4874 694 4920 et
720 4866 806 4920 vel
833 4864 990 4919 tarde
1017 4865 1268 4918 timentes
1293 4863 1578 4917 Dominum
1598 4904 1613 4928 ,
1650 4864 1763 4917 lau-

168 4954 282 5010 date
310 4973 459 5022 eum,
496 4957 810 5011 universum
839 4971 1021 5010 semen
1043 4954 1229 5019 Jacob,
1255 4952 1589 5022 magniﬁcatc
1616 4970 1759 5007 cum.

170 5040 368 5101 Timete
416 5063 569 5110 cum,
621 5048 928 5101 universum
981 5060 1167 5100 semen
1224 5043 1407 5098 Israel.
1464 5043 1581 5097 Non
1621 5043 1764 5096 enim

166 5138 363 5203 spernit
394 5153 625 5207 precem
654 5145 911 5203 vestram,
943 5137 996 5190 in
1028 5142 1258 5200 tantum,
1292 5142 1350 5189 ut
1396 5135 1448 5188 in
1481 5150 1640 5190 cruce
1669 5151 1767 5205 po-

166 5226 290 5281 situs
314 5244 417 5298 pro
448 5227 893 5296 cruciﬁgentibus
921 5233 1058 5293 oret,
1090 5234 1150 5281 ut
1189 5226 1257 5280 sit
1298 5226 1416 5281 laus
1436 5226 1552 5296 ejus
1588 5227 1641 5280 in
1671 5241 1764 5282 ec-

165 5318 318 5374 clesia
349 5334 577 5389 magna,
610 5330 664 5375 et
690 5329 818 5376 vota
843 5335 937 5375 sua
990 5319 1181 5373 reddat
1216 5335 1401 5374 coram
1454 5320 1766 5374 timentibus

167 5422 300 5463 eum.
329 5411 477 5466 Dum
511 5411 675 5466 edent
695 5427 893 5482 corpus
918 5411 1033 5481 ejus
1062 5427 1328 5482 pauperes
1358 5413 1549 5482 spiritu
1580 5422 1637 5467 ut
1686 5429 1765 5467 sa-

166 5500 379 5567 tientur,
439 5511 501 5557 et
558 5502 680 5558 facti
708 5502 920 5566 divites,
969 5504 1020 5557 in
1062 5501 1165 5557 fide
1195 5502 1417 5557 laudent
1453 5502 1759 5564 Dominum,

166 5587 508 5662 requirentes
540 5607 679 5659 eum,
713 5600 769 5648 et
797 5595 941 5648 vivat
970 5609 1066 5649 cor
1093 5609 1283 5649 eorum
1313 5594 1367 5649 in
1394 5604 1674 5649 a-ternum.
1701 5593 1767 5648 Et

165 5696 256 5752 per
273 5698 372 5741 eos
389 5693 789 5741 convertantur
803 5684 868 5741 ad
886 5685 1170 5742 Dominum
1185 5687 1418 5742 universi
1437 5686 1568 5743 lines
1587 5696 1759 5754 teme,

1900 4582 2091 4640 regant
2114 4615 2130 4637 ,
2162 4589 2266 4627 non
2297 4577 2425 4628 satis
2451 4576 2656 4640 integre
2695 4578 2850 4642 dicit,
2900 4580 3152 4635 Dominus
3190 4584 3326 4649 regit
3353 4600 3459 4637 nte.

1902 4657 2264 4715 Perfectornm
2291 4678 2420 4732 ergo
2449 4665 2547 4718 ista
2574 4681 2678 4717 vox
2707 4675 2806 4730 est,
2830 4683 2986 4735 quam
3009 4669 3245 4725 Ecclesia
3273 4673 3339 4727 de
3361 4674 3461 4726 Do-

1900 4754 2030 4806 mini
2074 4752 2329 4821 passione
2375 4756 2643 4822 suscepit,
2670 4756 2725 4809 in
2772 4757 2889 4811 loco
2935 4773 3146 4827 pascua:
3181 4762 3461 4826 collocata,

1862 4873 2026 4928 super
2048 4875 2246 4929 aquam
2281 4861 2584 4915 rel'cctionis
2611 4861 2857 4913 uultu-uin.
2897 4859 2992 4912 [lii
3033 4860 3175 4912 enim
3219 4863 3458 4911 aliunth

1865 4951 2004 5019 fons,
2036 4968 2100 5008 ac
2122 4954 2282 5021 largis
2308 4953 2519 5022 prolluit
2543 4954 2713 5014 venis,
2750 4953 2816 5005 ibi
2846 4952 3101 5014 viiiilitas,
3130 4952 3199 5005 ibi
3228 4952 3453 5007 antu-ivi-

1865 5051 1966 5109 las,
1999 5044 2071 5098 ibi
2100 5044 2342 5100 refectio.
2396 5044 2517 5099 llu'c
2541 5054 2719 5099 autent
2750 5044 2875 5098 mihi
2908 5043 3180 5108 evenient,
3215 5044 3338 5114 quia
3361 5057 3461 5115 par

1867 5135 2170 5204 passionem
2187 5150 2337 5191 suam
2359 5136 2593 5189 animam
2617 5152 2792 5191 meam
2814 5138 3100 5193 convenit.
3129 5136 3355 5192 Deiluxit
3375 5153 3459 5211 me

1864 5220 2028 5298 super
2072 5228 2294 5282 semitas
2339 5227 2580 5295 justitize,
2633 5239 2856 5298 propter
2886 5245 3080 5286 nomen
3111 5246 3288 5285 srnun.
3321 5228 3452 5283 Nam

1866 5326 1921 5374 et
1948 5319 1993 5373 si
2041 5318 2311 5374 ambulem
2369 5320 2420 5373 in
2478 5321 2658 5375 medio
2706 5321 2906 5375 tttnbm:
2937 5322 3144 5385 mortis,
3192 5320 3303 5388 jam
3350 5333 3457 5371 non

1869 5410 2071 5466 timebo
2099 5412 2261 5474 mala,
2293 5414 2549 5482 quoniam
2573 5421 2627 5467 tu
2664 5429 2871 5468 mecum
2894 5429 2971 5478 es,
3002 5414 3095 5482 qui
3136 5411 3324 5466 mortis
3356 5410 3459 5462 im-

1869 5501 2078 5572 perium
2094 5504 2407 5572 subjugasti.
2435 5503 2571 5571 Quid
2589 5520 2732 5560 nunc
2761 5506 2955 5560 habent
2976 5505 3115 5558 intra
3134 5517 3194 5557 se
3223 5499 3461 5556 Ecclesia

1871 5596 2170 5651 videamus.
2206 5596 2379 5652 liabet
2408 5599 2612 5665 virgam
2644 5596 2786 5652 unde
2829 5597 3068 5650 minatur
3104 5593 3460 5662 delinquenti.

1876 5687 2049 5743 llabet
2104 5688 2349 5744 baculum
2403 5688 2543 5744 uiulc
2599 5687 2885 5744 subveniat
2934 5686 3232 5752 pmoitenti.
3292 5682 3462 5739 liabet
