3908 6176
509 334 614 400 353
1834 334 2103 394 ARNOBII

2143 330 2445 396 JUNIORIS
3641 342 3722 414 3'56

509 472 747 514 mensam
777 455 917 510 unde
946 456 1035 510 del
1058 466 1251 524 panem
1275 453 1533 509 credenti.
1556 453 1728 510 liabet
1758 456 1933 509 oleum
1959 456 2100 510 unde
2130 465 2175 519 Α
2205 472 2457 527 nequam.
2494 456 2690 511 Tollite
2733 471 2862 527 ergo
2911 465 3097 528 portas
3144 459 3393 532 principis
3436 444 3603 533 vestri;
3622 473 3725 527 sicut

509 552 803 622 impinguet
841 560 1002 619 caput
1051 548 1103 602 in
1152 547 1458 604 libertatem
1510 549 1853 604 conscientize
1898 566 2096 620 pracsu-

509 644 692 697 menti.
719 642 891 695 liabet
918 640 1138 695 calicem
1169 638 1312 694 unde
1341 639 1568 693 inebriet
1598 639 1954 709 praedicantes
1982 655 2097 694 ser-

509 748 741 797 monem,
794 731 867 785 ita
898 739 956 785 ut
995 746 1119 785 cum
1162 730 1233 785 sit
1269 730 1399 784 hora
1430 729 1518 784 die
1556 730 1732 794 tertia,
1768 729 1883 799 jam
1926 730 2014 785 ille
2045 731 2097 784 in

507 821 887 893 praedicatione
913 836 1010 876 sua
1040 821 1222 875 ebrius
1247 821 1564 875 mstimetur.
1598 820 1770 876 liabet
1794 821 2099 876 misericor-

508 913 649 967 diam
696 913 812 976 Dei,
862 927 982 982 quae
1009 914 1370 981 subsequatur
1400 928 1522 968 eum
1546 913 1596 966 in
1631 913 1882 968 euntibus
1909 913 2099 968 diebus

509 1006 630 1060 vitae
666 1021 793 1070 sum,
822 1014 877 1059 et
903 1013 959 1058 ut
988 1005 1251 1059 inhabitet
1277 1005 1329 1058 in
1359 1004 1522 1059 domo
1547 1004 1758 1058 Domini
1790 1006 1842 1059 in
1875 1005 2100 1082 longitu-

508 1098 634 1152 dine
661 1097 869 1152 dicrum
891 1112 1131 1161 suorum,
1162 1095 1387 1151 laudans
1408 1096 1692 1153 Dominum
1722 1097 1903 1172 Iesum
1942 1096 2099 1152 Chri-

510 1198 674 1256 stum,
705 1191 798 1259 qui
826 1198 1017 1258 regnat
1045 1190 1097 1244 in
1127 1189 1322 1245 szceula
1351 1190 1692 1247 saeculorum.
1726 1191 1914 1247 Amen.

1044 1321 1362 1378 PSALMUS
1391 1322 1575 1377 XXIII.

834 1427 1077 1488 Psalmus
1105 1433 1273 1489 David
1303 1435 1356 1489 in
1377 1436 1549 1505 prima
1571 1436 1798 1489 sabbati.

574 1540 787 1596 Domini
814 1551 893 1596 est
922 1552 1058 1597 terra
1078 1553 1128 1596 et
1155 1545 1420 1614 plenitudo
1445 1547 1555 1616 ejus
1578 1546 1716 1600 orbis
1747 1558 2019 1609 terrarum,
2051 1557 2096 1599 et

505 1636 728 1688 uniuersi
749 1637 834 1706 qui
854 1620 1088 1688 habitant
1108 1639 1160 1690 in
1177 1653 1255 1690 eo.
1278 1634 1412 1700 Quia
1435 1639 1543 1709 ipse
1562 1655 1715 1709 super
1728 1641 1895 1692 maria
1917 1639 2101 1710 [unda-

506 1725 576 1779 bit
595 1742 727 1792 eum,
752 1737 799 1785 et
822 1743 974 1797 super
993 1728 1209 1795 ﬂumina
1231 1731 1538 1798 pratpararit
1557 1746 1690 1782 eum.
1710 1724 1836 1792 Quis
1861 1729 2101 1782 ascendet

506 1818 561 1869 in
584 1827 808 1870 montem
840 1816 1073 1883 Domini,
1090 1828 1180 1871 aut
1204 1820 1317 1889 quis
1343 1820 1497 1873 stabit
1529 1822 1579 1874 in
1611 1823 1723 1875 loco
1743 1832 1925 1875 sancto
1955 1823 2101 1892 ejus?

508 1908 764 1963 Innocens
785 1909 1022 1964 manibus
1043 1920 1092 1964 et
1119 1912 1311 1967 mundo
1341 1894 1513 1978 corde,
1563 1915 1648 1985 qui
1688 1931 1791 1968 non
1820 1917 2017 1986 accepit
2045 1917 2100 1969 in

507 2019 640 2055 cano
680 2002 909 2055 animum
935 2018 1102 2067 suam,
1131 2018 1222 2056 nec
1261 2003 1459 2073 jnravit
1487 2005 1539 2056 in
1570 2004 1689 2058 dolo
1718 2006 1956 2079 proximo
1985 2021 2096 2059 suo.

507 2091 612 2145 llic
631 2093 850 2163 accipiet
869 2092 1273 2146 benedictionem
1301 2111 1334 2147 a
1356 2093 1600 2159 Domino,
1625 2106 1674 2150 et
1693 2097 2101 2150 misericordiam

504 2199 537 2235 α
567 2181 677 2235 Deo
706 2182 924 2235 salutari
950 2198 1063 2235 suo.
1095 2181 1225 2236 Ila'c
1249 2192 1326 2237 est
1354 2187 1616 2256 generatio
1643 2188 1979 2257 qutcrentinm
2013 2189 2100 2258 {a—

504 2276 632 2328 ciem
660 2274 761 2328 Dei
804 2274 985 2328 Iacob.
1016 2275 1251 2329 Attollite
1278 2285 1457 2346 portas
1498 2277 1758 2349 principa
1806 2287 2020 2344 uestras,
2050 2287 2101 2333 et

502 2366 793 2429 elei-omini,
818 2377 980 2437 porta:
1004 2368 1292 2432 wternales,
1311 2377 1359 2421 et
1375 2368 1606 2423 introibit
1623 2368 1738 2425 Rea:
1756 2371 1953 2442 gloriae.
1972 2368 2100 2435 Quis

502 2465 578 2510 est
601 2457 698 2510 iste
720 2455 834 2510 Rex
853 2457 1035 2527 gloria:
1050 2458 1075 2510 ἶ)
1096 2456 1352 2513 Dominus
1374 2460 1527 2528 {ortis
1547 2470 1597 2513 et
1616 2471 1794 2531 potem
1816 2463 1869 2514 in
1894 2462 2095 2533 praelia.

503 2548 737 2602 Attollite
763 2557 942 2619 portas
987 2550 1244 2618 principes
1272 2560 1484 2614 vestras,
1529 2562 1576 2604 et
1605 2552 1894 2619 elecamini,
1937 2564 2101 2623 porta:

502 2640 799 2705 wternales,
850 2648 902 2694 et
945 2638 1176 2693 introibit
1202 2639 1316 2693 Rea:
1344 2643 1543 2712 gloria'.
1579 2639 1706 2706 Quis
1734 2652 1811 2696 est
1838 2644 1935 2697 iste
1986 2642 2099 2698 Rex

503 2733 723 2804 gloriati
748 2731 997 2787 Dominus
1026 2734 1267 2787 virtutum
1297 2735 1407 2804 ipse
1435 2743 1511 2788 est
1542 2733 1654 2788 Rex
1680 2736 1880 2806 glorise.

1083 2881 1524 2922 εοωιεκτλιιιωι.

577 2997 878 3068 Vigesimus
902 2998 1093 3054 tertius
1122 3000 1314 3069 psalm.
1350 3001 1402 3055 in
1433 3001 1653 3057 introitu
1702 3018 1802 3058 suo
1829 3016 1993 3075 super
2019 3010 2099 3076 ἰρι-

502 3104 622 3145 sum
649 3089 811 3143 limen
832 3089 1012 3159 posuit
1032 3090 1247 3145 titulum
1267 3091 1334 3146 de
1356 3092 1525 3161 prima
1546 3093 1773 3149 sabbati.
1798 3095 1856 3149 In
1884 3110 1990 3165 qua
2010 3098 2098 3151 die

502 3182 636 3236 dixit
662 3181 939 3247 Dominus,
972 3181 1098 3237 Fiat
1111 3183 1200 3237 tua:
1224 3168 1377 3254 (Gen.
1412 3185 1480 3257 ι);
1530 3186 1584 3241 in
1605 3202 1711 3257 qua
1731 3205 1914 3259 panem
1935 3206 2098 3261 ange-

503 3273 666 3327 lorum
687 3272 1018 3328 manducavit
1032 3272 1179 3328 homo
1198 3274 1371 3345 (Psal.
1392 3281 1613 3347 Lxxvn);
1634 3279 1686 3333 in
1714 3293 1821 3347 qua
1852 3280 1965 3349 ipse
1986 3280 2095 3334 Do-

502 3364 680 3419 minus
708 3364 1000 3419 resurrexit
1020 3379 1051 3418 a
1072 3367 1319 3421 mortuis.
1341 3367 1472 3433 Qua:
1499 3369 1615 3424 dies
1641 3370 1840 3425 idcirco
1862 3371 1913 3425 in
1941 3364 2096 3427 titulo

498 3456 739 3525 ponitur,
770 3454 896 3524 quia
926 3456 1041 3526 ipsa
1072 3456 1306 3513 lucratus
1329 3470 1412 3514 est
1440 3468 1659 3527 terram,
1691 3476 1851 3530 quam
1875 3463 1926 3516 in
1949 3464 2097 3534 prin-

501 3547 646 3616 cipio
667 3545 869 3603 fecerat
906 3546 1094 3601 orbem
1123 3554 1297 3615 terr-at,
1335 3557 1389 3603 et
1416 3562 1606 3605 omnes
1636 3551 1729 3619 qui
1766 3552 2011 3607 habitant
2041 3553 2093 3608 in

499 3655 586 3695 ea.
617 3639 901 3706 Quomodo
919 3647 1101 3694 autem
1126 3636 1364 3695 lucratus
1390 3642 1478 3707 sit,
1504 3642 1557 3698 si
1584 3644 1832 3712 requiris,
1864 3659 2093 3714 respon-

500 3730 610 3794 det,
660 3744 759 3800 per
784 3744 981 3798 aquam
1025 3737 1082 3784 et
1134 3729 1395 3799 Spiritum
1443 3740 1707 3786 sanctum.
1746 3732 1872 3788 Ideo
1912 3735 2093 3789 clausa

501 3820 671 3874 maria
708 3820 954 3875 nominat
988 3822 1165 3875 sinum
1193 3836 1456 3890 aquarum
1485 3819 1747 3888 omnium,
1787 3826 1913 3893 quia
1954 3828 2094 3881 sicut

446 3960 453 3971 ,
501 3911 683 3966 omnia
711 3908 931 3967 ﬂumina
954 3927 1120 3965 unum
1168 3913 1312 3967 hunc
1339 3913 1538 3968 habent
1567 3917 1776 3980 sinum,
1811 3918 1880 3971 ita
1912 3919 2090 3973 omnia

500 4014 666 4055 unum
696 4001 840 4055 hunc
866 4000 1067 4054 habent
1095 3999 1353 4070 Spiritum
1380 4011 1627 4059 sanctum
1663 4021 1849 4060 unum.
1882 4007 1939 4061 ln
1982 4022 2091 4076 quo

502 4088 638 4145 ﬁunt
665 4089 913 4145 homines
942 4090 1258 4148 innocentes
1285 4095 1533 4150 manibus
1577 4104 1634 4151 et
1674 4098 2085 4165 mundocordc.

500 4179 569 4236 Et
588 4181 726 4237 sicut
745 4181 837 4250 qui
865 4182 938 4238 ibi
966 4182 1236 4251 ingressus
1262 4201 1368 4240 non
1392 4185 1569 4256 fuerit,
1595 4189 1647 4243 in
1670 4206 1865 4245 vanum
1895 4193 2092 4263 accipit

498 4272 741 4327 animam
766 4287 938 4338 suam,
957 4274 1003 4328 si
1016 4286 1193 4330 tamen
1216 4292 1324 4332 non
1336 4276 1597 4347 juraverit
1618 4281 1672 4335 in
1701 4282 1827 4338 dolo
1843 4285 2089 4353 proximo

496 4376 619 4428 suo,
649 4363 775 4432 quia
805 4374 904 4431 per
930 4363 1270 4433 baptismatis
1297 4367 1503 4423 donum
1529 4373 1806 4440 proximus
1834 4373 1882 4428 ei
1922 4373 2088 4429 ellici-

498 4461 588 4508 tur
607 4451 838 4522 Spiritus
860 4454 1059 4517 sancti,
1096 4469 1193 4523 per
1219 4456 1364 4512 hunc
1392 4461 1660 4527 promittit
1689 4478 1749 4516 se
1778 4465 2087 4520 renuntiare

496 4546 736 4611 diabolo,
758 4553 814 4600 et
840 4545 1091 4600 omnibus
1107 4548 1320 4618 pompis
1348 4550 1481 4618 ejus.
1512 4550 1703 4608 Jurare
1740 4569 1868 4623 ergo
1893 4565 1974 4610 est
1996 4556 2084 4625 jus
2118 4581 2190 4645 ο.

495 4638 843 4702 constituere,
879 4651 989 4706 quo
1016 4639 1320 4693 renuntiata
1350 4642 1704 4708 abstineatur,
1737 4654 1794 4700 et
1818 4647 2079 4716 promissa

496 4736 799 4783 servantur.
831 4728 937 4783 Ista
984 4745 1094 4785 non
1143 4730 1345 4799 juravit
1373 4734 1426 4787 in
1463 4734 1643 4789 dolum
1672 4738 1920 4807 proximo
1958 4756 2078 4804 suo,

493 4820 771 4887 quomodo
810 4822 1090 4890 proximus
1141 4822 1313 4878 factus
1339 4834 1422 4879 est
1450 4825 1671 4896 Spiritui
1700 4831 1921 4883 sancto?
1946 4829 2079 4897 Quia

402 4913 409 4922 '
494 4913 541 4969 is
585 4913 677 4980 qui
707 4913 865 4980 longe
891 4922 1027 4979 erat,
1057 4915 1226 4971 factus
1253 4925 1334 4972 est
1363 4934 1547 4989 prope.
1574 4918 1641 4973 Et
1668 4921 1757 4989 qui
1790 4920 1959 4976 factus
2000 4932 2081 4977 est

493 5017 664 5072 prope
691 5004 893 5070 juravit
918 5004 1042 5059 huic
1072 5007 1341 5076 proximo,
1380 5010 1598 5079 quando
1627 5012 1833 5081 accepit
1858 5013 2080 5068 benedi-

492 5093 727 5149 ctionem
757 5110 787 5148 a
818 5095 1073 5164 Domino,
1104 5107 1161 5153 et
1188 5101 1610 5158 misericordiam
1639 5120 1670 5159 a
1719 5105 2078 5171 Deosalutari

444 5268 449 5273 Ξ
490 5204 610 5281 θῇς.
638 5188 706 5281 iit
735 5188 906 5245 factus
933 5202 1018 5247 est
1050 5192 1216 5250 Filius
1245 5196 1341 5251 Dei
1371 5198 1423 5252 in
1453 5201 1803 5265 generatione
1831 5218 2082 5273 quaeren-

492 5278 626 5334 tium
655 5278 959 5346 Dominum,
991 5290 1048 5337 et
1074 5285 1463 5352 requirentium
1514 5288 1706 5343 faciem
1751 5289 1846 5346 Dei
1890 5289 2077 5361 Jacob,

489 5369 599 5439 jam
627 5370 718 5425 isti
744 5370 941 5426 dicitur
973 5390 985 5425 :
1012 5371 1206 5428 Tollite
1234 5385 1419 5444 portas
1432 5378 1688 5450 principis
1714 5383 1898 5437 vestri.
1932 5383 2081 5453 Abji-

489 5463 598 5517 cite
626 5464 932 5534 exemplum
962 5465 1107 5533 Adin,
1139 5467 1231 5538 qui
1276 5478 1360 5524 est
1398 5470 1660 5543 princeps.
1677 5483 1856 5529 vester
1882 5490 2077 5530 secun-

489 5553 617 5608 dum
646 5572 888 5624 cantem,
918 5567 973 5614 et
992 5560 1274 5616 elevamini
1296 5573 1465 5635 portae
1483 5567 1781 5633 teternales,
1815 5569 2075 5627 habentes

491 5644 694 5713 Regem
721 5649 906 5717 gloria:
945 5660 1222 5721 potentem
1264 5663 1319 5709 et
1368 5654 1580 5721 fortem,
1622 5638 1687 5712 et
1714 5669 1988 5729 potentem
2020 5663 2072 5716 in

494 5736 697 5805 pmlio,
728 5744 1028 5799 vincentem
1051 5748 1199 5811 vitia,
1225 5755 1279 5801 et
1308 5748 1597 5805 nutritores
1625 5766 1833 5816 eorum,
1856 5756 2075 5827 spiritus

2200 550 2513 617 portavimus
2560 550 2841 620 imaginem
2885 549 3098 615 terreni,
3140 560 3392 619 portemus
3418 563 3463 607 et
3500 557 3724 628 imaginem

2201 638 2416 692 cmlestis
2453 636 2508 706 (l
2540 636 2661 692 Cor.
2695 639 2819 709 xv).
2851 637 2983 705 Quis
3010 648 3095 694 est
3127 641 3225 695 iste
3256 640 3362 696 Rex
3387 643 3584 710 gloriae?
3605 645 3729 705 Chri-

2200 737 2314 783 stus
2343 727 2505 783 Filius
2534 728 2629 783 Dei
2655 728 2769 799 ipse
2791 738 2875 784 est
2907 728 3016 784 Rex
3055 729 3258 798 glorizn,
3279 733 3551 789 excludens
3574 736 3730 806 princi-

2206 836 2329 890 pem
2363 820 2685 889 ignominiae.
2729 819 2829 887 Qui
2861 819 3085 889 :Iejcctis
3120 822 3511 878 simulacrorum
3540 829 3727 899 templis,

2202 911 2370 965 veluti
2392 911 2563 980 portis
2592 911 2852 981 principis
2871 912 3091 979 diaboli,
3115 913 3340 971 elevavit
3363 926 3531 986 portas
3554 928 3731 975 :rterna.

2201 1000 2280 1056 les
2320 1009 2521 1056 sancta:
2560 1000 2815 1057 Ecclesiae
2848 1002 3162 1069 calliolicm,
3211 1003 3262 1058 in
3310 1019 3410 1074 qua
3444 1017 3610 1077 regnat
3645 1008 3729 1065 Rex

2200 1091 2401 1159 gloriae.
2436 1091 2493 1146 Si
2539 1092 2841 1162 interrogas
2878 1092 3000 1163 quis
3037 1102 3122 1150 est
3166 1094 3267 1150 iste
3296 1093 3405 1151 Rex
3444 1097 3633 1166 glorize,
3664 1115 3730 1154 rc-

2199 1184 2489 1254 SpOtttICDIl
2513 1183 2822 1254 Apostolus,
2857 1183 2970 1241 Rex
3004 1186 3244 1241 omnium
3274 1188 3339 1242 ad
3385 1189 3588 1243 εειῑίςειιειι
3614 1191 3729 1245 (Ἀπί

2198 1285 2315 1330 stus
2357 1275 2521 1332 Filius
2571 1276 2703 1344 Dei,
2755 1276 2846 1355 qui
2894 1284 3084 1346 regnat
3122 1277 3175 1331 in
3215 1277 3401 1333 sucula
3447 1280 3730 1336 saeculorum.

2204 1365 2394 1421 Amen.

2735 1435 3052 1492 PSALMl'S
3097 1434 3277 1491 XXIV.

2628 1526 2687 1581 In
2721 1528 2877 1581 linem
2913 1531 3149 1598 psalmus
3180 1528 3362 1583 David.

2273 1638 2355 1690 Ad
2382 1650 2447 1699 te,
2483 1636 2717 1702 Domine,
2737 1641 2895 1694 levari
2918 1642 3148 1695 animant
3173 1658 3369 1705 meam;
3393 1640 3518 1695 Deus
3543 1656 3675 1706 meus,
3694 1642 3733 1693 in

2203 1740 2253 1784 te
2293 1733 2516 1801 confido,
2549 1749 2650 1786 non
2674 1732 2992 1787 erubescam.
3015 1732 3194 1805 Neque
3223 1734 3465 1788 irrideant
3492 1749 3562 1786 me
3579 1733 3734 1799 inimici

2134 1839 2178 1896 Β
2205 1823 2325 1886 mei,
2348 1825 2537 1876 etenim
2568 1826 2791 1878 universi
2810 1824 2898 1895 qui
2928 1826 3182 1879 sustinent
3205 1836 3253 1878 te
3274 1840 3370 1879 non
3391 1823 3731 1894 confundcntur.

2205 1914 2602 1986 Confundantnr
2624 1934 2798 1971 onmes
2829 1918 3003 1988 iniqua
3035 1928 3276 1989 agentes,
3306 1932 3606 1986 supervacue.
3641 1914 3735 1967 I’ias

2208 2018 2341 2073 tuas,
2380 2007 2617 2073 Domine,
2652 2009 2946 2064 demonstra
2975 2009 3123 2073 milii,
3167 2019 3215 2062 et
3257 2009 3459 2062 semitas
3497 2017 3597 2058 tuas
3616 2005 3735 2058 edace

2203 2116 2302 2152 me.
2338 2097 2516 2170 Dirige
2563 2115 2643 2152 me
2680 2099 2731 2151 in
2774 2101 2986 2152 ueritate
3013 2109 3120 2162 tua,
3148 2109 3198 2151 et
3247 2098 3369 2151 doce
3394 2112 3486 2162 me,
3511 2096 3613 2167 quia
3633 2104 3675 2146 tu
3698 2109 3737 2146 cs

2206 2193 2344 2246 Deus
2376 2193 2622 2247 Salvator
2650 2208 2819 2254 meus,
2866 2202 2915 2244 et
2946 2203 2992 2246 te
3025 2192 3248 2246 sustinui
3281 2201 3381 2245 tota
3422 2188 3517 2242 die.
3552 2186 3737 2240 llcmiui-

2203 2301 2343 2337 scere
2369 2283 2759 2337 miserationum
2798 2293 3021 2348 tantum,
3056 2281 3310 2347 Domine,
3339 2291 3386 2334 et
3416 2275 3738 2333 misericordia-

2204 2391 2316 2427 rum
2340 2384 2541 2427 tuarum
2560 2389 2674 2445 qua:
2694 2390 2725 2426 ιι
2745 2373 2937 2427 sarculo
2959 2382 3097 2426 sunt.
3127 2371 3325 2425 Delicta
3344 2367 3604 2440 jut'eutatis
3620 2380 3734 2425 mea,

2206 2477 2253 2521 ct
2284 2468 2608 2538 ignorantias
2638 2483 2781 2521 meas
2810 2482 2874 2520 ne
2912 2466 3228 2520 memineris.
3276 2460 3553 2518 Secundam
3577 2457 3737 2511 miscri-

2203 2560 2434 2612 cordiam
2459 2569 2595 2612 tuam
2620 2569 2872 2612 memento
2892 2558 2989 2611 mei
3014 2566 3085 2621 tu,
3112 2565 3323 2628 propter
3342 2551 3594 2606 bonitatem
3610 2560 3733 2606 tuam,

2205 2650 2446 2707 Domine.
2480 2649 2661 2704 Dulcis
2689 2660 2738 2704 et
2767 2662 2933 2704 rectus
2963 2647 3239 2713 Dominus,
3269 2656 3467 2716 promer
3501 2642 3584 2693 Itoc
3608 2639 3735 2705 legem

2203 2741 2344 2796 dabit
2371 2739 2778 2812 delinquentibus
2802 2741 2854 2794 in
2888 2740 2986 2793 via.
3020 2737 3222 2810 Dirige!
3251 2745 3527 2789 mansuetos
3560 2730 3603 2782 in
3622 2726 3737 2797 judi-

2202 2834 2303 2895 cio,
2329 2831 2529 2885 docebit
2560 2832 2712 2895 mites
2734 2830 2841 2883 vias
2866 2845 3006 2882 suas.
3044 2827 3315 2882 Unicersa:
3343 2826 3433 2879 ria:
3462 2819 3644 2876 Domini
3662 2816 3735 2868 mi-

2200 2925 2487 2980 sericordia
2534 2894 2833 2985 etaveritas,
2866 2918 3244 2992 requirentibus
3286 2922 3612 2971 testamentum
3646 2906 3733 2976 ejus

2200 3025 2249 3069 et
2277 3015 2571 3069 testimonia
2590 3013 2723 3084 ejus.
2756 3011 2979 3083 Propter
3002 3026 3189 3064 nomen
3221 3021 3376 3073 tuum,
3402 3004 3612 3064 Domine,
3638 3011 3733 3067 ρισ-

2201 3106 2467 3176 pitiaberis
2495 3116 2707 3178 peccato
2728 3122 2857 3171 meo,
2877 3104 3089 3158 nndtum
3110 3112 3188 3157 est
3217 3103 3371 3155 enim.
3404 3097 3522 3163 Quis
3537 3092 3732 3148 estltomo

2126 3206 2173 3277 (ς
2202 3201 2287 3272 qui
2316 3200 2457 3253 timet
2472 3197 2787 3253 Dominum?
2807 3192 2963 3266 legem
2992 3197 3172 3250 statuit
3197 3195 3246 3248 ei
3266 3195 3317 3247 in
3339 3193 3415 3246 via
3441 3181 3728 3277 quamcleqit.

2198 3293 2389 3345 Anima
2412 3292 2526 3362 ejus
2552 3291 2602 3343 in
2632 3289 2778 3343 bonis
2807 3286 3180 3350 demorabitur,
3212 3295 3262 3340 et
3290 3297 3454 3338 senisu
3482 3277 3623 3348 ipsius
3648 3272 3730 3323 Iuc-

2198 3379 2439 3437 reditabit
2489 3390 2702 3434 terram.
2759 3376 3175 3431 Firmamentum
3226 3384 3389 3427 tutum
3428 3379 3498 3425 est
3524 3364 3729 3420 Donum

2198 3473 2490 3528 timentibus
2528 3489 2663 3537 eum,
2693 3480 2742 3526 et
2772 3479 3130 3524 testamentum
3162 3468 3323 3537 ipsius
3351 3474 3403 3517 ut
3429 3460 3730 3528 manifestatur

2193 3564 2318 3618 illis.
2364 3564 2514 3617 Oculi
2560 3564 2659 3616 mei
2701 3577 2899 3630 semper
2948 3558 3017 3611 ad
3066 3556 3364 3621 Dominum,
3394 3550 3615 3622 quoniam
3646 3545 3730 3612 ipse

2194 3654 2370 3709 evellet
2396 3654 2458 3706 de
2486 3653 2667 3724 laqueo
2692 3652 2843 3720 pedes
2866 3666 3021 3704 meos.
3054 3647 3269 3718 llcspice
3292 3649 3341 3701 in
3372 3662 3446 3699 me
3466 3653 3509 3696 et
3536 3640 3731 3692 miserere

2195 3748 2314 3811 mei,
2348 3748 2467 3819 quia
2494 3748 2676 3799 unicus
2693 3754 2742 3799 et
2771 3761 2966 3814 panper
2990 3759 3099 3796 sum
3122 3758 3234 3813 ego.
3265 3738 3614 3795 Tribulationes
3636 3744 3729 3783 tor-

2194 3837 2273 3890 dis
2302 3838 2402 3891 ntei
2431 3836 2787 3906 multiplicatio
2830 3845 2970 3897 sunt,
3000 3833 3063 3886 de
3091 3832 3469 3888 necessitatibus
3504 3826 3615 3879 meis
3636 3834 3731 3875 truc

2193 3944 2290 3982 me.
2324 3926 2456 3981 Vide
2482 3927 2821 3980 humilitatem
2852 3942 3019 3980 meam
3056 3935 3103 3979 et
3133 3926 3361 3980 laborem
3400 3938 3570 3985 meum,
3607 3926 3647 3971 et
3668 3912 3729 3964 αἱ·

2192 4020 2336 4073 mitte
2362 4020 2598 4073 universa
2647 4019 2834 4071 delicta
2887 4035 3017 4071 mea.
3070 4015 3287 4089 Respice
3334 4018 3554 4071 inimicos
3601 4022 3726 4063 uicos.

2190 4113 2435 4184 quoniam
2465 4112 2793 4183 multiplicati
2834 4121 2981 4175 sunt,
3013 4122 3060 4164 et
3090 4113 3209 4165 odio
3241 4113 3412 4183 iniquo
3440 4108 3724 4162 oderuntnn'.

2191 4201 2402 4256 Custodi
2419 4204 2646 4256 animam
2670 4219 2833 4256 meam
2854 4212 2902 4255 et
2923 4219 3041 4255 ernc
3066 4219 3164 4266 me,
3198 4220 3301 4256 non
3324 4200 3612 4258 erubescam,
3632 4208 3727 4260 qm"

2191 4295 2333 4347 niam
2380 4296 2581 4363 speravi
2633 4296 2684 4346 in
2739 4304 2807 4346 te.
2842 4293 3148 4347 Inaocentes
3198 4304 3251 4346 et
3280 4294 3403 4346 recti
3449 4286 3726 4342 adha'serunt

2189 4385 2334 4452 mibi,
2364 4386 2482 4454 quia
2511 4387 2729 4440 sustinui
2772 4398 2835 4438 te.
2870 4385 3073 4450 Libera,
3107 4385 3265 4454 Deus,
3300 4384 3463 4439 Israel
3506 4395 3564 4435 ex
3599 4374 3729 4430 ωηηὲ-

2189 4476 2280 4532 ὁιιὲ
2304 4476 2712 4532 tribulationibus
2734 4477 2856 4531 suis.

2751 4583 3186 4624 CONIENTARIUAI.
3696 4643 3704 4653 .

2259 4660 2341 4715 Ab
2368 4660 2617 4715 omnibus
2648 4662 2875 4716 terrenis
2919 4660 3099 4725 lueris,
3144 4662 3211 4715 ab
3258 4660 3499 4717 omnibus
3541 4663 3643 4722 qua:
3668 4662 3728 4696 Vl“

2190 4752 2387 4806 dentur
2414 4750 2556 4806 bona
2588 4749 2745 4820 hujus
2774 4751 2977 4815 mundi,
2995 4750 3300 4807 subducens
3317 4751 3540 4805 animam
3563 4752 3724 4797 meam.

2187 4842 2253 4898 ad
2273 4851 2325 4898 te
2345 4857 2486 4909 eam,
2505 4842 2749 4908 Domine,
2774 4843 2964 4908 levavi,
2989 4842 3100 4913 jam
3121 4858 3227 4898 non
3249 4842 3515 4901 conlidens
3533 4837 3580 4891 in
3601 4845 3729 4888 num.

2188 4950 2298 5002 mo,
2332 4934 2385 4989 in
2413 4934 2594 5002 domo,
2628 4935 2681 4990 in
2712 4935 2949 5005 negotio,
2992 4934 3045 4989 in
3075 4935 3283 5002 militia,
3328 4936 3379 4990 in
3410 4925 3725 4988 facultatibus,
3812 4932 3818 4938 '

2184 5027 2281 5083 sed
2324 5028 2378 5082 in
2409 5037 2461 5082 te
2488 5026 2762 5083 conlidens
2790 5034 2938 5097 peto,
2986 5034 3044 5082 ut
3070 5042 3178 5082 non
3218 5026 3524 5084 erubescam
3542 5020 3651 5076 dum
3672 5013 3729 5066 do

2185 5134 2415 5189 corpore
2462 5121 2665 5185 exicro,
2707 5121 2830 5190 quia
2881 5121 2953 5175 ibi
2998 5116 3244 5175 conlusio
3270 5129 3466 5175 interna
3512 5121 3602 5169 est.
3631 5105 3727 5161 Νοη

2185 5211 2257 5265 ibi
2283 5212 2350 5267 de
2388 5227 2475 5267 me
2506 5212 2763 5267 irrideant
2802 5211 3000 5267 inimici
3032 5212 3158 5275 mei,
3189 5213 3312 5283 quia
3335 5212 3368 5267 ii
3391 5208 3478 5280 qui
3504 5216 3556 5285 te
3579 5199 3725 5256 solum

2181 5303 2503 5372 contemptis
2531 5303 2779 5358 omnibus
2822 5312 3152 5372 exspectant,
3198 5320 3315 5359 non
3348 5296 3724 5356 confundenlnn

2184 5394 2253 5446 ibi
2283 5394 2426 5448 enim
2455 5394 2853 5448 ctmt‘undentnr
2899 5395 3065 5464 iniqui
3111 5406 3165 5451 et
3213 5395 3464 5450 facientes
3504 5400 3642 5443 vana.
3669 5377 3724 5433 Ει

2180 5486 2432 5555 quoniam
2466 5494 2515 5540 lc
2535 5486 2690 5551 duce,
2722 5486 2967 5550 Domine,
2993 5489 3304 5557 pervcnitur
3330 5486 3395 5540 ad
3439 5484 3609 5543 vitam,
3629 5474 3723 5526 vias

2182 5583 2300 5629 tuas
2324 5592 2457 5645 quas
2506 5585 2560 5631 tu
2606 5577 2890 5632 ambulasli
2919 5587 3075 5634 notas
3120 5578 3205 5634 fac
3233 5578 3384 5642 mihi,
3409 5585 3465 5631 ut
3490 5587 3581 5644 per
3605 5566 3725 5637 ipsas

2181 5666 2470 5733 ambulem,
2499 5676 2554 5723 et
2575 5670 2797 5725 semitas
2818 5679 2936 5726 tuas
2961 5670 3129 5727 edoce
3156 5687 3268 5736 me,
3300 5680 3354 5725 ut
3385 5669 3435 5722 in
3465 5664 3582 5736 ipsis
3601 5659 3724 5753 utcu-

2181 5758 2322 5842 tlam.
2354 5758 2421 5812 Et
2450 5770 2507 5813 ut
2536 5761 2638 5816 hoc
2684 5761 2854 5831 ipsum
2888 5761 3101 5830 faciam,
3131 5771 3186 5817 tu
3218 5778 3301 5817 me
3341 5759 3501 5827 dirige
3529 5755 3576 5808 in
3602 5758 3723 5801 ven.
