3908 6176
1076 218 1550 351 COMMUNT’ARII
1585 286 1652 343 IN
1692 284 2021 341 PSALMOS.
2065 280 2257 340 PSAL
2288 279 2488 339 XXVI.

2418 409 2853 452 COIIENTABIUII.

3327 278 3435 337 353

187 303 268 367 33$?

186 436 277 481 tate
300 432 399 484 tua,
429 425 481 473 et
513 426 571 473 tu
614 416 750 472 doce
788 428 895 479 me,
945 411 1071 481 quia
1112 418 1169 464 tu
1211 424 1272 464 es
1318 408 1460 463 Deus
1486 405 1738 461 Salvator
1767 406 1813 462 Α

185 532 329 574 meus.
365 512 480 568 Non
524 512 667 568 enim
696 508 939 579 sustineo
969 504 1133 559 alium
1163 511 1360 573 prater
1400 507 1454 555 te
1492 505 1606 554 tota
1626 496 1732 560 die,

183 609 226 665 id
251 615 340 671 est,
359 604 500 660 omni
526 602 633 657 die.
663 600 872 655 Memor
895 603 1035 659 esto,
1068 593 1312 658 Domine,
1341 586 1737 644 misericordia-

184 713 283 751 rum
310 704 529 759 tuarum,
549 705 668 762 quae
697 705 729 744 a
756 687 953 744 saeculo
974 691 1117 750 sunt,
1140 690 1198 738 et
1216 682 1356 736 sicut
1375 679 1624 736 omnibus
1644 674 1741 730 fui-

181 788 238 843 sti
256 783 566 848 misericors,
591 782 664 835 ita
686 792 904 849 quoque
924 775 1075 841 mihi,
1092 779 1167 828 ‘ut
1194 777 1416 842 peccata
1440 767 1740 840 juventutis

182 894 295 937 mea
339 884 392 933 et
440 873 777 946 ignorantias
810 885 881 926 ne
933 865 1275 929 memineris,
1307 862 1405 918 sed
1445 859 1740 916 secundum

181 985 399 1043 magnam
445 964 872 1024 misericordiam
919 970 1066 1016 tuam
1110 973 1321 1014 memor
1368 954 1475 1010 mei
1513 954 1608 1018 sis,
1633 967 1741 1007 non

181 1072 373 1136 propter
389 1061 586 1117 merita
605 1073 724 1114 mea
754 1071 850 1128 per
870 1052 1284 1110 amaritudinem
1304 1063 1483 1104 meam
1497 1060 1737 1116 peream,

179 1154 259 1211 sed
276 1153 393 1223 quia
416 1152 535 1223 ipse
562 1149 734 1205 dulcis
749 1156 806 1203 et
830 1153 1014 1202 rectus
1044 1159 1123 1209 es,
1146 1150 1202 1197 et
1227 1140 1489 1196 universa:
1516 1137 1618 1191 via:
1641 1144 1743 1189 tuae

182 1243 519 1301 misericordia
536 1251 593 1299 et
603 1241 803 1297 veritas
821 1236 1185 1309 quaerentibus
1201 1232 1575 1289 testamentum
1593 1239 1741 1283 tuum

177 1345 222 1391 ct
243 1333 539 1392 testimonia
581 1342 692 1398 tua,
725 1343 852 1403 pcto
881 1338 940 1385 ut
962 1327 1228 1399 propitius
1248 1325 1323 1380 sis
1346 1331 1568 1394 peccato
1600 1336 1741 1385 meo,

178 1426 375 1480 multum
427 1432 511 1479 est
557 1423 720 1478 enim.
754 1421 879 1476 ideo
925 1433 1027 1488 ego
1075 1417 1218 1473 enim
1257 1413 1556 1482 contempsi
1603 1412 1743 1466 viam

174 1532 348 1581 meant,
372 1524 433 1570 et
462 1514 598 1584 elegi
630 1513 770 1568 viam
800 1521 967 1577 tuam,
1009 1519 1065 1564 et
1091 1508 1326 1562 animam
1378 1519 1551 1560 meam
1601 1502 1667 1556 ad
1694 1509 1747 1555 te

1907 510 2091 565 Judica
2122 525 2225 575 me,
2261 509 2516 565 Domine:
2541 523 2649 561 non
2681 521 2855 561 essem
2885 520 3046 560 ausus
3083 503 3284 569 dicere,
3336 508 3439 559 nisi

1839 602 2208 658 misericordia
2231 609 2322 655 tua
2353 608 2477 654 ante
2500 600 2687 655 oculos
2716 615 2866 653 meos
2893 607 3053 653 esset.
3086 596 3282 653 Certus
3308 613 3437 662 ergo

1839 694 1984 764 quod
2003 693 2205 762 judicia
2228 702 2320 747 tua
2351 692 2436 761 adj
2447 699 2605 746 uvcnt
2621 707 2726 757 me,
2746 691 2868 745 ideo
2891 706 3052 745 ausus
3080 706 3197 745 sum
3217 689 3396 744 dicere
3423 707 3435 741 :

1840 785 2029 842 Judiea
2058 801 2171 840 mer
2196 785 2317 839 Ista:
2356 784 2474 839 dum
2503 800 2592 841 res
2638 783 2768 837 dant
2818 781 3065 837 ﬁduciam
3112 781 3438 844 Christiano.

1842 886 1904 933 ut
1931 877 2361 933 misericordiam
2390 875 2489 931 Dei
2523 885 2648 930 ante
2672 876 2859 930 oculos
2887 875 3102 939 habeat,
3127 883 3180 929 et
3201 870 3440 944 compla-

1843 979 1963 1027 ceat
1990 971 2043 1025 in
2070 972 2298 1025 veritate
2321 969 2601 1045 catholica:
2629 966 2770 1031 ﬁdei,
2796 982 2903 1021 non
2926 966 3110 1021 sedeat
3132 966 3185 1019 in
3213 966 3443 1020 concilio

1843 1062 2245 1126 hzereticorum,
2278 1061 2372 1116 sed
2412 1060 2557 1114 lavet
2583 1060 2723 1113 inter
2752 1058 3045 1114 catholicos
3084 1073 3267 1111 manus
3297 1074 3438 1120 tuas,

1847 1162 1905 1208 ut
1928 1152 2227 1208 circumdet
2251 1152 2421 1206 altare
2453 1150 2665 1205 Domini
2685 1168 2701 1202 z
2724 1151 2812 1205 ubi
2835 1149 3014 1204 audiat
3034 1164 3218 1203 vocem
3249 1149 3442 1212 laudis,

1846 1252 1902 1298 et
1932 1250 2113 1297 narret
2166 1242 2347 1295 omnia
2393 1240 2658 1294 mirabilia
2709 1241 2835 1304 Dei,
2883 1247 2939 1294 et
2990 1239 3133 1294 dicat
3161 1239 3438 1294 Domino:

1847 1332 1980 1386 Cum
2031 1334 2217 1386 exiere
2256 1329 2324 1384 de
2371 1344 2622 1398 corpore,
2679 1328 2788 1381 noli
2836 1328 3063 1397 perdere
3109 1343 3229 1382 cum
3260 1328 3440 1397 impiis

1848 1424 2084 1478 animam
2115 1438 2315 1487 meam,
2350 1422 2475 1491 quia
2524 1420 2686 1475 dilexi
2718 1421 2966 1475 decorem
2999 1420 3192 1474 domus
3236 1430 3362 1486 ture,
3390 1429 3445 1474 ct

1849 1514 1992 1569 odivi
2045 1513 2494 1582 congregationes
2548 1510 2932 1580 malignorum;
2963 1525 3068 1565 non
3099 1519 3285 1580 pereat
3322 1527 3444 1565 cum

175 1606 344 1672 levavi,
369 1614 431 1659 ut
451 1604 632 1659 anima
654 1618 773 1658 mea
801 1602 854 1657 in
880 1599 1036 1656 bonis
1058 1605 1456 1659 commoretur;
1488 1602 1544 1648 ct
1561 1606 1746 1647 semen
1848 1603 1981 1657 viris
2027 1603 2349 1669 sanguinum
2380 1602 2484 1655 vita
2523 1616 2641 1655 mea
2660 1639 2675 1665 ,
2706 1616 2895 1655 eorum
2925 1600 3017 1669 qui
3048 1600 3099 1653 in
3125 1599 3329 1668 judicio
3357 1616 3449 1654 se.

171 1713 331 1753 meum
381 1697 530 1751 illam
562 1706 761 1750 terram
810 1691 1113 1764 possideat;
1154 1703 1303 1758 quan
1362 1701 1469 1740 non
1515 1682 1744 1740 comedit

1872 1695 2046 1750 lentes
2074 1703 2399 1765 acceperunt
2420 1710 2661 1757 munera,
2694 1703 2752 1748 ut
2777 1694 3445 1764 perverterentjudicium.

172 1788 342 1852 draco,
371 1800 497 1855 qua:
528 1801 635 1840 non
666 1793 749 1839 est
775 1783 927 1838 sinus
949 1789 1308 1847 mortuorum,
1328 1792 1448 1846 quae
1469 1792 1575 1831 non
1598 1788 1744 1844 geue

1872 1787 1972 1856 Ego
2022 1787 2167 1842 enim
2199 1788 2402 1841 nullum
2460 1787 2512 1840 in
2550 1786 2758 1855 judicio
2790 1787 2969 1850 nocui,
3022 1785 3223 1840 redime
3268 1801 3354 1840 me
3394 1795 3453 1840 et

170 1886 240 1932 rat
257 1878 458 1949 spinas,
487 1876 580 1932 sed
603 1876 654 1930 in
685 1888 790 1946 qua
819 1881 904 1928 est
943 1871 1202 1926 Dominus
1237 1870 1626 1922 ﬁrmamentum
1675 1864 1744 1919 ti-

1872 1879 2116 1934 niserere
2146 1878 2273 1933 mei.
2306 1876 2410 1933 Pes
2435 1878 2577 1932 etaim
2628 1893 2780 1932 meus
2824 1878 2971 1932 stetit
2997 1877 3049 1931 in
3081 1877 3166 1931 via
3194 1885 3361 1940 recta,
3395 1877 3449 1931 in

168 1965 418 2020 mentibus
450 1978 542 2025 se,
574 1972 629 2018 et
678 1960 1047 2017 testimonium
1097 1968 1155 2013 ut
1209 1956 1584 2011 manifestetur
1622 1953 1744 2008 illis.
1852 1978 2003 2024 recta
2057 1968 2179 2032 “de,
2240 1968 2293 2022 ίη
2342 1966 2599 2023 Εοριοείίε
2651 1967 2972 2024 gemmeam
3020 1968 3325 2031 Dominum,
3356 1968 3452 2037 qui

167 2054 226 2110 Et
249 2057 368 2125 quia
399 2057 521 2111 lucc
549 2053 983 2109 desiderantibus
1011 2051 1238 2121 laqueus
1267 2048 1486 2121 ponitur
1532 2049 1600 2103 ab
1647 2047 1750 2101 ini-
1850 2070 2041 2130 regnat
2071 2061 2124 2115 ίη
2153 2060 2348 2116 suum
2378 2059 2720 2115 εωρυιονυηι,
2753 2060 2945 2114 Amen,

165 2150 296 2204 mico
329 2166 341 2203 :
374 2148 531 2203 Oculi
554 2148 659 2202 mei
691 2160 908 2217 semper
927 2143 993 2198 ad
1025 2142 1606 2210 Dominum,quoniam
1636 2140 1752 2210 ipse
2392 2171 2709 2227 PSALMUS
2745 2172 2935 2227 xxv].

164 2241 343 2295 evellet
372 2241 450 2296 dc
481 2240 673 2308 laqueo
697 2239 863 2308 pedes
898 2251 1067 2291 meos.
1102 2234 1332 2306 llcspice
1359 2234 1415 2302 in
1445 2248 1532 2288 Inc
1572 2239 1626 2287 et
1650 2232 1752 2286 ιιιί-
1982 2287 2033 2308 ,Α
2067 2286 2222 2308 “____
2254 2286 2490 2308 “unum
2521 2285 2682 2308 nm”
2706 2285 3014 2308 *ΔΜ---ω
3048 2286 3139 2308 “ut

166 2285 343 2295 ~-~--~-
374 2285 449 2296 --ν
481 2285 669 2308 αντ-ην
719 2285 862 2293 -ν--νν
898 2285 1066 2291 ---ν‹--
1582 2285 1595 2287 ~
1651 2285 1721 2286 κη
2086 2286 2095 2299 .
2635 2285 2646 2297 .
2775 2285 2786 2297 .
3069 2286 3080 2297 .
3128 2288 3139 2299 ,

158 2345 329 2387 serere
355 2330 493 2395 mei,
523 2285 777 2398 quonialim
802 2326 992 2382 unicus
1012 2334 1066 2381 et
1094 2340 1299 2395 pauper
1325 2338 1441 2379 sum
1472 2338 1592 2392 ego.
1621 2320 1750 2377 Om-
1792 2314 1813 2328 “
1982 2287 2038 2342 ¹¹¹
2067 2286 2225 2341 "nem
2254 2286 2495 2357 psalmus
2517 2285 2684 2339 Dav'd
2706 2300 3017 2356 “umquam
3048 2286 3314 2341 ¹¹¹¹¹Γθιί¹¹²

162 2425 236 2479 uis
261 2424 351 2494 qui
382 2425 513 2495 plus
534 2423 586 2477 in
609 2420 812 2491 gemitu
839 2429 895 2477 et
919 2420 971 2474 in
994 2419 1242 2475 oratione
1264 2415 1541 2479 incumbit,
1566 2416 1755 2472 unicus

157 2525 206 2571 et
227 2530 435 2587 pauper
467 2523 571 2579 est,
602 2524 655 2570 et
700 2513 1079 2569 tribulationcs
1106 2509 1289 2567 cordis
1333 2509 1451 2580 ejus
1492 2507 1755 2578 ιιιιιιιίριί-

160 2615 362 2673 cantur,
394 2619 617 2661 memor
637 2605 879 2659 omnium
921 2617 1041 2672 qua:
1066 2610 1298 2672 aguntur
1324 2601 1377 2656 in
1399 2600 1615 2665 smculo,
1646 2599 1758 2655 cla-

156 2707 259 2752 mat
303 2706 367 2752 ut
406 2698 485 2753 dc
522 2696 704 2752 seculi
750 2693 1163 2751 necessitatibus
1213 2693 1490 2747 liberetur.
1522 2688 1589 2745 Et
1635 2689 1758 2747 ideo

156 2788 289 2854 vide,
322 2788 531 2860 inquit,
554 2786 911 2842 humilitatem
951 2800 1159 2850 meam,
1189 2793 1243 2838 et
1275 2783 1513 2839 laborem
1553 2798 1754 2850 meum,

152 2888 204 2936 et
227 2881 446 2937 dimitte
483 2880 665 2936 omnia
706 2887 928 2950 peccata
959 2892 1098 2932 mea.
1134 2876 1385 2948 Respice,
1418 2876 1624 2948 inquit,
1658 2876 1761 2931 ini—

156 2972 317 3029 mices
339 2988 526 3037 meos,
553 2971 678 3041 quia
719 2969 1061 3040 nniltiplicati
1084 2978 1230 3033 sunt,
1254 2969 1380 3025 odio
1410 2946 1596 3039 iniquo
1626 2969 1744 3026 ode«

1872 2949 1957 3004 hoc
1982 2965 2076 3020 ego
2092 2947 2330 3020 sperabo.
2368 2946 2541 3002 Unam
2569 2949 2694 3019 petii
2714 2964 2746 3002 α
2760 2948 3007 3015 Domino,
3024 2950 3161 3005 hanc
3180 2953 3457 3023 requiram,

154 3070 273 3119 runt
302 3078 417 3118 me.
456 3036 732 3117 lluriiilem
782 3036 895 3115 Deo
939 3059 1213 3116 daunones
1258 3036 1673 3130 persequuntur,
1706 3069 1763 3118 et
1862 3048 1920 3092 u‘
1946 3037 2234 3130 ίηιιξφίιεηι
2277 3040 2334 3093 θη
2375 3037 2529 3130 “9"”
2562 3036 2804 3106 Domini,
2837 3039 3071 3095 οπιηίθυδ
3121 3041 3298 3095 diem“
3346 3044 3463 3097 υίιω

155 3153 273 3209 odio
297 3154 501 3223 iniquo
528 3152 803 3207 infestant.
821 3149 1029 3206 Et'ideo
1058 3128 1288 3216 custodi,
1313 3128 1505 3222 inquit,
1529 3153 1744 3208 animan

1872 3145 2010 3184 mete.
2040 3129 2109 3184 Ut
2127 3129 2329 3184 uideam
2349 3128 2658 3184 voluntatem
2675 3130 2900 3197 Domini,
2922 3140 2973 3184 et
2997 3132 3196 3186 visitem
3220 3132 3459 3203 templum

150 3259 342 3312 meam,
368 3254 424 3301 et
462 3244 620 3314 eripe
642 3258 752 3310 me,
776 3250 837 3298 ut
864 3257 970 3298 non
993 3241 1310 3310 confundar,
1327 3243 1583 3312 quoniam
1605 3259 1744 3314 spert

1872 3223 1994 3293 ejus.
2029 3218 2286 3286 Quoniam
2315 3220 2583 3276 abscondit
2610 3239 2693 3277 me
2712 3224 2768 3276 in
2799 3222 3127 3278 tabernaculo
3154 3241 3266 3290 suo,
3293 3225 3349 3279 in
3379 3225 3465 3279 die

152 3337 205 3391 in
237 3345 313 3393 te.
344 3338 686 3392 lnnocenlcs
714 3343 770 3391 et
800 3335 934 3390 recti
975 3334 1285 3389 adhaereant
1322 3334 1470 3402 mihi,
1511 3312 1744 3405 quonian

1872 3312 2120 3367 malorum
2142 3313 2370 3381 protexit
2390 3329 2497 3376 me,
2519 3314 2575 3367 in
2603 3314 2909 3369 abscondito
2931 3314 3245 3369 tabernaculi
3265 3318 3365 3369 sui.
3393 3315 3461 3370 In

150 3429 397 3485 sustineo
431 3438 517 3492 te,
546 3427 803 3493 Domine,
834 3425 959 3496 quia
1001 3424 1200 3481 liberas
1222 3425 1384 3481 Israel
1423 3425 1491 3480 ab
1519 3402 1744 3481 omnibu:

1872 3413 2011 3475 petra
2038 3402 2291 3457 exultavit
2312 3419 2412 3466 me,
2439 3412 2491 3456 et
2516 3419 2652 3457 nunc
2671 3404 2919 3458 exultavit
2938 3416 3092 3476 caput
3119 3423 3285 3460 meum
3314 3423 3467 3477 super

148 3523 417 3590 angustiis
459 3520 600 3576 suis.
631 3517 749 3574 Jam
778 3518 871 3589 qui
900 3517 1277 3574 innocentibus
1305 3526 1360 3573 et
1387 3518 1551 3574 rectis
1590 3519 1768 3575 adhae-
1865 3495 2110 3590 ίηίηίίίεω
2131 3509 2289 3590 m‘f’f'
2324 3490 2885 3590 θέναξίυίείίηηῗοίαυί
2911 3496 2966 3547 ίπ
2998 3493 3328 3590 ξαθθνηίξῗωο
3353 3497 3467 3567 εῘδίε

1931 2400 2186 2455 Dominus
2207 2399 2520 2455 illuminatio
2544 2416 2678 2467 mea,
2710 2409 2760 2453 et
2798 2400 2939 2455 salus
2968 2418 3101 2467 mea,
3125 2418 3271 2473 quem
3301 2403 3450 2457 time-

1856 2489 1919 2545 bo
1940 2490 1964 2544 ?
1983 2488 2237 2545 Dominus
2256 2499 2512 2561 protector
2531 2492 2649 2545 vitae
2668 2506 2814 2555 meae,
2832 2507 2865 2543 a
2885 2508 2984 2562 quo
3008 2493 3270 2562 trepidabo
3287 2494 3449 2548 ?Cum

1858 2582 2169 2652 appropiant
2195 2597 2350 2661 super
2370 2599 2452 2635 me
2478 2591 2739 2648 nocentes,
2784 2593 2841 2635 ut
2884 2582 3043 2636 edant
3081 2600 3262 2639 carnes
3289 2603 3450 2641 meas.

1861 2668 1962 2736 Qui
1986 2671 2235 2725 tribulant
2258 2688 2341 2725 me
2360 2672 2558 2726 inimici
2579 2673 2698 2739 mei,
2730 2674 2830 2743 ipsi
2866 2673 3120 2744 infirmati
3147 2686 3268 2728 sunt
3292 2685 3343 2731 et
3369 2693 3453 2730 cc-

1860 2761 2114 2816 ciderunt.
2148 2760 2210 2816 Si
2231 2763 2522 2817 consistant
2542 2762 2812 2817 adrersum
2850 2779 2932 2817 me
2958 2773 3149 2837 castra,
3180 2782 3283 2820 non
3311 2769 3456 2821 timc-

1861 2856 1934 2909 bit
1962 2871 2052 2909 cor
2096 2870 2285 2909 meum.
2322 2853 2385 2909 Si
2413 2863 2663 2927 exsurgat
2691 2854 2962 2910 adversum
3009 2874 3090 2912 me
3122 2859 3377 2930 prcelium,
3403 2861 3456 2912 in

150 3621 262 3682 ret,
300 3624 359 3671 et
389 3612 639 3670 sustinet
668 3583 975 3676 Dominum,
1004 3608 1169 3665 Israel
1194 3609 1443 3677 efficitur,
1477 3609 1529 3663 id
1559 3619 1660 3677 est,
1688 3610 1770 3665 vi-
1869 3586 2521 3682 "Osuanffwiie’a‘jonif’
2566 3583 2789 3639 “amabo
2817 3594 2866 3638 e‘
2893 3584 3146 3655 Ρδαίπιηηε
3169 3586 3331 3682 dicam
3353 3587 3466 3642 θο-

146 3706 279 3763 deus
328 3707 552 3771 Deum,
585 3712 641 3759 et
670 3702 791 3758 ideo
822 3702 940 3772 jam
967 3701 1133 3758 Israel
1161 3700 1363 3768 factus,
1395 3701 1675 3757 redimitur
1701 3702 1770 3757 ab

151 3796 413 3852 amriibus
436 3793 709 3863 angustiis
735 3793 862 3859 suis,
885 3790 993 3848 Per
1020 3791 1305 3848 Dominum
1326 3800 1566 3848 nostrum
1587 3791 1771 3849 Iesum

147 3884 454 3955 Christum,
491 3886 588 3957 qui
617 3892 809 3954 regnat
835 3884 891 3938 in
919 3883 1114 3939 sarcula
1144 3884 1480 3939 saeculorum.
1505 3883 1696 3939 Amen.

715 4012 1033 4071 PSALMUS
1070 4012 1237 4071 XXV.

752 4128 997 4185 Psalmus
1016 4128 1207 4202 David.

211 4264 421 4319 Judiea
447 4279 559 4327 me,
595 4261 837 4329 Domine,
860 4264 1105 4335 quoniam
1131 4280 1224 4335 ego
1246 4265 1308 4317 in
1332 4265 1628 4320 innocentia
1661 4282 1777 4319 mea
1845 4307 1861 4317 .

148 4357 429 4429 ingressus
465 4371 610 4419 sum,
643 4362 693 4407 et
732 4353 787 4407 in
815 4351 1043 4407 Domino
1069 4370 1285 4423 sperans
1312 4370 1416 4408 non
1445 4352 1774 4424 inﬁrmabor.

144 4445 325 4502 Proba
358 4464 477 4511 me,
514 4444 761 4510 Domine,
792 4454 841 4498 et
872 4453 1009 4498 tenta
1039 4461 1137 4510 me,
1167 4462 1259 4498 ure
1285 4461 1431 4499 renes
1451 4461 1590 4500 meos
1614 4455 1663 4499 et
1688 4462 1778 4501 cor

146 4554 338 4593 meum.
377 4537 662 4603 Quoniam
690 4536 1048 4592 misericordia
1071 4545 1157 4591 tua
1177 4546 1296 4591 ante
1317 4536 1492 4592 oculos
1512 4555 1652 4595 meos
1677 4548 1777 4603 est,

142 4639 190 4682 et
245 4629 573 4701 complacui
622 4629 676 4682 in
721 4630 934 4683 veritate
983 4638 1090 4683 tua.
1120 4626 1245 4683 Non
1273 4630 1382 4684 sedi
1421 4646 1535 4685 cum
1563 4634 1781 4687 consilio

145 4725 430 4789 sanitatis,
468 4730 527 4777 et
557 4738 673 4775 cum
701 4722 880 4793 iniqua
905 4721 1196 4795 gerentibus
1217 4738 1320 4776 non
1352 4723 1598 4779 introibo.
1630 4722 1782 4781 0divi

142 4810 466 4867 Ecclesium
523 4810 947 4882 malignantium,
979 4820 1174 4866 etcum
1219 4812 1389 4881 impiis
1432 4830 1536 4868 non
1577 4814 1780 4871 sedebo.

144 4901 364 4958 Lavabo
403 4905 564 4957 inter
602 4902 900 4956 innocentes
942 4918 1130 4957 manus
1159 4921 1321 4969 meas,
1370 4914 1420 4958 et
1459 4906 1788 4964 circumdabo

136 4998 317 5050 altare
362 5005 558 5059 tuum,
608 4992 851 5048 Domine.
912 4993 979 5049 Ut
1032 4995 1246 5049 audiam
1295 5012 1467 5051 vocem
1496 4997 1687 5063 laudis,
1730 5008 1780 5054 et

137 5102 395 5140 enarrem
445 5085 704 5138 universa
733 5083 998 5140 mirabilia
1029 5093 1138 5139 tua.
1172 5084 1415 5152 Domine,
1442 5087 1602 5143 dilexi
1628 5088 1782 5145 deco-

134 5195 249 5232 rem
271 5179 486 5234 danais
528 5185 647 5240 tute,
682 5185 731 5230 et
759 5176 925 5231 locum
968 5176 1302 5233 habitationis
1324 5180 1508 5251 gloria:
1549 5185 1669 5235 tutu.
1695 5180 1782 5235 Ne

137 5276 341 5343 perdas
362 5290 503 5328 cum
533 5273 707 5343 impiis
735 5274 960 5327 animam
990 5290 1176 5341 meam,
1199 5284 1248 5328 et
1276 5292 1390 5329 cum
1416 5278 1538 5331 uiris
1567 5281 1781 5349 sangui-

133 5380 267 5419 num
298 5365 489 5419 vitam
523 5378 708 5416 meam.
736 5360 803 5416 In
832 5379 1044 5433 quorum
1065 5363 1300 5419 manibus
1324 5367 1618 5438 iniquitates
1639 5378 1778 5434 sunt,

137 5456 377 5510 dextera
399 5469 602 5509 eorum
622 5453 819 5524 repleta
837 5463 913 5507 est
932 5453 1246 5509 muneribus.
1279 5454 1395 5527 Ego
1425 5465 1596 5511 autem
1624 5460 1675 5512 in
1706 5461 1788 5514 in-

136 5550 407 5611 nocentia
440 5562 574 5601 mea
622 5547 889 5618 ingressus
936 5564 1069 5613 sum,
1121 5548 1315 5602 redime
1357 5566 1437 5603 me
1471 5560 1521 5603 et
1550 5553 1789 5607 miserere

136 5645 264 5696 mei.
300 5640 429 5695 Pes
453 5637 607 5693 enim
625 5653 770 5693 meus
795 5640 937 5694 stetit
962 5641 1018 5694 in
1040 5638 1255 5704 directo,
1279 5641 1334 5693 in
1358 5638 1603 5696 Ecclesiis
1636 5641 1787 5698 bene—

135 5731 319 5788 dicam
346 5741 426 5797 te,
461 5726 712 5783 Domine.

1868 3682 2031 3735 mino.
2065 3677 2306 3744 Exaudi,
2340 3679 2580 3744 Domine,
2611 3694 2786 3733 uocem
2829 3695 2997 3733 meam
3027 3695 3127 3750 qua
3157 3679 3373 3734 clamavi
3394 3682 3464 3734 ad

1873 3781 1941 3837 te,
1980 3774 2222 3826 miserere
2248 3773 2377 3835 mei,
2410 3780 2459 3824 et
2491 3769 2682 3824 exaudi
2709 3785 2808 3823 me.
2843 3767 2958 3823 Tibi
2987 3769 3121 3823 dixit
3158 3786 3247 3824 cor
3272 3787 3461 3836 meum,

1871 3864 2143 3934 exquisivit
2192 3872 2240 3916 te
2265 3863 2426 3932 facies
2452 3877 2588 3923 mea,
2613 3861 2800 3932 faciem
2829 3869 2991 3926 tuam,
3037 3857 3277 3925 Domine,
3308 3865 3472 3935 requi-

1871 3970 2007 4009 ram.
2035 3951 2119 4007 Ne
2144 3961 2347 4006 avertas
2387 3952 2572 4023 faciem
2603 3959 2748 4005 tuam
2770 3968 2804 4004 a
2826 3967 2926 4017 me,
2960 3968 3024 4005 ne
3048 3951 3275 4006 declines
3303 3951 3358 4005 in
3386 3955 3469 4005 ira

1875 4064 1908 4099 a
1937 4061 2082 4100 servo
2105 4052 2210 4099 tuo.
2234 4043 2460 4114 Adjutor
2486 4057 2628 4096 meus
2648 4051 2775 4105 esto,
2801 4058 2868 4095 ne
2898 4041 3223 4112 derelinquas
3247 4058 3343 4106 me,
3377 4059 3469 4095 nr-

1876 4152 1972 4207 que
1997 4134 2249 4205 despicias
2272 4150 2372 4198 me,
2402 4131 2543 4186 Deus
2562 4132 2810 4185 salutaris
2836 4148 2997 4186 meus.
3032 4129 3289 4194 Quoniam
3330 4144 3431 4202 par.
3452 4150 3476 4185 r

1877 4243 2020 4281 meus
2040 4236 2089 4281 et
2115 4234 2280 4280 mater
2319 4240 2433 4278 mea
2476 4221 2855 4294 dereliquerunt
2882 4239 2980 4289 me,
3011 4220 3267 4277 Dominus
3307 4233 3475 4277 autem

1882 4321 2164 4392 assumpsit
2185 4336 2284 4374 me.
2310 4317 2499 4390 Legem
2520 4334 2656 4388 pone
2673 4316 2819 4382 mihi,
2848 4314 3085 4380 Domine,
3109 4316 3163 4369 in
3187 4317 3268 4370 via
3298 4325 3402 4383 tua,
3428 4326 3477 4369 et

1883 4413 2050 4484 dirige
2075 4429 2160 4466 me
2195 4413 2253 4466 in
2304 4413 2489 4466 semita
2537 4418 2677 4463 recta
2705 4417 2914 4480 propter
2940 4409 3178 4463 inimicos
3204 4425 3361 4463 meos.
3394 4407 3479 4462 Ne

1812 4515 1858 4576 ι)
1885 4503 2159 4558 tradideris
2189 4519 2272 4557 me
2297 4503 2352 4556 in
2377 4503 2583 4555 animas
2605 4498 2962 4553 tribulantium
2993 4515 3097 4561 me,
3124 4499 3365 4570 quoniam
3393 4500 3478 4551 in-

1882 4603 2219 4651 surrexerunt
2234 4596 2291 4650 in
2318 4611 2400 4649 me
2421 4601 2573 4648 testes
2595 4594 2779 4665 iniqui,
2811 4600 2861 4646 et
2892 4593 3106 4646 mentita
3133 4601 3210 4645 est
3234 4592 3481 4662 iniquitas

1885 4689 2003 4745 sibi.
2048 4686 2214 4743 Credo
2255 4688 2428 4743 uidere
2464 4687 2600 4741 bona
2629 4685 2861 4750 Domini,
2900 4686 2957 4739 in
3011 4694 3149 4739 terra
3188 4687 3478 4739 virentium.

1889 4777 2154 4849 Exspecta
2203 4777 2505 4843 Dominum,
2560 4775 2776 4830 uiriliter
2816 4791 2931 4846 age,
2963 4783 3013 4828 et
3040 4776 3358 4847 confortetur
3396 4792 3484 4831 cur

1893 4878 2051 4936 tuum,
2076 4876 2126 4924 et
2145 4870 2342 4924 sustine
2369 4866 2672 4921 Dominum.

2468 4996 2906 5036 COMMENTARIUM.

1960 5096 2156 5152 Psalmi
2181 5095 2364 5150 titulus
2392 5094 2554 5150 habet
2582 5093 2818 5165 positum
2837 5133 2850 5157 ,
2880 5094 3189 5164 priusquam
3220 5096 3483 5151 linirelur.

1890 5190 2117 5246 Solitum
2144 5197 2228 5244 est
2244 5188 2447 5243 homini
2472 5188 2527 5242 in
2554 5194 2836 5258 potentatu
2864 5188 3044 5258 posito
3066 5189 3339 5245 recordari
3359 5188 3487 5257 qdid

1892 5280 2060 5350 egerit
2078 5280 2204 5334 dum
2245 5295 2451 5350 pauper
2479 5286 2652 5345 esset;
2692 5279 2843 5350 prius
2866 5294 2995 5348 ergo
3023 5293 3184 5349 quam
3221 5280 3486 5346 liniretur,
3507 5323 3531 5341 ,

1894 5370 2207 5426 recordatur
2250 5370 2363 5440 jam
2394 5379 2606 5435 unctus,
2640 5379 2695 5425 et
2747 5369 2878 5426 dicit
2922 5386 3045 5440 quae
3087 5370 3342 5439 cogitatio
3369 5370 3490 5439 ejus

1892 5461 2070 5527 fuerit,
2094 5462 2413 5533 priusquam
2432 5462 2679 5517 liniretur
2705 5463 2811 5518 hoc
2833 5463 3022 5519 ordine
3048 5482 3060 5515 :
3089 5462 3239 5532 quasi
3281 5461 3374 5533 qui
3402 5463 3487 5516 di-

1892 5562 2059 5615 ceret.
2085 5555 2129 5609 si
2163 5556 2471 5625 priusquam
2500 5565 2693 5612 unctus
2714 5572 2910 5619 essem,
2942 5562 3149 5625 septem
3172 5554 3361 5610 fratres
3384 5558 3489 5611 mei

1893 5646 2071 5713 magni
2101 5646 2201 5699 viri
2228 5646 2296 5701 ab
2326 5647 2578 5701 unctione
2622 5648 2853 5703 recusati
2899 5654 3040 5709 sunt,
3074 5654 3129 5701 et
3172 5648 3274 5702 mei
3304 5663 3490 5702 curam

1897 5734 2038 5792 Deus
2059 5736 2244 5806 gessit,
2272 5745 2328 5791 ut
2356 5752 2579 5807 parvum
2609 5746 2663 5793 et
2702 5736 2952 5807 pusillum
2990 5737 3211 5809 eligeret
3237 5741 3292 5790 et
3322 5742 3487 5798 unge-
