3908 6176
415 326 521 385 359

415 451 529 508 ret;
560 457 703 496 nune
737 441 852 511 ipso
874 439 1207 494 illuminante
1236 440 1384 507 mihi,
1418 450 1472 495 et
1503 441 1721 512 fugante
1750 461 1780 499 a
1809 462 1894 501 me
1926 456 2007 501 ιυ-
2038 452 2081 506 Α

417 532 629 597 nebras,
653 546 752 600 ego
774 545 933 599 quem
954 530 1198 585 timebo?
1226 531 1319 586 illo
1347 531 1670 589 defendente
1700 551 1806 600 me,
1840 550 1870 589 a
1900 554 2009 606 quo

417 621 730 693 trepidabo?
752 620 914 675 etiam
961 620 1006 678 si
1032 621 1339 690 proximent
1367 619 1497 677 mihi
1527 640 1558 678 a
1598 623 1725 679 Saul
1753 627 1920 692 missi,
1956 636 2012 681 ut

418 715 583 769 edant
606 728 795 768 carnes
825 727 993 777 meas,
1036 713 1126 782 qui
1152 713 1408 767 tribulant
1447 730 1552 777 me,
1579 722 1632 769 et
1658 716 1857 771 inimici
1884 718 2008 779 mei,

416 804 515 875 ipsi
559 800 811 857 inﬁrmati
863 811 989 857 sunt
1034 811 1087 856 et
1115 802 1441 858 ceciderunt.
1469 804 1526 858 Si
1565 805 1726 860 etiam
1769 807 2011 875 praelium

414 901 668 961 exsurgat
708 892 991 948 adversum
1018 908 1124 958 me,
1161 908 1262 960 ego
1293 894 1343 946 in
1376 894 1761 951 illuminatione
1801 898 2011 951 Domini

418 988 668 1057 sperabo.
702 984 876 1039 Unum
923 986 1026 1040 hoc
1055 995 1138 1039 est
1179 985 1324 1054 quod
1363 988 1578 1056 postulo
1627 988 1932 1053 Dominum,
1956 998 2012 1043 et

423 1088 523 1141 hoc
551 1078 787 1146 requiro,
818 1086 877 1131 ut
908 1078 1113 1132 videam
1143 1078 1270 1147 quid
1318 1079 1525 1148 placeat
1556 1080 1802 1147 Domino,
1844 1082 2010 1137 sciam

419 1170 751 1228 voluntatem
775 1169 911 1238 ejus,
941 1176 994 1223 et
1017 1169 1227 1224 videam
1257 1173 1466 1240 protegi
1497 1174 1752 1242 templum
1788 1173 1921 1242 ejus,
1954 1183 2012 1227 ut

420 1260 511 1329 qui
532 1259 599 1314 ad
627 1274 750 1313 eum
779 1256 1097 1327 confugerit,
1130 1259 1447 1325 honoretur,
1470 1270 1524 1315 et
1551 1262 1619 1315 ab
1641 1263 1874 1317 hostitun
1905 1280 2013 1318 ma-

422 1349 578 1403 nibus
608 1364 713 1402 non
736 1348 907 1417 possit
937 1348 1059 1403 inde
1088 1349 1256 1418 eripi:
1293 1359 1493 1404 tantam
1524 1354 1883 1407 reverentiam
1911 1354 2009 1408 ha-

420 1443 545 1497 beat
590 1439 826 1495 Erclesia
864 1439 980 1505 Dei,
1013 1448 1073 1495 ut
1101 1441 1261 1495 etiam
1290 1442 1358 1495 ab
1405 1442 1648 1498 hostibus
1691 1444 2008 1512 honoratur,

420 1541 479 1587 ut
508 1532 762 1587 abscondi
794 1532 994 1602 possim
1023 1533 1076 1587 in
1116 1533 1459 1589 tabernaculo
1483 1534 1597 1604 ejus
1626 1536 1679 1590 in
1711 1537 1798 1591 die
1836 1538 2009 1594 malo-

421 1640 560 1685 rum,
587 1631 642 1677 et
666 1637 830 1692 super
850 1631 1059 1693 petram
1082 1622 1370 1689 exaltetur,
1415 1631 1473 1678 ut
1502 1633 1672 1693 por-ue
1711 1625 1869 1680 inferi
1900 1644 2010 1682 non

421 1714 747 1784 pra-valeant
773 1712 842 1776 ci,
873 1721 931 1768 nt
960 1713 1229 1769 exaltetur
1255 1725 1418 1785 caput
1445 1716 1560 1785 ejus
1584 1733 1746 1787 super
1764 1719 2010 1775 inimicos

1736 318 2006 388 Atix'oml
2046 317 2351 388 JiJNIORIS

3601 323 3712 401 ὃσα

2115 462 2177 499 ne
2206 444 2415 515 quando
2437 454 2610 501 taceas
2640 463 2672 500 a
2701 464 2807 511 me,
2839 456 2889 502 et
2917 451 3251 507 assimilabor
3276 442 3710 527 descendentibus

2111 535 2168 587 in
2197 535 2386 588 lacum.
2416 532 2646 601 Exaudi,
2674 535 2918 605 Domine,
2947 556 3120 596 vocem
3147 543 3530 614 deprecationis
3562 566 3707 613 mete.

2115 623 2236 677 dum
2262 642 2353 679 oro
2378 626 2449 678 ad
2480 635 2548 691 te,
2580 626 2702 680 dum
2730 629 2924 683 extollo
2954 647 3136 686 manus
3164 650 3329 701 meas,
3360 637 3437 690 ad
3460 640 3711 709 templum

2113 727 2350 769 sanctum
2380 726 2540 770 tuum.
2573 715 2626 769 Ν
2631 734 2659 771 e
2676 718 2834 772 simul
2860 722 3039 774 tradas
3063 737 3145 776 me
3178 741 3295 778 cum
3320 728 3711 796 peccatoribus,

2111 813 2161 857 et
2186 820 2301 857 cum
2324 795 2659 875 operantibus
2686 807 3013 877 iniquitatem
3036 827 3099 864 ne
3124 795 3440 883 perdasme.
3487 814 3602 880 Qui
3641 819 3713 872 lo-

2111 905 2338 962 quuntur
2365 912 2546 965 pacem
2567 913 2682 949 cum
2709 899 2950 968 proximo
2976 916 3088 966 suo,
3112 902 3253 956 mala
3293 907 3469 958 autem
3496 907 3560 959 in
3597 914 3715 961 cor-

2112 984 2259 1038 dibus
2282 1002 2481 1039 eorum.
2507 984 2592 1039 Da
2622 987 2729 1040 illis
2753 989 3034 1043 secundum
3054 1008 3209 1061 opera
3229 1009 3424 1062 eorum,
3448 1006 3502 1050 et
3529 1014 3714 1052 secun-

2112 1074 2234 1127 dum
2285 1075 2570 1146 nequitiam
2618 1076 3043 1132 adinventionum
3097 1081 3346 1150 ipsorum.
3405 1083 3715 1141 Secundum

2110 1181 2267 1233 opera
2296 1182 2546 1219 manuum
2566 1183 2745 1221 eorum
2775 1167 2942 1223 tribue
2967 1170 3091 1237 illis,
3116 1172 3275 1227 redde
3316 1178 3715 1231 rc:r.;utiortem

2110 1270 2289 1307 eorum
2316 1255 2464 1325 ipsis.
2490 1254 2750 1319 Quoniam
2774 1274 2879 1313 non
2904 1260 3268 1316 intellexerunt
3289 1281 3446 1333 opera
3470 1266 3715 1333 Domini,

2111 1353 2160 1395 et
2187 1344 2240 1396 in
2264 1361 2421 1413 opera
2448 1362 2697 1399 manuum
2722 1364 2902 1401 eorum
2926 1350 3160 1405 destrucs
3183 1352 3302 1406 illos
3320 1393 3333 1419 ,
3365 1363 3415 1408 et
3445 1372 3561 1410 non
3585 1359 3713 1411 tedi-

2111 1435 2295 1505 ﬁcabis
2323 1453 2431 1491 eos.
2468 1436 2774 1494 Benedictus
2822 1440 3111 1508 Dominus,
3147 1447 3393 1515 quoniam
3440 1451 3714 1505 exaudivit

2111 1541 2284 1580 vocem
2310 1528 2689 1597 deprecationis
2727 1547 2874 1584 ηιειιν.
2917 1531 3175 1587 Dominus
3201 1535 3413 1606 adjutor
3456 1553 3643 1604 meus,
3673 1556 3715 1594 et

2114 1626 2376 1686 protector
2394 1635 2556 1683 meus,
2584 1627 2636 1672 et
2675 1622 2731 1673 in
2759 1623 2873 1692 ipso
2895 1624 3123 1692 speravit
3148 1641 3240 1679 cor
3268 1643 3457 1693 meum,
3482 1638 3537 1682 et
3562 1631 3718 1703 adju-

2111 1720 2191 1764 tus
2224 1727 2360 1764 sum.
2392 1709 2461 1763 Et
2499 1712 2738 1780 reﬂoruit
2786 1730 2910 1768 caro
2936 1731 3070 1782 mea,
3113 1726 3163 1771 et
3191 1735 3257 1772 ea:
3300 1722 3577 1776 t-oluntate
3603 1739 3721 1778 mea

422 1803 557 1873 ejus,
588 1812 641 1859 et
661 1805 984 1858 circumeam
1012 1811 1068 1859 et
1104 1806 1377 1859 immolcm
1430 1806 1482 1859 in
1524 1807 1870 1864 tabernaculo
1899 1809 2013 1877 ejus

2119 1800 2404 1872 conﬁtebor
2430 1803 2497 1864 ei,
2526 1800 2779 1857 Dominus
2805 1805 3056 1875 fortitudo
3089 1807 3250 1875 plebis
3290 1826 3415 1874 sum,
3446 1822 3502 1865 et
3537 1823 3718 1881 prote-

423 1898 653 1952 hostiam
679 1889 1037 1965 jubilationis,
1067 1905 1124 1952 et
1143 1907 1354 1952 cantem
1378 1899 1432 1952 in
1462 1915 1546 1965 ea,
1578 1908 1633 1955 et
1654 1902 1876 1970 psallam
1906 1903 2004 1958 Do-

424 1990 594 2053 mino,
619 1996 673 2042 et
701 1986 931 2043 fundens
953 1988 1006 2041 in
1048 2003 1111 2042 ea
1138 2003 1345 2057 preces,
1378 2005 1599 2046 securus
1626 1991 1801 2046 dicam
1830 1993 2013 2048 Domi-

427 2095 498 2135 no
531 2096 545 2132 :
576 2078 831 2133 Miserere
877 2078 1007 2139 mei.
1039 2086 1095 2132 et
1133 2079 1328 2133 exaudi
1377 2096 1497 2149 me;
1544 2082 1595 2137 si
1622 2088 1801 2137 tamen
1834 2083 1929 2137 Dei
1956 2100 2015 2139 sc

423 2176 719 2224 amatorem
767 2165 1086 2233 ostendens,
1131 2168 1385 2224 invisibili
1420 2170 1758 2227 invisibiliter
1795 2173 2010 2228 clamet.

426 2259 802 2332 SEcatMoyses
818 2276 933 2326 ore,
957 2261 1152 2330 inquit,
1174 2261 1402 2328 tacebat,
1427 2262 1520 2318 sed
1542 2264 1704 2319 corde
1724 2265 2010 2330 clamabat,

423 2352 565 2406 unde
594 2353 670 2406 ait
717 2352 973 2408 Dominus
998 2352 1066 2407 ad
1093 2368 1216 2409 eum
1244 2371 1256 2405 :
1288 2351 1445 2420 Quid,
1495 2356 1687 2425 inquit,
1720 2356 1916 2411 clamas
1946 2356 2015 2410 ad

425 2460 505 2497 me
537 2442 735 2514 (Exod.
768 2445 915 2514 xxv)?
937 2445 1016 2500 sic
1043 2453 1099 2500 et
1137 2445 1191 2499 in
1218 2445 1322 2501 isto
1352 2447 1473 2502 loco
1501 2457 1711 2503 amator
1749 2448 1876 2515 Dei,
1904 2465 2015 2503 non

421 2551 672 2604 quaerens
728 2536 893 2590 ullam
939 2536 1126 2592 mundi
1175 2537 1430 2608 speciem,
1462 2540 1557 2594 sed
1605 2541 1775 2595 solam
1815 2538 2015 2596 Christi

422 2625 873 2695 pulchritudinem
895 2628 1300 2699 concupiscens,
1330 2644 1393 2684 ea
1412 2631 1577 2686 verba
1605 2647 1724 2701 qua:
1746 2643 2016 2689 amatores

421 2718 600 2773 solent
629 2719 707 2773 eis
734 2734 870 2788 quos
898 2720 1125 2789 diligunt
1148 2720 1327 2778 dicere
1350 2725 1687 2781 sermonibus
1706 2726 1917 2795 linguae,
1942 2727 2015 2781 ita

426 2808 529 2863 iste
556 2810 894 2865 sermonibus
922 2812 1190 2866 exclamat
1237 2814 1435 2879 cordis,
1468 2816 1655 2871 dicens
1687 2835 1700 2870 :
1734 2816 1853 2873 Tibi
1880 2818 2016 2874 dixit

425 2914 523 2954 cor
546 2914 746 2965 meum,
767 2901 991 2970 quaesivi
1012 2901 1216 2956 vultum
1248 2911 1417 2971 tuum,
1448 2921 1555 2960 non
1585 2915 1798 2964 avertas
1826 2908 2015 2965 faciem

424 2998 572 3048 tuam
599 3008 633 3047 a
660 3009 766 3061 me,
793 3010 862 3050 ne
881 2995 1121 3052 declines
1149 2997 1204 3052 in
1229 2998 1308 3053 ira
1337 3015 1368 3053 a
1396 3015 1555 3055 servo
1584 3009 1699 3057 tuo.
1739 3001 1843 3071 Egi
1871 3003 2012 3057 enim

423 3085 551 3139 talia
579 3085 773 3156 quibus
792 3085 937 3155 juste
986 3089 1154 3145 iratus
1190 3105 1219 3144 a
1247 3105 1367 3145 mea
1396 3095 1829 3164 concupiscentia
1860 3110 2014 3150 aver-

424 3176 572 3242 taris,
603 3177 696 3232 sed
724 3178 878 3247 quasi
905 3179 1210 3236 misericors
1237 3189 1295 3237 et
1340 3183 1556 3252 adjutor
1583 3201 1733 3240 meus
1758 3204 1816 3240 es
1839 3196 1912 3251 tu,
1947 3201 2014 3241 ne
2041 3179 2085 3238 C

422 3265 764 3336 derelinquas
792 3283 899 3333 me,
951 3284 1129 3340 neque
1153 3271 1419 3342 despicias
1459 3290 1569 3340 me,
1599 3275 1742 3331 Deus
1767 3277 2015 3333 salutaris

424 3371 594 3412 meus.
632 3357 761 3413 Vide
810 3367 992 3414 autem
1018 3362 1235 3429 qualem
1264 3378 1505 3419 amorem
1534 3364 1646 3421 Deo
1669 3365 1878 3422 offerat.
1916 3366 2015 3422 Le-

421 3450 612 3517 gimus,
632 3448 765 3516 Quia
787 3451 1034 3522 relinquet
1053 3453 1204 3508 homo
1224 3464 1424 3525 patrem
1438 3465 1488 3511 et
1506 3467 1742 3523 matrem,
1765 3469 1814 3512 et
1840 3459 2015 3514 adlue-

421 3542 550 3597 rebit
572 3546 723 3599 uxori
744 3543 896 3616 (Gen.
924 3562 980 3612 ιι,
1006 3545 1199 3601 Matth.
1232 3548 1374 3618 Xix);
1407 3550 1480 3603 ita
1505 3551 1608 3616 hic,
1638 3552 1764 3619 quia
1793 3552 2014 3606 adama-

422 3634 497 3688 vit
523 3635 827 3701 Dominum,
862 3635 1038 3701 Pater,
1072 3638 1262 3706 inquit,
1290 3655 1460 3706 incus,
1491 3650 1547 3695 et
1576 3650 1747 3696 mater
1775 3658 1894 3698 mea
1923 3644 2017 3698 de-

421 3726 758 3794 reliquerunt
779 3742 883 3792 me,
914 3727 1171 3782 Dominus
1192 3737 1373 3784 autem
1399 3734 1685 3802 assumpsit
1718 3748 1823 3796 me,
1853 3734 2016 3789 etiam

421 3817 579 3885 quasi
600 3825 689 3880 tu,
721 3832 753 3871 ο
783 3817 1030 3882 Domine,
1073 3832 1235 3887 quem
1275 3819 1594 3875 derelictum
1622 3839 1652 3876 a
1704 3811 2017 3892 parentibus

420 3907 794 3976 assumpsisti:
828 3907 1026 3977 Legem
1052 3925 1196 3979 pone
1235 3912 1364 3966 mihi
1417 3913 1468 3966 in
1515 3914 1601 3967 via
1648 3922 1760 3980 tua,
1793 3917 2018 3973 ostende

421 3996 551 4067 quid
575 3996 728 4062 velis,
758 3997 887 4065 quid
917 3998 1077 4063 nolis,
1113 4000 1240 4069 quid
1263 4001 1474 4071 diligas,
1515 4004 1643 4073 quid
1672 4006 1842 4061 odias.
1876 4006 2017 4062 Fieri

421 4087 567 4142 enim
595 4088 795 4158 poterit
816 4094 873 4143 ut
901 4089 1230 4159 obsequendi
1253 4101 1380 4148 voto
1407 4093 1691 4160 olfendam,
1716 4096 1762 4161 si
1786 4098 2018 4166 qualiter

421 4175 645 4231 debeam
673 4183 801 4231 ante
828 4193 935 4232 non
965 4178 1188 4234 discam.
1237 4179 1304 4235 Et
1345 4182 1470 4250 quia
1516 4183 1719 4239 inimici
1748 4176 1853 4240 mei
1880 4186 2016 4240 nihil

423 4265 567 4321 aliud
594 4266 813 4322 student
838 4268 939 4323 nisi
970 4277 1029 4323 ut
1053 4277 1105 4325 te
1131 4269 1358 4337 oll'enso,
1385 4273 1458 4326 illi
1481 4289 1644 4344 super
1670 4291 1757 4330 me
1785 4277 2017 4331 habeant

394 4363 771 4425 opotestatem,
803 4357 906 4413 hoc
936 4372 1086 4426 rogo,
1121 4367 1182 4415 ut
1201 4360 1400 4430 dirigas
1425 4378 1513 4418 me
1541 4365 1595 4418 in
1619 4364 1706 4419 via
1726 4373 1872 4420 recta
1901 4381 2021 4436 pro-

425 4456 543 4518 pter
568 4446 816 4504 inimicos
842 4463 1012 4515 meos,
1042 4458 1101 4505 ut
1119 4466 1228 4507 non
1249 4453 1429 4508 tradas
1460 4470 1548 4509 me
1576 4456 1629 4509 in
1652 4457 1860 4511 animas
1889 4473 2014 4527 per-

423 4540 759 4609 sequentium
786 4556 890 4607 me,
923 4542 1050 4611 quia
1079 4542 1485 4600 insurrexerunt
1512 4547 1564 4600 in
1602 4562 1689 4602 me
1723 4556 1887 4604 testes
1915 4550 2017 4604 ini-

425 4630 535 4700 qui.
562 4629 861 4688 Ostendam
904 4633 1088 4688 mundi
1136 4636 1606 4705 pulchritudinem,
1639 4655 1758 4709 qua:
1795 4656 1915 4696 cum
1947 4642 2018 4696 sit

425 4724 669 4779 mortalis
690 4725 743 4779 in
764 4734 943 4794 gustu,
985 4728 1232 4796 speciosa
1252 4737 1336 4784 est
1363 4729 1418 4784 in
1445 4739 1687 4800 aspectu,
1718 4740 1775 4787 et
1794 4734 2016 4788 mentita

426 4810 559 4867 facie
587 4814 785 4885 decipit
832 4817 1214 4887 inspectorem.
1262 4820 1376 4890 Ego
1404 4829 1583 4876 autem
1625 4823 1716 4891 qui
1745 4824 1860 4879 haec
1883 4840 2017 4879 con-

425 4912 628 4968 temno,
653 4906 816 4962 credo
843 4910 985 4977 quod
1009 4910 1218 4966 videam
1241 4911 1381 4966 bona
1406 4913 1617 4968 Domini
1642 4915 1696 4968 in
1723 4922 1884 4977 terra,
1913 4932 2019 4978 non

426 4998 752 5065 mortalium,
772 5001 865 5055 sed
894 5004 1210 5060 viventium.
1248 5005 1329 5060 Ad
1351 5007 1464 5062 h:ec
1492 5007 1771 5077 respondit
1797 5009 1850 5062 in
1876 5009 2017 5061 anti-

428 5089 609 5158 phona
647 5088 878 5160 Spiritus
910 5110 923 5145 :
963 5092 1019 5147 Si
1052 5109 1180 5163 ergo
1209 5096 1384 5151 credis
1411 5097 1594 5152 videre
1637 5099 1777 5153 bona
1806 5098 2018 5153 Domini

430 5182 482 5235 in
513 5189 655 5236 terra
683 5183 1000 5251 viventium,
1025 5195 1276 5256 exspecta
1307 5189 1621 5256 Dominum;
1646 5204 1745 5259 age
1772 5190 2014 5256 viriliter,

425 5272 761 5329 confortetur
784 5291 880 5329 cor
902 5283 1070 5341 tuum,
1096 5287 1151 5333 et
1171 5281 1372 5336 sustine
1392 5282 1692 5350 Dominum,
1718 5286 1810 5353 qui
1830 5296 2018 5353 regnat

427 5364 481 5419 in
509 5365 702 5420 secula
732 5367 1069 5422 seculorum.
1096 5368 1283 5425 Amen.

942 5498 1254 5558 PSALMUS
1290 5504 1523 5571 XXVII.‘

924 5611 1168 5671 Psalmus
1196 5616 1297 5686 ipsi
1330 5615 1404 5669 Da
1413 5617 1517 5671 vid.

500 5719 581 5773 Ad
605 5728 675 5785 te,
704 5721 941 5787 Domine,
964 5726 1201 5781 clamabo
1220 5744 1238 5791 ;
1256 5727 1393 5782 Deus
1416 5747 1553 5783 mens
1587 5748 1648 5783 ne
1669 5732 1823 5786 sileas
1855 5750 1885 5784 a
1914 5751 2016 5800 me,

2116 1904 2227 1947 ctor
2254 1893 2597 1947 salvationum
2624 1891 2816 1948 Christi
2852 1896 2935 1949 sui
2973 1907 3068 1951 est.
3101 1897 3317 1954 Sall-um
3345 1905 3429 1974 {ac
3459 1906 3718 1974 lapidum

2114 1992 2283 2048 tuum,
2309 1982 2551 2049 Domine,
2583 1993 2632 2038 et
2654 1984 2868 2039 benedic
2894 1987 3191 2044 htereditati
3230 2000 3351 2057 tute,
3376 2003 3424 2047 ct
3456 2013 3589 2067 rege
3608 2016 3717 2058 eos,

2113 2085 2162 2129 et
2180 2075 2370 2130 extolle
2394 2075 2516 2131 illos
2545 2093 2707 2143 usque
2736 2077 2790 2130 in
2821 2086 3093 2133 internum.

2685 2204 3124 2248 COIHENTAIUUII.

2184 2299 2242 2355 ln
2273 2300 2369 2355 Dei
2398 2300 2536 2367 Filio
2565 2301 2861 2372 perfectum
2888 2303 3078 2370 Deum,
3102 2305 3396 2375 perfectum
3425 2309 3721 2367 hominem

2114 2391 2456 2458 confitemur,
2478 2407 2638 2462 quem
2665 2392 2940 2449 hominem
2969 2396 3282 2451 interiorem
3311 2414 3471 2453 suum
3498 2400 3718 2473 alloqui

2115 2483 2168 2537 in
2191 2483 2296 2538 isto
2316 2484 2525 2553 psalmo
2554 2483 2904 2551 advertimus,
2935 2485 2989 2540 in
3011 2501 3120 2555 quo
3148 2487 3359 2554 clamat,
3377 2487 3559 2545 Simul
3594 2506 3723 2547 cum

2114 2572 2491 2643 peccatoribus
2546 2589 2617 2629 ne
2682 2575 2922 2633 tradatur
2977 2579 3064 2648 qui
3110 2587 3376 2648 peccatum
3426 2597 3539 2635 non
3599 2584 3725 2654 fecit

2118 2665 2159 2735 (ῐ
2190 2665 2306 2718 Pet.
2341 2664 2435 2735 ιι).
2470 2664 2537 2719 Et
2563 2666 2690 2735 quia
2717 2667 2872 2722 dolus
2902 2668 2954 2722 in
2985 2683 3081 2724 ore
3109 2669 3226 2738 ejus
3253 2685 3530 2740 nunquam
3583 2672 3721 2740 fuit,

2117 2755 2221 2810 hoc
2249 2763 2387 2822 orat,
2414 2763 2472 2809 ut
2512 2756 2639 2810 dum
2666 2756 2856 2813 similis
2881 2758 3040 2813 fuerit
3066 2759 3517 2817 descendentibus
3544 2763 3618 2819 in
3647 2765 3726 2818 la-

2115 2861 2256 2911 cum,
2280 2846 2386 2901 hoc
2414 2853 2496 2901 est
2514 2888 2527 2912 ,
2560 2862 2682 2900 cum
2704 2847 2892 2903 similis
2920 2846 3080 2904 fuerit
3106 2850 3347 2919 sepultis,
3372 2868 3479 2906 non
3506 2853 3727 2910 habeat

2115 2944 2325 3006 partem
2353 2953 2473 2992 cum
2502 2938 2584 2991 his
2630 2935 2721 3008 qui
2770 2937 3062 3007 loquuntur
3114 2957 3305 3011 pacem
3330 2943 3385 2997 in
3412 2959 3538 3009 ore,
3570 2954 3636 3001 et
3664 2947 3725 3001 in

2115 3031 2279 3085 corde
2307 3028 2572 3085 fabricant
2611 3027 2771 3096 mala,
2804 3033 2941 3087 sicut
2960 3031 3123 3090 Judas
3164 3033 3308 3090 fecit.
3353 3035 3428 3090 Da
3457 3036 3609 3107 illis,
3639 3040 3727 3095 in-

2116 3123 2251 3191 quit,
2284 3122 2578 3177 secundum
2608 3138 2770 3193 opera
2801 3138 3006 3190 eorum,
3037 3126 3127 3195 qui
3166 3142 3332 3196 opera
3352 3128 3573 3184 Domini
3612 3149 3725 3188 non

2118 3212 2528 3279 intellexerunt,
2560 3220 2616 3268 et
2665 3229 2827 3282 quem
2853 3214 3109 3270 videbant
3155 3227 3399 3274 mortuos
3442 3223 3744 3288 suscitare,

2116 3301 2403 3357 dicebant:
2435 3300 2540 3356 llic
2566 3303 2719 3356 homo
2755 3320 2859 3357 non
2878 3315 2957 3358 est
2983 3321 3015 3358 a
3047 3304 3155 3360 Deo
3184 3305 3364 3376 (Joan.
3396 3313 3500 3375 rx).
3531 3310 3724 3367 Δωθ-

2116 3408 2206 3450 sus
2233 3394 2445 3449 dicebat
2472 3396 2551 3449 eis
2581 3413 2592 3446 :
2622 3394 2684 3450 Si
2711 3392 2874 3450 verbis
2903 3413 3011 3451 non
3060 3399 3293 3465 creditis,
3340 3400 3418 3455 vel
3457 3404 3724 3471 operibus

2116 3486 2311 3540 credite
2332 3484 2515 3555 (Joan.
2543 3486 2620 3556 χ).
2638 3480 2716 3539 Illi
2738 3492 2919 3541 autem
2938 3503 3044 3541 non
3062 3488 3441 3545 intellexerunt
3459 3492 3515 3546 in
3538 3507 3725 3564 opera

2117 3575 2350 3639 Domini,
2377 3584 2432 3631 et
2461 3577 2580 3631 ideo
2603 3577 2966 3645 destruentur,
2993 3595 3093 3635 nec
3113 3581 3546 3650 mdilicabuntur,
3586 3588 3724 3656 quia

2116 3666 2373 3721 Dominus
2394 3668 2672 3742 suscitavit
2695 3666 2880 3723 Jesum
2901 3683 2932 3723 a
2952 3671 3197 3738 mortuis,
3227 3680 3280 3727 et
3310 3671 3555 3729 reﬂoruit
3575 3690 3725 3731 caro

2118 3755 2235 3825 ejus
2257 3798 2272 3824 ,
2313 3764 2370 3811 et
2397 3772 2462 3811 ex
2509 3758 2787 3814 voluntate
2816 3776 2913 3814 sua
2941 3760 3217 3818 confessus
3244 3770 3327 3818 est
3373 3763 3469 3818 illi.
3515 3762 3726 3824 Omnia

2117 3847 2260 3903 enim
2289 3863 2409 3917 qua:
2438 3863 2626 3917 passus
2673 3858 2775 3911 est,
2804 3866 2903 3920 pro
2932 3853 3210 3907 voluntate
3238 3868 3334 3908 sua
3362 3866 3555 3924 passus
3610 3866 3724 3920 est,

2116 3938 2255 3994 sicut
2296 3940 2411 4009 ipse
2463 3941 2539 3994 ait
2574 3957 2587 3993 :
2639 3940 2957 3997 Potestatem
3000 3943 3160 3999 habeo
3201 3929 3431 4016 poneitdi
3473 3947 3724 4002 animum

2116 4045 2315 4093 meam,
2337 4038 2391 4083 et
2418 4030 2604 4083 iterum
2632 4032 2935 4085 assumendi
2958 4048 3074 4087 eam
3119 4033 3137 4101 (
3156 4032 3318 4089 Joan.
3350 4032 3440 4104 ι).
3473 4033 3541 4089 Et
3588 4036 3724 4091 ideo

2118 4122 2193 4174 ait
2226 4138 2239 4173 :
2273 4119 2353 4175 Ex
2379 4120 2660 4176 voluntate
2688 4137 2807 4178 mea
2836 4122 3140 4181 conﬁtebor
3168 4124 3264 4179 illi.
3304 4124 3425 4196 Ipse
3451 4135 3537 4181 est
3562 4129 3723 4183 enim

2118 4209 2374 4266 fortitudo
2402 4210 2576 4281 plebis
2601 4227 2731 4278 suae,
2761 4212 2886 4281 quia
2925 4213 3071 4269 dicta
3097 4214 3254 4270 factis
3276 4216 3539 4286 implevit.
3562 4215 3725 4273 Dixit

2116 4314 2176 4354 se
2202 4315 2507 4370 passurum,
2538 4309 2594 4355 et
2636 4317 2830 4371 passus
2858 4311 2969 4367 est;
3002 4305 3351 4371 moriturum,
3383 4315 3437 4360 8|.
3462 4317 3724 4363 mortuus

2117 4398 2234 4455 est;
2266 4399 2650 4456 surrecturum,
2683 4396 2737 4446 et
2765 4406 2797 4445 a
2824 4394 3053 4448 mortuis
3080 4396 3393 4463 resurrexit,
3417 4371 3754 4453 excludehsg.

2118 4482 2890 4554 inﬁrmitatemtrepidationis,
2905 4485 3105 4542 etdans
3115 4486 3478 4543 fortitudinem
3497 4505 3726 4560 promp-
3750 4465 3781 4533 θ

2048 4544 2096 4604 D
2122 4574 2339 4631 tissime:
2369 4544 2679 4631 voluntatis.
2714 4574 2850 4641 Quia
2879 4582 3154 4645 protector
3181 4544 3723 4637 salutarium-Christi
3757 4603 3779 4673 ς

2119 4665 2203 4719 sui
2230 4672 2331 4730 est,
2357 4666 2483 4736 quia
2528 4665 2618 4721 ille
2644 4666 2762 4721 sine
2789 4667 2955 4723 dubio
2994 4669 3084 4739 qui
3113 4676 3199 4724 est
3225 4667 3365 4725 Deus
3394 4670 3449 4722 in
3478 4667 3725 4734 Christo,

2121 4756 2369 4811 mundum
2394 4756 2682 4811 concilians
2707 4758 2808 4812 sibi
2834 4757 2898 4827 (ll
2926 4757 3046 4814 Cor.
3079 4760 3133 4831 v)
3152 4798 3168 4824 ,
3196 4760 3412 4815 salvans
3450 4761 3723 4831 p0puluin

2122 4862 2300 4912 suum,
2329 4845 2659 4903 conferendo
2682 4847 2910 4903 salutem
2938 4849 3132 4904 anima:
3159 4860 3215 4905 et
3239 4849 3504 4920 corporis,
3537 4857 3595 4905 et
3612 4850 3725 4906 be-

2122 4939 2378 4994 nedicens
2423 4938 2791 4994 hereditatem
2839 4954 3024 5004 suam,
3073 4947 3264 5009 gentes
3312 4955 3344 4993 a
3371 4938 3727 5008 subjectione

2123 5031 2426 5085 daemonum
2474 5029 2749 5085 liberando
2773 5070 2788 5095 ,
2819 5037 2881 5085 ut
2907 5039 3062 5099 regat
3097 5046 3222 5096 eos,
3269 5037 3326 5086 et
3365 5029 3593 5085 extollat
3616 5046 3731 5086 eos

2124 5138 2295 5191 usque
2316 5122 2368 5175 in
2393 5123 2586 5177 saecula
2607 5121 2773 5175 Filius
2785 5120 2881 5175 Dei
2897 5137 3017 5176 cum
3039 5120 3197 5176 Patre
3210 5131 3267 5177 et
3285 5121 3487 5192 Spiritu
3501 5131 3726 5187 sancto,

2123 5225 2355 5279 regnans
2381 5226 2480 5281 per
2505 5211 2687 5267 omnia
2714 5210 3270 5266 smcula‘saaculorum.
3303 5210 3495 5266 Amen.

2630 5321 2947 5379 PSALMUS
2988 5322 3224 5378 XXVIII.

2234 5436 2474 5492 Psalmus
2496 5434 2664 5493 David
2684 5438 2737 5492 in
2763 5439 3226 5495 consummatione
3250 5436 3598 5494 tabernaculi.

2198 5551 2395 5620 Aﬂ'erte
2417 5551 2663 5618 Domino,
2691 5551 2792 5622 filii
2814 5550 2930 5618 Dei,
2956 5554 3140 5624 aﬁ'erte
3160 5552 3386 5609 Domino
3412 5553 3552 5622 ﬁlios
3574 5552 3731 5604 aric-

2128 5654 2253 5697 tum.
2288 5642 2483 5711 A/ferte
2511 5641 2738 5696 Domino
2766 5643 2988 5714 gloriam
3015 5655 3067 5700 et
3087 5646 3355 5709 honorem,
3389 5644 3570 5712 afferte
3595 5638 3734 5695 Do-

2128 5737 2269 5789 mina
2298 5735 2518 5805 gloriam
2548 5738 2746 5791 nomini
2777 5737 2886 5809 ejus
2906 5778 2920 5804 ,
2944 5740 3161 5794 adorate
3182 5738 3461 5793 Dominum
3490 5738 3542 5791 in
3569 5737 3730 5790 atrio
