3908 6176
166 329 245 383 Sol
1105 320 1573 376 C().‘.lMENTARll
1610 314 1678 374 Ῐῖνῖ

1816 319 2042 374 UMCS.
2087 320 2274 375 PSAL.
2316 315 2505 377 XXIX.

3301 319 3405 411 3.8?

163 449 326 495 sancto
355 439 482 509 ejus.
526 436 642 491 Vox
665 434 875 489 Domini
909 450 1066 498 super
1093 448 1275 504 aquas.
1309 432 1447 486 Dens
1476 433 1723 502 majesta-
1757 439 1794 491 Α
1827 433 1972 500 {orno
2003 432 2229 484 animam
2272 448 2467 491 meam,
2499 429 2710 483 salvasti
2741 445 2820 482 me
2849 444 2879 480 α
2907 426 3327 486 descendentibus
3350 438 3402 486 in

165 537 218 587 tis
236 532 470 594 intonuit,
492 528 741 581 Dominus
769 542 923 595 super
940 540 1100 594 aquas
1127 523 1335 575 multas.
1368 520 1486 576 Vox
1512 522 1723 575 Domini

161 625 207 677 in
233 624 428 683 virtute,
462 635 557 671 ron:
591 615 802 670 Domini
841 616 895 668 in
925 613 1337 683 magniﬁcentia.
1377 611 1490 665 Vox
1513 609 1725 682 Domini

159 710 513 783 conft'ingentis
560 707 771 771 cedros,
816 714 865 758 et
905 705 1197 773 confringet
1241 702 1496 755 Dominus
1544 700 1724 753 cedro:

164 803 345 856 Libani.
399 800 468 854 Et
494 799 802 852 comminuet
831 813 919 849 eos
950 803 1196 861 tanquam
1246 794 1460 847 vitulum
1490 790 1718 852 Libani,

160 906 197 949 et
223 895 422 947 dilectus
452 888 883 959 quemadmodum
908 889 1049 958 ﬁlius
1080 886 1424 939 nnicornium.
1465 884 1579 937 γοα]
1613 881 1724 937 Da-

161 986 269 1038 ηιὶῖεὶ
295 983 642 1037 intercidentis
671 983 939 1051 ﬂammam
969 981 1124 1051 ignis.
1158 996 1255 1032 ron
1292 977 1501 1030 Domini
1531 992 1719 1031 concu—

164 1076 311 1129 tientis
336 1073 613 1135 desertum,
636 1081 685 1125 et
706 1069 1038 1124 commercbit
1071 1070 1323 1123 Dominus
1351 1069 1606 1121 deserinm
1628 1064 1723 1120 Ca-

163 1168 252 1219 ἀρε.
281 1165 387 1218 V0.1:
410 1163 627 1218 Domini
652 1164 1002 1232 prteparanlis
1029 1179 1224 1226 certos,
1255 1170 1304 1214 et
1331 1161 1574 1213 rcretabit
1596 1176 1722 1212 con-

164 1261 319 1320 densa,
346 1266 394 1310 et
413 1257 467 1309 in
499 1255 687 1326 templo
716 1257 825 1325 ejus
856 1272 1031 1308 omnes
1062 1254 1231 1306 dicent
1268 1253 1513 1324 gloriam.
1541 1251 1721 1305 Domi—

163 1366 242 1403 nus
270 1350 509 1402 diluvium
535 1346 830 1400 inhabitare
858 1347 1000 1417 facit,
1033 1354 1081 1398 et
1109 1344 1303 1397 sedebit
1329 1343 1582 1396 Dominus
1610 1341 1720 1394 Rea:

163 1441 207 1494 in
240 1450 495 1494 internum.
528 1437 782 1492 Dominus
810 1439 1046 1490 virtutem
1075 1435 1264 1506 populo
1293 1452 1385 1488 suo
1415 1432 1578 1498 dabit,
1609 1431 1716 1485 Do-

161 1533 305 1584 minus
334 1528 587 1584 benedicet
616 1528 803 1599 populo
832 1543 923 1580 suo
952 1526 1007 1579 in
1033 1541 1181 1595 pace.

708 1675 1142 1718 COBHENTABIUM.

1825 521 2012 574 lacum.
2049 520 2264 575 I’saltite
2294 521 2515 574 Domino
2543 520 2712 573 sancti
2731 521 2858 589 ejus,
2889 528 2938 574 et
2965 521 3280 589 conﬁtemini
3307 539 3403 576 me-

1824 612 2003 663 moriae
2031 612 2320 663 sanctitatis
2355 612 2486 681 ejus.
2535 610 2791 672 Quoniam
2838 611 2919 662 ira
2960 610 3012 662 in
3044 610 3402 681 indignatione

1823 701 1952 769 ejus,
1978 711 2028 752 et
2048 703 2148 753 rita
2177 702 2228 752 in
2256 702 2514 753 voluntate
2551 701 2680 769 ejus.
2718 699 2799 751 Ad
2822 716 3080 769 vesperum
3112 700 3401 756 demorabi-

1826 802 1907 845 tur
1927 794 2106 861 ﬂetus,
2136 801 2185 845 ct
2231 792 2300 844 ad
2328 794 2640 844 matutinum
2688 792 2889 843 laetitia.
2942 790 3053 862 Ego
3094 804 3263 845 autem
3291 794 3402 847 didi

1822 884 1876 935 in
1898 882 2220 935 abundantia
2243 899 2376 944 mea,
2404 880 2524 933 Non
2548 881 2782 933 merebor
2802 882 2855 933 in
2878 892 3142 934 ccternum.
3164 881 3401 947 Domino,

1822 974 1875 1025 in
1906 976 2163 1026 voluntate
2192 981 2278 1025 tua
2305 974 2593 1040 prtestitisti
2622 974 2794 1025 decori
2815 988 2926 1025 meo
2954 973 3209 1025 virtutem.
3244 975 3401 1027 Aver-

1825 1067 1931 1118 tiss‘i
1960 1067 2142 1135 faciem
2165 1074 2303 1118 tuam
2328 1082 2358 1116 α
2386 1082 2484 1129 me,
2512 1074 2560 1117 et
2590 1067 2757 1135 factus
2796 1081 2907 1116 sum
2936 1065 3289 1118 conturbatus.
3323 1066 3402 1118 Ad

1826 1167 1888 1218 te,
1927 1157 2161 1214 Domine.
2203 1156 2463 1217 clamabo,
2488 1164 2536 1208 et
2560 1157 2626 1208 ad
2656 1155 2820 1208 Deum
2850 1170 3014 1208 meum
3045 1155 3355 1223 deprecabor
3385 1173 3402 1208 :

1826 1245 1953 1309 ρίαν
1973 1246 2171 1299 utilitas
2198 1248 2249 1299 in
2280 1246 2532 1317 sanguine
2560 1262 2688 1309 meo,
2726 1246 2847 1297 dum
2871 1246 3121 1298 descendo
3143 1247 3199 1298 in
3228 1263 3402 1301 corrn«

1820 1338 2084 1405 prioncm?
2114 1335 2366 1405 Nunquid
2390 1335 2716 1404 conﬁtebitur
2745 1336 2832 1388 tibi
2860 1336 3041 1402 pulvis,
3075 1344 3164 1388 aut
3192 1353 3400 1391 annun—

1791 1418 1968 1481 'tiabit
2010 1430 2272 1481 veritatem
2320 1428 2496 1482 tuam?
2536 1428 2742 1480 Audirit
2784 1426 3056 1489 Dominus,
3089 1437 3135 1480 et
3165 1431 3399 1483 misertus

1820 1528 1896 1572 est
1925 1521 2042 1581 mei,
2078 1518 2331 1572 Daminus
2359 1520 2528 1588 [actus
2567 1527 2644 1571 est
2673 1518 2883 1589 adjutor
2908 1535 3067 1573 meus.
3096 1518 3399 1574 Conrertisti

1819 1610 2080 1679 planctum
2128 1626 2294 1662 meum
2335 1611 2389 1661 in
2428 1609 2674 1680 gaudium
2703 1611 2852 1666 mibi.
2882 1610 3151 1664 concidisti
3196 1628 3399 1664 soccum

1820 1716 2005 1764 meum,
2032 1709 2079 1751 et
2100 1698 2485 1752 circumdedisti
2513 1717 2592 1753 me
2620 1682 2822 1753 lmtitia.
2856 1699 2922 1756 Ut
2947 1709 3118 1753 cantet
3146 1700 3239 1753 tibi
3285 1703 3397 1771 glo-

220 1803 415 1859 Titulus
466 1796 984 1856 consummationem
1050 1790 1377 1847 tabernaculi
1434 1795 1715 1843 memorat.
1751 1793 1796 1850 B
1824 1794 1902 1845 ria
1949 1786 2082 1856 ηιῖα,
2116 1800 2165 1844 et
2193 1808 2296 1844 non
2337 1807 2679 1862 compungar;
2703 1790 2924 1844 Domine
2973 1790 3112 1845 Deus
3160 1808 3319 1856 meus,
3348 1793 3398 1845 in

160 1894 537 1951 Consummatio
566 1889 917 1953 tabernaculi,
953 1884 1070 1940 ﬁnis
1094 1884 1272 1938 mundi
1305 1891 1404 1947 est,
1431 1883 1483 1935 in
1514 1896 1620 1949 quo
1642 1878 1718 1933 of-

157 1985 314 2039 ferunt
340 1982 446 2036 Deo
475 1980 568 2033 ﬁlii
613 1979 709 2033 Dei
741 1978 877 2032 ﬁlios
900 1976 1145 2029 arietum.
1181 1973 1298 2027 Filii
1328 1972 1554 2025 arietum
1596 1969 1717 2035 agni

152 2084 280 2130 sunt.
302 2076 386 2143 qui
414 2080 690 2143 ponuntur
718 2071 783 2124 ad
805 2070 1102 2131 dexteram,
1128 2073 1204 2129 ut,
1228 2064 1453 2133 gloriam
1476 2069 1528 2115 et
1544 2061 1716 2114 hono-

153 2181 253 2219 rem
280 2163 474 2218 nomini
506 2162 622 2231 ejus
652 2160 938 2216 offerentes
961 2159 1011 2212 in
1043 2157 1294 2226 operibus
1321 2155 1423 2225 piis
1448 2168 1566 2221 quae
1594 2166 1715 2219 ges-

152 2262 340 2318 serunt,
373 2253 600 2307 adorent
625 2250 942 2312 Dominum,
970 2248 1080 2317 jam
1109 2262 1215 2301 non
1247 2247 1296 2299 in
1328 2243 1563 2298 mdiﬂciis
1603 2258 1716 2295 ma-

153 2345 381 2411 nufactis,
409 2344 507 2399 sed
554 2345 608 2399 in
664 2343 781 2395 aula
811 2349 994 2396 sancta
1024 2339 1161 2408 ejus,
1194 2337 1243 2391 id
1275 2345 1387 2400 est,
1420 2338 1473 2389 in
1500 2334 1716 2388 Christo

146 2435 280 2499 lesu,
299 2439 458 2508 inquo
480 2432 957 2505 Itabitatplenitudo
989 2429 1289 2484 Divinitatis
1314 2426 1533 2499 (Coloss.
1565 2442 1619 2489 tl,
1634 2424 1711 2494 9).

152 2527 253 2581 Vox
284 2525 492 2581 Domini
544 2540 706 2594 super
746 2537 930 2590 aquas.
962 2518 1185 2586 Quando
1232 2517 1387 2572 Jesus
1416 2517 1716 2586 baptizatus

149 2624 240 2681 est,
271 2614 426 2670 Pater
470 2615 621 2670 caelis
668 2613 894 2683 apertis,
928 2620 981 2665 et
1008 2610 1211 2681 Spiritu
1240 2614 1426 2664 sancto
1456 2608 1507 2661 in
1539 2606 1715 2677 specie

151 2706 395 2761 cohunbie
423 2704 689 2769 veniente,
722 2717 828 2756 vox
853 2701 1065 2755 Domini
1096 2716 1257 2770 super
1285 2713 1451 2768 aquas
1478 2696 1615 2752 facta
1633 2704 1716 2751 est

145 2795 342 2851 dicens:
364 2794 437 2847 Tu
464 2811 519 2848 es
551 2791 719 2846 Filius
749 2808 891 2845 meus
922 2789 1133 2862 (Matth.
1160 2789 1259 2860 ιιι).
1290 2787 1433 2843 Deus
1462 2785 1714 2855 majesta-

146 2887 204 2942 tis
232 2888 475 2949 intonuit,
500 2887 604 2940 hoc
633 2898 732 2952 εει,
756 2883 897 2938 dedit
930 2898 1115 2937 vocem
1138 2897 1300 2952 super
1327 2896 1511 2951 aquas,
1539 2879 1589 2934 id
1610 2891 1708 2954 ρει,

145 2994 293 3047 super
330 2988 505 3033 sectas
547 2977 783 3045 gentium
804 3017 818 3039 ,
851 2983 909 3028 ut
964 2971 1216 3026 ﬂuianlur
1245 2974 1297 3027 in
1326 2973 1527 3026 virtute
1575 2977 1631 3023 et
1659 2970 1713 3022 in

144 3066 517 3137 magniﬁcentia
547 3067 745 3122 Christi
774 3066 921 3121 Jesu.
952 3064 1268 3133 Quicunque
1298 3071 1477 3118 autem
1499 3061 1711 3117 rebellis

1820 1893 2065 1938 a’ternum
2095 1883 2378 1952 conﬁtebor
2402 1884 2509 1937 tibi.

2391 1991 2823 2032 COMMENTARIUM.

1888 2066 1944 2120 ln
1993 2068 2250 2135 vigesimo
2280 2083 2424 2122 nono
2472 2068 2631 2122 titulo
2668 2068 2947 2123 dedicatur
2995 2069 3185 2122 domus
3211 2066 3392 2122 David.

1817 2155 1909 2210 Illa
1939 2158 2121 2225 utique
2150 2157 2337 2210 donnus
2366 2173 2431 2210 ea:
2456 2159 2650 2210 semine
2687 2154 2858 2210 David
2891 2158 3169 2211 secundum
3197 2174 3398 2212 carnem

1820 2248 1993 2319 (Rom.
2028 2250 2087 2319 ι),
2122 2264 2226 2302 non
2262 2247 2582 2309 manufacta,
2614 2248 2706 2302 sed
2736 2249 2910 2314 angeli
2934 2250 3098 2302 verbo
3126 2248 3397 2314 inlaudata,

1818 2349 1869 2393 et
1899 2356 1928 2393 a
1974 2338 2174 2409 Spiritu
2205 2348 2392 2393 sancto
2422 2347 2747 2393 constructa.
2788 2337 2908 2408 Ipsa
2954 2339 3146 2393 domus
3174 2347 3257 2394 est
3283 2354 3398 2408 quo:

1816 2430 1943 2485 dicit
1972 2430 2082 2484 Deo
2114 2449 2126 2482 :
2160 2429 2419 2485 Exaltabo
2449 2439 2519 2495 te,
2547 2429 2794 2495 Domine,
2834 2430 3088 2498 quoniam
3117 2431 3397 2500 suscepisti

1817 2537 1930 2586 me;
1962 2522 2196 2591 suscepit
2225 2523 2366 2575 enim
2398 2521 2620 2576 formam
2649 2522 2810 2587 servi,
2842 2533 2899 2575 ut
2927 2538 3035 2575 non
3064 2521 3396 2577 delectaren-

1818 2622 1903 2666 tur
1930 2614 2130 2667 in'nnici
2159 2629 2321 2683 super
2366 2614 2640 2667 hominum
2670 2623 2859 2682 genus.
2899 2612 3114 2668 Christo
3142 2615 3284 2669 enim
3310 2613 3396 2669 ιθ.

1814 2719 1879 2759 su
1899 2704 2173 2759 Nazarcno
2202 2712 2444 2759 extracto
2469 2705 2537 2758 ab
2566 2702 2767 2769 inferis,
2799 2715 2855 2759 et
2882 2704 3090 2759 salvato
3117 2720 3149 2759 a
3176 2705 3398 2760 descen-

1815 2794 2062 2848 dentibus
2092 2795 2142 2848 in
2174 2795 2344 2849 lacum
2364 2833 2380 2858 ,
2405 2794 2638 2863 psallunt
2681 2794 2731 2848 ei
2782 2808 2969 2849 omnes
3007 2794 3232 2865 apostoli
3260 2793 3396 2863 ejus.

1816 2893 1870 2939 et
1907 2886 2229 2962 conﬁtentpr
2274 2886 2545 2940 memoria:
2595 2887 2898 2941 sanctitatis
2924 2888 3039 2957 ejus
3071 2906 3084 2940 :
3140 2888 3396 2956 quoniam

1816 2976 1893 3029 ira
1925 2975 2023 3029 fuit
2052 2977 2102 3029 in
2135 2977 2499 3044 indignatione
2526 2975 2660 3045 ejus,
2691 2977 2908 3046 quando
2960 2977 3272 3033 maledictus
3316 2987 3396 3034 est

1814 3069 2040 3124 mundus
2063 3069 2114 3121 in
2138 3078 2310 3123 morte
2341 3068 2485 3133 Adae,
2519 3078 2573 3123 et
2599 3084 2742 3125 nunc
2763 3070 2870 3124 vita
2902 3070 2954 3123 in
2989 3070 3262 3125 voluntate
3282 3071 3413 3140 ejus,

145 3159 415 3222 exstiterit,
437 3167 492 3212 et
523 3157 697 3211 elatus
724 3157 863 3210 sicut
892 3156 1082 3210 cedrus
1115 3153 1320 3218 Libani,
1347 3152 1710 3219 conlringctur
1738 3146 1781 3209 C
1813 3157 2043 3214 Domino
2076 3168 2407 3227 resurgente.
2435 3158 2515 3213 Ad
2544 3174 2822 3228 vesperam
2845 3160 3062 3227 quidem
3089 3161 3397 3215 demoratur

144 3256 190 3300 et
238 3248 631 3303 comminuetur
659 3246 793 3300 sicut
818 3246 1009 3299 cedrus
1041 3243 1248 3297 Libani.
1302 3242 1358 3297 In
1389 3241 1594 3296 Libano
1622 3256 1711 3295 sa-

145 3338 431 3394 criﬁcantes
452 3353 624 3408 usque
652 3337 812 3391 hodie
845 3335 1164 3405 turpissima:
1203 3334 1397 3388 Veneri
1428 3332 1712 3386 vitulorum

144 3430 295 3483 virilia
349 3435 659 3499 amputant,
694 3435 747 3481 et
776 3426 826 3480 in
857 3423 973 3495 ejus
1001 3422 1268 3479 sacriﬁcio
1295 3421 1596 3490 hujusmodi
1626 3421 1711 3473 in-

143 3534 283 3573 censa
312 3525 644 3589 supponunt,
674 3517 975 3571 mercelem
1006 3529 1167 3583 quam
1223 3512 1464 3582 oportuit
1512 3509 1712 3565 erroris

141 3613 208 3666 sui
231 3613 343 3668 dea:
361 3629 470 3668 suae
488 3612 746 3667 exhibent
772 3609 1065 3663 meretrici.
1091 3607 1166 3660 Ita
1193 3620 1319 3675 ergo
1337 3604 1711 3659 comminuun-

139 3713 491 3774 turtanquam
523 3703 723 3756 vitulus
774 3699 990 3764 Libani,
1024 3698 1113 3768 qui
1160 3698 1460 3753 castitatem
1513 3691 1711 3748 Christi

138 3795 564 3865 contempserint,
590 3801 647 3848 et
672 3800 729 3847 ut
758 3791 983 3846 dilectus
1020 3790 1158 3843 ﬁlius
1177 3788 1510 3843 unieornium
1530 3791 1706 3839 erunt.

138 3882 322 3948 Quibus
350 3899 455 3938 vox
487 3883 751 3953 placuerit
780 3880 1145 3935 intercidentis
1170 3877 1437 3931 ﬂammam
1466 3876 1623 3944 ignis,
1657 3873 1710 3927 id

137 3982 225 4037 est,
249 3975 443 4043 quibus
474 3989 578 4028 vox
616 3973 793 4042 placet
820 3970 1153 4039 baptismatis
1181 3968 1405 4037 gratiam
1429 3965 1710 4021 conferen-

136 4063 212 4126 tis,
241 4079 362 4132 qua:
393 4066 444 4117 in
475 4064 831 4118 concussione
856 4060 1161 4115 solitudinis
1185 4058 1366 4127 cmpit.
1398 4056 1457 4110 In
1491 4054 1707 4110 deserto

136 4155 263 4207 enim
289 4152 541 4208 Iordanis
564 4153 761 4207 ﬂuenta
783 4150 876 4204 Dei
892 4150 1056 4205 Filius
1076 4149 1365 4213 benedixit,
1400 4156 1455 4202 et
1475 4161 1710 4203 commo-

137 4244 200 4295 vit
225 4244 497 4299 desertum
526 4243 709 4313 oppidi
731 4241 1029 4296 brevissimi
1052 4241 1103 4294 in
1129 4241 1360 4295 conﬁnio
1389 4239 1557 4293 eremi
1584 4252 1709 4292 con-

136 4334 319 4397 stituti,
352 4333 498 4402 quod
528 4332 828 4401 appellatur
866 4331 1057 4386 Gades.
1085 4331 1161 4384 lbi
1194 4346 1295 4383 vox
1323 4328 1534 4383 Domini
1562 4342 1704 4398 prm-

135 4425 326 4489 paravit
372 4439 563 4478 cervos
601 4423 691 4493 qui
742 4421 1054 4476 festinarent
1106 4419 1171 4473 ad
1220 4419 1392 4473 fontes
1421 4432 1700 4489 aquarum,

138 4512 212 4566 ubi
238 4514 501 4567 revelavit
528 4529 593 4568 ea
620 4528 740 4582 qua:
769 4520 919 4566 erant
941 4511 1227 4575 condensa,
1262 4511 1313 4564 id
1342 4517 1442 4572 est,
1476 4509 1705 4572 occulta,
1739 4502 1786 4561 D

136 4612 181 4657 ut
206 4605 282 4659 his
310 4605 589 4668 revelatis,
623 4605 674 4658 in
699 4592 899 4672 templo
927 4602 1042 4667 Dei,
1074 4603 1266 4670 quibus
1294 4602 1529 4655 revelata
1558 4607 1701 4664 sunt,

136 4680 305 4750 omnes
333 4695 518 4749 dicant
565 4693 789 4761 gloriam
819 4701 872 4746 et
900 4692 1257 4746 conﬁteantur
1295 4692 1420 4759 quia
1448 4691 1704 4743 Dominus

136 4781 180 4834 in
208 4786 406 4838 diluvio
459 4783 686 4847 habitat,
719 4782 770 4835 in
801 4797 935 4850 aqua
967 4798 1083 4852 qua:
1110 4781 1262 4835 diluit
1291 4782 1538 4845 crimina.
1567 4788 1623 4853 et
1650 4779 1704 4834 in

136 4872 307 4927 eodem
334 4873 540 4927 diluvio
569 4872 775 4927 sedebit
806 4872 915 4949 Re}
958 4874 1010 4927 in
1040 4880 1321 4934 attentum,
1354 4871 1422 4925 ibi
1454 4872 1705 4925 virtutem

135 4964 319 5032 populo
350 4982 453 5019 suo
476 4964 643 5027 dabit,
676 4980 794 5029 suo,
825 4965 1062 5034 inquam,
1095 4963 1331 5017 credenti
1360 4963 1492 5026 sibi;
1528 4962 1598 5016 ibi
1612 4961 1707 5015 be-

136 5054 329 5110 nedicet
377 5056 595 5125 plebem
625 5069 777 5117 suam
805 5056 858 5109 in
888 5070 1051 5127 pace,
1083 5054 1174 5123 qui
1221 5064 1406 5122 regnat
1435 5054 1487 5106 in
1514 5051 1706 5107 mula

134 5145 460 5200 seculorum.
493 5144 684 5200 Amen.

653 5278 967 5337 PSALMUS
992 5277 1181 5334 XXIX.

238 5391 486 5449 Psalmus
516 5393 712 5448 cantici
740 5394 793 5447 in
824 5393 1159 5449 dedicatione
1184 5390 1376 5445 domus
1403 5388 1591 5442 David.

194 5518 455 5579 Emttabo
482 5532 547 5589 te,
575 5523 811 5589 Domine,
834 5528 1076 5595 quoniam
1102 5524 1371 5594 suscepisti
1392 5540 1491 5587 me,
1510 5537 1601 5576 nec
1616 5521 1707 5575 de.

139 5609 319 5668 lectasti
345 5617 590 5669 inimicos
619 5632 756 5669 meos
785 5633 935 5683 super
982 5633 1080 5670 me.
1115 5615 1334 5669 Domine
1370 5614 1503 5669 Dens
1534 5630 1704 5679 meus,

140 5701 335 5760 domari
374 5705 448 5759 ad
469 5713 543 5769 te,
570 5716 618 5758 et
644 5711 845 5762 sanasti
869 5723 966 5760 me.
1002 5708 1236 5774 Domine,
1260 5706 1486 5760 ednxisti
1515 5705 1578 5758 ab
1618 5708 1703 5759 in-

405 5804 680 5862 Ριτιιοι..
733 5800 862 5859 Llll
880 5844 893 5857 .

1814 3247 1991 3312 ﬂetus,
2016 3249 2068 3301 in
2099 3264 2350 3307 occasum
2377 3250 2613 3303 omnium
2635 3249 2965 3303 credeutium
2994 3264 3215 3305 necesse
3237 3257 3320 3305 est
3338 3257 3396 3305 ut

1813 3340 1883 3394 sit
1933 3337 2107 3404 ﬂetus,
2138 3355 2237 3408 pro
2264 3354 2333 3393 eo
2382 3339 2523 3408 quod
2571 3338 2933 3393 desolabimur
2960 3339 3027 3393 ab
3055 3340 3140 3394 bis
3166 3340 3258 3409 qui
3297 3355 3396 3395 nos

1813 3431 2140 3503 praecedunt,
2170 3429 2262 3485 sed
2292 3430 2607 3484 habebimus
2633 3444 2754 3483 cum
2785 3430 2868 3483 bis
2913 3429 2967 3484 in
3009 3432 3273 3486 matutino
3301 3430 3396 3485 las-

1810 3525 2003 3577 titiam.
2059 3523 2117 3577 In
2175 3522 2344 3591 prima
2386 3519 2640 3582 anastasi,
2671 3534 2798 3573 mox
2842 3526 2902 3574 ut
2954 3520 3188 3575 tenebrat
3238 3520 3396 3589 hujus

1812 3613 1992 3667 mundi
2018 3611 2176 3666 ﬁnite
2213 3608 2442 3673 fuerint,
2474 3616 2528 3663 et
2566 3608 2887 3663 matutinum
2917 3617 3127 3679 tempus
3154 3625 3396 3666 resurre-

1811 3704 2003 3759 ctionis
2028 3689 2324 3765 advenerit,
2347 3701 2438 3756 hic
2455 3700 2621 3755 decus
2646 3698 2768 3754 ﬁdei
2791 3707 2990 3754 nostra:
3009 3699 3276 3765 consistit,
3298 3701 3395 3757 sed

1812 3794 1867 3848 in
1896 3795 2172 3847 voluntate
2210 3806 2307 3847 sua
2335 3790 2594 3845 Dominus
2617 3795 2835 3859 praestat
2862 3788 3045 3844 decori
3073 3799 3258 3845 nostro
3281 3791 3393 3845 vir-

1811 3891 2001 3937 tutem.
2036 3883 2166 3936 Nam
2213 3882 2259 3936 si
2306 3882 2560 3937 averterit
2606 3879 2793 3936 faciem
2841 3894 3022 3944 suam,
3054 3882 3395 3948 quantumvis

1810 3989 2051 4029 amemus
2078 3973 2359 4026 Dominum
2378 4011 2394 4036 ,
2424 3986 2532 4025 non
2559 3985 2682 4025 cum
2706 3969 2841 4040 plus
2877 3968 3039 4023 Petro
3068 3969 3395 4036 amabimus;

1809 4073 1865 4119 et
1888 4066 1933 4118 si
1978 4064 2027 4118 ei
2075 4062 2314 4117 dicamus
2341 4076 2461 4116 cum
2488 4059 2668 4121 Petro,
2721 4059 2782 4114 Si
2811 4061 3093 4128 oportuerit
3138 4076 3218 4113 me
3263 4060 3394 4114 mori

1811 4164 1992 4215 tecum,
2025 4169 2131 4206 non
2153 4160 2203 4204 te
2226 4148 2424 4221 negabo
2448 4149 2661 4219 (Matth.
2689 4147 2853 4216 XXVI),
2882 4149 3082 4216 poterit
3109 4149 3262 4203 nobis
3294 4165 3386 4202 ne-

1807 4247 1965 4314 gandi
1993 4261 2115 4300 eum
2145 4244 2362 4299 evenire
2390 4240 2631 4312 perﬁdia,
2669 4241 2714 4294 si
2766 4241 3024 4295 avertetit
3050 4255 3109 4295 se
3147 4258 3178 4294 a
3212 4242 3388 4295 nobis.

1809 4339 2067 4408 Denique,
2100 4336 2301 4405 inquit,
2330 4334 2597 4390 convertit
2632 4347 2691 4386 se
2716 4330 2903 4395 ἔρειπε,
2935 4340 2991 4386 et
3018 4333 3257 4402 respexit
3285 4332 3387 4388 Ρε-

1809 4438 1950 4483 trum
2002 4435 2303 4495 negantem,
2335 4424 2430 4479 sed
2457 4432 2513 4478 et
2538 4422 2848 4478 recordatus
2893 4430 2977 4477 est
3017 4422 3161 4493 quod
3207 4425 3258 4477 ei
3287 4425 3388 4481 hoc

1813 4519 1984 4589 ipsum
2014 4519 2350 4588 prmdixerat.
2377 4515 2445 4570 Et
2465 4530 2698 4587 egressus
2719 4515 2861 4586 {oras
2884 4514 3020 4583 [ierit
3041 4514 3384 4571 amarissime.

1812 4611 1944 4665 Cum
1973 4624 2103 4679 ergo
2142 4616 2409 4664 averteret
2438 4622 2499 4662 se
2524 4605 2780 4660 Dominus
2807 4606 2861 4659 in
2898 4614 3304 4673 praesumentem
3334 4616 3391 4662 ct.

1812 4704 2075 4757 dimntcm
2104 4724 2116 4755 ς
2149 4701 2263 4756 Neu
2306 4700 2564 4754 movebor
2588 4699 2638 4752 in
2667 4705 2924 4751 tcternum
2943 4738 2957 4760 ,
2981 4698 3195 4765 negavit
3224 4713 3344 4753 cum
3371 4715 3384 4765 ;

1812 4808 1932 4848 cum
1977 4782 2214 4859 respexit
2241 4797 2542 4857 negantem,
2576 4788 2740 4849 ﬂevit,
2764 4794 2819 4840 ct
2849 4788 3093 4842 laverunt
3144 4788 3392 4859 lacryma:

1811 4884 2123 4954 paenitentis
2154 4882 2296 4951 quod
2340 4898 2477 4935 noxa
2508 4881 2813 4937 incurrebat
2836 4882 3222 4950 prmsumentis.
3272 4880 3391 4937 Non

1811 4976 1955 5029 enim
2010 4972 2296 5029 conﬁtetur
2341 4972 2625 5027 Dominum
2655 4973 2854 5040 pulvis,
2881 4973 2925 5025 si
2975 4975 3390 5041 prmsumpscx-it,

1812 5080 1912 5120 nec
1939 5065 2222 5119 annuntiat
2240 5064 2521 5117 veritatem
2548 5061 2684 5131 ejus,
2715 5063 2760 5117 si
2789 5078 2847 5116 se
2871 5062 3172 5131 jactavcrit.
3206 5063 3259 5117 Si
3291 5078 3389 5118 au-

1811 5165 1919 5211 tem
1940 5167 2061 5228 post
2090 5164 2363 5226 peccatum
2390 5155 2716 5226 paenituerit,
2747 5164 2800 5209 et
2832 5154 3210 5224 pmnitudinem
3237 5171 3392 5210 suam

1814 5248 2061 5321 lacrymis
2081 5247 2280 5301 amoris
2299 5245 2613 5309 ostenderit,
2638 5245 2814 5301 dicere
2837 5248 3032 5316 poterit
3052 5263 3169 5300 cum
3193 5244 3354 5300 l‘ctro
3375 5263 3389 5297 ι

1814 5338 2030 5394 Audivit
2060 5337 2336 5402 Dominus,
2366 5344 2424 5391 et.
2452 5338 2709 5393 misertus
2729 5347 2812 5392 est
2840 5338 2993 5401 mihi;
3023 5336 3279 5395 Dominus
3308 5335 3389 5390 fa-

1813 5438 1933 5484 ctus
1945 5435 2030 5483 est
2058 5427 2270 5494 adjutor
2289 5441 2461 5492 meus,
2482 5427 2606 5495 quia
2622 5429 2887 5483 convertit
2906 5428 3177 5498 planctum
3197 5429 3312 5494 ejus
3333 5427 3389 5481 in

1813 5521 2086 5590 gaudium,
2116 5528 2177 5573 ut
2214 5518 2358 5587 quod
2397 5520 2553 5575 tertio
2580 5528 2890 5588 negaverat,
2923 5520 3082 5575 tertio
3106 5516 3389 5577 fateretur;

1812 5613 1861 5666 si
1908 5620 2082 5665 tamen
2124 5610 2289 5679 gloria
2320 5610 2587 5664 credentis
2617 5612 2668 5665 in
2712 5610 2824 5667 Deo
2852 5626 2960 5665 non
2991 5609 3043 5664 in
3085 5607 3390 5665 hominibus

1814 5705 2120 5769 extollatur,
2152 5711 2279 5757 tunc
2304 5718 2529 5759 securus
2568 5704 2732 5760 dicit:
2764 5702 2990 5759 Domino
3038 5701 3179 5757 Deus
3207 5716 3388 5770 meus,

2606 5826 2633 5844 κ
2860 5796 2934 5857 12
