  <div class='ocr_page' id='page_1' title='image "/cluster/home/n/w/nwhite01/storage/ocr_20150623/53/hvd.32044073505091/189.png"; bbox 0 0 3908 6176; ppageno 0'>
   <div class='ocr_carea' id='block_1_1' title="bbox 549 311 656 371">
    <p class='ocr_par' dir='ltr' id='par_1_1' title="bbox 549 311 656 371">
     <span class='ocr_line' id='line_1_1' title="bbox 549 311 656 371; baseline 0.009 -1"><span class='ocrx_word' id='word_1_1' title='bbox 549 311 656 371; x_wconf 69' lang='grc' dir='ltr'><strong><em>τινεε</em></strong></span> 
     </span>
    </p>
   </div>
   <div class='ocr_carea' id='block_1_2' title="bbox 1847 325 2451 407">
    <p class='ocr_par' dir='ltr' id='par_1_2' title="bbox 1847 325 2451 407">
     <span class='ocr_line' id='line_1_2' title="bbox 1847 325 2451 407; baseline 0.002 -27"><span class='ocrx_word' id='word_1_2' title='bbox 1847 325 2111 382; x_wconf 74' lang='lat' dir='ltr'><strong><em>ARNOBU</em></strong></span> <span class='ocrx_word' id='word_1_3' title='bbox 2151 325 2451 407; x_wconf 70' lang='lat' dir='ltr'><strong><em>JUNIORIS</em></strong></span> 
     </span>
    </p>
   </div>
   <div class='ocr_carea' id='block_1_3' title="bbox 3638 326 3720 381">
    <p class='ocr_par' dir='ltr' id='par_1_3' title="bbox 3638 326 3720 381">
     <span class='ocr_line' id='line_1_3' title="bbox 3638 326 3720 381; baseline 0 0"><span class='ocrx_word' id='word_1_4' title='bbox 3638 326 3720 381; x_wconf 64' lang='lat'><strong><em>368</em></strong></span> 
     </span>
    </p>
   </div>
   <div class='ocr_carea' id='block_1_4' title="bbox 547 428 3720 514">
    <p class='ocr_par' dir='ltr' id='par_1_4' title="bbox 547 428 3720 514">
     <span class='ocr_line' id='line_1_4' title="bbox 547 428 3720 514; baseline 0.006 -34"><span class='ocrx_word' id='word_1_5' title='bbox 547 428 605 480; x_wconf 74' lang='lat' dir='ltr'><strong><em>in</em></strong></span> <span class='ocrx_word' id='word_1_6' title='bbox 634 437 890 484; x_wconf 66' lang='lat' dir='ltr'><strong><em>internum</em></strong></span> <span class='ocrx_word' id='word_1_7' title='bbox 918 430 1211 488; x_wconf 82' lang='lat' dir='ltr'><strong><em>conﬁtebor</em></strong></span> <span class='ocrx_word' id='word_1_8' title='bbox 1241 433 1355 499; x_wconf 84' lang='lat' dir='ltr'><strong><em>tibi,</em></strong></span> <span class='ocrx_word' id='word_1_9' title='bbox 1386 436 1477 504; x_wconf 92' lang='lat' dir='ltr'><strong><em>qui</em></strong></span> <span class='ocrx_word' id='word_1_10' title='bbox 1506 448 1696 507; x_wconf 74' lang='lat' dir='ltr'><strong><em>regnas</em></strong></span> <span class='ocrx_word' id='word_1_11' title='bbox 1726 438 1779 493; x_wconf 90' lang='lat' dir='ltr'><strong><em>in</em></strong></span> <span class='ocrx_word' id='word_1_12' title='bbox 1803 441 1995 496; x_wconf 65' lang='lat' dir='ltr'><strong><em>secula</em></strong></span> <span class='ocrx_word' id='word_1_13' title='bbox 2022 456 2122 497; x_wconf 70' lang='grc' dir='ltr'><strong><em>εω-</em></strong></span> <span class='ocrx_word' id='word_1_14' title='bbox 2152 448 2198 504; x_wconf 83' lang='grc' dir='ltr'><strong>Α</strong></span> <span class='ocrx_word' id='word_1_15' title='bbox 2228 445 2424 499; x_wconf 87' lang='lat' dir='ltr'><strong><em>monia.</em></strong></span> <span class='ocrx_word' id='word_1_16' title='bbox 2460 443 2515 498; x_wconf 89' lang='lat' dir='ltr'><strong><em>Si</em></strong></span> <span class='ocrx_word' id='word_1_17' title='bbox 2556 452 2732 499; x_wconf 90' lang='lat' dir='ltr'><strong><em>tamen</em></strong></span> <span class='ocrx_word' id='word_1_18' title='bbox 2781 452 2996 514; x_wconf 78' lang='lat' dir='ltr'><strong><em>semper</em></strong></span> <span class='ocrx_word' id='word_1_19' title='bbox 3040 443 3180 499; x_wconf 88' lang='lat' dir='ltr'><strong><em>dicat</em></strong></span> <span class='ocrx_word' id='word_1_20' title='bbox 3206 441 3416 500; x_wconf 90' lang='lat' dir='ltr'><strong><em>Domino</em></strong></span> <span class='ocrx_word' id='word_1_21' title='bbox 3444 462 3455 496; x_wconf 88' lang='lat'><strong>:</strong></span> <span class='ocrx_word' id='word_1_22' title='bbox 3483 443 3533 498; x_wconf 90' lang='lat' dir='ltr'><strong><em>ln</em></strong></span> <span class='ocrx_word' id='word_1_23' title='bbox 3572 456 3720 500; x_wconf 79' lang='lat' dir='ltr'><strong><em>manus</em></strong></span> 
     </span>
    </p>
   </div>
   <div class='ocr_carea' id='block_1_5' title="bbox 541 521 1038 577">
    <p class='ocr_par' dir='ltr' id='par_1_5' title="bbox 541 521 1038 577">
     <span class='ocr_line' id='line_1_5' title="bbox 541 521 1038 577; baseline 0.008 -4"><span class='ocrx_word' id='word_1_24' title='bbox 541 521 814 575; x_wconf 56' lang='lat' dir='ltr'><strong><em>culorum.</em></strong></span> <span class='ocrx_word' id='word_1_25' title='bbox 849 522 1038 577; x_wconf 78' lang='lat' dir='ltr'><strong><em>Amen.</em></strong></span> 
     </span>
    </p>
   </div>
   <div class='ocr_carea' id='block_1_6' title="bbox 1044 637 1560 703">
    <p class='ocr_par' dir='ltr' id='par_1_6' title="bbox 1044 637 1560 703">
     <span class='ocr_line' id='line_1_6' title="bbox 1044 637 1560 703; baseline 0.004 -9"><span class='ocrx_word' id='word_1_26' title='bbox 1044 637 1357 703; x_wconf 79' lang='lat' dir='ltr'><strong><em>PSALMUS</em></strong></span> <span class='ocrx_word' id='word_1_27' title='bbox 1397 641 1560 698; x_wconf 73' lang='lat' dir='ltr'><strong>XXX.</strong></span> 
     </span>
    </p>
   </div>
   <div class='ocr_carea' id='block_1_7' title="bbox 798 744 1923 833">
    <p class='ocr_par' dir='ltr' id='par_1_7' title="bbox 798 744 1923 833">
     <span class='ocr_line' id='line_1_7' title="bbox 798 744 1923 833; baseline 0.009 -30"><span class='ocrx_word' id='word_1_28' title='bbox 798 748 855 803; x_wconf 82' lang='lat' dir='ltr'><strong><em>In</em></strong></span> <span class='ocrx_word' id='word_1_29' title='bbox 887 744 1044 804; x_wconf 86' lang='lat' dir='ltr'><strong><em>linem</em></strong></span> <span class='ocrx_word' id='word_1_30' title='bbox 1075 752 1309 822; x_wconf 79' lang='lat' dir='ltr'><strong><em>psalmus</em></strong></span> <span class='ocrx_word' id='word_1_31' title='bbox 1337 753 1505 809; x_wconf 87' lang='lat' dir='ltr'><strong><em>David</em></strong></span> <span class='ocrx_word' id='word_1_32' title='bbox 1534 772 1631 833; x_wconf 89' lang='lat' dir='ltr'><strong><em>pro</em></strong></span> <span class='ocrx_word' id='word_1_33' title='bbox 1660 759 1878 812; x_wconf 77' lang='lat' dir='ltr'><strong><em>exstasi.</em></strong></span> <span class='ocrx_word' id='word_1_34' title='bbox 1918 770 1923 775; x_wconf 91' lang='lat'>‘</span> 
     </span>
    </p>
   </div>
   <div class='ocr_carea' id='block_1_8' title="bbox 617 876 2127 964">
    <p class='ocr_par' dir='ltr' id='par_1_8' title="bbox 617 876 2127 964">
     <span class='ocr_line' id='line_1_8' title="bbox 617 876 2127 964; baseline 0.009 -26"><span class='ocrx_word' id='word_1_35' title='bbox 617 884 689 939; x_wconf 71' lang='lat' dir='ltr'><strong><em>In</em></strong></span> <span class='ocrx_word' id='word_1_36' title='bbox 719 895 784 952; x_wconf 89' lang='lat' dir='ltr'><strong><em>te,</em></strong></span> <span class='ocrx_word' id='word_1_37' title='bbox 813 885 1051 949; x_wconf 81' lang='lat' dir='ltr'><strong><em>Domine,</em></strong></span> <span class='ocrx_word' id='word_1_38' title='bbox 1081 892 1302 957; x_wconf 87' lang='lat' dir='ltr'><strong><em>speravi,</em></strong></span> <span class='ocrx_word' id='word_1_39' title='bbox 1333 876 1435 947; x_wconf 88' lang='lat' dir='ltr'><strong><em>non</em></strong></span> <span class='ocrx_word' id='word_1_40' title='bbox 1463 894 1757 964; x_wconf 77' lang='lat' dir='ltr'><strong><em>confundor</em></strong></span> <span class='ocrx_word' id='word_1_41' title='bbox 1776 896 1829 948; x_wconf 89' lang='lat' dir='ltr'><strong><em>in</em></strong></span> <span class='ocrx_word' id='word_1_42' title='bbox 1859 904 2127 951; x_wconf 72' lang='lat' dir='ltr'><strong><em>aeternum.</em></strong></span> 
     </span>
    </p>
   </div>
   <div class='ocr_carea' id='block_1_9' title="bbox 552 974 2126 1055">
    <p class='ocr_par' dir='ltr' id='par_1_9' title="bbox 552 974 2126 1055">
     <span class='ocr_line' id='line_1_9' title="bbox 552 974 2126 1055; baseline 0.006 -23"><span class='ocrx_word' id='word_1_43' title='bbox 552 974 617 1032; x_wconf 74' lang='lat' dir='ltr'><strong><em>In</em></strong></span> <span class='ocrx_word' id='word_1_44' title='bbox 642 978 847 1047; x_wconf 86' lang='lat' dir='ltr'><strong><em>justitia</em></strong></span> <span class='ocrx_word' id='word_1_45' title='bbox 893 988 981 1031; x_wconf 88' lang='lat' dir='ltr'><strong><em>tua</em></strong></span> <span class='ocrx_word' id='word_1_46' title='bbox 1004 978 1164 1033; x_wconf 86' lang='lat' dir='ltr'><strong><em>libera</em></strong></span> <span class='ocrx_word' id='word_1_47' title='bbox 1192 998 1288 1045; x_wconf 88' lang='lat' dir='ltr'><strong><em>me,</em></strong></span> <span class='ocrx_word' id='word_1_48' title='bbox 1321 982 1516 1037; x_wconf 88' lang='lat' dir='ltr'><strong><em>inclina</em></strong></span> <span class='ocrx_word' id='word_1_49' title='bbox 1562 984 1633 1038; x_wconf 84' lang='lat' dir='ltr'><strong><em>ad</em></strong></span> <span class='ocrx_word' id='word_1_50' title='bbox 1657 1002 1738 1038; x_wconf 91' lang='lat' dir='ltr'><strong><em>me</em></strong></span> <span class='ocrx_word' id='word_1_51' title='bbox 1764 1003 1940 1041; x_wconf 84' lang='lat' dir='ltr'><strong><em>aurern</em></strong></span> <span class='ocrx_word' id='word_1_52' title='bbox 1968 997 2126 1055; x_wconf 89' lang='lat' dir='ltr'><strong><em>tuam,</em></strong></span> 
     </span>
    </p>
   </div>
   <div class='ocr_carea' id='block_1_10' title="bbox 551 1070 2129 1146">
    <p class='ocr_par' dir='ltr' id='par_1_10' title="bbox 551 1070 2129 1146">
     <span class='ocr_line' id='line_1_10' title="bbox 551 1070 2129 1146; baseline 0.006 -24"><span class='ocrx_word' id='word_1_53' title='bbox 551 1070 783 1123; x_wconf 83' lang='lat' dir='ltr'><strong><em>accelera</em></strong></span> <span class='ocrx_word' id='word_1_54' title='bbox 812 1079 865 1123; x_wconf 87' lang='lat' dir='ltr'><strong><em>ut</em></strong></span> <span class='ocrx_word' id='word_1_55' title='bbox 892 1088 1044 1125; x_wconf 87' lang='lat' dir='ltr'><strong><em>eruas</em></strong></span> <span class='ocrx_word' id='word_1_56' title='bbox 1082 1090 1179 1126; x_wconf 85' lang='lat' dir='ltr'><strong><em>me.</em></strong></span> <span class='ocrx_word' id='word_1_57' title='bbox 1214 1072 1340 1126; x_wconf 71' lang='lat' dir='ltr'><strong><em>Esto</em></strong></span> <span class='ocrx_word' id='word_1_58' title='bbox 1386 1075 1513 1128; x_wconf 84' lang='lat' dir='ltr'><strong><em>mihi</em></strong></span> <span class='ocrx_word' id='word_1_59' title='bbox 1559 1076 1615 1129; x_wconf 91' lang='lat' dir='ltr'><strong><em>in</em></strong></span> <span class='ocrx_word' id='word_1_60' title='bbox 1662 1076 1830 1131; x_wconf 90' lang='lat' dir='ltr'><strong><em>Deum</em></strong></span> <span class='ocrx_word' id='word_1_61' title='bbox 1869 1087 2129 1146; x_wconf 89' lang='lat' dir='ltr'><strong><em>protecto-</em></strong></span> 
     </span>
    </p>
   </div>
   <div class='ocr_carea' id='block_1_11' title="bbox 552 1161 2129 1238">
    <p class='ocr_par' dir='ltr' id='par_1_11' title="bbox 552 1161 2129 1238">
     <span class='ocr_line' id='line_1_11' title="bbox 552 1161 2129 1238; baseline 0.006 -26"><span class='ocrx_word' id='word_1_62' title='bbox 552 1177 677 1219; x_wconf 81' lang='lat' dir='ltr'><strong><em>rem.</em></strong></span> <span class='ocrx_word' id='word_1_63' title='bbox 708 1172 757 1215; x_wconf 89' lang='lat' dir='ltr'><strong><em>et</em></strong></span> <span class='ocrx_word' id='word_1_64' title='bbox 784 1163 838 1215; x_wconf 88' lang='lat' dir='ltr'><strong><em>in</em></strong></span> <span class='ocrx_word' id='word_1_65' title='bbox 863 1161 1067 1217; x_wconf 88' lang='lat' dir='ltr'><strong><em>domum</em></strong></span> <span class='ocrx_word' id='word_1_66' title='bbox 1096 1166 1311 1235; x_wconf 77' lang='lat' dir='ltr'><strong><em>refugii,</em></strong></span> <span class='ocrx_word' id='word_1_67' title='bbox 1344 1175 1399 1217; x_wconf 91' lang='lat' dir='ltr'><strong><em>ut</em></strong></span> <span class='ocrx_word' id='word_1_68' title='bbox 1425 1166 1621 1219; x_wconf 74' lang='lat' dir='ltr'><strong><em>salvum</em></strong></span> <span class='ocrx_word' id='word_1_69' title='bbox 1648 1184 1728 1220; x_wconf 89' lang='lat' dir='ltr'><strong><em>me</em></strong></span> <span class='ocrx_word' id='word_1_70' title='bbox 1763 1169 1950 1238; x_wconf 77' lang='lat' dir='ltr'><strong><em>facias.</em></strong></span> <span class='ocrx_word' id='word_1_71' title='bbox 1987 1166 2129 1231; x_wconf 82' lang='lat' dir='ltr'><strong><em>Quo-</em></strong></span> 
     </span>
    </p>
   </div>
   <div class='ocr_carea' id='block_1_12' title="bbox 548 1252 2129 1327">
    <p class='ocr_par' dir='ltr' id='par_1_12' title="bbox 548 1252 2129 1327">
     <span class='ocr_line' id='line_1_12' title="bbox 548 1252 2129 1327; baseline 0.006 -24"><span class='ocrx_word' id='word_1_72' title='bbox 548 1253 693 1305; x_wconf 80' lang='lat' dir='ltr'><strong><em>niam</em></strong></span> <span class='ocrx_word' id='word_1_73' title='bbox 732 1252 983 1321; x_wconf 74' lang='lat' dir='ltr'><strong><em>fortitudo</em></strong></span> <span class='ocrx_word' id='word_1_74' title='bbox 1014 1271 1125 1307; x_wconf 87' lang='lat' dir='ltr'><strong><em>mea</em></strong></span> <span class='ocrx_word' id='word_1_75' title='bbox 1163 1264 1213 1308; x_wconf 87' lang='lat' dir='ltr'><strong><em>et</em></strong></span> <span class='ocrx_word' id='word_1_76' title='bbox 1252 1257 1510 1326; x_wconf 73' lang='lat' dir='ltr'><strong><em>refugium</em></strong></span> <span class='ocrx_word' id='word_1_77' title='bbox 1545 1273 1713 1310; x_wconf 86' lang='lat' dir='ltr'><strong><em>meum</em></strong></span> <span class='ocrx_word' id='word_1_78' title='bbox 1741 1275 1795 1311; x_wconf 89' lang='lat' dir='ltr'><strong><em>es</em></strong></span> <span class='ocrx_word' id='word_1_79' title='bbox 1826 1268 1897 1323; x_wconf 88' lang='lat' dir='ltr'><strong><em>tu,</em></strong></span> <span class='ocrx_word' id='word_1_80' title='bbox 1927 1268 1977 1312; x_wconf 91' lang='lat' dir='ltr'><strong><em>et</em></strong></span> <span class='ocrx_word' id='word_1_81' title='bbox 2004 1275 2129 1327; x_wconf 85' lang='lat' dir='ltr'><strong><em>pro-</em></strong></span> 
     </span>
    </p>
   </div>
   <div class='ocr_carea' id='block_1_13' title="bbox 551 1343 2130 1411">
    <p class='ocr_par' dir='ltr' id='par_1_13' title="bbox 551 1343 2130 1411">
     <span class='ocr_line' id='line_1_13' title="bbox 551 1343 2130 1411; baseline 0.004 -17"><span class='ocrx_word' id='word_1_82' title='bbox 551 1351 661 1411; x_wconf 85' lang='lat' dir='ltr'><strong><em>pter</em></strong></span> <span class='ocrx_word' id='word_1_83' title='bbox 688 1358 873 1396; x_wconf 80' lang='lat' dir='ltr'><strong><em>nomen</em></strong></span> <span class='ocrx_word' id='word_1_84' title='bbox 906 1352 1045 1397; x_wconf 86' lang='lat' dir='ltr'><strong><em>tuum</em></strong></span> <span class='ocrx_word' id='word_1_85' title='bbox 1075 1343 1288 1397; x_wconf 84' lang='lat' dir='ltr'><strong><em>deduces</em></strong></span> <span class='ocrx_word' id='word_1_86' title='bbox 1317 1362 1415 1411; x_wconf 88' lang='lat' dir='ltr'><strong><em>me,</em></strong></span> <span class='ocrx_word' id='word_1_87' title='bbox 1446 1354 1494 1399; x_wconf 89' lang='lat' dir='ltr'><strong><em>et</em></strong></span> <span class='ocrx_word' id='word_1_88' title='bbox 1522 1349 1750 1401; x_wconf 85' lang='lat' dir='ltr'><strong><em>enutries</em></strong></span> <span class='ocrx_word' id='word_1_89' title='bbox 1796 1365 1892 1401; x_wconf 89' lang='lat' dir='ltr'><strong><em>me.</em></strong></span> <span class='ocrx_word' id='word_1_90' title='bbox 1926 1346 2130 1401; x_wconf 77' lang='lat' dir='ltr'><strong><em>Educes</em></strong></span> 
     </span>
    </p>
   </div>
   <div class='ocr_carea' id='block_1_14' title="bbox 549 1434 2129 1509">
    <p class='ocr_par' dir='ltr' id='par_1_14' title="bbox 549 1434 2129 1509">
     <span class='ocr_line' id='line_1_14' title="bbox 549 1434 2129 1509; baseline 0.004 -23"><span class='ocrx_word' id='word_1_91' title='bbox 549 1450 628 1487; x_wconf 88' lang='lat' dir='ltr'><strong><em>me</em></strong></span> <span class='ocrx_word' id='word_1_92' title='bbox 675 1435 737 1487; x_wconf 89' lang='lat' dir='ltr'><strong><em>de</em></strong></span> <span class='ocrx_word' id='word_1_93' title='bbox 765 1437 944 1504; x_wconf 85' lang='lat' dir='ltr'><strong><em>laqueo</em></strong></span> <span class='ocrx_word' id='word_1_94' title='bbox 969 1451 1115 1505; x_wconf 83' lang='lat' dir='ltr'><strong><em>quem</em></strong></span> <span class='ocrx_word' id='word_1_95' title='bbox 1144 1434 1519 1490; x_wconf 81' lang='lat' dir='ltr'><strong><em>absconderant</em></strong></span> <span class='ocrx_word' id='word_1_96' title='bbox 1546 1438 1692 1500; x_wconf 80' lang='lat' dir='ltr'><strong><em>mihi,</em></strong></span> <span class='ocrx_word' id='word_1_97' title='bbox 1724 1440 1968 1509; x_wconf 86' lang='lat' dir='ltr'><strong><em>quoniam</em></strong></span> <span class='ocrx_word' id='word_1_98' title='bbox 1998 1448 2049 1491; x_wconf 87' lang='lat' dir='ltr'><strong><em>tu</em></strong></span> <span class='ocrx_word' id='word_1_99' title='bbox 2078 1455 2129 1492; x_wconf 88' lang='lat' dir='ltr'><strong><em>es</em></strong></span> 
     </span>
    </p>
   </div>
   <div class='ocr_carea' id='block_1_15' title="bbox 549 1526 2131 1600">
    <p class='ocr_par' dir='ltr' id='par_1_15' title="bbox 549 1526 2131 1600">
     <span class='ocr_line' id='line_1_15' title="bbox 549 1526 2131 1600; baseline 0.002 -20"><span class='ocrx_word' id='word_1_100' title='bbox 549 1536 807 1595; x_wconf 71' lang='lat' dir='ltr'><strong><em>protector</em></strong></span> <span class='ocrx_word' id='word_1_101' title='bbox 833 1543 993 1581; x_wconf 86' lang='lat' dir='ltr'><strong><em>meus.</em></strong></span> <span class='ocrx_word' id='word_1_102' title='bbox 1043 1526 1109 1580; x_wconf 91' lang='lat' dir='ltr'><strong><em>In</em></strong></span> <span class='ocrx_word' id='word_1_103' title='bbox 1150 1544 1337 1581; x_wconf 87' lang='lat' dir='ltr'><strong><em>manus</em></strong></span> <span class='ocrx_word' id='word_1_104' title='bbox 1383 1536 1497 1582; x_wconf 89' lang='lat' dir='ltr'><strong><em>tuas</em></strong></span> <span class='ocrx_word' id='word_1_105' title='bbox 1545 1529 1843 1583; x_wconf 85' lang='lat' dir='ltr'><strong><em>commendo</em></strong></span> <span class='ocrx_word' id='word_1_106' title='bbox 1894 1531 2131 1600; x_wconf 73' lang='lat' dir='ltr'><strong><em>spiritum</em></strong></span> 
     </span>
    </p>
   </div>
   <div class='ocr_carea' id='block_1_16' title="bbox 551 1610 2131 1683">
    <p class='ocr_par' dir='ltr' id='par_1_16' title="bbox 551 1610 2131 1683">
     <span class='ocr_line' id='line_1_16' title="bbox 551 1610 2131 1683; baseline 0.003 -13"><span class='ocrx_word' id='word_1_107' title='bbox 551 1610 1025 1683; x_wconf 81' lang='lat' dir='ltr'><strong><em>nteum;redemisti</em></strong></span> <span class='ocrx_word' id='word_1_108' title='bbox 1074 1634 1174 1681; x_wconf 88' lang='lat' dir='ltr'><strong><em>me,</em></strong></span> <span class='ocrx_word' id='word_1_109' title='bbox 1209 1618 1432 1674; x_wconf 77' lang='lat' dir='ltr'><strong><em>Domine</em></strong></span> <span class='ocrx_word' id='word_1_110' title='bbox 1485 1618 1625 1675; x_wconf 84' lang='lat' dir='ltr'><strong><em>Deus</em></strong></span> <span class='ocrx_word' id='word_1_111' title='bbox 1676 1623 1924 1674; x_wconf 78' lang='lat' dir='ltr'><strong><em>veritatis.</em></strong></span> <span class='ocrx_word' id='word_1_112' title='bbox 1958 1618 2131 1675; x_wconf 78' lang='lat' dir='ltr'><strong><em>Odisti</em></strong></span> 
     </span>
    </p>
   </div>
   <div class='ocr_carea' id='block_1_17' title="bbox 550 1708 2131 1783">
    <p class='ocr_par' dir='ltr' id='par_1_17' title="bbox 550 1708 2131 1783">
     <span class='ocr_line' id='line_1_17' title="bbox 550 1708 2131 1783; baseline 0.002 -20"><span class='ocrx_word' id='word_1_113' title='bbox 550 1708 877 1763; x_wconf 79' lang='lat' dir='ltr'><strong><em>observantes</em></strong></span> <span class='ocrx_word' id='word_1_114' title='bbox 925 1712 1177 1765; x_wconf 74' lang='lat' dir='ltr'><strong><em>vanitates</em></strong></span> <span class='ocrx_word' id='word_1_115' title='bbox 1221 1727 1546 1781; x_wconf 74' lang='lat' dir='ltr'><strong><em>supervacue.</em></strong></span> <span class='ocrx_word' id='word_1_116' title='bbox 1598 1711 1711 1783; x_wconf 84' lang='lat' dir='ltr'><strong><em>Ego</em></strong></span> <span class='ocrx_word' id='word_1_117' title='bbox 1740 1721 1910 1765; x_wconf 83' lang='lat' dir='ltr'><strong><em>autem</em></strong></span> <span class='ocrx_word' id='word_1_118' title='bbox 1924 1714 1991 1766; x_wconf 68' lang='lat' dir='ltr'><strong><em>in</em></strong></span> <span class='ocrx_word' id='word_1_119' title='bbox 2021 1711 2131 1766; x_wconf 88' lang='lat' dir='ltr'><strong><em>Do-</em></strong></span> 
     </span>
    </p>
   </div>
   <div class='ocr_carea' id='block_1_18' title="bbox 2235 533 3722 605">
    <p class='ocr_par' dir='ltr' id='par_1_18' title="bbox 2235 533 3722 605">
     <span class='ocr_line' id='line_1_18' title="bbox 2235 533 3722 605; baseline -0.001 -16"><span class='ocrx_word' id='word_1_120' title='bbox 2235 545 2373 600; x_wconf 89' lang='lat' dir='ltr'><strong><em>tuas,</em></strong></span> <span class='ocrx_word' id='word_1_121' title='bbox 2400 534 2642 597; x_wconf 87' lang='lat' dir='ltr'><strong><em>Domine,</em></strong></span> <span class='ocrx_word' id='word_1_122' title='bbox 2675 533 2993 589; x_wconf 89' lang='lat' dir='ltr'><strong><em>couunendo</em></strong></span> <span class='ocrx_word' id='word_1_123' title='bbox 3021 533 3259 605; x_wconf 81' lang='lat' dir='ltr'><strong><em>spiritum</em></strong></span> <span class='ocrx_word' id='word_1_124' title='bbox 3281 548 3461 598; x_wconf 84' lang='lat' dir='ltr'><strong><em>meum,</em></strong></span> <span class='ocrx_word' id='word_1_125' title='bbox 3483 533 3529 588; x_wconf 92' lang='lat' dir='ltr'><strong><em>id</em></strong></span> <span class='ocrx_word' id='word_1_126' title='bbox 3552 542 3635 596; x_wconf 84' lang='lat' dir='ltr'><strong><em>est.</em></strong></span> <span class='ocrx_word' id='word_1_127' title='bbox 3658 534 3722 589; x_wconf 85' lang='lat' dir='ltr'><strong><em>ia-</em></strong></span> 
     </span>
    </p>
   </div>
   <div class='ocr_carea' id='block_1_19' title="bbox 2234 625 3723 681">
    <p class='ocr_par' dir='ltr' id='par_1_19' title="bbox 2234 625 3723 681">
     <span class='ocr_line' id='line_1_19' title="bbox 2234 625 3723 681; baseline 0 0"><span class='ocrx_word' id='word_1_128' title='bbox 2234 627 2485 681; x_wconf 88' lang='lat' dir='ltr'><strong><em>teriorem</em></strong></span> <span class='ocrx_word' id='word_1_129' title='bbox 2512 625 2785 681; x_wconf 84' lang='lat' dir='ltr'><strong><em>hominem</em></strong></span> <span class='ocrx_word' id='word_1_130' title='bbox 2809 641 2984 679; x_wconf 91' lang='lat' dir='ltr'><strong><em>meum</em></strong></span> <span class='ocrx_word' id='word_1_131' title='bbox 3032 625 3085 679; x_wconf 91' lang='lat' dir='ltr'><strong><em>in</em></strong></span> <span class='ocrx_word' id='word_1_132' title='bbox 3109 634 3226 680; x_wconf 91' lang='lat' dir='ltr'><strong><em>tuas</em></strong></span> <span class='ocrx_word' id='word_1_133' title='bbox 3249 640 3424 681; x_wconf 91' lang='lat' dir='ltr'><strong><em>manus</em></strong></span> <span class='ocrx_word' id='word_1_134' title='bbox 3447 626 3723 681; x_wconf 87' lang='lat' dir='ltr'><strong><em>commendo.</em></strong></span> 
     </span>
    </p>
   </div>
   <div class='ocr_carea' id='block_1_20' title="bbox 2233 714 3727 783">
    <p class='ocr_par' dir='ltr' id='par_1_20' title="bbox 2233 714 3727 783">
     <span class='ocr_line' id='line_1_20' title="bbox 2233 714 3727 783; baseline -0.003 -11"><span class='ocrx_word' id='word_1_135' title='bbox 2233 718 2351 772; x_wconf 82' lang='lat' dir='ltr'><strong><em>Non</em></strong></span> <span class='ocrx_word' id='word_1_136' title='bbox 2399 733 2526 775; x_wconf 91' lang='lat' dir='ltr'><strong><em>eum</em></strong></span> <span class='ocrx_word' id='word_1_137' title='bbox 2567 715 2705 772; x_wconf 84' lang='lat' dir='ltr'><strong><em>facio</em></strong></span> <span class='ocrx_word' id='word_1_138' title='bbox 2754 716 3043 771; x_wconf 89' lang='lat' dir='ltr'><strong><em>observare</em></strong></span> <span class='ocrx_word' id='word_1_139' title='bbox 3081 714 3356 769; x_wconf 82' lang='lat' dir='ltr'><strong><em>vanitatem</em></strong></span> <span class='ocrx_word' id='word_1_140' title='bbox 3390 715 3548 769; x_wconf 79' lang='lat' dir='ltr'><strong><em>saeculi</em></strong></span> <span class='ocrx_word' id='word_1_141' title='bbox 3577 715 3727 783; x_wconf 81' lang='lat' dir='ltr'><strong><em>hujus,</em></strong></span> 
     </span>
    </p>
   </div>
   <div class='ocr_carea' id='block_1_21' title="bbox 2235 803 3723 867">
    <p class='ocr_par' dir='ltr' id='par_1_21' title="bbox 2235 803 3723 867">
     <span class='ocr_line' id='line_1_21' title="bbox 2235 803 3723 867; baseline -0.004 -5"><span class='ocrx_word' id='word_1_142' title='bbox 2235 823 2341 862; x_wconf 92' lang='lat' dir='ltr'><strong><em>non</em></strong></span> <span class='ocrx_word' id='word_1_143' title='bbox 2369 823 2491 862; x_wconf 91' lang='lat' dir='ltr'><strong><em>eum</em></strong></span> <span class='ocrx_word' id='word_1_144' title='bbox 2519 806 2656 862; x_wconf 83' lang='lat' dir='ltr'><strong><em>facio</em></strong></span> <span class='ocrx_word' id='word_1_145' title='bbox 2686 805 2855 860; x_wconf 84' lang='lat' dir='ltr'><strong><em>laetari</em></strong></span> <span class='ocrx_word' id='word_1_146' title='bbox 2884 806 2936 860; x_wconf 89' lang='lat' dir='ltr'><strong><em>in</em></strong></span> <span class='ocrx_word' id='word_1_147' title='bbox 2966 806 3127 860; x_wconf 86' lang='lat' dir='ltr'><strong><em>rebus</em></strong></span> <span class='ocrx_word' id='word_1_148' title='bbox 3152 803 3345 867; x_wconf 87' lang='lat' dir='ltr'><strong><em>mundi,</em></strong></span> <span class='ocrx_word' id='word_1_149' title='bbox 3371 804 3457 858; x_wconf 91' lang='lat' dir='ltr'><strong><em>sed</em></strong></span> <span class='ocrx_word' id='word_1_150' title='bbox 3484 804 3528 857; x_wconf 92' lang='lat' dir='ltr'><strong><em>in</em></strong></span> <span class='ocrx_word' id='word_1_151' title='bbox 3554 815 3627 857; x_wconf 87' lang='lat' dir='ltr'><strong><em>tua</em></strong></span> <span class='ocrx_word' id='word_1_152' title='bbox 3649 803 3723 857; x_wconf 81' lang='lat' dir='ltr'><strong><em>mi-</em></strong></span> 
     </span>
    </p>
   </div>
   <div class='ocr_carea' id='block_1_22' title="bbox 2231 894 3733 967">
    <p class='ocr_par' dir='ltr' id='par_1_22' title="bbox 2231 894 3733 967">
     <span class='ocr_line' id='line_1_22' title="bbox 2231 894 3733 967; baseline -0.003 -15"><span class='ocrx_word' id='word_1_153' title='bbox 2231 897 2541 962; x_wconf 84' lang='lat' dir='ltr'><strong><em>sericordia,</em></strong></span> <span class='ocrx_word' id='word_1_154' title='bbox 2574 896 2665 967; x_wconf 88' lang='lat' dir='ltr'><strong><em>qui</em></strong></span> <span class='ocrx_word' id='word_1_155' title='bbox 2693 897 2900 951; x_wconf 74' lang='lat' dir='ltr'><strong><em>salvum</em></strong></span> <span class='ocrx_word' id='word_1_156' title='bbox 2926 894 3097 951; x_wconf 79' lang='lat' dir='ltr'><strong><em>fecisti</em></strong></span> <span class='ocrx_word' id='word_1_157' title='bbox 3142 894 3207 950; x_wconf 90' lang='lat' dir='ltr'><strong><em>de</em></strong></span> <span class='ocrx_word' id='word_1_158' title='bbox 3254 894 3621 949; x_wconf 82' lang='lat' dir='ltr'><strong><em>necessitatibus</em></strong></span> <span class='ocrx_word' id='word_1_159' title='bbox 3644 894 3733 947; x_wconf 86' lang='lat' dir='ltr'><strong><em>ani-</em></strong></span> 
     </span>
    </p>
   </div>
   <div class='ocr_carea' id='block_1_23' title="bbox 2232 985 3732 1056">
    <p class='ocr_par' dir='ltr' id='par_1_23' title="bbox 2232 985 3732 1056">
     <span class='ocr_line' id='line_1_23' title="bbox 2232 985 3732 1056; baseline -0.003 -14"><span class='ocrx_word' id='word_1_160' title='bbox 2232 1004 2377 1042; x_wconf 87' lang='lat' dir='ltr'><strong><em>mam</em></strong></span> <span class='ocrx_word' id='word_1_161' title='bbox 2396 1003 2593 1043; x_wconf 87' lang='lat' dir='ltr'><strong><em>meam.</em></strong></span> <span class='ocrx_word' id='word_1_162' title='bbox 2617 986 2842 1053; x_wconf 86' lang='lat' dir='ltr'><strong><em>Quando</em></strong></span> <span class='ocrx_word' id='word_1_163' title='bbox 2864 986 3145 1056; x_wconf 81' lang='lat' dir='ltr'><strong><em>respexisti</em></strong></span> <span class='ocrx_word' id='word_1_164' title='bbox 3169 985 3497 1039; x_wconf 81' lang='lat' dir='ltr'><strong><em>humilitatem</em></strong></span> <span class='ocrx_word' id='word_1_165' title='bbox 3516 998 3677 1049; x_wconf 85' lang='lat' dir='ltr'><strong><em>meam,</em></strong></span> <span class='ocrx_word' id='word_1_166' title='bbox 3693 991 3732 1037; x_wconf 87' lang='lat' dir='ltr'><strong><em>et</em></strong></span> 
     </span>
    </p>
   </div>
   <div class='ocr_carea' id='block_1_24' title="bbox 2233 1075 3734 1141">
    <p class='ocr_par' dir='ltr' id='par_1_24' title="bbox 2233 1075 3734 1141">
     <span class='ocr_line' id='line_1_24' title="bbox 2233 1075 3734 1141; baseline -0.003 -8"><span class='ocrx_word' id='word_1_167' title='bbox 2233 1096 2341 1133; x_wconf 85' lang='lat' dir='ltr'><strong><em>non</em></strong></span> <span class='ocrx_word' id='word_1_168' title='bbox 2369 1078 2677 1135; x_wconf 85' lang='lat' dir='ltr'><strong><em>conclusisti</em></strong></span> <span class='ocrx_word' id='word_1_169' title='bbox 2707 1093 2794 1132; x_wconf 90' lang='lat' dir='ltr'><strong><em>me</em></strong></span> <span class='ocrx_word' id='word_1_170' title='bbox 2834 1078 2887 1131; x_wconf 90' lang='lat' dir='ltr'><strong><em>in</em></strong></span> <span class='ocrx_word' id='word_1_171' title='bbox 2918 1093 3107 1131; x_wconf 89' lang='lat' dir='ltr'><strong><em>manus</em></strong></span> <span class='ocrx_word' id='word_1_172' title='bbox 3133 1077 3342 1141; x_wconf 89' lang='lat' dir='ltr'><strong><em>inimici,</em></strong></span> <span class='ocrx_word' id='word_1_173' title='bbox 3372 1076 3459 1130; x_wconf 88' lang='lat' dir='ltr'><strong><em>sed</em></strong></span> <span class='ocrx_word' id='word_1_174' title='bbox 3484 1075 3650 1129; x_wconf 83' lang='lat' dir='ltr'><strong><em>tollens</em></strong></span> <span class='ocrx_word' id='word_1_175' title='bbox 3671 1089 3734 1129; x_wconf 79' lang='lat' dir='ltr'><strong><em>me</em></strong></span> 
     </span>
    </p>
   </div>
   <div class='ocr_carea' id='block_1_25' title="bbox 2233 1166 3733 1239">
    <p class='ocr_par' dir='ltr' id='par_1_25' title="bbox 2233 1166 3733 1239">
     <span class='ocr_line' id='line_1_25' title="bbox 2233 1166 3733 1239; baseline -0.004 -15"><span class='ocrx_word' id='word_1_176' title='bbox 2233 1169 2300 1224; x_wconf 90' lang='lat' dir='ltr'><strong><em>ab</em></strong></span> <span class='ocrx_word' id='word_1_177' title='bbox 2322 1179 2565 1239; x_wconf 80' lang='lat' dir='ltr'><strong><em>angusto,</em></strong></span> <span class='ocrx_word' id='word_1_178' title='bbox 2593 1168 2683 1222; x_wconf 91' lang='lat' dir='ltr'><strong><em>ubi</em></strong></span> <span class='ocrx_word' id='word_1_179' title='bbox 2713 1168 3074 1235; x_wconf 84' lang='lat' dir='ltr'><strong><em>angnstiabar,</em></strong></span> <span class='ocrx_word' id='word_1_180' title='bbox 3102 1167 3326 1222; x_wconf 77' lang='lat' dir='ltr'><strong><em>statuisti</em></strong></span> <span class='ocrx_word' id='word_1_181' title='bbox 3350 1166 3398 1219; x_wconf 86' lang='lat' dir='ltr'><strong><em>in</em></strong></span> <span class='ocrx_word' id='word_1_182' title='bbox 3424 1166 3530 1221; x_wconf 86' lang='lat' dir='ltr'><strong><em>loco</em></strong></span> <span class='ocrx_word' id='word_1_183' title='bbox 3547 1166 3733 1234; x_wconf 85' lang='lat' dir='ltr'><strong><em>spatioso</em></strong></span> 
     </span>
    </p>
   </div>
   <div class='ocr_carea' id='block_1_26' title="bbox 2231 1256 3733 1332">
    <p class='ocr_par' dir='ltr' id='par_1_26' title="bbox 2231 1256 3733 1332">
     <span class='ocr_line' id='line_1_26' title="bbox 2231 1256 3733 1332; baseline -0.005 -16"><span class='ocrx_word' id='word_1_184' title='bbox 2231 1262 2397 1332; x_wconf 80' lang='lat' dir='ltr'><strong><em>pedes</em></strong></span> <span class='ocrx_word' id='word_1_185' title='bbox 2418 1275 2588 1315; x_wconf 89' lang='lat' dir='ltr'><strong><em>meos.</em></strong></span> <span class='ocrx_word' id='word_1_186' title='bbox 2623 1257 2692 1313; x_wconf 90' lang='lat' dir='ltr'><strong><em>Ut</em></strong></span> <span class='ocrx_word' id='word_1_187' title='bbox 2719 1268 2900 1313; x_wconf 87' lang='lat' dir='ltr'><strong><em>autem</em></strong></span> <span class='ocrx_word' id='word_1_188' title='bbox 2926 1256 3095 1313; x_wconf 90' lang='lat' dir='ltr'><strong><em>Deum</em></strong></span> <span class='ocrx_word' id='word_1_189' title='bbox 3131 1259 3224 1312; x_wconf 88' lang='lat' dir='ltr'><strong><em>tibi</em></strong></span> <span class='ocrx_word' id='word_1_190' title='bbox 3252 1256 3407 1312; x_wconf 83' lang='lat' dir='ltr'><strong><em>facias</em></strong></span> <span class='ocrx_word' id='word_1_191' title='bbox 3431 1257 3733 1321; x_wconf 85' lang='lat' dir='ltr'><strong><em>miserantem,</em></strong></span> 
     </span>
    </p>
   </div>
   <div class='ocr_carea' id='block_1_27' title="bbox 2234 1347 3735 1420">
    <p class='ocr_par' dir='ltr' id='par_1_27' title="bbox 2234 1347 3735 1420">
     <span class='ocr_line' id='line_1_27' title="bbox 2234 1347 3735 1420; baseline -0.002 -16"><span class='ocrx_word' id='word_1_192' title='bbox 2234 1359 2288 1407; x_wconf 90' lang='lat' dir='ltr'><strong><em>te</em></strong></span> <span class='ocrx_word' id='word_1_193' title='bbox 2310 1353 2504 1408; x_wconf 80' lang='lat' dir='ltr'><strong><em>exhibe</em></strong></span> <span class='ocrx_word' id='word_1_194' title='bbox 2528 1349 2866 1404; x_wconf 89' lang='lat' dir='ltr'><strong><em>tribulantem</em></strong></span> <span class='ocrx_word' id='word_1_195' title='bbox 2887 1368 2901 1416; x_wconf 87' lang='lat'><strong>;</strong></span> <span class='ocrx_word' id='word_1_196' title='bbox 2926 1366 3032 1404; x_wconf 89' lang='lat' dir='ltr'><strong><em>non</em></strong></span> <span class='ocrx_word' id='word_1_197' title='bbox 3053 1350 3193 1404; x_wconf 89' lang='lat' dir='ltr'><strong><em>enim</em></strong></span> <span class='ocrx_word' id='word_1_198' title='bbox 3221 1347 3735 1420; x_wconf 85' lang='lat' dir='ltr'><strong><em>petitmisericordiam,</em></strong></span> 
     </span>
    </p>
   </div>
   <div class='ocr_carea' id='block_1_28' title="bbox 2233 1437 3738 1507">
    <p class='ocr_par' dir='ltr' id='par_1_28' title="bbox 2233 1437 3738 1507">
     <span class='ocr_line' id='line_1_28' title="bbox 2233 1437 3738 1507; baseline -0.003 -12"><span class='ocrx_word' id='word_1_199' title='bbox 2233 1441 2336 1495; x_wconf 89' lang='lat' dir='ltr'><strong><em>nisi</em></strong></span> <span class='ocrx_word' id='word_1_200' title='bbox 2388 1440 2648 1494; x_wconf 86' lang='lat' dir='ltr'><strong><em>tribulans</em></strong></span> <span class='ocrx_word' id='word_1_201' title='bbox 2702 1438 2853 1507; x_wconf 85' lang='lat' dir='ltr'><strong><em>cujus</em></strong></span> <span class='ocrx_word' id='word_1_202' title='bbox 2905 1437 3035 1494; x_wconf 85' lang='lat' dir='ltr'><strong><em>ﬁetu</em></strong></span> <span class='ocrx_word' id='word_1_203' title='bbox 3081 1441 3421 1494; x_wconf 83' lang='lat' dir='ltr'><strong><em>conturbatur</em></strong></span> <span class='ocrx_word' id='word_1_204' title='bbox 3446 1444 3738 1507; x_wconf 86' lang='lat' dir='ltr'><strong><em>aspectus,et</em></strong></span> 
     </span>
    </p>
   </div>
   <div class='ocr_carea' id='block_1_29' title="bbox 2233 1528 3740 1599">
    <p class='ocr_par' dir='ltr' id='par_1_29' title="bbox 2233 1528 3740 1599">
     <span class='ocr_line' id='line_1_29' title="bbox 2233 1528 3740 1599; baseline -0.004 -14"><span class='ocrx_word' id='word_1_205' title='bbox 2233 1532 2411 1585; x_wconf 87' lang='lat' dir='ltr'><strong><em>anima</em></strong></span> <span class='ocrx_word' id='word_1_206' title='bbox 2442 1531 2559 1599; x_wconf 89' lang='lat' dir='ltr'><strong><em>ejus</em></strong></span> <span class='ocrx_word' id='word_1_207' title='bbox 2589 1539 2642 1585; x_wconf 90' lang='lat' dir='ltr'><strong><em>et</em></strong></span> <span class='ocrx_word' id='word_1_208' title='bbox 2687 1538 2875 1584; x_wconf 89' lang='lat' dir='ltr'><strong><em>venter</em></strong></span> <span class='ocrx_word' id='word_1_209' title='bbox 2903 1529 3019 1598; x_wconf 89' lang='lat' dir='ltr'><strong><em>ejus</em></strong></span> <span class='ocrx_word' id='word_1_210' title='bbox 3049 1530 3336 1597; x_wconf 80' lang='lat' dir='ltr'><strong><em>castigatus</em></strong></span> <span class='ocrx_word' id='word_1_211' title='bbox 3358 1528 3558 1597; x_wconf 78' lang='lat' dir='ltr'><strong><em>jejuniis</em></strong></span> <span class='ocrx_word' id='word_1_212' title='bbox 3579 1539 3740 1581; x_wconf 84' lang='lat' dir='ltr'><strong><em>memor</em></strong></span> 
     </span>
    </p>
   </div>
   <div class='ocr_carea' id='block_1_30' title="bbox 2232 1614 3741 1687">
    <p class='ocr_par' dir='ltr' id='par_1_30' title="bbox 2232 1614 3741 1687">
     <span class='ocr_line' id='line_1_30' title="bbox 2232 1614 3741 1687; baseline -0.006 -11"><span class='ocrx_word' id='word_1_213' title='bbox 2232 1636 2350 1676; x_wconf 86' lang='lat' dir='ltr'><strong><em>esse</em></strong></span> <span class='ocrx_word' id='word_1_214' title='bbox 2377 1620 2556 1674; x_wconf 83' lang='lat' dir='ltr'><strong><em>debet.</em></strong></span> <span class='ocrx_word' id='word_1_215' title='bbox 2589 1619 2850 1685; x_wconf 88' lang='lat' dir='ltr'><strong><em>Quoniam</em></strong></span> <span class='ocrx_word' id='word_1_216' title='bbox 2878 1620 3118 1687; x_wconf 82' lang='lat' dir='ltr'><strong><em>quamvis</em></strong></span> <span class='ocrx_word' id='word_1_217' title='bbox 3147 1618 3235 1673; x_wconf 89' lang='lat' dir='ltr'><strong><em>diu</em></strong></span> <span class='ocrx_word' id='word_1_218' title='bbox 3290 1618 3426 1671; x_wconf 80' lang='lat' dir='ltr'><strong><em>vivat</em></strong></span> <span class='ocrx_word' id='word_1_219' title='bbox 3471 1617 3638 1679; x_wconf 87' lang='lat' dir='ltr'><strong><em>homo,</em></strong></span> <span class='ocrx_word' id='word_1_220' title='bbox 3658 1614 3741 1668; x_wconf 82' lang='lat' dir='ltr'><strong><em>vita</em></strong></span> 
     </span>
    </p>
   </div>
   <div class='ocr_carea' id='block_1_31' title="bbox 2233 1703 3744 1783">
    <p class='ocr_par' dir='ltr' id='par_1_31' title="bbox 2233 1703 3744 1783">
     <span class='ocr_line' id='line_1_31' title="bbox 2233 1703 3744 1783; baseline -0.007 -16"><span class='ocrx_word' id='word_1_221' title='bbox 2233 1715 2351 1783; x_wconf 87' lang='lat' dir='ltr'><strong><em>ejus</em></strong></span> <span class='ocrx_word' id='word_1_222' title='bbox 2376 1713 2558 1768; x_wconf 84' lang='lat' dir='ltr'><strong><em>deﬁcit</em></strong></span> <span class='ocrx_word' id='word_1_223' title='bbox 2578 1715 2631 1766; x_wconf 92' lang='lat' dir='ltr'><strong><em>in</em></strong></span> <span class='ocrx_word' id='word_1_224' title='bbox 2661 1712 2964 1777; x_wconf 84' lang='lat' dir='ltr'><strong><em>doloribus;</em></strong></span> <span class='ocrx_word' id='word_1_225' title='bbox 2997 1720 3052 1766; x_wconf 91' lang='lat' dir='ltr'><strong><em>et</em></strong></span> <span class='ocrx_word' id='word_1_226' title='bbox 3079 1710 3359 1780; x_wconf 86' lang='lat' dir='ltr'><strong><em>quantavis</em></strong></span> <span class='ocrx_word' id='word_1_227' title='bbox 3387 1708 3655 1763; x_wconf 83' lang='lat' dir='ltr'><strong><em>annositate</em></strong></span> <span class='ocrx_word' id='word_1_228' title='bbox 3672 1703 3744 1757; x_wconf 86' lang='lat' dir='ltr'><strong><em>llo-</em></strong></span> 
     </span>
    </p>
   </div>
   <div class='ocr_carea' id='block_1_32' title="bbox 552 1794 3746 1873">
    <p class='ocr_par' dir='ltr' id='par_1_32' title="bbox 552 1794 3746 1873">
     <span class='ocr_line' id='line_1_32' title="bbox 552 1794 3746 1873; baseline -0.002 -18"><span class='ocrx_word' id='word_1_229' title='bbox 552 1802 689 1855; x_wconf 86' lang='lat' dir='ltr'><strong><em>mino</em></strong></span> <span class='ocrx_word' id='word_1_230' title='bbox 710 1802 932 1871; x_wconf 79' lang='lat' dir='ltr'><strong><em>speravi,</em></strong></span> <span class='ocrx_word' id='word_1_231' title='bbox 961 1800 1227 1856; x_wconf 75' lang='lat' dir='ltr'><strong><em>exsultabo</em></strong></span> <span class='ocrx_word' id='word_1_232' title='bbox 1255 1809 1304 1855; x_wconf 89' lang='lat' dir='ltr'><strong><em>et</em></strong></span> <span class='ocrx_word' id='word_1_233' title='bbox 1332 1801 1549 1866; x_wconf 71' lang='lat' dir='ltr'><strong><em>ltetabor</em></strong></span> <span class='ocrx_word' id='word_1_234' title='bbox 1575 1803 1628 1856; x_wconf 91' lang='lat' dir='ltr'><strong><em>in</em></strong></span> <span class='ocrx_word' id='word_1_235' title='bbox 1642 1803 1997 1856; x_wconf 80' lang='lat' dir='ltr'><strong><em>misericordia</em></strong></span> <span class='ocrx_word' id='word_1_236' title='bbox 2020 1812 2126 1856; x_wconf 87' lang='lat' dir='ltr'><strong><em>tua.</em></strong></span> <span class='ocrx_word' id='word_1_237' title='bbox 2165 1815 2208 1873; x_wconf 77' lang='grc' dir='ltr'>Β</span> <span class='ocrx_word' id='word_1_238' title='bbox 2235 1812 2369 1868; x_wconf 88' lang='lat' dir='ltr'><strong><em>reat,</em></strong></span> <span class='ocrx_word' id='word_1_239' title='bbox 2393 1803 2650 1858; x_wconf 86' lang='lat' dir='ltr'><strong><em>deﬁciunt</em></strong></span> <span class='ocrx_word' id='word_1_240' title='bbox 2677 1803 2802 1857; x_wconf 90' lang='lat' dir='ltr'><strong><em>anni</em></strong></span> <span class='ocrx_word' id='word_1_241' title='bbox 2826 1800 2940 1872; x_wconf 87' lang='lat' dir='ltr'><strong><em>ejus</em></strong></span> <span class='ocrx_word' id='word_1_242' title='bbox 2967 1801 3020 1855; x_wconf 92' lang='lat' dir='ltr'><strong><em>in</em></strong></span> <span class='ocrx_word' id='word_1_243' title='bbox 3051 1802 3363 1870; x_wconf 78' lang='lat' dir='ltr'><strong><em>gemitibus;</em></strong></span> <span class='ocrx_word' id='word_1_244' title='bbox 3390 1810 3441 1854; x_wconf 87' lang='lat' dir='ltr'><strong><em>et</em></strong></span> <span class='ocrx_word' id='word_1_245' title='bbox 3465 1794 3746 1867; x_wconf 73' lang='lat' dir='ltr'><strong><em>quantumvis</em></strong></span> 
     </span>
    </p>
   </div>
   <div class='ocr_carea' id='block_1_33' title="bbox 553 1890 2130 1963">
    <p class='ocr_par' dir='ltr' id='par_1_33' title="bbox 553 1890 2130 1963">
     <span class='ocr_line' id='line_1_33' title="bbox 553 1890 2130 1963; baseline 0.001 -18"><span class='ocrx_word' id='word_1_246' title='bbox 553 1890 811 1956; x_wconf 82' lang='lat' dir='ltr'><strong><em>Quoniam</em></strong></span> <span class='ocrx_word' id='word_1_247' title='bbox 836 1894 1106 1963; x_wconf 77' lang='lat' dir='ltr'><strong><em>respexisti</em></strong></span> <span class='ocrx_word' id='word_1_248' title='bbox 1128 1892 1467 1947; x_wconf 80' lang='lat' dir='ltr'><strong><em>humilitatem</em></strong></span> <span class='ocrx_word' id='word_1_249' title='bbox 1493 1910 1660 1947; x_wconf 86' lang='lat' dir='ltr'><strong><em>meam</em></strong></span> <span class='ocrx_word' id='word_1_250' title='bbox 1677 1935 1691 1958; x_wconf 88' lang='lat'><strong><em>,</em></strong></span> <span class='ocrx_word' id='word_1_251' title='bbox 1715 1894 1927 1947; x_wconf 84' lang='lat' dir='ltr'><strong><em>salvasti</em></strong></span> <span class='ocrx_word' id='word_1_252' title='bbox 1958 1896 2020 1947; x_wconf 83' lang='lat' dir='ltr'><strong><em>de</em></strong></span> <span class='ocrx_word' id='word_1_253' title='bbox 2040 1910 2130 1947; x_wconf 88' lang='lat' dir='ltr'><strong><em>ne-</em></strong></span> 
     </span>
    </p>
   </div>
   <div class='ocr_carea' id='block_1_34' title="bbox 550 1982 2132 2041">
    <p class='ocr_par' dir='ltr' id='par_1_34' title="bbox 550 1982 2132 2041">
     <span class='ocr_line' id='line_1_34' title="bbox 550 1982 2132 2041; baseline 0.002 -6"><span class='ocrx_word' id='word_1_254' title='bbox 550 1983 871 2041; x_wconf 77' lang='lat' dir='ltr'><strong><em>cessitatibus</em></strong></span> <span class='ocrx_word' id='word_1_255' title='bbox 900 1985 1128 2038; x_wconf 82' lang='lat' dir='ltr'><strong><em>animum</em></strong></span> <span class='ocrx_word' id='word_1_256' title='bbox 1157 2000 1343 2037; x_wconf 90' lang='lat' dir='ltr'><strong><em>meam.</em></strong></span> <span class='ocrx_word' id='word_1_257' title='bbox 1376 1982 1488 2038; x_wconf 89' lang='lat' dir='ltr'><strong><em>Nec</em></strong></span> <span class='ocrx_word' id='word_1_258' title='bbox 1513 1984 1810 2039; x_wconf 81' lang='lat' dir='ltr'><strong><em>conclusisti</em></strong></span> <span class='ocrx_word' id='word_1_259' title='bbox 1836 2002 1916 2038; x_wconf 88' lang='lat' dir='ltr'><strong><em>me</em></strong></span> <span class='ocrx_word' id='word_1_260' title='bbox 1941 1986 1995 2039; x_wconf 89' lang='lat' dir='ltr'><strong><em>in</em></strong></span> <span class='ocrx_word' id='word_1_261' title='bbox 2025 2002 2132 2039; x_wconf 83' lang='lat' dir='ltr'><strong><em>ma-</em></strong></span> 
     </span>
    </p>
   </div>
   <div class='ocr_carea' id='block_1_35' title="bbox 550 2076 2125 2148">
    <p class='ocr_par' dir='ltr' id='par_1_35' title="bbox 550 2076 2125 2148">
     <span class='ocr_line' id='line_1_35' title="bbox 550 2076 2125 2148; baseline 0.001 -18"><span class='ocrx_word' id='word_1_262' title='bbox 550 2077 702 2131; x_wconf 87' lang='lat' dir='ltr'><strong><em>nibus</em></strong></span> <span class='ocrx_word' id='word_1_263' title='bbox 753 2076 969 2143; x_wconf 87' lang='lat' dir='ltr'><strong><em>inimici,</em></strong></span> <span class='ocrx_word' id='word_1_264' title='bbox 1011 2077 1244 2131; x_wconf 77' lang='lat' dir='ltr'><strong><em>statuisti</em></strong></span> <span class='ocrx_word' id='word_1_265' title='bbox 1288 2078 1342 2131; x_wconf 87' lang='lat' dir='ltr'><strong><em>in</em></strong></span> <span class='ocrx_word' id='word_1_266' title='bbox 1390 2078 1503 2131; x_wconf 92' lang='lat' dir='ltr'><strong><em>loco</em></strong></span> <span class='ocrx_word' id='word_1_267' title='bbox 1531 2079 1759 2148; x_wconf 86' lang='lat' dir='ltr'><strong><em>spatioso</em></strong></span> <span class='ocrx_word' id='word_1_268' title='bbox 1786 2077 1939 2148; x_wconf 84' lang='lat' dir='ltr'><strong><em>pedes</em></strong></span> <span class='ocrx_word' id='word_1_269' title='bbox 1968 2095 2125 2133; x_wconf 83' lang='lat' dir='ltr'><strong><em>meos.</em></strong></span> 
     </span>
    </p>
   </div>
   <div class='ocr_carea' id='block_1_36' title="bbox 550 2167 2131 2241">
    <p class='ocr_par' dir='ltr' id='par_1_36' title="bbox 550 2167 2131 2241">
     <span class='ocr_line' id='line_1_36' title="bbox 550 2167 2131 2241; baseline 0.002 -19"><span class='ocrx_word' id='word_1_270' title='bbox 550 2168 798 2223; x_wconf 80' lang='lat' dir='ltr'><strong><em>Miserere</em></strong></span> <span class='ocrx_word' id='word_1_271' title='bbox 824 2170 943 2232; x_wconf 86' lang='lat' dir='ltr'><strong><em>mei,</em></strong></span> <span class='ocrx_word' id='word_1_272' title='bbox 975 2167 1227 2234; x_wconf 88' lang='lat' dir='ltr'><strong><em>Domine,</em></strong></span> <span class='ocrx_word' id='word_1_273' title='bbox 1256 2170 1499 2241; x_wconf 83' lang='lat' dir='ltr'><strong><em>quoniam</em></strong></span> <span class='ocrx_word' id='word_1_274' title='bbox 1534 2168 1767 2237; x_wconf 87' lang='lat' dir='ltr'><strong><em>tribulor,</em></strong></span> <span class='ocrx_word' id='word_1_275' title='bbox 1800 2170 2131 2225; x_wconf 80' lang='lat' dir='ltr'><strong><em>conturbatus</em></strong></span> 
     </span>
    </p>
   </div>
   <div class='ocr_carea' id='block_1_37' title="bbox 549 2264 2126 2331">
    <p class='ocr_par' dir='ltr' id='par_1_37' title="bbox 549 2264 2126 2331">
     <span class='ocr_line' id='line_1_37' title="bbox 549 2264 2126 2331; baseline 0.001 -14"><span class='ocrx_word' id='word_1_276' title='bbox 549 2272 624 2317; x_wconf 75' lang='lat' dir='ltr'><strong><em>cst</em></strong></span> <span class='ocrx_word' id='word_1_277' title='bbox 652 2266 706 2317; x_wconf 84' lang='lat' dir='ltr'><strong><em>in</em></strong></span> <span class='ocrx_word' id='word_1_278' title='bbox 755 2264 839 2318; x_wconf 88' lang='lat' dir='ltr'><strong><em>ira</em></strong></span> <span class='ocrx_word' id='word_1_279' title='bbox 892 2264 1072 2317; x_wconf 83' lang='lat' dir='ltr'><strong><em>oculus</em></strong></span> <span class='ocrx_word' id='word_1_280' title='bbox 1098 2274 1262 2327; x_wconf 84' lang='lat' dir='ltr'><strong><em>meus,</em></strong></span> <span class='ocrx_word' id='word_1_281' title='bbox 1296 2264 1474 2318; x_wconf 86' lang='lat' dir='ltr'><strong><em>anima</em></strong></span> <span class='ocrx_word' id='word_1_282' title='bbox 1498 2280 1646 2331; x_wconf 89' lang='lat' dir='ltr'><strong><em>mea,</em></strong></span> <span class='ocrx_word' id='word_1_283' title='bbox 1677 2272 1726 2318; x_wconf 90' lang='lat' dir='ltr'><strong><em>et</em></strong></span> <span class='ocrx_word' id='word_1_284' title='bbox 1767 2272 1940 2317; x_wconf 82' lang='lat' dir='ltr'><strong><em>venter</em></strong></span> <span class='ocrx_word' id='word_1_285' title='bbox 1966 2280 2126 2318; x_wconf 85' lang='lat' dir='ltr'><strong><em>meus.</em></strong></span> 
     </span>
    </p>
   </div>
   <div class='ocr_carea' id='block_1_38' title="bbox 547 2355 2135 2429">
    <p class='ocr_par' dir='ltr' id='par_1_38' title="bbox 547 2355 2135 2429">
     <span class='ocr_line' id='line_1_38' title="bbox 547 2355 2135 2429; baseline 0.002 -20"><span class='ocrx_word' id='word_1_286' title='bbox 547 2355 810 2420; x_wconf 78' lang='lat' dir='ltr'><strong><em>Quoniam</em></strong></span> <span class='ocrx_word' id='word_1_287' title='bbox 841 2356 1027 2427; x_wconf 71' lang='lat' dir='ltr'><strong><em>defecit</em></strong></span> <span class='ocrx_word' id='word_1_288' title='bbox 1048 2358 1101 2409; x_wconf 90' lang='lat' dir='ltr'><strong><em>in</em></strong></span> <span class='ocrx_word' id='word_1_289' title='bbox 1133 2356 1310 2410; x_wconf 85' lang='lat' dir='ltr'><strong><em>dolore</em></strong></span> <span class='ocrx_word' id='word_1_290' title='bbox 1336 2358 1442 2410; x_wconf 70' lang='lat' dir='ltr'><strong><em>vita</em></strong></span> <span class='ocrx_word' id='word_1_291' title='bbox 1462 2374 1598 2422; x_wconf 90' lang='lat' dir='ltr'><strong><em>mea,</em></strong></span> <span class='ocrx_word' id='word_1_292' title='bbox 1629 2367 1679 2411; x_wconf 90' lang='lat' dir='ltr'><strong><em>et</em></strong></span> <span class='ocrx_word' id='word_1_293' title='bbox 1698 2360 1824 2411; x_wconf 86' lang='lat' dir='ltr'><strong><em>anni</em></strong></span> <span class='ocrx_word' id='word_1_294' title='bbox 1844 2359 1943 2412; x_wconf 87' lang='lat' dir='ltr'><strong><em>mei</em></strong></span> <span class='ocrx_word' id='word_1_295' title='bbox 1970 2359 2027 2411; x_wconf 92' lang='lat' dir='ltr'><strong><em>in</em></strong></span> <span class='ocrx_word' id='word_1_296' title='bbox 2046 2375 2135 2429; x_wconf 87' lang='lat' dir='ltr'><strong><em>ge-</em></strong></span> 
     </span>
    </p>
   </div>
   <div class='ocr_carea' id='block_1_39' title="bbox 549 2444 2132 2517">
    <p class='ocr_par' dir='ltr' id='par_1_39' title="bbox 549 2444 2132 2517">
     <span class='ocr_line' id='line_1_39' title="bbox 549 2444 2132 2517; baseline 0.002 -17"><span class='ocrx_word' id='word_1_297' title='bbox 549 2446 775 2500; x_wconf 78' lang='lat' dir='ltr'><strong><em>mitibus.</em></strong></span> <span class='ocrx_word' id='word_1_298' title='bbox 809 2444 1087 2516; x_wconf 82' lang='lat' dir='ltr'><strong><em>lnfirmata</em></strong></span> <span class='ocrx_word' id='word_1_299' title='bbox 1112 2454 1190 2500; x_wconf 87' lang='lat' dir='ltr'><strong><em>est</em></strong></span> <span class='ocrx_word' id='word_1_300' title='bbox 1209 2447 1263 2500; x_wconf 91' lang='lat' dir='ltr'><strong><em>in</em></strong></span> <span class='ocrx_word' id='word_1_301' title='bbox 1291 2457 1591 2517; x_wconf 80' lang='lat' dir='ltr'><strong><em>paupertate</em></strong></span> <span class='ocrx_word' id='word_1_302' title='bbox 1610 2450 1767 2502; x_wconf 88' lang='lat' dir='ltr'><strong><em>virtus</em></strong></span> <span class='ocrx_word' id='word_1_303' title='bbox 1786 2465 1920 2513; x_wconf 86' lang='lat' dir='ltr'><strong><em>mea,</em></strong></span> <span class='ocrx_word' id='word_1_304' title='bbox 1942 2457 1992 2503; x_wconf 90' lang='lat' dir='ltr'><strong><em>et</em></strong></span> <span class='ocrx_word' id='word_1_305' title='bbox 2011 2465 2132 2503; x_wconf 85' lang='lat' dir='ltr'><strong><em>ossa</em></strong></span> 
     </span>
    </p>
   </div>
   <div class='ocr_carea' id='block_1_40' title="bbox 550 2521 2131 2611">
    <p class='ocr_par' dir='ltr' id='par_1_40' title="bbox 550 2521 2131 2611">
     <span class='ocr_line' id='line_1_40' title="bbox 550 2521 2131 2611; baseline 0 -19"><span class='ocrx_word' id='word_1_306' title='bbox 550 2555 662 2592; x_wconf 81' lang='lat' dir='ltr'><strong><em>mea</em></strong></span> <span class='ocrx_word' id='word_1_307' title='bbox 698 2538 1001 2591; x_wconf 84' lang='lat' dir='ltr'><strong><em>conturbata</em></strong></span> <span class='ocrx_word' id='word_1_308' title='bbox 1041 2546 1177 2591; x_wconf 85' lang='lat' dir='ltr'><strong><em>sunt.</em></strong></span> <span class='ocrx_word' id='word_1_309' title='bbox 1212 2537 1380 2607; x_wconf 84' lang='lat' dir='ltr'><strong><em>Super</em></strong></span> <span class='ocrx_word' id='word_1_310' title='bbox 1406 2553 1582 2591; x_wconf 88' lang='lat' dir='ltr'><strong><em>omnes</em></strong></span> <span class='ocrx_word' id='word_1_311' title='bbox 1611 2521 2015 2594; x_wconf 44' lang='lat' dir='ltr'><strong><em>inimicos.meos</em></strong></span> <span class='ocrx_word' id='word_1_312' title='bbox 2044 2541 2131 2611; x_wconf 76' lang='lat' dir='ltr'><strong><em>{a-</em></strong></span> 
     </span>
    </p>
   </div>
   <div class='ocr_carea' id='block_1_41' title="bbox 548 2628 2132 2699">
    <p class='ocr_par' dir='ltr' id='par_1_41' title="bbox 548 2628 2132 2699">
     <span class='ocr_line' id='line_1_41' title="bbox 548 2628 2132 2699; baseline 0.002 -18"><span class='ocrx_word' id='word_1_313' title='bbox 548 2641 662 2683; x_wconf 82' lang='lat' dir='ltr'><strong><em>ctus</em></strong></span> <span class='ocrx_word' id='word_1_314' title='bbox 691 2638 804 2684; x_wconf 85' lang='lat' dir='ltr'><strong><em>sum</em></strong></span> <span class='ocrx_word' id='word_1_315' title='bbox 830 2628 1160 2699; x_wconf 80' lang='lat' dir='ltr'><strong><em>opprobrium</em></strong></span> <span class='ocrx_word' id='word_1_316' title='bbox 1187 2629 1368 2682; x_wconf 87' lang='lat' dir='ltr'><strong><em>vicinis</em></strong></span> <span class='ocrx_word' id='word_1_317' title='bbox 1395 2630 1522 2682; x_wconf 85' lang='lat' dir='ltr'><strong><em>meis</em></strong></span> <span class='ocrx_word' id='word_1_318' title='bbox 1549 2628 1716 2696; x_wconf 86' lang='lat' dir='ltr'><strong><em>valde,</em></strong></span> <span class='ocrx_word' id='word_1_319' title='bbox 1739 2639 1789 2682; x_wconf 90' lang='lat' dir='ltr'><strong><em>et</em></strong></span> <span class='ocrx_word' id='word_1_320' title='bbox 1816 2630 1971 2683; x_wconf 89' lang='lat' dir='ltr'><strong><em>timor</em></strong></span> <span class='ocrx_word' id='word_1_321' title='bbox 1992 2631 2132 2684; x_wconf 87' lang='lat' dir='ltr'><strong><em>notis</em></strong></span> 
     </span>
    </p>
   </div>
   <div class='ocr_carea' id='block_1_42' title="bbox 547 2718 2132 2792">
    <p class='ocr_par' dir='ltr' id='par_1_42' title="bbox 547 2718 2132 2792">
     <span class='ocr_line' id='line_1_42' title="bbox 547 2718 2132 2792; baseline 0.001 -18"><span class='ocrx_word' id='word_1_322' title='bbox 547 2723 695 2774; x_wconf 71' lang='lat' dir='ltr'><strong><em>sucis.</em></strong></span> <span class='ocrx_word' id='word_1_323' title='bbox 730 2718 828 2784; x_wconf 87' lang='lat' dir='ltr'><strong><em>Qui</em></strong></span> <span class='ocrx_word' id='word_1_324' title='bbox 857 2720 1092 2773; x_wconf 84' lang='lat' dir='ltr'><strong><em>viderunt</em></strong></span> <span class='ocrx_word' id='word_1_325' title='bbox 1116 2736 1215 2784; x_wconf 89' lang='lat' dir='ltr'><strong><em>me,</em></strong></span> <span class='ocrx_word' id='word_1_326' title='bbox 1246 2723 1385 2791; x_wconf 79' lang='lat' dir='ltr'><strong><em>foras</em></strong></span> <span class='ocrx_word' id='word_1_327' title='bbox 1418 2723 1658 2792; x_wconf 71' lang='lat' dir='ltr'><strong><em>fugerunt</em></strong></span> <span class='ocrx_word' id='word_1_328' title='bbox 1686 2738 1718 2774; x_wconf 94' lang='lat' dir='ltr'><strong><em>a</em></strong></span> <span class='ocrx_word' id='word_1_329' title='bbox 1744 2738 1857 2786; x_wconf 83' lang='lat' dir='ltr'><strong><em>me,</em></strong></span> <span class='ocrx_word' id='word_1_330' title='bbox 1890 2722 2132 2776; x_wconf 86' lang='lat' dir='ltr'><strong><em>oblivioni</em></strong></span> 
     </span>
    </p>
   </div>
   <div class='ocr_carea' id='block_1_43' title="bbox 550 2811 2130 2880">
    <p class='ocr_par' dir='ltr' id='par_1_43' title="bbox 550 2811 2130 2880">
     <span class='ocr_line' id='line_1_43' title="bbox 550 2811 2130 2880; baseline 0.002 -15"><span class='ocrx_word' id='word_1_331' title='bbox 550 2818 704 2865; x_wconf 70' lang='lat' dir='ltr'><strong><em>(tatus</em></strong></span> <span class='ocrx_word' id='word_1_332' title='bbox 730 2827 843 2866; x_wconf 84' lang='lat' dir='ltr'><strong><em>sum</em></strong></span> <span class='ocrx_word' id='word_1_333' title='bbox 869 2820 1118 2880; x_wconf 80' lang='lat' dir='ltr'><strong><em>tanquam</em></strong></span> <span class='ocrx_word' id='word_1_334' title='bbox 1143 2821 1374 2865; x_wconf 87' lang='lat' dir='ltr'><strong><em>mortuus</em></strong></span> <span class='ocrx_word' id='word_1_335' title='bbox 1397 2828 1429 2865; x_wconf 91' lang='lat' dir='ltr'><strong><em>a</em></strong></span> <span class='ocrx_word' id='word_1_336' title='bbox 1452 2812 1625 2867; x_wconf 89' lang='lat' dir='ltr'><strong><em>corde.</em></strong></span> <span class='ocrx_word' id='word_1_337' title='bbox 1656 2811 1854 2867; x_wconf 79' lang='lat' dir='ltr'><strong><em>Factus</em></strong></span> <span class='ocrx_word' id='word_1_338' title='bbox 1880 2830 1994 2869; x_wconf 84' lang='lat' dir='ltr'><strong><em>sum</em></strong></span> <span class='ocrx_word' id='word_1_339' title='bbox 2011 2823 2130 2868; x_wconf 85' lang='lat' dir='ltr'><strong><em>tan-</em></strong></span> 
     </span>
    </p>
   </div>
   <div class='ocr_carea' id='block_1_44' title="bbox 547 2904 2132 2976">
    <p class='ocr_par' dir='ltr' id='par_1_44' title="bbox 547 2904 2132 2976">
     <span class='ocr_line' id='line_1_44' title="bbox 547 2904 2132 2976; baseline 0.002 -17"><span class='ocrx_word' id='word_1_340' title='bbox 547 2920 703 2967; x_wconf 59' lang='lat' dir='ltr'><strong><em>«aut</em></strong></span> <span class='ocrx_word' id='word_1_341' title='bbox 749 2920 839 2959; x_wconf 85' lang='lat' dir='ltr'><strong><em>vas</em></strong></span> <span class='ocrx_word' id='word_1_342' title='bbox 882 2904 1138 2974; x_wconf 88' lang='lat' dir='ltr'><strong><em>perditum</em></strong></span> <span class='ocrx_word' id='word_1_343' title='bbox 1161 2942 1177 2970; x_wconf 90' lang='lat'><strong><em>,</em></strong></span> <span class='ocrx_word' id='word_1_344' title='bbox 1212 2905 1457 2976; x_wconf 87' lang='lat' dir='ltr'><strong><em>quoniam</em></strong></span> <span class='ocrx_word' id='word_1_345' title='bbox 1502 2904 1674 2958; x_wconf 81' lang='lat' dir='ltr'><strong><em>audivi</em></strong></span> <span class='ocrx_word' id='word_1_346' title='bbox 1713 2907 2132 2976; x_wconf 68' lang='lat' dir='ltr'><strong><em>vituperationem</em></strong></span> 
     </span>
    </p>
   </div>
   <div class='ocr_carea' id='block_1_45' title="bbox 547 2993 2129 3061">
    <p class='ocr_par' dir='ltr' id='par_1_45' title="bbox 547 2993 2129 3061">
     <span class='ocr_line' id='line_1_45' title="bbox 547 2993 2129 3061; baseline 0.001 -12"><span class='ocrx_word' id='word_1_347' title='bbox 547 2997 828 3050; x_wconf 63' lang='lat' dir='ltr'><strong><em>multorum</em></strong></span> <span class='ocrx_word' id='word_1_348' title='bbox 852 2997 1283 3049; x_wconf 89' lang='lat' dir='ltr'><strong><em>commorantium</em></strong></span> <span class='ocrx_word' id='word_1_349' title='bbox 1309 2997 1363 3049; x_wconf 90' lang='lat' dir='ltr'><strong><em>in</em></strong></span> <span class='ocrx_word' id='word_1_350' title='bbox 1394 2993 1732 3051; x_wconf 57' lang='lat' dir='ltr'><strong><em>circuitu-In</em></strong></span> <span class='ocrx_word' id='word_1_351' title='bbox 1751 3014 1832 3061; x_wconf 87' lang='lat' dir='ltr'><strong><em>eo,</em></strong></span> <span class='ocrx_word' id='word_1_352' title='bbox 1854 2996 1975 3050; x_wconf 84' lang='lat' dir='ltr'><strong><em>dum</em></strong></span> <span class='ocrx_word' id='word_1_353' title='bbox 2003 3013 2129 3050; x_wconf 83' lang='lat' dir='ltr'><strong><em>con-</em></strong></span> 
     </span>
    </p>
   </div>
   <div class='ocr_carea' id='block_1_46' title="bbox 546 3085 2107 3157">
    <p class='ocr_par' dir='ltr' id='par_1_46' title="bbox 546 3085 2107 3157">
     <span class='ocr_line' id='line_1_46' title="bbox 546 3085 2107 3157; baseline 0.001 -17"><span class='ocrx_word' id='word_1_354' title='bbox 546 3089 775 3140; x_wconf 75' lang='lat' dir='ltr'><strong><em>venirent</em></strong></span> <span class='ocrx_word' id='word_1_355' title='bbox 801 3086 956 3140; x_wconf 83' lang='lat' dir='ltr'><strong><em>simul</em></strong></span> <span class='ocrx_word' id='word_1_356' title='bbox 1000 3085 1268 3139; x_wconf 84' lang='lat' dir='ltr'><strong><em>adversum</em></strong></span> <span class='ocrx_word' id='word_1_357' title='bbox 1290 3102 1390 3151; x_wconf 81' lang='lat' dir='ltr'><strong><em>me,</em></strong></span> <span class='ocrx_word' id='word_1_358' title='bbox 1415 3087 1649 3157; x_wconf 75' lang='lat' dir='ltr'><strong><em>accipere</em></strong></span> <span class='ocrx_word' id='word_1_359' title='bbox 1665 3089 1915 3140; x_wconf 70' lang='lat' dir='ltr'><strong><em>animam</em></strong></span> <span class='ocrx_word' id='word_1_360' title='bbox 1939 3104 2107 3143; x_wconf 83' lang='lat' dir='ltr'><strong><em>meam</em></strong></span> 
     </span>
    </p>
   </div>
   <div class='ocr_carea' id='block_1_47' title="bbox 546 3164 3869 3249">
    <p class='ocr_par' dir='ltr' id='par_1_47' title="bbox 546 3164 3869 3249">
     <span class='ocr_line' id='line_1_47' title="bbox 546 3164 3869 3249; baseline -0.005 -18"><span class='ocrx_word' id='word_1_361' title='bbox 546 3178 808 3231; x_wconf 80' lang='lat' dir='ltr'><strong><em>consiliati</em></strong></span> <span class='ocrx_word' id='word_1_362' title='bbox 830 3186 966 3231; x_wconf 84' lang='lat' dir='ltr'><strong><em>sunt.</em></strong></span> <span class='ocrx_word' id='word_1_363' title='bbox 994 3175 1107 3248; x_wconf 80' lang='lat' dir='ltr'><strong><em>Ego</em></strong></span> <span class='ocrx_word' id='word_1_364' title='bbox 1129 3185 1297 3231; x_wconf 87' lang='lat' dir='ltr'><strong><em>autem</em></strong></span> <span class='ocrx_word' id='word_1_365' title='bbox 1318 3178 1371 3230; x_wconf 86' lang='lat' dir='ltr'><strong><em>in</em></strong></span> <span class='ocrx_word' id='word_1_366' title='bbox 1396 3187 1442 3231; x_wconf 88' lang='lat' dir='ltr'><strong><em>te</em></strong></span> <span class='ocrx_word' id='word_1_367' title='bbox 1459 3179 1684 3248; x_wconf 65' lang='lat' dir='ltr'><strong><em>speravi,</em></strong></span> <span class='ocrx_word' id='word_1_368' title='bbox 1707 3176 1958 3242; x_wconf 87' lang='lat' dir='ltr'><strong><em>Domine;</em></strong></span> <span class='ocrx_word' id='word_1_369' title='bbox 1982 3178 2126 3233; x_wconf 79' lang='lat' dir='ltr'><strong><em>dixi:</em></strong></span> <span class='ocrx_word' id='word_1_370' title='bbox 2156 3189 2198 3249; x_wconf 73' lang='grc' dir='ltr'>ο</span> <span class='ocrx_word' id='word_1_371' title='bbox 2231 3182 2353 3237; x_wconf 83' lang='lat' dir='ltr'><strong><em>culo</em></strong></span> <span class='ocrx_word' id='word_1_372' title='bbox 2381 3179 2748 3244; x_wconf 79' lang='lat' dir='ltr'><strong><em>manifestare,</em></strong></span> <span class='ocrx_word' id='word_1_373' title='bbox 2779 3185 2839 3232; x_wconf 89' lang='lat' dir='ltr'><strong><em>ut</em></strong></span> <span class='ocrx_word' id='word_1_374' title='bbox 2878 3175 3121 3246; x_wconf 90' lang='lat' dir='ltr'><strong><em>perﬁciat</em></strong></span> <span class='ocrx_word' id='word_1_375' title='bbox 3147 3189 3273 3229; x_wconf 88' lang='lat' dir='ltr'><strong><em>eam</em></strong></span> <span class='ocrx_word' id='word_1_376' title='bbox 3300 3167 3625 3243; x_wconf 84' lang='lat' dir='ltr'><strong><em>sperantibus</em></strong></span> <span class='ocrx_word' id='word_1_377' title='bbox 3649 3164 3693 3218; x_wconf 89' lang='lat' dir='ltr'><strong><em>in</em></strong></span> <span class='ocrx_word' id='word_1_378' title='bbox 3723 3174 3769 3216; x_wconf 83' lang='lat' dir='ltr'><strong><em>se</em></strong></span> <span class='ocrx_word' id='word_1_379' title='bbox 3868 3186 3869 3195; x_wconf 57' lang='grc' dir='ltr'>ι</span> 
     </span>
    </p>
   </div>
   <div class='ocr_carea' id='block_1_48' title="bbox 2234 1890 3748 1963">
    <p class='ocr_par' dir='ltr' id='par_1_48' title="bbox 2234 1890 3748 1963">
     <span class='ocr_line' id='line_1_48' title="bbox 2234 1890 3748 1963; baseline -0.006 -15"><span class='ocrx_word' id='word_1_380' title='bbox 2234 1894 2422 1949; x_wconf 90' lang='lat' dir='ltr'><strong><em>virium</em></strong></span> <span class='ocrx_word' id='word_1_381' title='bbox 2458 1894 2672 1959; x_wconf 85' lang='lat' dir='ltr'><strong><em>habeat,</em></strong></span> <span class='ocrx_word' id='word_1_382' title='bbox 2704 1901 3096 1963; x_wconf 85' lang='lat' dir='ltr'><strong><em>paupercscunt</em></strong></span> <span class='ocrx_word' id='word_1_383' title='bbox 3122 1894 3263 1947; x_wconf 72' lang='lat' dir='ltr'><strong><em>vires</em></strong></span> <span class='ocrx_word' id='word_1_384' title='bbox 3289 1890 3416 1961; x_wconf 84' lang='lat' dir='ltr'><strong><em>ejus,</em></strong></span> <span class='ocrx_word' id='word_1_385' title='bbox 3445 1896 3496 1945; x_wconf 90' lang='lat' dir='ltr'><strong><em>et</em></strong></span> <span class='ocrx_word' id='word_1_386' title='bbox 3518 1895 3748 1958; x_wconf 84' lang='lat' dir='ltr'><strong><em>quantum-</em></strong></span> 
     </span>
    </p>
   </div>
   <div class='ocr_carea' id='block_1_49' title="bbox 2230 1968 3749 2056">
    <p class='ocr_par' dir='ltr' id='par_1_49' title="bbox 2230 1968 3749 2056">
     <span class='ocr_line' id='line_1_49' title="bbox 2230 1968 3749 2056; baseline -0.007 -14"><span class='ocrx_word' id='word_1_387' title='bbox 2230 1988 2312 2042; x_wconf 91' lang='lat' dir='ltr'><strong><em>vis</em></strong></span> <span class='ocrx_word' id='word_1_388' title='bbox 2338 1986 2611 2042; x_wconf 83' lang='lat' dir='ltr'><strong><em>soliditate</em></strong></span> <span class='ocrx_word' id='word_1_389' title='bbox 2656 1985 2923 2056; x_wconf 87' lang='lat' dir='ltr'><strong><em>corporali</em></strong></span> <span class='ocrx_word' id='word_1_390' title='bbox 2971 1984 3236 2052; x_wconf 88' lang='lat' dir='ltr'><strong><em>conlidat,</em></strong></span> <span class='ocrx_word' id='word_1_391' title='bbox 3268 1985 3497 2039; x_wconf 88' lang='lat' dir='ltr'><strong><em>dicturus</em></strong></span> <span class='ocrx_word' id='word_1_392' title='bbox 3538 1990 3626 2044; x_wconf 88' lang='lat' dir='ltr'><strong><em>est,</em></strong></span> <span class='ocrx_word' id='word_1_393' title='bbox 3647 1968 3749 2032; x_wconf 75' lang='lat' dir='ltr'><strong><em>Ossa</em></strong></span> 
     </span>
    </p>
   </div>
   <div class='ocr_carea' id='block_1_50' title="bbox 2231 2073 3751 2134">
    <p class='ocr_par' dir='ltr' id='par_1_50' title="bbox 2231 2073 3751 2134">
     <span class='ocr_line' id='line_1_50' title="bbox 2231 2073 3751 2134; baseline -0.007 -2"><span class='ocrx_word' id='word_1_394' title='bbox 2231 2094 2351 2133; x_wconf 88' lang='lat' dir='ltr'><strong><em>mea</em></strong></span> <span class='ocrx_word' id='word_1_395' title='bbox 2392 2077 2712 2133; x_wconf 84' lang='lat' dir='ltr'><strong><em>conturbata</em></strong></span> <span class='ocrx_word' id='word_1_396' title='bbox 2757 2084 2899 2132; x_wconf 92' lang='lat' dir='ltr'><strong><em>sunt.</em></strong></span> <span class='ocrx_word' id='word_1_397' title='bbox 2933 2075 3048 2131; x_wconf 85' lang='lat' dir='ltr'><strong><em>Hoc</em></strong></span> <span class='ocrx_word' id='word_1_398' title='bbox 3075 2092 3209 2132; x_wconf 86' lang='lat' dir='ltr'><strong><em>sane</em></strong></span> <span class='ocrx_word' id='word_1_399' title='bbox 3257 2073 3537 2131; x_wconf 87' lang='lat' dir='ltr'><strong><em>cavendum</em></strong></span> <span class='ocrx_word' id='word_1_400' title='bbox 3586 2080 3673 2134; x_wconf 88' lang='lat' dir='ltr'><strong><em>est,</em></strong></span> <span class='ocrx_word' id='word_1_401' title='bbox 3702 2082 3751 2123; x_wconf 79' lang='lat' dir='ltr'><strong><em>ne</em></strong></span> 
     </span>
    </p>
   </div>
   <div class='ocr_carea' id='block_1_51' title="bbox 2230 2163 3751 2241">
    <p class='ocr_par' dir='ltr' id='par_1_51' title="bbox 2230 2163 3751 2241">
     <span class='ocr_line' id='line_1_51' title="bbox 2230 2163 3751 2241; baseline -0.011 -14"><span class='ocrx_word' id='word_1_402' title='bbox 2230 2187 2393 2241; x_wconf 83' lang='lat' dir='ltr'><strong><em>super</em></strong></span> <span class='ocrx_word' id='word_1_403' title='bbox 2447 2187 2636 2226; x_wconf 89' lang='lat' dir='ltr'><strong><em>omnes</em></strong></span> <span class='ocrx_word' id='word_1_404' title='bbox 2686 2172 2928 2226; x_wconf 89' lang='lat' dir='ltr'><strong><em>inimicos</em></strong></span> <span class='ocrx_word' id='word_1_405' title='bbox 2978 2185 3106 2225; x_wconf 88' lang='lat' dir='ltr'><strong><em>suos</em></strong></span> <span class='ocrx_word' id='word_1_406' title='bbox 3153 2166 3413 2223; x_wconf 88' lang='lat' dir='ltr'><strong><em>efﬁciatur</em></strong></span> <span class='ocrx_word' id='word_1_407' title='bbox 3439 2163 3751 2234; x_wconf 84' lang='lat' dir='ltr'><strong><em>Opprobrium.</em></strong></span> 
     </span>
    </p>
   </div>
   <div class='ocr_carea' id='block_1_52' title="bbox 2232 2253 3755 2333">
    <p class='ocr_par' dir='ltr' id='par_1_52' title="bbox 2232 2253 3755 2333">
     <span class='ocr_line' id='line_1_52' title="bbox 2232 2253 3755 2333; baseline -0.012 -13"><span class='ocrx_word' id='word_1_408' title='bbox 2232 2265 2331 2320; x_wconf 82' lang='lat' dir='ltr'><strong><em>Hic</em></strong></span> <span class='ocrx_word' id='word_1_409' title='bbox 2360 2264 2513 2320; x_wconf 89' lang='lat' dir='ltr'><strong><em>locus</em></strong></span> <span class='ocrx_word' id='word_1_410' title='bbox 2540 2266 2584 2320; x_wconf 92' lang='lat' dir='ltr'><strong><em>si</em></strong></span> <span class='ocrx_word' id='word_1_411' title='bbox 2607 2264 2754 2333; x_wconf 91' lang='lat' dir='ltr'><strong><em>justo</em></strong></span> <span class='ocrx_word' id='word_1_412' title='bbox 2783 2262 2983 2327; x_wconf 89' lang='lat' dir='ltr'><strong><em>evenit,</em></strong></span> <span class='ocrx_word' id='word_1_413' title='bbox 3012 2273 3308 2333; x_wconf 78' lang='lat' dir='ltr'><strong><em>martyrem</em></strong></span> <span class='ocrx_word' id='word_1_414' title='bbox 3335 2258 3485 2321; x_wconf 88' lang='lat' dir='ltr'><strong><em>fecit;</em></strong></span> <span class='ocrx_word' id='word_1_415' title='bbox 3512 2257 3554 2310; x_wconf 97' lang='lat' dir='ltr'><strong><em>si</em></strong></span> <span class='ocrx_word' id='word_1_416' title='bbox 3578 2253 3755 2322; x_wconf 85' lang='lat' dir='ltr'><strong><em>injusto,</em></strong></span> 
     </span>
    </p>
   </div>
   <div class='ocr_carea' id='block_1_53' title="bbox 2232 2343 3756 2422">
    <p class='ocr_par' dir='ltr' id='par_1_53' title="bbox 2232 2343 3756 2422">
     <span class='ocr_line' id='line_1_53' title="bbox 2232 2343 3756 2422; baseline -0.011 -10"><span class='ocrx_word' id='word_1_417' title='bbox 2232 2366 2490 2412; x_wconf 75' lang='lat' dir='ltr'><strong><em>teternam</em></strong></span> <span class='ocrx_word' id='word_1_418' title='bbox 2538 2364 2767 2411; x_wconf 83' lang='lat' dir='ltr'><strong><em>mortem</em></strong></span> <span class='ocrx_word' id='word_1_419' title='bbox 2799 2353 3008 2409; x_wconf 80' lang='lat' dir='ltr'><strong><em>indixit.</em></strong></span> <span class='ocrx_word' id='word_1_420' title='bbox 3040 2352 3245 2422; x_wconf 89' lang='lat' dir='ltr'><strong><em>lnjuste</em></strong></span> <span class='ocrx_word' id='word_1_421' title='bbox 3272 2351 3411 2406; x_wconf 88' lang='lat' dir='ltr'><strong><em>enim</em></strong></span> <span class='ocrx_word' id='word_1_422' title='bbox 3439 2347 3555 2403; x_wconf 90' lang='lat' dir='ltr'><strong><em>odio</em></strong></span> <span class='ocrx_word' id='word_1_423' title='bbox 3586 2343 3756 2422; x_wconf 75' lang='lat' dir='ltr'><strong><em>habitus</em></strong></span> 
     </span>
    </p>
   </div>
   <div class='ocr_carea' id='block_1_54' title="bbox 2233 2421 3759 2515">
    <p class='ocr_par' dir='ltr' id='par_1_54' title="bbox 2233 2421 3759 2515">
     <span class='ocr_line' id='line_1_54' title="bbox 2233 2421 3759 2515; baseline -0.012 -11"><span class='ocrx_word' id='word_1_424' title='bbox 2233 2455 2316 2504; x_wconf 91' lang='lat' dir='ltr'><strong><em>est</em></strong></span> <span class='ocrx_word' id='word_1_425' title='bbox 2344 2448 2520 2503; x_wconf 89' lang='lat' dir='ltr'><strong><em>omnis</em></strong></span> <span class='ocrx_word' id='word_1_426' title='bbox 2547 2455 2785 2512; x_wconf 88' lang='lat' dir='ltr'><strong><em>sanctus,</em></strong></span> <span class='ocrx_word' id='word_1_427' title='bbox 2808 2454 2863 2499; x_wconf 87' lang='lat' dir='ltr'><strong><em>et</em></strong></span> <span class='ocrx_word' id='word_1_428' title='bbox 2887 2447 3001 2515; x_wconf 90' lang='lat' dir='ltr'><strong><em>ipse</em></strong></span> <span class='ocrx_word' id='word_1_429' title='bbox 3016 2444 3181 2500; x_wconf 88' lang='lat' dir='ltr'><strong><em>etiam</em></strong></span> <span class='ocrx_word' id='word_1_430' title='bbox 3203 2441 3477 2497; x_wconf 88' lang='lat' dir='ltr'><strong><em>Dominus.</em></strong></span> <span class='ocrx_word' id='word_1_431' title='bbox 3501 2437 3635 2491; x_wconf 86' lang='lat' dir='ltr'><strong><em>Tunc</em></strong></span> <span class='ocrx_word' id='word_1_432' title='bbox 3650 2421 3759 2488; x_wconf 79' lang='lat' dir='ltr'><strong><em>enini</em></strong></span> 
     </span>
    </p>
   </div>
   <div class='ocr_carea' id='block_1_55' title="bbox 2233 2522 3759 2608">
    <p class='ocr_par' dir='ltr' id='par_1_55' title="bbox 2233 2522 3759 2608">
     <span class='ocr_line' id='line_1_55' title="bbox 2233 2522 3759 2608; baseline -0.013 -12"><span class='ocrx_word' id='word_1_433' title='bbox 2233 2540 2500 2596; x_wconf 81' lang='lat' dir='ltr'><strong><em>exclamat</em></strong></span> <span class='ocrx_word' id='word_1_434' title='bbox 2544 2538 2775 2608; x_wconf 89' lang='lat' dir='ltr'><strong><em>Spiritus</em></strong></span> <span class='ocrx_word' id='word_1_435' title='bbox 2817 2545 3056 2599; x_wconf 88' lang='lat' dir='ltr'><strong><em>sanctus,</em></strong></span> <span class='ocrx_word' id='word_1_436' title='bbox 3107 2535 3253 2590; x_wconf 87' lang='lat' dir='ltr'><strong><em>sicut</em></strong></span> <span class='ocrx_word' id='word_1_437' title='bbox 3292 2534 3345 2587; x_wconf 89' lang='lat' dir='ltr'><strong><em>in</em></strong></span> <span class='ocrx_word' id='word_1_438' title='bbox 3371 2530 3571 2587; x_wconf 84' lang='lat' dir='ltr'><strong><em>Christo</em></strong></span> <span class='ocrx_word' id='word_1_439' title='bbox 3611 2522 3759 2597; x_wconf 66' lang='lat' dir='ltr'><strong><em>praedi-</em></strong></span> 
     </span>
    </p>
   </div>
   <div class='ocr_carea' id='block_1_56' title="bbox 2231 2621 3762 2697">
    <p class='ocr_par' dir='ltr' id='par_1_56' title="bbox 2231 2621 3762 2697">
     <span class='ocr_line' id='line_1_56' title="bbox 2231 2621 3762 2697; baseline -0.015 -8"><span class='ocrx_word' id='word_1_440' title='bbox 2231 2639 2378 2689; x_wconf 89' lang='lat' dir='ltr'><strong><em>ctum</em></strong></span> <span class='ocrx_word' id='word_1_441' title='bbox 2406 2640 2520 2697; x_wconf 86' lang='lat' dir='ltr'><strong><em>est,</em></strong></span> <span class='ocrx_word' id='word_1_442' title='bbox 2549 2639 2608 2686; x_wconf 91' lang='lat' dir='ltr'><strong><em>ut</em></strong></span> <span class='ocrx_word' id='word_1_443' title='bbox 2635 2636 2783 2684; x_wconf 90' lang='lat' dir='ltr'><strong><em>muta</em></strong></span> <span class='ocrx_word' id='word_1_444' title='bbox 2813 2627 2944 2683; x_wconf 87' lang='lat' dir='ltr'><strong><em>ﬁant</em></strong></span> <span class='ocrx_word' id='word_1_445' title='bbox 2979 2628 3119 2683; x_wconf 89' lang='lat' dir='ltr'><strong><em>labia</em></strong></span> <span class='ocrx_word' id='word_1_446' title='bbox 3147 2628 3354 2696; x_wconf 87' lang='lat' dir='ltr'><strong><em>iniqua,</em></strong></span> <span class='ocrx_word' id='word_1_447' title='bbox 3384 2639 3496 2695; x_wconf 74' lang='lat' dir='ltr'><strong><em>qua:</em></strong></span> <span class='ocrx_word' id='word_1_448' title='bbox 3518 2621 3762 2690; x_wconf 81' lang='lat' dir='ltr'><strong><em>loquuntur</em></strong></span> 
     </span>
    </p>
   </div>
   <div class='ocr_carea' id='block_1_57' title="bbox 2232 2716 3761 2792">
    <p class='ocr_par' dir='ltr' id='par_1_57' title="bbox 2232 2716 3761 2792">
     <span class='ocr_line' id='line_1_57' title="bbox 2232 2716 3761 2792; baseline -0.011 -13"><span class='ocrx_word' id='word_1_449' title='bbox 2232 2724 2489 2779; x_wconf 78' lang='lat' dir='ltr'><strong><em>adversus</em></strong></span> <span class='ocrx_word' id='word_1_450' title='bbox 2502 2722 2704 2792; x_wconf 87' lang='lat' dir='ltr'><strong><em>justum</em></strong></span> <span class='ocrx_word' id='word_1_451' title='bbox 2720 2716 3053 2792; x_wconf 78' lang='lat' dir='ltr'><strong><em>iniquitatem</em></strong></span> <span class='ocrx_word' id='word_1_452' title='bbox 3071 2722 3122 2774; x_wconf 90' lang='lat' dir='ltr'><strong><em>in</em></strong></span> <span class='ocrx_word' id='word_1_453' title='bbox 3139 2720 3393 2792; x_wconf 89' lang='lat' dir='ltr'><strong><em>superbia</em></strong></span> <span class='ocrx_word' id='word_1_454' title='bbox 3409 2717 3761 2781; x_wconf 85' lang='lat' dir='ltr'><strong><em>etcontemptu:</em></strong></span> 
     </span>
    </p>
   </div>
   <div class='ocr_carea' id='block_1_58' title="bbox 2232 2805 3767 2886">
    <p class='ocr_par' dir='ltr' id='par_1_58' title="bbox 2232 2805 3767 2886">
     <span class='ocr_line' id='line_1_58' title="bbox 2232 2805 3767 2886; baseline -0.012 -14"><span class='ocrx_word' id='word_1_455' title='bbox 2232 2825 2287 2873; x_wconf 90' lang='lat' dir='ltr'><strong><em>et</em></strong></span> <span class='ocrx_word' id='word_1_456' title='bbox 2313 2816 2555 2886; x_wconf 84' lang='lat' dir='ltr'><strong><em>quamvis</em></strong></span> <span class='ocrx_word' id='word_1_457' title='bbox 2584 2812 2967 2868; x_wconf 87' lang='lat' dir='ltr'><strong><em>amaritudiues</em></strong></span> <span class='ocrx_word' id='word_1_458' title='bbox 2996 2812 3277 2881; x_wconf 88' lang='lat' dir='ltr'><strong><em>patiuntur</em></strong></span> <span class='ocrx_word' id='word_1_459' title='bbox 3300 2807 3432 2878; x_wconf 87' lang='lat' dir='ltr'><strong><em>justi</em></strong></span> <span class='ocrx_word' id='word_1_460' title='bbox 3476 2806 3525 2860; x_wconf 89' lang='lat' dir='ltr'><strong><em>in</em></strong></span> <span class='ocrx_word' id='word_1_461' title='bbox 3560 2805 3653 2858; x_wconf 89' lang='lat' dir='ltr'><strong><em>hoc</em></strong></span> <span class='ocrx_word' id='word_1_462' title='bbox 3688 2812 3767 2854; x_wconf 68' lang='lat' dir='ltr'><strong><em>sm-</em></strong></span> 
     </span>
    </p>
   </div>
   <div class='ocr_carea' id='block_1_59' title="bbox 2232 2896 3762 2976">
    <p class='ocr_par' dir='ltr' id='par_1_59' title="bbox 2232 2896 3762 2976">
     <span class='ocr_line' id='line_1_59' title="bbox 2232 2896 3762 2976; baseline -0.014 -10"><span class='ocrx_word' id='word_1_463' title='bbox 2232 2910 2375 2975; x_wconf 89' lang='lat' dir='ltr'><strong><em>culo,</em></strong></span> <span class='ocrx_word' id='word_1_464' title='bbox 2399 2909 2496 2965; x_wconf 86' lang='lat' dir='ltr'><strong><em>sed</em></strong></span> <span class='ocrx_word' id='word_1_465' title='bbox 2524 2921 2714 2976; x_wconf 82' lang='lat' dir='ltr'><strong><em>magna</em></strong></span> <span class='ocrx_word' id='word_1_466' title='bbox 2746 2904 3031 2959; x_wconf 90' lang='lat' dir='ltr'><strong><em>multitudo</em></strong></span> <span class='ocrx_word' id='word_1_467' title='bbox 3058 2903 3360 2957; x_wconf 88' lang='lat' dir='ltr'><strong><em>dulcedinis</em></strong></span> <span class='ocrx_word' id='word_1_468' title='bbox 3400 2915 3491 2955; x_wconf 92' lang='lat' dir='ltr'><strong><em>eos</em></strong></span> <span class='ocrx_word' id='word_1_469' title='bbox 3516 2896 3762 2964; x_wconf 79' lang='lat' dir='ltr'><strong><em>exspectat,</em></strong></span> 
     </span>
    </p>
   </div>
   <div class='ocr_carea' id='block_1_60' title="bbox 2229 2987 3766 3069">
    <p class='ocr_par' dir='ltr' id='par_1_60' title="bbox 2229 2987 3766 3069">
     <span class='ocr_line' id='line_1_60' title="bbox 2229 2987 3766 3069; baseline -0.014 -14"><span class='ocrx_word' id='word_1_470' title='bbox 2229 3001 2277 3055; x_wconf 82' lang='lat' dir='ltr'><strong><em>si</em></strong></span> <span class='ocrx_word' id='word_1_471' title='bbox 2306 2997 2792 3069; x_wconf 77' lang='lat' dir='ltr'><strong><em>perseveraverint,</em></strong></span> <span class='ocrx_word' id='word_1_472' title='bbox 2825 2996 2879 3049; x_wconf 90' lang='lat' dir='ltr'><strong><em>in</em></strong></span> <span class='ocrx_word' id='word_1_473' title='bbox 2910 2993 3117 3057; x_wconf 90' lang='lat' dir='ltr'><strong><em>futuro,</em></strong></span> <span class='ocrx_word' id='word_1_474' title='bbox 3148 3008 3314 3061; x_wconf 87' lang='lat' dir='ltr'><strong><em>quam</em></strong></span> <span class='ocrx_word' id='word_1_475' title='bbox 3346 2989 3552 3046; x_wconf 88' lang='lat' dir='ltr'><strong><em>interim</em></strong></span> <span class='ocrx_word' id='word_1_476' title='bbox 3578 2987 3766 3039; x_wconf 87' lang='lat' dir='ltr'><strong><em>abscon-</em></strong></span> 
     </span>
    </p>
   </div>
   <div class='ocr_carea' id='block_1_61' title="bbox 2231 3077 3768 3146">
    <p class='ocr_par' dir='ltr' id='par_1_61' title="bbox 2231 3077 3768 3146">
     <span class='ocr_line' id='line_1_61' title="bbox 2231 3077 3768 3146; baseline -0.011 -1"><span class='ocrx_word' id='word_1_477' title='bbox 2231 3091 2310 3146; x_wconf 85' lang='lat' dir='ltr'><strong><em>dit</em></strong></span> <span class='ocrx_word' id='word_1_478' title='bbox 2339 3089 2595 3144; x_wconf 90' lang='lat' dir='ltr'><strong><em>Dominus</em></strong></span> <span class='ocrx_word' id='word_1_479' title='bbox 2623 3086 2934 3142; x_wconf 89' lang='lat' dir='ltr'><strong><em>timentibns</em></strong></span> <span class='ocrx_word' id='word_1_480' title='bbox 2960 3099 3040 3140; x_wconf 89' lang='lat' dir='ltr'><strong><em>se.</em></strong></span> <span class='ocrx_word' id='word_1_481' title='bbox 3069 3082 3188 3138; x_wconf 86' lang='lat' dir='ltr'><strong><em>Non</em></strong></span> <span class='ocrx_word' id='word_1_482' title='bbox 3221 3083 3337 3137; x_wconf 89' lang='lat' dir='ltr'><strong><em>vult</em></strong></span> <span class='ocrx_word' id='word_1_483' title='bbox 3364 3097 3477 3135; x_wconf 90' lang='lat' dir='ltr'><strong><em>eam</em></strong></span> <span class='ocrx_word' id='word_1_484' title='bbox 3505 3080 3556 3133; x_wconf 92' lang='lat' dir='ltr'><strong><em>in</em></strong></span> <span class='ocrx_word' id='word_1_485' title='bbox 3581 3077 3669 3131; x_wconf 88' lang='lat' dir='ltr'><strong><em>hoc</em></strong></span> <span class='ocrx_word' id='word_1_486' title='bbox 3690 3087 3768 3126; x_wconf 74' lang='lat' dir='ltr'><strong><em>sa:-</em></strong></span> 
     </span>
    </p>
   </div>
   <div class='ocr_carea' id='block_1_62' title="bbox 547 3252 3770 3341">
    <p class='ocr_par' dir='ltr' id='par_1_62' title="bbox 547 3252 3770 3341">
     <span class='ocr_line' id='line_1_62' title="bbox 547 3252 3770 3341; baseline -0.005 -18"><span class='ocrx_word' id='word_1_487' title='bbox 547 3267 686 3323; x_wconf 75' lang='lat' dir='ltr'><strong><em>Dcus</em></strong></span> <span class='ocrx_word' id='word_1_488' title='bbox 700 3271 845 3323; x_wconf 75' lang='lat' dir='ltr'><strong><em>meus</em></strong></span> <span class='ocrx_word' id='word_1_489' title='bbox 867 3285 922 3323; x_wconf 79' lang='lat' dir='ltr'><strong><em>es</em></strong></span> <span class='ocrx_word' id='word_1_490' title='bbox 945 3279 1015 3334; x_wconf 88' lang='lat' dir='ltr'><strong><em>tu,</em></strong></span> <span class='ocrx_word' id='word_1_491' title='bbox 1037 3270 1093 3322; x_wconf 90' lang='lat' dir='ltr'><strong><em>in</em></strong></span> <span class='ocrx_word' id='word_1_492' title='bbox 1113 3267 1349 3322; x_wconf 72' lang='lat' dir='ltr'><strong><em>matribus</em></strong></span> <span class='ocrx_word' id='word_1_493' title='bbox 1381 3269 1670 3333; x_wconf 55' lang='lat' dir='ltr'><strong><em>tuistsortes</em></strong></span> <span class='ocrx_word' id='word_1_494' title='bbox 1695 3286 1837 3324; x_wconf 76' lang='lat' dir='ltr'><strong><em>mere.</em></strong></span> <span class='ocrx_word' id='word_1_495' title='bbox 1871 3270 2134 3341; x_wconf 75' lang='lat' dir='ltr'><strong><em>Eripeme</em></strong></span> <span class='ocrx_word' id='word_1_496' title='bbox 2233 3287 2419 3328; x_wconf 87' lang='lat' dir='ltr'><strong><em>coram</em></strong></span> <span class='ocrx_word' id='word_1_497' title='bbox 2448 3271 2570 3325; x_wconf 87' lang='lat' dir='ltr'><strong><em>ﬁliis</em></strong></span> <span class='ocrx_word' id='word_1_498' title='bbox 2588 3270 2883 3333; x_wconf 80' lang='lat' dir='ltr'><strong><em>hominum,</em></strong></span> <span class='ocrx_word' id='word_1_499' title='bbox 2905 3267 3000 3336; x_wconf 90' lang='lat' dir='ltr'><strong><em>qui</em></strong></span> <span class='ocrx_word' id='word_1_500' title='bbox 3024 3281 3119 3321; x_wconf 89' lang='lat' dir='ltr'><strong><em>eos</em></strong></span> <span class='ocrx_word' id='word_1_501' title='bbox 3146 3265 3438 3321; x_wconf 88' lang='lat' dir='ltr'><strong><em>irriserint.</em></strong></span> <span class='ocrx_word' id='word_1_502' title='bbox 3462 3261 3526 3315; x_wconf 85' lang='lat' dir='ltr'><strong><em>Et</em></strong></span> <span class='ocrx_word' id='word_1_503' title='bbox 3544 3274 3669 3314; x_wconf 88' lang='lat' dir='ltr'><strong><em>nunc</em></strong></span> <span class='ocrx_word' id='word_1_504' title='bbox 3684 3252 3770 3323; x_wconf 84' lang='lat' dir='ltr'><strong><em>qui-</em></strong></span> 
     </span>
    </p>
   </div>
   <div class='ocr_carea' id='block_1_63' title="bbox 528 3359 2130 3433">
    <p class='ocr_par' dir='ltr' id='par_1_63' title="bbox 528 3359 2130 3433">
     <span class='ocr_line' id='line_1_63' title="bbox 528 3359 2130 3433; baseline -0.002 -15"><span class='ocrx_word' id='word_1_505' title='bbox 528 3365 610 3419; x_wconf 64' lang='lat' dir='ltr'><strong><em>‘de</em></strong></span> <span class='ocrx_word' id='word_1_506' title='bbox 636 3360 870 3417; x_wconf 74' lang='lat' dir='ltr'><strong><em>mnibus</em></strong></span> <span class='ocrx_word' id='word_1_507' title='bbox 900 3362 1248 3415; x_wconf 66' lang='lat' dir='ltr'><strong><em>inimicorum</em></strong></span> <span class='ocrx_word' id='word_1_508' title='bbox 1274 3377 1534 3426; x_wconf 67' lang='lat' dir='ltr'><strong><em>meorum;</em></strong></span> <span class='ocrx_word' id='word_1_509' title='bbox 1566 3370 1617 3414; x_wconf 89' lang='lat' dir='ltr'><strong><em>et</em></strong></span> <span class='ocrx_word' id='word_1_510' title='bbox 1643 3374 1675 3414; x_wconf 83' lang='grc' dir='ltr'><em>α</em></span> <span class='ocrx_word' id='word_1_511' title='bbox 1717 3359 2130 3433; x_wconf 67' lang='lat' dir='ltr'><strong><em>persequentibus</em></strong></span> 
     </span>
    </p>
   </div>
   <div class='ocr_carea' id='block_1_64' title="bbox 546 3454 2129 3525">
    <p class='ocr_par' dir='ltr' id='par_1_64' title="bbox 546 3454 2129 3525">
     <span class='ocr_line' id='line_1_64' title="bbox 546 3454 2129 3525; baseline -0.004 -14"><span class='ocrx_word' id='word_1_512' title='bbox 546 3466 642 3511; x_wconf 76' lang='lat' dir='ltr'><strong><em>me.</em></strong></span> <span class='ocrx_word' id='word_1_513' title='bbox 679 3454 897 3508; x_wconf 83' lang='lat' dir='ltr'><strong><em>Illustra</em></strong></span> <span class='ocrx_word' id='word_1_514' title='bbox 947 3454 1307 3525; x_wconf 57' lang='grc' dir='ltr'><strong><em>[πέρκη-[ιω</em></strong></span> <span class='ocrx_word' id='word_1_515' title='bbox 1327 3469 1480 3524; x_wconf 86' lang='lat' dir='ltr'><strong><em>super</em></strong></span> <span class='ocrx_word' id='word_1_516' title='bbox 1499 3469 1708 3511; x_wconf 74' lang='lat' dir='ltr'><strong><em>servum</em></strong></span> <span class='ocrx_word' id='word_1_517' title='bbox 1736 3454 2129 3519; x_wconf 35' lang='lat' dir='ltr'><strong><em>tuumqealaum</em></strong></span> 
     </span>
    </p>
   </div>
   <div class='ocr_carea' id='block_1_65' title="bbox 545 3530 2128 3618">
    <p class='ocr_par' dir='ltr' id='par_1_65' title="bbox 545 3530 2128 3618">
     <span class='ocr_line' id='line_1_65' title="bbox 545 3530 2128 3618; baseline -0.003 -17"><span class='ocrx_word' id='word_1_518' title='bbox 545 3555 626 3601; x_wconf 72' lang='lat' dir='ltr'><strong><em>me</em></strong></span> <span class='ocrx_word' id='word_1_519' title='bbox 665 3548 751 3618; x_wconf 82' lang='lat' dir='ltr'><strong><em>fac</em></strong></span> <span class='ocrx_word' id='word_1_520' title='bbox 777 3548 829 3600; x_wconf 88' lang='lat' dir='ltr'><strong><em>in</em></strong></span> <span class='ocrx_word' id='word_1_521' title='bbox 858 3543 1220 3600; x_wconf 72' lang='lat' dir='ltr'><strong><em>misericordia</em></strong></span> <span class='ocrx_word' id='word_1_522' title='bbox 1270 3553 1386 3607; x_wconf 85' lang='lat' dir='ltr'><strong><em>tua,</em></strong></span> <span class='ocrx_word' id='word_1_523' title='bbox 1418 3530 2128 3615; x_wconf 56' lang='lat' dir='ltr'><strong><em>Domine,.nouf.§0nfundar</em></strong></span> 
     </span>
    </p>
   </div>
   <div class='ocr_carea' id='block_1_66' title="bbox 542 3625 2126 3710">
    <p class='ocr_par' dir='ltr' id='par_1_66' title="bbox 542 3625 2126 3710">
     <span class='ocr_line' id='line_1_66' title="bbox 542 3625 2126 3710; baseline -0.003 -19"><span class='ocrx_word' id='word_1_524' title='bbox 542 3638 787 3710; x_wconf 72' lang='lat' dir='ltr'><strong><em>quoniam</em></strong></span> <span class='ocrx_word' id='word_1_525' title='bbox 827 3636 1060 3690; x_wconf 73' lang='lat' dir='ltr'><strong><em>invocavi</em></strong></span> <span class='ocrx_word' id='word_1_526' title='bbox 1089 3642 1151 3690; x_wconf 83' lang='lat' dir='ltr'><strong><em>te.</em></strong></span> <span class='ocrx_word' id='word_1_527' title='bbox 1202 3632 1523 3687; x_wconf 82' lang='lat' dir='ltr'><strong><em>Erubescant</em></strong></span> <span class='ocrx_word' id='word_1_528' title='bbox 1546 3635 1692 3704; x_wconf 69' lang='lat' dir='ltr'><strong><em>impii</em></strong></span> <span class='ocrx_word' id='word_1_529' title='bbox 1731 3643 1781 3693; x_wconf 85' lang='lat' dir='ltr'><strong><em>et</em></strong></span> <span class='ocrx_word' id='word_1_530' title='bbox 1808 3625 2126 3687; x_wconf 72' lang='lat' dir='ltr'><strong><em>deducantur</em></strong></span> 
     </span>
    </p>
   </div>
   <div class='ocr_carea' id='block_1_67' title="bbox 543 3721 2125 3797">
    <p class='ocr_par' dir='ltr' id='par_1_67' title="bbox 543 3721 2125 3797">
     <span class='ocr_line' id='line_1_67' title="bbox 543 3721 2125 3797; baseline -0.001 -17"><span class='ocrx_word' id='word_1_531' title='bbox 543 3728 597 3780; x_wconf 90' lang='lat' dir='ltr'><strong><em>in</em></strong></span> <span class='ocrx_word' id='word_1_532' title='bbox 614 3728 899 3797; x_wconf 68' lang='lat' dir='ltr'><strong><em>infernum,</em></strong></span> <span class='ocrx_word' id='word_1_533' title='bbox 924 3732 1069 3779; x_wconf 79' lang='lat' dir='ltr'><strong><em>muta</em></strong></span> <span class='ocrx_word' id='word_1_534' title='bbox 1114 3724 1248 3794; x_wconf 76' lang='lat' dir='ltr'><strong><em>ﬂant</em></strong></span> <span class='ocrx_word' id='word_1_535' title='bbox 1274 3724 1415 3777; x_wconf 80' lang='lat' dir='ltr'><strong><em>labia</em></strong></span> <span class='ocrx_word' id='word_1_536' title='bbox 1441 3723 1641 3780; x_wconf 54' lang='lat' dir='ltr'><strong><em>dolosas</em></strong></span> <span class='ocrx_word' id='word_1_537' title='bbox 1688 3721 1821 3787; x_wconf 67' lang='lat' dir='ltr'><strong><em>Quae</em></strong></span> <span class='ocrx_word' id='word_1_538' title='bbox 1851 3724 2125 3796; x_wconf 78' lang='lat' dir='ltr'><strong><em>loquuntur</em></strong></span> 
     </span>
    </p>
   </div>
   <div class='ocr_carea' id='block_1_68' title="bbox 543 3806 2121 3887">
    <p class='ocr_par' dir='ltr' id='par_1_68' title="bbox 543 3806 2121 3887">
     <span class='ocr_line' id='line_1_68' title="bbox 543 3806 2121 3887; baseline 0.001 -17"><span class='ocrx_word' id='word_1_539' title='bbox 543 3806 785 3870; x_wconf 58' lang='lat' dir='ltr'><strong><em>adversm</em></strong></span> <span class='ocrx_word' id='word_1_540' title='bbox 797 3815 1000 3885; x_wconf 73' lang='lat' dir='ltr'><strong><em>justum</em></strong></span> <span class='ocrx_word' id='word_1_541' title='bbox 1015 3816 1358 3887; x_wconf 80' lang='lat' dir='ltr'><strong><em>iniquitatem,</em></strong></span> <span class='ocrx_word' id='word_1_542' title='bbox 1375 3816 1429 3869; x_wconf 88' lang='lat' dir='ltr'><strong><em>in</em></strong></span> <span class='ocrx_word' id='word_1_543' title='bbox 1457 3815 1697 3885; x_wconf 81' lang='lat' dir='ltr'><strong><em>superbia</em></strong></span> <span class='ocrx_word' id='word_1_544' title='bbox 1714 3826 1764 3875; x_wconf 87' lang='lat' dir='ltr'><strong><em>et</em></strong></span> <span class='ocrx_word' id='word_1_545' title='bbox 1782 3817 1835 3870; x_wconf 83' lang='lat' dir='ltr'><strong><em>in</em></strong></span> <span class='ocrx_word' id='word_1_546' title='bbox 1857 3818 2121 3872; x_wconf 79' lang='lat' dir='ltr'><strong><em>abusione.</em></strong></span> 
     </span>
    </p>
   </div>
   <div class='ocr_carea' id='block_1_69' title="bbox 545 3890 2124 3979">
    <p class='ocr_par' dir='ltr' id='par_1_69' title="bbox 545 3890 2124 3979">
     <span class='ocr_line' id='line_1_69' title="bbox 545 3890 2124 3979; baseline 0.001 -20"><span class='ocrx_word' id='word_1_547' title='bbox 545 3892 929 3977; x_wconf 72' lang='lat' dir='ltr'><strong><em>Quaimnagna</em></strong></span> <span class='ocrx_word' id='word_1_548' title='bbox 946 3904 1228 3960; x_wconf 75' lang='lat' dir='ltr'><strong><em>multitudo</em></strong></span> <span class='ocrx_word' id='word_1_549' title='bbox 1249 3905 1533 3960; x_wconf 83' lang='lat' dir='ltr'><strong><em>dulcedinis</em></strong></span> <span class='ocrx_word' id='word_1_550' title='bbox 1564 3890 1944 3974; x_wconf 66' lang='lat' dir='ltr'><strong><em>tuc,‘Duinine,</em></strong></span> <span class='ocrx_word' id='word_1_551' title='bbox 1968 3923 2124 3979; x_wconf 81' lang='lat' dir='ltr'><strong><em>quam</em></strong></span> 
     </span>
    </p>
   </div>
   <div class='ocr_carea' id='block_1_70' title="bbox 543 3998 2122 4073">
    <p class='ocr_par' dir='ltr' id='par_1_70' title="bbox 543 3998 2122 4073">
     <span class='ocr_line' id='line_1_70' title="bbox 543 3998 2122 4073; baseline 0 -18"><span class='ocrx_word' id='word_1_552' title='bbox 543 3998 856 4055; x_wconf 79' lang='lat' dir='ltr'><strong><em>abscondisti</em></strong></span> <span class='ocrx_word' id='word_1_553' title='bbox 886 4000 1179 4054; x_wconf 80' lang='lat' dir='ltr'><strong><em>timentibus</em></strong></span> <span class='ocrx_word' id='word_1_554' title='bbox 1210 4001 1290 4054; x_wconf 88' lang='lat' dir='ltr'><strong><em>te!</em></strong></span> <span class='ocrx_word' id='word_1_555' title='bbox 1313 3998 1588 4072; x_wconf 77' lang='lat' dir='ltr'><strong><em>Perfecisti</em></strong></span> <span class='ocrx_word' id='word_1_556' title='bbox 1612 4002 1686 4055; x_wconf 86' lang='lat' dir='ltr'><strong><em>eis</em></strong></span> <span class='ocrx_word' id='word_1_557' title='bbox 1722 4003 1810 4073; x_wconf 74' lang='lat' dir='ltr'><strong><em>qui</em></strong></span> <span class='ocrx_word' id='word_1_558' title='bbox 1830 4011 2041 4073; x_wconf 85' lang='lat' dir='ltr'><strong><em>sperant</em></strong></span> <span class='ocrx_word' id='word_1_559' title='bbox 2065 4004 2122 4056; x_wconf 84' lang='lat' dir='ltr'><strong><em>in</em></strong></span> 
     </span>
    </p>
   </div>
   <div class='ocr_carea' id='block_1_71' title="bbox 541 4088 2120 4163">
    <p class='ocr_par' dir='ltr' id='par_1_71' title="bbox 541 4088 2120 4163">
     <span class='ocr_line' id='line_1_71' title="bbox 541 4088 2120 4163; baseline 0.001 -16"><span class='ocrx_word' id='word_1_560' title='bbox 541 4088 693 4156; x_wconf 55' lang='lat' dir='ltr'><strong><em>min</em></strong></span> <span class='ocrx_word' id='word_1_561' title='bbox 733 4100 1007 4163; x_wconf 83' lang='lat' dir='ltr'><strong><em>conspectu</em></strong></span> <span class='ocrx_word' id='word_1_562' title='bbox 1044 4091 1274 4162; x_wconf 81' lang='lat' dir='ltr'><strong><em>[iliorum</em></strong></span> <span class='ocrx_word' id='word_1_563' title='bbox 1301 4092 1586 4147; x_wconf 83' lang='lat' dir='ltr'><strong><em>hominum.</em></strong></span> <span class='ocrx_word' id='word_1_564' title='bbox 1616 4092 1912 4149; x_wconf 76' lang='lat' dir='ltr'><strong><em>Abscondes</em></strong></span> <span class='ocrx_word' id='word_1_565' title='bbox 1939 4111 2026 4150; x_wconf 88' lang='lat' dir='ltr'><strong><em>eos</em></strong></span> <span class='ocrx_word' id='word_1_566' title='bbox 2065 4096 2120 4148; x_wconf 83' lang='lat' dir='ltr'><strong><em>in</em></strong></span> 
     </span>
    </p>
   </div>
   <div class='ocr_carea' id='block_1_72' title="bbox 540 4184 2120 4255">
    <p class='ocr_par' dir='ltr' id='par_1_72' title="bbox 540 4184 2120 4255">
     <span class='ocr_line' id='line_1_72' title="bbox 540 4184 2120 4255; baseline 0.001 -14"><span class='ocrx_word' id='word_1_567' title='bbox 540 4186 844 4241; x_wconf 79' lang='lat' dir='ltr'><strong><em>abscondito</em></strong></span> <span class='ocrx_word' id='word_1_568' title='bbox 871 4184 1027 4255; x_wconf 77' lang='lat' dir='ltr'><strong><em>faciei</em></strong></span> <span class='ocrx_word' id='word_1_569' title='bbox 1047 4193 1163 4251; x_wconf 70' lang='lat' dir='ltr'><strong><em>tute,</em></strong></span> <span class='ocrx_word' id='word_1_570' title='bbox 1194 4202 1229 4239; x_wconf 78' lang='grc' dir='ltr'>α</span> <span class='ocrx_word' id='word_1_571' title='bbox 1250 4184 1639 4241; x_wconf 82' lang='lat' dir='ltr'><strong><em>conturbatione</em></strong></span> <span class='ocrx_word' id='word_1_572' title='bbox 1661 4187 1947 4242; x_wconf 80' lang='lat' dir='ltr'><strong><em>hominum.</em></strong></span> <span class='ocrx_word' id='word_1_573' title='bbox 1978 4186 2120 4243; x_wconf 82' lang='lat' dir='ltr'><strong><em>Pro-</em></strong></span> 
     </span>
    </p>
   </div>
   <div class='ocr_carea' id='block_1_73' title="bbox 539 4273 2122 4349">
    <p class='ocr_par' dir='ltr' id='par_1_73' title="bbox 539 4273 2122 4349">
     <span class='ocr_line' id='line_1_73' title="bbox 539 4273 2122 4349; baseline 0.001 -19"><span class='ocrx_word' id='word_1_574' title='bbox 539 4284 679 4349; x_wconf 55' lang='grc' dir='ltr'><strong><em>ἀρα</em></strong></span> <span class='ocrx_word' id='word_1_575' title='bbox 714 4282 801 4331; x_wconf 80' lang='lat' dir='ltr'><strong><em>eos</em></strong></span> <span class='ocrx_word' id='word_1_576' title='bbox 827 4277 882 4330; x_wconf 84' lang='lat' dir='ltr'><strong><em>in</em></strong></span> <span class='ocrx_word' id='word_1_577' title='bbox 912 4273 1243 4330; x_wconf 84' lang='lat' dir='ltr'><strong><em>tabernaculo</em></strong></span> <span class='ocrx_word' id='word_1_578' title='bbox 1281 4284 1386 4342; x_wconf 78' lang='lat' dir='ltr'><strong><em>tuo,</em></strong></span> <span class='ocrx_word' id='word_1_579' title='bbox 1416 4291 1449 4328; x_wconf 93' lang='lat' dir='ltr'><strong><em>a</em></strong></span> <span class='ocrx_word' id='word_1_580' title='bbox 1476 4277 1885 4331; x_wconf 85' lang='lat' dir='ltr'><strong><em>contradictione</em></strong></span> <span class='ocrx_word' id='word_1_581' title='bbox 1911 4278 2122 4349; x_wconf 82' lang='lat' dir='ltr'><strong><em>lingua-</em></strong></span> 
     </span>
    </p>
   </div>
   <div class='ocr_carea' id='block_1_74' title="bbox 540 4364 2120 4439">
    <p class='ocr_par' dir='ltr' id='par_1_74' title="bbox 540 4364 2120 4439">
     <span class='ocr_line' id='line_1_74' title="bbox 540 4364 2120 4439; baseline 0.002 -17"><span class='ocrx_word' id='word_1_582' title='bbox 540 4374 671 4422; x_wconf 81' lang='lat' dir='ltr'><strong><em>rum.</em></strong></span> <span class='ocrx_word' id='word_1_583' title='bbox 704 4366 1008 4421; x_wconf 67' lang='lat' dir='ltr'><strong><em>Benedictus</em></strong></span> <span class='ocrx_word' id='word_1_584' title='bbox 1039 4364 1310 4430; x_wconf 76' lang='lat' dir='ltr'><strong><em>Dominus,</em></strong></span> <span class='ocrx_word' id='word_1_585' title='bbox 1343 4368 1589 4439; x_wconf 84' lang='lat' dir='ltr'><strong><em>quoniam</em></strong></span> <span class='ocrx_word' id='word_1_586' title='bbox 1633 4369 1929 4439; x_wconf 68' lang='lat' dir='ltr'><strong><em>miri/ienuit</em></strong></span> <span class='ocrx_word' id='word_1_587' title='bbox 1965 4372 2120 4425; x_wconf 84' lang='lat' dir='ltr'><strong><em>mise-</em></strong></span> 
     </span>
    </p>
   </div>
   <div class='ocr_carea' id='block_1_75' title="bbox 539 4456 2118 4530">
    <p class='ocr_par' dir='ltr' id='par_1_75' title="bbox 539 4456 2118 4530">
     <span class='ocr_line' id='line_1_75' title="bbox 539 4456 2118 4530; baseline 0.001 -18"><span class='ocrx_word' id='word_1_588' title='bbox 539 4456 821 4513; x_wconf 77' lang='lat' dir='ltr'><strong><em>ricordiam</em></strong></span> <span class='ocrx_word' id='word_1_589' title='bbox 871 4463 1013 4510; x_wconf 75' lang='lat' dir='ltr'><strong><em>tuam</em></strong></span> <span class='ocrx_word' id='word_1_590' title='bbox 1062 4457 1189 4510; x_wconf 82' lang='lat' dir='ltr'><strong><em>mihi</em></strong></span> <span class='ocrx_word' id='word_1_591' title='bbox 1219 4458 1272 4510; x_wconf 80' lang='lat' dir='ltr'><strong><em>in</em></strong></span> <span class='ocrx_word' id='word_1_592' title='bbox 1301 4459 1508 4512; x_wconf 81' lang='lat' dir='ltr'><strong><em>civitate</em></strong></span> <span class='ocrx_word' id='word_1_593' title='bbox 1554 4460 1773 4513; x_wconf 78' lang='lat' dir='ltr'><strong><em>munita.</em></strong></span> <span class='ocrx_word' id='word_1_594' title='bbox 1809 4458 1921 4530; x_wconf 82' lang='lat' dir='ltr'><strong><em>Ego</em></strong></span> <span class='ocrx_word' id='word_1_595' title='bbox 1948 4470 2118 4514; x_wconf 83' lang='lat' dir='ltr'><strong><em>autem</em></strong></span> 
     </span>
    </p>
   </div>
   <div class='ocr_carea' id='block_1_76' title="bbox 2232 3348 3771 3419">
    <p class='ocr_par' dir='ltr' id='par_1_76' title="bbox 2232 3348 3771 3419">
     <span class='ocr_line' id='line_1_76' title="bbox 2232 3348 3771 3419; baseline -0.014 0"><span class='ocrx_word' id='word_1_596' title='bbox 2232 3365 2353 3419; x_wconf 87' lang='lat' dir='ltr'><strong><em>dem</em></strong></span> <span class='ocrx_word' id='word_1_597' title='bbox 2404 3361 2685 3417; x_wconf 83' lang='lat' dir='ltr'><strong><em>abscondit</em></strong></span> <span class='ocrx_word' id='word_1_598' title='bbox 2737 3373 2832 3415; x_wconf 87' lang='lat' dir='ltr'><strong><em>eos</em></strong></span> <span class='ocrx_word' id='word_1_599' title='bbox 2879 3359 2931 3412; x_wconf 90' lang='lat' dir='ltr'><strong><em>in</em></strong></span> <span class='ocrx_word' id='word_1_600' title='bbox 2968 3357 3150 3412; x_wconf 88' lang='lat' dir='ltr'><strong><em>abdito</em></strong></span> <span class='ocrx_word' id='word_1_601' title='bbox 3210 3358 3394 3411; x_wconf 90' lang='lat' dir='ltr'><strong><em>vultus</em></strong></span> <span class='ocrx_word' id='word_1_602' title='bbox 3445 3353 3552 3417; x_wconf 88' lang='lat' dir='ltr'><strong><em>sui,</em></strong></span> <span class='ocrx_word' id='word_1_603' title='bbox 3589 3348 3771 3405; x_wconf 83' lang='lat' dir='ltr'><strong><em>utsicut</em></strong></span> 
     </span>
    </p>
   </div>
   <div class='ocr_carea' id='block_1_77' title="bbox 2232 3441 3771 3524">
    <p class='ocr_par' dir='ltr' id='par_1_77' title="bbox 2232 3441 3771 3524">
     <span class='ocr_line' id='line_1_77' title="bbox 2232 3441 3771 3524; baseline -0.012 -16"><span class='ocrx_word' id='word_1_604' title='bbox 2232 3454 2400 3524; x_wconf 85' lang='lat' dir='ltr'><strong><em>ipsius</em></strong></span> <span class='ocrx_word' id='word_1_605' title='bbox 2427 3452 2605 3507; x_wconf 88' lang='lat' dir='ltr'><strong><em>vultus</em></strong></span> <span class='ocrx_word' id='word_1_606' title='bbox 2645 3451 2717 3504; x_wconf 92' lang='lat' dir='ltr'><strong><em>ita</em></strong></span> <span class='ocrx_word' id='word_1_607' title='bbox 2748 3455 2866 3503; x_wconf 91' lang='lat' dir='ltr'><strong><em>erat</em></strong></span> <span class='ocrx_word' id='word_1_608' title='bbox 2907 3448 2962 3501; x_wconf 91' lang='lat' dir='ltr'><strong><em>in</em></strong></span> <span class='ocrx_word' id='word_1_609' title='bbox 2990 3447 3195 3513; x_wconf 88' lang='lat' dir='ltr'><strong><em>abdito,</em></strong></span> <span class='ocrx_word' id='word_1_610' title='bbox 3245 3457 3308 3502; x_wconf 89' lang='lat' dir='ltr'><strong><em>ut</em></strong></span> <span class='ocrx_word' id='word_1_611' title='bbox 3335 3454 3607 3517; x_wconf 83' lang='lat' dir='ltr'><strong><em>putaretur</em></strong></span> <span class='ocrx_word' id='word_1_612' title='bbox 3643 3441 3771 3494; x_wconf 85' lang='lat' dir='ltr'><strong><em>homo</em></strong></span> 
     </span>
    </p>
   </div>
   <div class='ocr_carea' id='block_1_78' title="bbox 2232 3535 3773 3607">
    <p class='ocr_par' dir='ltr' id='par_1_78' title="bbox 2232 3535 3773 3607">
     <span class='ocr_line' id='line_1_78' title="bbox 2232 3535 3773 3607; baseline -0.011 -9"><span class='ocrx_word' id='word_1_613' title='bbox 2232 3551 2456 3607; x_wconf 85' lang='lat' dir='ltr'><strong><em>tantum,</em></strong></span> <span class='ocrx_word' id='word_1_614' title='bbox 2490 3543 2563 3596; x_wconf 87' lang='lat' dir='ltr'><strong><em>ita</em></strong></span> <span class='ocrx_word' id='word_1_615' title='bbox 2592 3547 2646 3595; x_wconf 90' lang='lat' dir='ltr'><strong><em>et</em></strong></span> <span class='ocrx_word' id='word_1_616' title='bbox 2675 3540 2762 3595; x_wconf 90' lang='lat' dir='ltr'><strong><em>isti</em></strong></span> <span class='ocrx_word' id='word_1_617' title='bbox 2788 3555 2909 3595; x_wconf 92' lang='lat' dir='ltr'><strong><em>cum</em></strong></span> <span class='ocrx_word' id='word_1_618' title='bbox 2938 3539 3046 3594; x_wconf 85' lang='lat' dir='ltr'><strong><em>sint</em></strong></span> <span class='ocrx_word' id='word_1_619' title='bbox 3072 3539 3259 3607; x_wconf 81' lang='lat' dir='ltr'><strong><em>magni</em></strong></span> <span class='ocrx_word' id='word_1_620' title='bbox 3291 3547 3347 3592; x_wconf 90' lang='lat' dir='ltr'><strong><em>et</em></strong></span> <span class='ocrx_word' id='word_1_621' title='bbox 3375 3536 3563 3600; x_wconf 89' lang='lat' dir='ltr'><strong><em>sancti,</em></strong></span> <span class='ocrx_word' id='word_1_622' title='bbox 3593 3535 3773 3586; x_wconf 86' lang='lat' dir='ltr'><strong><em>abscon-</em></strong></span> 
     </span>
    </p>
   </div>
   <div class='ocr_carea' id='block_1_79' title="bbox 2231 3616 3774 3689">
    <p class='ocr_par' dir='ltr' id='par_1_79' title="bbox 2231 3616 3774 3689">
     <span class='ocr_line' id='line_1_79' title="bbox 2231 3616 3774 3689; baseline -0.012 0"><span class='ocrx_word' id='word_1_623' title='bbox 2231 3634 2312 3689; x_wconf 86' lang='lat' dir='ltr'><strong><em>dit</em></strong></span> <span class='ocrx_word' id='word_1_624' title='bbox 2338 3647 2433 3688; x_wconf 86' lang='lat' dir='ltr'><strong><em>eos</em></strong></span> <span class='ocrx_word' id='word_1_625' title='bbox 2478 3633 2531 3687; x_wconf 88' lang='lat' dir='ltr'><strong><em>in</em></strong></span> <span class='ocrx_word' id='word_1_626' title='bbox 2585 3618 2766 3686; x_wconf 82' lang='lat' dir='ltr'><strong><em>abdito</em></strong></span> <span class='ocrx_word' id='word_1_627' title='bbox 2794 3629 2974 3685; x_wconf 89' lang='lat' dir='ltr'><strong><em>vultus</em></strong></span> <span class='ocrx_word' id='word_1_628' title='bbox 3002 3628 3084 3683; x_wconf 90' lang='lat' dir='ltr'><strong><em>sui</em></strong></span> <span class='ocrx_word' id='word_1_629' title='bbox 3114 3644 3142 3681; x_wconf 88' lang='lat' dir='ltr'><strong><em>a</em></strong></span> <span class='ocrx_word' id='word_1_630' title='bbox 3174 3627 3589 3685; x_wconf 83' lang='lat' dir='ltr'><strong><em>conturbatione</em></strong></span> <span class='ocrx_word' id='word_1_631' title='bbox 3636 3616 3774 3675; x_wconf 86' lang='lat' dir='ltr'><strong><em>homi-</em></strong></span> 
     </span>
    </p>
   </div>
   <div class='ocr_carea' id='block_1_80' title="bbox 2231 3716 3776 3796">
    <p class='ocr_par' dir='ltr' id='par_1_80' title="bbox 2231 3716 3776 3796">
     <span class='ocr_line' id='line_1_80' title="bbox 2231 3716 3776 3796; baseline -0.014 -11"><span class='ocrx_word' id='word_1_632' title='bbox 2231 3742 2380 3796; x_wconf 78' lang='lat' dir='ltr'><strong><em>num,</em></strong></span> <span class='ocrx_word' id='word_1_633' title='bbox 2411 3744 2481 3785; x_wconf 86' lang='lat' dir='ltr'><strong><em>ne</em></strong></span> <span class='ocrx_word' id='word_1_634' title='bbox 2505 3728 2634 3783; x_wconf 87' lang='lat' dir='ltr'><strong><em>dum</em></strong></span> <span class='ocrx_word' id='word_1_635' title='bbox 2652 3725 3052 3782; x_wconf 85' lang='lat' dir='ltr'><strong><em>manifestatum</em></strong></span> <span class='ocrx_word' id='word_1_636' title='bbox 3081 3722 3246 3779; x_wconf 83' lang='lat' dir='ltr'><strong><em>fuerit</em></strong></span> <span class='ocrx_word' id='word_1_637' title='bbox 3266 3739 3367 3779; x_wconf 90' lang='lat' dir='ltr'><strong><em>eos</em></strong></span> <span class='ocrx_word' id='word_1_638' title='bbox 3387 3736 3504 3777; x_wconf 86' lang='lat' dir='ltr'><strong><em>esse</em></strong></span> <span class='ocrx_word' id='word_1_639' title='bbox 3529 3724 3720 3774; x_wconf 89' lang='lat' dir='ltr'><strong><em>sanctos</em></strong></span> <span class='ocrx_word' id='word_1_640' title='bbox 3734 3716 3776 3765; x_wconf 87' lang='lat' dir='ltr'><strong><em>et</em></strong></span> 
     </span>
    </p>
   </div>
   <div class='ocr_carea' id='block_1_81' title="bbox 2232 3806 3777 3884">
    <p class='ocr_par' dir='ltr' id='par_1_81' title="bbox 2232 3806 3777 3884">
     <span class='ocr_line' id='line_1_81' title="bbox 2232 3806 3777 3884; baseline -0.013 -8"><span class='ocrx_word' id='word_1_641' title='bbox 2232 3824 2435 3876; x_wconf 83' lang='lat' dir='ltr'><strong><em>amicos</em></strong></span> <span class='ocrx_word' id='word_1_642' title='bbox 2479 3818 2608 3884; x_wconf 90' lang='lat' dir='ltr'><strong><em>Dei,</em></strong></span> <span class='ocrx_word' id='word_1_643' title='bbox 2659 3817 3008 3874; x_wconf 86' lang='lat' dir='ltr'><strong><em>conturbetnr</em></strong></span> <span class='ocrx_word' id='word_1_644' title='bbox 3058 3815 3126 3870; x_wconf 89' lang='lat' dir='ltr'><strong><em>ab</em></strong></span> <span class='ocrx_word' id='word_1_645' title='bbox 3171 3817 3462 3871; x_wconf 88' lang='lat' dir='ltr'><strong><em>hominum</em></strong></span> <span class='ocrx_word' id='word_1_646' title='bbox 3515 3806 3777 3866; x_wconf 87' lang='lat' dir='ltr'><strong><em>adulatione</em></strong></span> 
     </span>
    </p>
   </div>
   <div class='ocr_carea' id='block_1_82' title="bbox 2230 3897 3777 3985">
    <p class='ocr_par' dir='ltr' id='par_1_82' title="bbox 2230 3897 3777 3985">
     <span class='ocr_line' id='line_1_82' title="bbox 2230 3897 3777 3985; baseline -0.015 -16"><span class='ocrx_word' id='word_1_647' title='bbox 2230 3913 2577 3985; x_wconf 82' lang='lat' dir='ltr'><strong><em>propositum</em></strong></span> <span class='ocrx_word' id='word_1_648' title='bbox 2593 3924 2798 3966; x_wconf 86' lang='lat' dir='ltr'><strong><em>eorum.</em></strong></span> <span class='ocrx_word' id='word_1_649' title='bbox 2825 3907 2936 3964; x_wconf 88' lang='lat' dir='ltr'><strong><em>Sed</em></strong></span> <span class='ocrx_word' id='word_1_650' title='bbox 2964 3916 3089 3962; x_wconf 89' lang='lat' dir='ltr'><strong><em>tunc</em></strong></span> <span class='ocrx_word' id='word_1_651' title='bbox 3117 3906 3381 3962; x_wconf 86' lang='lat' dir='ltr'><strong><em>miriﬁcat</em></strong></span> <span class='ocrx_word' id='word_1_652' title='bbox 3399 3897 3777 3960; x_wconf 86' lang='lat' dir='ltr'><strong><em>misericordiam</em></strong></span> 
     </span>
    </p>
   </div>
   <div class='ocr_carea' id='block_1_83' title="bbox 2227 3990 3777 4072">
    <p class='ocr_par' dir='ltr' id='par_1_83' title="bbox 2227 3990 3777 4072">
     <span class='ocr_line' id='line_1_83' title="bbox 2227 3990 3777 4072; baseline -0.014 -10"><span class='ocrx_word' id='word_1_653' title='bbox 2227 4021 2381 4063; x_wconf 85' lang='lat' dir='ltr'><strong><em>suam</em></strong></span> <span class='ocrx_word' id='word_1_654' title='bbox 2410 4006 2463 4060; x_wconf 91' lang='lat' dir='ltr'><strong><em>in</em></strong></span> <span class='ocrx_word' id='word_1_655' title='bbox 2491 4005 2589 4069; x_wconf 86' lang='lat' dir='ltr'><strong><em>eis,</em></strong></span> <span class='ocrx_word' id='word_1_656' title='bbox 2612 4018 2742 4059; x_wconf 87' lang='lat' dir='ltr'><strong><em>cum</em></strong></span> <span class='ocrx_word' id='word_1_657' title='bbox 2776 4000 3084 4072; x_wconf 89' lang='lat' dir='ltr'><strong><em>apparuerit</em></strong></span> <span class='ocrx_word' id='word_1_658' title='bbox 3110 3999 3311 4055; x_wconf 86' lang='lat' dir='ltr'><strong><em>civitas</em></strong></span> <span class='ocrx_word' id='word_1_659' title='bbox 3336 3990 3777 4055; x_wconf 86' lang='lat' dir='ltr'><strong><em>circumstantium,</em></strong></span> 
     </span>
    </p>
   </div>
   <div class='ocr_carea' id='block_1_84' title="bbox 2222 4072 3778 4165">
    <p class='ocr_par' dir='ltr' id='par_1_84' title="bbox 2222 4072 3778 4165">
     <span class='ocr_line' id='line_1_84' title="bbox 2222 4072 3778 4165; baseline -0.011 -14"><span class='ocrx_word' id='word_1_660' title='bbox 2222 4110 2386 4165; x_wconf 88' lang='lat' dir='ltr'><strong><em>quam</em></strong></span> <span class='ocrx_word' id='word_1_661' title='bbox 2413 4095 2771 4150; x_wconf 86' lang='lat' dir='ltr'><strong><em>circumstant</em></strong></span> <span class='ocrx_word' id='word_1_662' title='bbox 2788 4092 2984 4160; x_wconf 81' lang='lat' dir='ltr'><strong><em>angeli,</em></strong></span> <span class='ocrx_word' id='word_1_663' title='bbox 3024 4090 3221 4145; x_wconf 79' lang='lat' dir='ltr'><strong><em>civitas</em></strong></span> <span class='ocrx_word' id='word_1_664' title='bbox 3278 4072 3460 4145; x_wconf 79' lang='lat' dir='ltr'><strong><em>mater</em></strong></span> <span class='ocrx_word' id='word_1_665' title='bbox 3512 4091 3778 4142; x_wconf 85' lang='lat' dir='ltr'><strong><em>sanctorum</em></strong></span> 
     </span>
    </p>
   </div>
   <div class='ocr_carea' id='block_1_85' title="bbox 2221 4170 3781 4252">
    <p class='ocr_par' dir='ltr' id='par_1_85' title="bbox 2221 4170 3781 4252">
     <span class='ocr_line' id='line_1_85' title="bbox 2221 4170 3781 4252; baseline -0.01 -7"><span class='ocrx_word' id='word_1_666' title='bbox 2221 4188 2540 4245; x_wconf 72' lang='lat' dir='ltr'><strong><em>Jerusalem.</em></strong></span> <span class='ocrx_word' id='word_1_667' title='bbox 2563 4185 2701 4252; x_wconf 87' lang='lat' dir='ltr'><strong><em>Quid</em></strong></span> <span class='ocrx_word' id='word_1_668' title='bbox 2729 4193 2842 4240; x_wconf 90' lang='lat' dir='ltr'><strong><em>tum</em></strong></span> <span class='ocrx_word' id='word_1_669' title='bbox 2862 4184 2936 4240; x_wconf 91' lang='lat' dir='ltr'><strong><em>ibi</em></strong></span> <span class='ocrx_word' id='word_1_670' title='bbox 2964 4184 3209 4239; x_wconf 89' lang='lat' dir='ltr'><strong><em>dicturus</em></strong></span> <span class='ocrx_word' id='word_1_671' title='bbox 3239 4192 3329 4239; x_wconf 89' lang='lat' dir='ltr'><strong><em>est</em></strong></span> <span class='ocrx_word' id='word_1_672' title='bbox 3352 4183 3563 4252; x_wconf 90' lang='lat' dir='ltr'><strong><em>justus;</em></strong></span> <span class='ocrx_word' id='word_1_673' title='bbox 3591 4178 3701 4232; x_wconf 88' lang='lat' dir='ltr'><strong><em>dum</em></strong></span> <span class='ocrx_word' id='word_1_674' title='bbox 3717 4170 3781 4224; x_wconf 76' lang='lat' dir='ltr'><strong><em>vi-</em></strong></span> 
     </span>
    </p>
   </div>
   <div class='ocr_carea' id='block_1_86' title="bbox 2220 4264 3779 4346">
    <p class='ocr_par' dir='ltr' id='par_1_86' title="bbox 2220 4264 3779 4346">
     <span class='ocr_line' id='line_1_86' title="bbox 2220 4264 3779 4346; baseline -0.012 -10"><span class='ocrx_word' id='word_1_675' title='bbox 2220 4281 2405 4336; x_wconf 86' lang='lat' dir='ltr'><strong><em>derem</em></strong></span> <span class='ocrx_word' id='word_1_676' title='bbox 2433 4294 2521 4334; x_wconf 89' lang='lat' dir='ltr'><strong><em>me</em></strong></span> <span class='ocrx_word' id='word_1_677' title='bbox 2549 4279 2603 4333; x_wconf 89' lang='lat' dir='ltr'><strong><em>in</em></strong></span> <span class='ocrx_word' id='word_1_678' title='bbox 2628 4277 2827 4333; x_wconf 68' lang='lat' dir='ltr'><strong><em>smculo</em></strong></span> <span class='ocrx_word' id='word_1_679' title='bbox 2853 4292 2954 4346; x_wconf 88' lang='lat' dir='ltr'><strong><em>pro</em></strong></span> <span class='ocrx_word' id='word_1_680' title='bbox 2982 4284 3226 4331; x_wconf 83' lang='lat' dir='ltr'><strong><em>stercore</em></strong></span> <span class='ocrx_word' id='word_1_681' title='bbox 3253 4274 3519 4330; x_wconf 81' lang='lat' dir='ltr'><strong><em>:nstimari</em></strong></span> <span class='ocrx_word' id='word_1_682' title='bbox 3545 4272 3609 4325; x_wconf 88' lang='lat' dir='ltr'><strong><em>ab</em></strong></span> <span class='ocrx_word' id='word_1_683' title='bbox 3634 4264 3779 4321; x_wconf 84' lang='lat' dir='ltr'><strong><em>omni-</em></strong></span> 
     </span>
    </p>
   </div>
   <div class='ocr_carea' id='block_1_87' title="bbox 2222 4360 3784 4434">
    <p class='ocr_par' dir='ltr' id='par_1_87' title="bbox 2222 4360 3784 4434">
     <span class='ocr_line' id='line_1_87' title="bbox 2222 4360 3784 4434; baseline -0.012 -9"><span class='ocrx_word' id='word_1_684' title='bbox 2222 4371 2340 4434; x_wconf 83' lang='lat' dir='ltr'><strong><em>bus,</em></strong></span> <span class='ocrx_word' id='word_1_685' title='bbox 2371 4369 2480 4423; x_wconf 90' lang='lat' dir='ltr'><strong><em>dixi</em></strong></span> <span class='ocrx_word' id='word_1_686' title='bbox 2511 4367 2566 4422; x_wconf 92' lang='lat' dir='ltr'><strong><em>in</em></strong></span> <span class='ocrx_word' id='word_1_687' title='bbox 2611 4366 2774 4423; x_wconf 88' lang='lat' dir='ltr'><strong><em>corde</em></strong></span> <span class='ocrx_word' id='word_1_688' title='bbox 2800 4380 2945 4431; x_wconf 88' lang='lat' dir='ltr'><strong><em>meo,</em></strong></span> <span class='ocrx_word' id='word_1_689' title='bbox 2976 4363 3258 4433; x_wconf 88' lang='lat' dir='ltr'><strong><em>Projectus</em></strong></span> <span class='ocrx_word' id='word_1_690' title='bbox 3300 4379 3426 4419; x_wconf 90' lang='lat' dir='ltr'><strong><em>sum</em></strong></span> <span class='ocrx_word' id='word_1_691' title='bbox 3457 4379 3489 4417; x_wconf 91' lang='lat' dir='ltr'><strong><em>a</em></strong></span> <span class='ocrx_word' id='word_1_692' title='bbox 3514 4360 3655 4417; x_wconf 86' lang='lat' dir='ltr'><strong><em>vultu</em></strong></span> <span class='ocrx_word' id='word_1_693' title='bbox 3680 4368 3784 4411; x_wconf 85' lang='lat' dir='ltr'><strong><em>ocu-</em></strong></span> 
     </span>
    </p>
   </div>
   <div class='ocr_carea' id='block_1_88' title="bbox 2222 4443 3782 4520">
    <p class='ocr_par' dir='ltr' id='par_1_88' title="bbox 2222 4443 3782 4520">
     <span class='ocr_line' id='line_1_88' title="bbox 2222 4443 3782 4520; baseline -0.007 -7"><span class='ocrx_word' id='word_1_694' title='bbox 2222 4459 2396 4513; x_wconf 85' lang='lat' dir='ltr'><strong><em>lorum</em></strong></span> <span class='ocrx_word' id='word_1_695' title='bbox 2425 4465 2661 4512; x_wconf 82' lang='lat' dir='ltr'><strong><em>tuorum.</em></strong></span> <span class='ocrx_word' id='word_1_696' title='bbox 2687 4454 2767 4511; x_wconf 91' lang='lat' dir='ltr'><strong><em>Tu</em></strong></span> <span class='ocrx_word' id='word_1_697' title='bbox 2787 4463 2965 4511; x_wconf 88' lang='lat' dir='ltr'><strong><em>autem</em></strong></span> <span class='ocrx_word' id='word_1_698' title='bbox 3005 4453 3275 4510; x_wconf 85' lang='lat' dir='ltr'><strong><em>exaudisti</em></strong></span> <span class='ocrx_word' id='word_1_699' title='bbox 3303 4469 3521 4518; x_wconf 88' lang='lat' dir='ltr'><strong><em>vocem,</em></strong></span> <span class='ocrx_word' id='word_1_700' title='bbox 3551 4449 3667 4520; x_wconf 86' lang='lat' dir='ltr'><strong><em>quia</em></strong></span> <span class='ocrx_word' id='word_1_701' title='bbox 3690 4443 3782 4498; x_wconf 70' lang='lat' dir='ltr'><strong><em>cla-</em></strong></span> 
     </span>
    </p>
   </div>
   <div class='ocr_carea' id='block_1_89' title="bbox 538 4520 3795 4633">
    <p class='ocr_par' dir='ltr' id='par_1_89' title="bbox 538 4520 3795 4633">
     <span class='ocr_line' id='line_1_89' title="bbox 538 4520 3795 4633; baseline -0.001 -31"><span class='ocrx_word' id='word_1_702' title='bbox 538 4551 647 4603; x_wconf 77' lang='lat' dir='ltr'><strong><em>dia-i</em></strong></span> <span class='ocrx_word' id='word_1_703' title='bbox 674 4551 727 4603; x_wconf 80' lang='lat' dir='ltr'><strong><em>in</em></strong></span> <span class='ocrx_word' id='word_1_704' title='bbox 756 4550 967 4603; x_wconf 58' lang='lat' dir='ltr'><strong><em>encc&#39;ssu</em></strong></span> <span class='ocrx_word' id='word_1_705' title='bbox 992 4548 1179 4602; x_wconf 74' lang='lat' dir='ltr'><strong><em>utentis</em></strong></span> <span class='ocrx_word' id='word_1_706' title='bbox 1199 4560 1345 4615; x_wconf 73' lang='lat' dir='ltr'><strong><em>mete,</em></strong></span> <span class='ocrx_word' id='word_1_707' title='bbox 1364 4548 1627 4619; x_wconf 82' lang='lat' dir='ltr'><strong><em>Projectus</em></strong></span> <span class='ocrx_word' id='word_1_708' title='bbox 1652 4565 1767 4604; x_wconf 77' lang='lat' dir='ltr'><strong><em>sum</em></strong></span> <span class='ocrx_word' id='word_1_709' title='bbox 1790 4567 1823 4604; x_wconf 75' lang='grc' dir='ltr'>α</span> <span class='ocrx_word' id='word_1_710' title='bbox 1851 4520 1986 4622; x_wconf 59' lang='lat' dir='ltr'><strong><em>facie</em></strong></span> <span class='ocrx_word' id='word_1_711' title='bbox 2004 4566 2120 4605; x_wconf 81' lang='lat' dir='ltr'><strong><em>ocu-</em></strong></span> <span class='ocrx_word' id='word_1_712' title='bbox 2151 4520 2198 4578; x_wconf 67' lang='grc' dir='ltr'><strong>Β</strong></span> <span class='ocrx_word' id='word_1_713' title='bbox 2223 4550 2364 4605; x_wconf 87' lang='lat' dir='ltr'><strong><em>mavi</em></strong></span> <span class='ocrx_word' id='word_1_714' title='bbox 2394 4548 2460 4603; x_wconf 89' lang='lat' dir='ltr'><strong><em>ad</em></strong></span> <span class='ocrx_word' id='word_1_715' title='bbox 2488 4556 2561 4604; x_wconf 88' lang='lat' dir='ltr'><strong><em>te.</em></strong></span> <span class='ocrx_word' id='word_1_716' title='bbox 2585 4547 2761 4603; x_wconf 87' lang='lat' dir='ltr'><strong><em>Nolite</em></strong></span> <span class='ocrx_word' id='word_1_717' title='bbox 2775 4561 2905 4615; x_wconf 79' lang='lat' dir='ltr'><strong><em>ergo</em></strong></span> <span class='ocrx_word' id='word_1_718' title='bbox 2934 4554 3197 4601; x_wconf 88' lang='lat' dir='ltr'><strong><em>terrorem</em></strong></span> <span class='ocrx_word' id='word_1_719' title='bbox 3217 4546 3360 4617; x_wconf 84' lang='lat' dir='ltr'><strong><em>pati,</em></strong></span> <span class='ocrx_word' id='word_1_720' title='bbox 3378 4543 3557 4600; x_wconf 85' lang='lat' dir='ltr'><strong><em>sancti</em></strong></span> <span class='ocrx_word' id='word_1_721' title='bbox 3585 4533 3795 4633; x_wconf 35' lang='lat' dir='ltr'><strong><em>Domit-&quot;5&#39;,&quot;</em></strong></span> 
     </span>
    </p>
   </div>
   <div class='ocr_carea' id='block_1_90' title="bbox 537 4637 2117 4711">
    <p class='ocr_par' dir='ltr' id='par_1_90' title="bbox 537 4637 2117 4711">
     <span class='ocr_line' id='line_1_90' title="bbox 537 4637 2117 4711; baseline 0.002 -17"><span class='ocrx_word' id='word_1_722' title='bbox 537 4643 701 4694; x_wconf 69' lang='lat' dir='ltr'><strong><em>lorum</em></strong></span> <span class='ocrx_word' id='word_1_723' title='bbox 724 4642 943 4694; x_wconf 68' lang='lat' dir='ltr'><strong><em>tuorum.</em></strong></span> <span class='ocrx_word' id='word_1_724' title='bbox 992 4637 1121 4693; x_wconf 75' lang='lat' dir='ltr'><strong><em>Ideo</em></strong></span> <span class='ocrx_word' id='word_1_725' title='bbox 1159 4638 1417 4711; x_wconf 64' lang='lat' dir='ltr'><strong><em>exaudiui</em></strong></span> <span class='ocrx_word' id='word_1_726' title='bbox 1444 4655 1615 4695; x_wconf 76' lang='lat' dir='ltr'><strong><em>vocem</em></strong></span> <span class='ocrx_word' id='word_1_727' title='bbox 1661 4644 1912 4696; x_wconf 86' lang='lat' dir='ltr'><strong><em>orationis</em></strong></span> <span class='ocrx_word' id='word_1_728' title='bbox 1954 4656 2117 4707; x_wconf 64' lang='lat' dir='ltr'><strong><em>mea,</em></strong></span> 
     </span>
    </p>
   </div>
   <div class='ocr_carea' id='block_1_91' title="bbox 535 4725 2161 4802">
    <p class='ocr_par' dir='ltr' id='par_1_91' title="bbox 535 4725 2161 4802">
     <span class='ocr_line' id='line_1_91' title="bbox 535 4725 2161 4802; baseline 0.002 -20"><span class='ocrx_word' id='word_1_729' title='bbox 535 4730 657 4783; x_wconf 65' lang='lat' dir='ltr'><strong><em>dum</em></strong></span> <span class='ocrx_word' id='word_1_730' title='bbox 682 4728 959 4783; x_wconf 75' lang='lat' dir='ltr'><strong><em>clamarem</em></strong></span> <span class='ocrx_word' id='word_1_731' title='bbox 976 4728 1052 4783; x_wconf 81' lang='lat' dir='ltr'><strong><em>ad</em></strong></span> <span class='ocrx_word' id='word_1_732' title='bbox 1078 4728 1142 4782; x_wconf 78' lang='lat' dir='ltr'><strong><em>te.</em></strong></span> <span class='ocrx_word' id='word_1_733' title='bbox 1194 4728 1408 4802; x_wconf 76' lang='lat' dir='ltr'><strong><em>Diligite</em></strong></span> <span class='ocrx_word' id='word_1_734' title='bbox 1427 4729 1728 4799; x_wconf 74' lang='lat' dir='ltr'><strong><em>Dominum,</em></strong></span> <span class='ocrx_word' id='word_1_735' title='bbox 1751 4725 1928 4789; x_wconf 70' lang='lat' dir='ltr'><strong><em>omnes</em></strong></span> <span class='ocrx_word' id='word_1_736' title='bbox 1950 4735 2118 4788; x_wconf 86' lang='lat' dir='ltr'><strong><em>sancti</em></strong></span> <span class='ocrx_word' id='word_1_737' title='bbox 2158 4782 2161 4785; x_wconf 34' lang='grc' dir='ltr'><strong><em>γ</em></strong></span> 
     </span>
    </p>
   </div>
   <div class='ocr_carea' id='block_1_92' title="bbox 533 4814 2120 4893">
    <p class='ocr_par' dir='ltr' id='par_1_92' title="bbox 533 4814 2120 4893">
     <span class='ocr_line' id='line_1_92' title="bbox 533 4814 2120 4893; baseline 0.006 -23"><span class='ocrx_word' id='word_1_738' title='bbox 533 4814 938 4890; x_wconf 47' lang='lat' dir='ltr'><strong><em>cium-quoniam</em></strong></span> <span class='ocrx_word' id='word_1_739' title='bbox 964 4821 1228 4874; x_wconf 62' lang='lat' dir='ltr'><strong><em>ueritatem</em></strong></span> <span class='ocrx_word' id='word_1_740' title='bbox 1255 4823 1478 4893; x_wconf 77' lang='lat' dir='ltr'><strong><em>requiret</em></strong></span> <span class='ocrx_word' id='word_1_741' title='bbox 1497 4822 1773 4891; x_wconf 86' lang='lat' dir='ltr'><strong><em>Dominus,</em></strong></span> <span class='ocrx_word' id='word_1_742' title='bbox 1800 4836 1848 4879; x_wconf 88' lang='lat' dir='ltr'><strong><em>et</em></strong></span> <span class='ocrx_word' id='word_1_743' title='bbox 1876 4826 2120 4881; x_wconf 82' lang='lat' dir='ltr'><strong><em>retribuet</em></strong></span> 
     </span>
    </p>
   </div>
   <div class='ocr_carea' id='block_1_93' title="bbox 536 4912 2120 4990">
    <p class='ocr_par' dir='ltr' id='par_1_93' title="bbox 536 4912 2120 4990">
     <span class='ocr_line' id='line_1_93' title="bbox 536 4912 2120 4990; baseline 0.004 -22"><span class='ocrx_word' id='word_1_744' title='bbox 536 4912 859 4982; x_wconf 78' lang='lat' dir='ltr'><strong><em>abundanter</em></strong></span> <span class='ocrx_word' id='word_1_745' title='bbox 905 4916 1209 4988; x_wconf 73' lang='lat' dir='ltr'><strong><em>facientibus</em></strong></span> <span class='ocrx_word' id='word_1_746' title='bbox 1247 4918 1560 4990; x_wconf 84' lang='lat' dir='ltr'><strong><em>superbiam.</em></strong></span> <span class='ocrx_word' id='word_1_747' title='bbox 1602 4918 1836 4974; x_wconf 86' lang='lat' dir='ltr'><strong><em>Viriliter</em></strong></span> <span class='ocrx_word' id='word_1_748' title='bbox 1882 4923 2021 4990; x_wconf 79' lang='lat' dir='ltr'><strong><em>agite</em></strong></span> <span class='ocrx_word' id='word_1_749' title='bbox 2069 4928 2120 4974; x_wconf 87' lang='lat' dir='ltr'><strong><em>et</em></strong></span> 
     </span>
    </p>
   </div>
   <div class='ocr_carea' id='block_1_94' title="bbox 489 5006 2114 5089">
    <p class='ocr_par' dir='ltr' id='par_1_94' title="bbox 489 5006 2114 5089">
     <span class='ocr_line' id='line_1_94' title="bbox 489 5006 2114 5089; baseline 0.004 -28"><span class='ocrx_word' id='word_1_750' title='bbox 489 5006 493 5013; x_wconf 85' lang='grc'><em>’</em></span> <span class='ocrx_word' id='word_1_751' title='bbox 534 5008 849 5085; x_wconf 64' lang='lat' dir='ltr'><strong><em>confer-tetat-</em></strong></span> <span class='ocrx_word' id='word_1_752' title='bbox 874 5021 962 5089; x_wconf 75' lang='lat' dir='ltr'><strong><em>cor</em></strong></span> <span class='ocrx_word' id='word_1_753' title='bbox 980 5010 1223 5076; x_wconf 55' lang='lat' dir='ltr'><strong><em>term,</em></strong></span> <span class='ocrx_word' id='word_1_754' title='bbox 1243 5016 1419 5067; x_wconf 68' lang='lat' dir='ltr'><strong><em>omnes</em></strong></span> <span class='ocrx_word' id='word_1_755' title='bbox 1444 5014 1529 5085; x_wconf 83' lang='lat' dir='ltr'><strong><em>qui</em></strong></span> <span class='ocrx_word' id='word_1_756' title='bbox 1551 5015 1769 5085; x_wconf 70' lang='lat' dir='ltr'><strong><em>speratis</em></strong></span> <span class='ocrx_word' id='word_1_757' title='bbox 1789 5015 1843 5068; x_wconf 82' lang='lat' dir='ltr'><strong><em>in</em></strong></span> <span class='ocrx_word' id='word_1_758' title='bbox 1869 5012 2114 5070; x_wconf 84' lang='lat' dir='ltr'><strong><em>Domino.</em></strong></span> 
     </span>
    </p>
   </div>
   <div class='ocr_carea' id='block_1_95' title="bbox 1109 5151 1544 5225">
    <p class='ocr_par' dir='ltr' id='par_1_95' title="bbox 1109 5151 1544 5225">
     <span class='ocr_line' id='line_1_95' title="bbox 1109 5151 1544 5225; baseline -0.005 -22"><span class='ocrx_word' id='word_1_759' title='bbox 1109 5151 1544 5225; x_wconf 71' lang='lat' dir='ltr'><strong><em>counea&#39;rnw‘u.</em></strong></span> 
     </span>
    </p>
   </div>
   <div class='ocr_carea' id='block_1_96' title="bbox 606 5260 2117 5347">
    <p class='ocr_par' dir='ltr' id='par_1_96' title="bbox 606 5260 2117 5347">
     <span class='ocr_line' id='line_1_96' title="bbox 606 5260 2117 5347; baseline 0.001 -14"><span class='ocrx_word' id='word_1_760' title='bbox 942 5277 1190 5347; x_wconf 73' lang='lat' dir='ltr'><strong><em>psalmus</em></strong></span> <span class='ocrx_word' id='word_1_761' title='bbox 1216 5279 1387 5346; x_wconf 81' lang='lat' dir='ltr'><strong><em>spem,</em></strong></span> <span class='ocrx_word' id='word_1_762' title='bbox 1417 5281 1538 5347; x_wconf 64' lang='lat' dir='ltr'><strong><em>qua:</em></strong></span> <span class='ocrx_word' id='word_1_763' title='bbox 1570 5277 1626 5332; x_wconf 73' lang='lat' dir='ltr'><strong><em>in</em></strong></span> <span class='ocrx_word' id='word_1_764' title='bbox 1655 5277 1766 5334; x_wconf 79' lang='lat' dir='ltr'><strong><em>Deo</em></strong></span> <span class='ocrx_word' id='word_1_765' title='bbox 1787 5295 1892 5344; x_wconf 65' lang='grc' dir='ltr'><strong><em>ωε,</em></strong></span> <span class='ocrx_word' id='word_1_766' title='bbox 1918 5280 2117 5336; x_wconf 72' lang='lat' dir='ltr'><strong><em>assem</em></strong></span> 
     </span>
    </p>
   </div>
   <div class='ocr_carea' id='block_1_97' title="bbox 533 5366 2112 5428">
    <p class='ocr_par' dir='ltr' id='par_1_97' title="bbox 533 5366 2112 5428">
     <span class='ocr_line' id='line_1_97' title="bbox 533 5366 2112 5428; baseline 0.001 -3"><span class='ocrx_word' id='word_1_767' title='bbox 533 5368 804 5426; x_wconf 73' lang='lat' dir='ltr'><strong><em>hominem</em></strong></span> <span class='ocrx_word' id='word_1_768' title='bbox 832 5371 899 5425; x_wconf 73' lang='lat' dir='ltr'><strong><em>ab</em></strong></span> <span class='ocrx_word' id='word_1_769' title='bbox 925 5366 1126 5425; x_wconf 66' lang='lat' dir='ltr'><strong><em>aeterna</em></strong></span> <span class='ocrx_word' id='word_1_770' title='bbox 1142 5368 1469 5424; x_wconf 74' lang='lat' dir='ltr'><strong><em>confusione</em></strong></span> <span class='ocrx_word' id='word_1_771' title='bbox 1516 5369 1765 5427; x_wconf 76' lang='lat' dir='ltr'><strong><em>liberare.</em></strong></span> <span class='ocrx_word' id='word_1_772' title='bbox 1797 5369 1942 5427; x_wconf 80' lang='lat' dir='ltr'><strong><em>Deus</em></strong></span> <span class='ocrx_word' id='word_1_773' title='bbox 1968 5372 2112 5428; x_wconf 88' lang='lat' dir='ltr'><strong><em>enim</em></strong></span> 
     </span>
    </p>
   </div>
   <div class='ocr_carea' id='block_1_98' title="bbox 531 5452 2115 5533">
    <p class='ocr_par' dir='ltr' id='par_1_98' title="bbox 531 5452 2115 5533">
     <span class='ocr_line' id='line_1_98' title="bbox 531 5452 2115 5533; baseline 0.001 -17"><span class='ocrx_word' id='word_1_774' title='bbox 531 5477 631 5533; x_wconf 86' lang='lat' dir='ltr'><strong><em>pro</em></strong></span> <span class='ocrx_word' id='word_1_775' title='bbox 653 5452 862 5533; x_wconf 68' lang='lat' dir='ltr'><strong><em>iustitia</em></strong></span> <span class='ocrx_word' id='word_1_776' title='bbox 896 5462 999 5515; x_wconf 74' lang='lat' dir='ltr'><strong><em>sua</em></strong></span> <span class='ocrx_word' id='word_1_777' title='bbox 1034 5466 1313 5530; x_wconf 77' lang='lat' dir='ltr'><strong><em>sperantes</em></strong></span> <span class='ocrx_word' id='word_1_778' title='bbox 1334 5460 1397 5513; x_wconf 79' lang='lat' dir='ltr'><strong><em>in</em></strong></span> <span class='ocrx_word' id='word_1_779' title='bbox 1421 5472 1484 5514; x_wconf 85' lang='lat' dir='ltr'><strong><em>se</em></strong></span> <span class='ocrx_word' id='word_1_780' title='bbox 1511 5459 1704 5516; x_wconf 76' lang='lat' dir='ltr'><strong><em>liberat</em></strong></span> <span class='ocrx_word' id='word_1_781' title='bbox 1746 5469 1802 5516; x_wconf 86' lang='lat' dir='ltr'><strong><em>et</em></strong></span> <span class='ocrx_word' id='word_1_782' title='bbox 1824 5462 2007 5532; x_wconf 86' lang='lat' dir='ltr'><strong><em>eripit.</em></strong></span> <span class='ocrx_word' id='word_1_783' title='bbox 2046 5461 2115 5517; x_wconf 84' lang='lat' dir='ltr'><strong><em>Et</em></strong></span> 
     </span>
    </p>
   </div>
   <div class='ocr_carea' id='block_1_99' title="bbox 534 5549 2116 5624">
    <p class='ocr_par' dir='ltr' id='par_1_99' title="bbox 534 5549 2116 5624">
     <span class='ocr_line' id='line_1_99' title="bbox 534 5549 2116 5624; baseline 0.002 -19"><span class='ocrx_word' id='word_1_784' title='bbox 534 5549 753 5609; x_wconf 66' lang='lat' dir='ltr'><strong><em>inclinat</em></strong></span> <span class='ocrx_word' id='word_1_785' title='bbox 798 5553 878 5608; x_wconf 83' lang='lat' dir='ltr'><strong><em>eis</em></strong></span> <span class='ocrx_word' id='word_1_786' title='bbox 905 5558 1088 5608; x_wconf 53' lang='lat' dir='ltr'><strong><em>autem</em></strong></span> <span class='ocrx_word' id='word_1_787' title='bbox 1134 5562 1309 5613; x_wconf 84' lang='lat' dir='ltr'><strong><em>suam,</em></strong></span> <span class='ocrx_word' id='word_1_788' title='bbox 1339 5559 1395 5607; x_wconf 85' lang='lat' dir='ltr'><strong><em>et</em></strong></span> <span class='ocrx_word' id='word_1_789' title='bbox 1421 5553 1685 5609; x_wconf 67' lang='lat' dir='ltr'><strong><em>accelm‘at</em></strong></span> <span class='ocrx_word' id='word_1_790' title='bbox 1716 5561 1777 5609; x_wconf 84' lang='lat' dir='ltr'><strong><em>ut</em></strong></span> <span class='ocrx_word' id='word_1_791' title='bbox 1801 5554 2027 5624; x_wconf 76' lang='lat' dir='ltr'><strong><em>eripiat,</em></strong></span> <span class='ocrx_word' id='word_1_792' title='bbox 2050 5562 2116 5609; x_wconf 83' lang='lat' dir='ltr'><strong><em>ut</em></strong></span> 
     </span>
    </p>
   </div>
   <div class='ocr_carea' id='block_1_100' title="bbox 532 5640 2113 5713">
    <p class='ocr_par' dir='ltr' id='par_1_100' title="bbox 532 5640 2113 5713">
     <span class='ocr_line' id='line_1_100' title="bbox 532 5640 2113 5713; baseline 0.003 -17"><span class='ocrx_word' id='word_1_793' title='bbox 532 5645 602 5696; x_wconf 83' lang='lat' dir='ltr'><strong><em>sit</em></strong></span> <span class='ocrx_word' id='word_1_794' title='bbox 626 5643 709 5699; x_wconf 77' lang='lat' dir='ltr'><strong><em>eis</em></strong></span> <span class='ocrx_word' id='word_1_795' title='bbox 732 5640 874 5697; x_wconf 73' lang='lat' dir='ltr'><strong><em>Deus</em></strong></span> <span class='ocrx_word' id='word_1_796' title='bbox 894 5648 1192 5712; x_wconf 60' lang='lat' dir='ltr'><strong><em>proteritur,</em></strong></span> <span class='ocrx_word' id='word_1_797' title='bbox 1221 5642 1375 5710; x_wconf 81' lang='lat' dir='ltr'><strong><em>quasi</em></strong></span> <span class='ocrx_word' id='word_1_798' title='bbox 1413 5642 1606 5698; x_wconf 82' lang='lat' dir='ltr'><strong><em>domus</em></strong></span> <span class='ocrx_word' id='word_1_799' title='bbox 1650 5642 1862 5713; x_wconf 75' lang='lat' dir='ltr'><strong><em>relugii,</em></strong></span> <span class='ocrx_word' id='word_1_800' title='bbox 1893 5652 1952 5698; x_wconf 82' lang='lat' dir='ltr'><strong><em>ut</em></strong></span> <span class='ocrx_word' id='word_1_801' title='bbox 1979 5643 2113 5700; x_wconf 76' lang='lat' dir='ltr'><strong><em>salvi</em></strong></span> 
     </span>
    </p>
   </div>
   <div class='ocr_carea' id='block_1_101' title="bbox 535 5733 2115 5807">
    <p class='ocr_par' dir='ltr' id='par_1_101' title="bbox 535 5733 2115 5807">
     <span class='ocr_line' id='line_1_101' title="bbox 535 5733 2115 5807; baseline 0.004 -20"><span class='ocrx_word' id='word_1_802' title='bbox 535 5734 683 5798; x_wconf 83' lang='lat' dir='ltr'><strong><em>ﬁant,</em></strong></span> <span class='ocrx_word' id='word_1_803' title='bbox 713 5742 772 5788; x_wconf 82' lang='lat' dir='ltr'><strong><em>ut</em></strong></span> <span class='ocrx_word' id='word_1_804' title='bbox 799 5733 986 5800; x_wconf 83' lang='lat' dir='ltr'><strong><em>eripiat</em></strong></span> <span class='ocrx_word' id='word_1_805' title='bbox 1006 5749 1105 5790; x_wconf 76' lang='lat' dir='ltr'><strong><em>eos</em></strong></span> <span class='ocrx_word' id='word_1_806' title='bbox 1130 5734 1198 5790; x_wconf 85' lang='lat' dir='ltr'><strong><em>de</em></strong></span> <span class='ocrx_word' id='word_1_807' title='bbox 1228 5735 1419 5806; x_wconf 83' lang='lat' dir='ltr'><strong><em>laqueo</em></strong></span> <span class='ocrx_word' id='word_1_808' title='bbox 1441 5749 1601 5807; x_wconf 73' lang='lat' dir='ltr'><strong><em>quem</em></strong></span> <span class='ocrx_word' id='word_1_809' title='bbox 1623 5736 1894 5792; x_wconf 89' lang='lat' dir='ltr'><strong><em>occultant</em></strong></span> <span class='ocrx_word' id='word_1_810' title='bbox 1914 5737 1993 5796; x_wconf 86' lang='lat' dir='ltr'><strong><em>eis</em></strong></span> <span class='ocrx_word' id='word_1_811' title='bbox 2013 5735 2115 5794; x_wconf 73' lang='lat' dir='ltr'><strong><em>da:-</em></strong></span> 
     </span>
    </p>
   </div>
   <div class='ocr_carea' id='block_1_102' title="bbox 2223 4626 3761 4709">
    <p class='ocr_par' dir='ltr' id='par_1_102' title="bbox 2223 4626 3761 4709">
     <span class='ocr_line' id='line_1_102' title="bbox 2223 4626 3761 4709; baseline -0.009 -13"><span class='ocrx_word' id='word_1_812' title='bbox 2223 4642 2269 4696; x_wconf 88' lang='lat' dir='ltr'><strong><em>si</em></strong></span> <span class='ocrx_word' id='word_1_813' title='bbox 2297 4655 2393 4695; x_wconf 91' lang='lat' dir='ltr'><strong><em>vos</em></strong></span> <span class='ocrx_word' id='word_1_814' title='bbox 2416 4639 2668 4709; x_wconf 84' lang='lat' dir='ltr'><strong><em>superbia</em></strong></span> <span class='ocrx_word' id='word_1_815' title='bbox 2696 4638 2973 4692; x_wconf 85' lang='lat' dir='ltr'><strong><em>hominum</em></strong></span> <span class='ocrx_word' id='word_1_816' title='bbox 3024 4637 3303 4707; x_wconf 87' lang='lat' dir='ltr'><strong><em>opprimit.</em></strong></span> <span class='ocrx_word' id='word_1_817' title='bbox 3338 4637 3460 4691; x_wconf 87' lang='lat' dir='ltr'><strong><em>Erit</em></strong></span> <span class='ocrx_word' id='word_1_818' title='bbox 3489 4634 3627 4690; x_wconf 88' lang='lat' dir='ltr'><strong><em>enim</em></strong></span> <span class='ocrx_word' id='word_1_819' title='bbox 3662 4626 3761 4699; x_wconf 81' lang='lat' dir='ltr'><strong><em>judi</em></strong></span> 
     </span>
    </p>
   </div>
   <div class='ocr_carea' id='block_1_103' title="bbox 2225 4717 3792 4799">
    <p class='ocr_par' dir='ltr' id='par_1_103' title="bbox 2225 4717 3792 4799">
     <span class='ocr_line' id='line_1_103' title="bbox 2225 4717 3792 4799; baseline -0.01 -14"><span class='ocrx_word' id='word_1_820' title='bbox 2225 4730 2387 4796; x_wconf 75' lang='lat' dir='ltr'><strong><em>citun,</em></strong></span> <span class='ocrx_word' id='word_1_821' title='bbox 2420 4730 2471 4784; x_wconf 92' lang='lat' dir='ltr'><strong><em>in</em></strong></span> <span class='ocrx_word' id='word_1_822' title='bbox 2499 4745 2607 4799; x_wconf 90' lang='lat' dir='ltr'><strong><em>quo</em></strong></span> <span class='ocrx_word' id='word_1_823' title='bbox 2636 4729 2873 4797; x_wconf 88' lang='lat' dir='ltr'><strong><em>requiret</em></strong></span> <span class='ocrx_word' id='word_1_824' title='bbox 2921 4728 3204 4783; x_wconf 89' lang='lat' dir='ltr'><strong><em>veritatem</em></strong></span> <span class='ocrx_word' id='word_1_825' title='bbox 3257 4727 3553 4792; x_wconf 84' lang='lat' dir='ltr'><strong><em>Dominus,</em></strong></span> <span class='ocrx_word' id='word_1_826' title='bbox 3584 4732 3636 4780; x_wconf 87' lang='lat' dir='ltr'><strong><em>et</em></strong></span> <span class='ocrx_word' id='word_1_827' title='bbox 3660 4717 3792 4776; x_wconf 66' lang='lat' dir='ltr'><strong><em>retrio</em></strong></span> 
     </span>
    </p>
   </div>
   <div class='ocr_carea' id='block_1_104' title="bbox 2224 4810 3794 4891">
    <p class='ocr_par' dir='ltr' id='par_1_104' title="bbox 2224 4810 3794 4891">
     <span class='ocr_line' id='line_1_104' title="bbox 2224 4810 3794 4891; baseline -0.008 -16"><span class='ocrx_word' id='word_1_828' title='bbox 2224 4819 2456 4875; x_wconf 84' lang='lat' dir='ltr'><strong><em>buetbis</em></strong></span> <span class='ocrx_word' id='word_1_829' title='bbox 2483 4819 2576 4891; x_wconf 84' lang='lat' dir='ltr'><strong><em>qui</em></strong></span> <span class='ocrx_word' id='word_1_830' title='bbox 2602 4818 2935 4875; x_wconf 85' lang='lat' dir='ltr'><strong><em>abundanter</em></strong></span> <span class='ocrx_word' id='word_1_831' title='bbox 2979 4816 3181 4873; x_wconf 84' lang='lat' dir='ltr'><strong><em>faciunt</em></strong></span> <span class='ocrx_word' id='word_1_832' title='bbox 3208 4819 3553 4888; x_wconf 85' lang='lat' dir='ltr'><strong><em>superbiam.</em></strong></span> <span class='ocrx_word' id='word_1_833' title='bbox 3588 4810 3794 4870; x_wconf 82' lang='lat' dir='ltr'><strong><em>Viriliter</em></strong></span> 
     </span>
    </p>
   </div>
   <div class='ocr_carea' id='block_1_105' title="bbox 2228 4905 3794 4979">
    <p class='ocr_par' dir='ltr' id='par_1_105' title="bbox 2228 4905 3794 4979">
     <span class='ocr_line' id='line_1_105' title="bbox 2228 4905 3794 4979; baseline -0.007 -13"><span class='ocrx_word' id='word_1_834' title='bbox 2228 4926 2371 4966; x_wconf 72' lang='lat' dir='ltr'><strong><em>nime</em></strong></span> <span class='ocrx_word' id='word_1_835' title='bbox 2397 4911 2559 4979; x_wconf 78' lang='lat' dir='ltr'><strong><em>agite,</em></strong></span> <span class='ocrx_word' id='word_1_836' title='bbox 2588 4910 2757 4965; x_wconf 88' lang='lat' dir='ltr'><strong><em>nolite</em></strong></span> <span class='ocrx_word' id='word_1_837' title='bbox 2783 4905 3034 4973; x_wconf 86' lang='lat' dir='ltr'><strong><em>deﬁcere,</em></strong></span> <span class='ocrx_word' id='word_1_838' title='bbox 3058 4908 3154 4963; x_wconf 89' lang='lat' dir='ltr'><strong><em>sed</em></strong></span> <span class='ocrx_word' id='word_1_839' title='bbox 3181 4907 3538 4964; x_wconf 72' lang='lat' dir='ltr'><strong><em>eonfortetur</em></strong></span> <span class='ocrx_word' id='word_1_840' title='bbox 3575 4920 3666 4962; x_wconf 76' lang='grc' dir='ltr'><strong><em>ωι-</em></strong></span> <span class='ocrx_word' id='word_1_841' title='bbox 3689 4912 3794 4956; x_wconf 79' lang='lat' dir='ltr'><strong><em>ves-</em></strong></span> 
     </span>
    </p>
   </div>
   <div class='ocr_carea' id='block_1_106' title="bbox 2221 4992 3792 5082">
    <p class='ocr_par' dir='ltr' id='par_1_106' title="bbox 2221 4992 3792 5082">
     <span class='ocr_line' id='line_1_106' title="bbox 2221 4992 3792 5082; baseline -0.002 -27"><span class='ocrx_word' id='word_1_842' title='bbox 2221 5004 2382 5065; x_wconf 82' lang='lat' dir='ltr'><strong><em>trum,</em></strong></span> <span class='ocrx_word' id='word_1_843' title='bbox 2408 5006 2463 5056; x_wconf 89' lang='lat' dir='ltr'><strong><em>et</em></strong></span> <span class='ocrx_word' id='word_1_844' title='bbox 2482 5008 2658 5056; x_wconf 83' lang='lat' dir='ltr'><strong><em>estote</em></strong></span> <span class='ocrx_word' id='word_1_845' title='bbox 2682 5000 2855 5057; x_wconf 84' lang='lat' dir='ltr'><strong><em>securi</em></strong></span> <span class='ocrx_word' id='word_1_846' title='bbox 2885 5013 3076 5053; x_wconf 87' lang='lat' dir='ltr'><strong><em>omnes</em></strong></span> <span class='ocrx_word' id='word_1_847' title='bbox 3102 4999 3209 5082; x_wconf 57' lang='lat' dir='ltr'><strong><em>qui.</em></strong></span> <span class='ocrx_word' id='word_1_848' title='bbox 3221 5000 3469 5068; x_wconf 86' lang='lat' dir='ltr'><strong><em>speratis</em></strong></span> <span class='ocrx_word' id='word_1_849' title='bbox 3492 4999 3547 5053; x_wconf 91' lang='lat' dir='ltr'><strong><em>in</em></strong></span> <span class='ocrx_word' id='word_1_850' title='bbox 3570 4992 3792 5052; x_wconf 70' lang='lat' dir='ltr'><strong><em>Domina.</em></strong></span> 
     </span>
    </p>
   </div>
   <div class='ocr_carea' id='block_1_107' title="bbox 2219 5088 3676 5161">
    <p class='ocr_par' dir='ltr' id='par_1_107' title="bbox 2219 5088 3676 5161">
     <span class='ocr_line' id='line_1_107' title="bbox 2219 5088 3676 5161; baseline -0.002 -16"><span class='ocrx_word' id='word_1_851' title='bbox 2219 5091 2311 5161; x_wconf 90' lang='lat' dir='ltr'><strong><em>qui</em></strong></span> <span class='ocrx_word' id='word_1_852' title='bbox 2334 5091 2466 5145; x_wconf 86' lang='lat' dir='ltr'><strong><em>vivit</em></strong></span> <span class='ocrx_word' id='word_1_853' title='bbox 2492 5097 2548 5144; x_wconf 93' lang='lat' dir='ltr'><strong><em>et</em></strong></span> <span class='ocrx_word' id='word_1_854' title='bbox 2572 5097 2762 5159; x_wconf 79' lang='lat' dir='ltr'><strong><em>regnat</em></strong></span> <span class='ocrx_word' id='word_1_855' title='bbox 2799 5090 2851 5142; x_wconf 90' lang='lat' dir='ltr'><strong><em>in</em></strong></span> <span class='ocrx_word' id='word_1_856' title='bbox 2880 5090 3072 5143; x_wconf 60' lang='lat' dir='ltr'><strong><em>saecula</em></strong></span> <span class='ocrx_word' id='word_1_857' title='bbox 3097 5088 3453 5145; x_wconf 69' lang='lat' dir='ltr'><strong><em>aemulorum.</em></strong></span> <span class='ocrx_word' id='word_1_858' title='bbox 3484 5088 3676 5144; x_wconf 80' lang='lat' dir='ltr'><strong><em>Amen.</em></strong></span> 
     </span>
    </p>
   </div>
   <div class='ocr_carea' id='block_1_108' title="bbox 2738 5218 3289 5279">
    <p class='ocr_par' dir='ltr' id='par_1_108' title="bbox 2738 5218 3289 5279">
     <span class='ocr_line' id='line_1_108' title="bbox 2738 5218 3289 5279; baseline -0.005 -1"><span class='ocrx_word' id='word_1_859' title='bbox 2738 5218 3054 5279; x_wconf 74' lang='lat' dir='ltr'><strong><em>PSALMUS</em></strong></span> <span class='ocrx_word' id='word_1_860' title='bbox 3092 5220 3289 5279; x_wconf 72' lang='lat' dir='ltr'><strong>XXXI.</strong></span> 
     </span>
    </p>
   </div>
   <div class='ocr_carea' id='block_1_109' title="bbox 2750 5333 3273 5391">
    <p class='ocr_par' dir='ltr' id='par_1_109' title="bbox 2750 5333 3273 5391">
     <span class='ocr_line' id='line_1_109' title="bbox 2750 5333 3273 5391; baseline -0.002 -2"><span class='ocrx_word' id='word_1_861' title='bbox 2750 5335 3059 5391; x_wconf 80' lang='lat' dir='ltr'><strong><em>Intellectus</em></strong></span> <span class='ocrx_word' id='word_1_862' title='bbox 3083 5333 3273 5391; x_wconf 83' lang='lat' dir='ltr'><strong><em>David.</em></strong></span> 
     </span>
    </p>
   </div>
   <div class='ocr_carea' id='block_1_110' title="bbox 2288 5467 3804 5540">
    <p class='ocr_par' dir='ltr' id='par_1_110' title="bbox 2288 5467 3804 5540">
     <span class='ocr_line' id='line_1_110' title="bbox 2288 5467 3804 5540; baseline -0.005 -18"><span class='ocrx_word' id='word_1_863' title='bbox 2288 5468 2435 5522; x_wconf 77' lang='lat' dir='ltr'><strong><em>Beati</em></strong></span> <span class='ocrx_word' id='word_1_864' title='bbox 2480 5478 2699 5540; x_wconf 75' lang='lat' dir='ltr'><strong><em>quorum</em></strong></span> <span class='ocrx_word' id='word_1_865' title='bbox 2726 5467 2955 5523; x_wconf 72' lang='lat' dir='ltr'><strong><em>remissa</em></strong></span> <span class='ocrx_word' id='word_1_866' title='bbox 2980 5476 3103 5521; x_wconf 86' lang='lat' dir='ltr'><strong><em>sunt</em></strong></span> <span class='ocrx_word' id='word_1_867' title='bbox 3142 5467 3485 5534; x_wconf 76' lang='lat' dir='ltr'><strong><em>iniquitates,</em></strong></span> <span class='ocrx_word' id='word_1_868' title='bbox 3530 5473 3581 5521; x_wconf 84' lang='lat' dir='ltr'><strong><em>et</em></strong></span> <span class='ocrx_word' id='word_1_869' title='bbox 3610 5472 3804 5537; x_wconf 70' lang='lat' dir='ltr'><strong><em>quorum</em></strong></span> 
     </span>
    </p>
   </div>
   <div class='ocr_carea' id='block_1_111' title="bbox 2216 5547 3804 5629">
    <p class='ocr_par' dir='ltr' id='par_1_111' title="bbox 2216 5547 3804 5629">
     <span class='ocr_line' id='line_1_111' title="bbox 2216 5547 3804 5629; baseline -0.006 -18"><span class='ocrx_word' id='word_1_870' title='bbox 2216 5567 2348 5612; x_wconf 85' lang='lat' dir='ltr'><strong><em>tecta</em></strong></span> <span class='ocrx_word' id='word_1_871' title='bbox 2376 5565 2497 5613; x_wconf 75' lang='lat' dir='ltr'><strong><em>sunt</em></strong></span> <span class='ocrx_word' id='word_1_872' title='bbox 2522 5565 2754 5629; x_wconf 81' lang='lat' dir='ltr'><strong><em>peccata.</em></strong></span> <span class='ocrx_word' id='word_1_873' title='bbox 2792 5554 2982 5610; x_wconf 85' lang='lat' dir='ltr'><strong><em>Beatus</em></strong></span> <span class='ocrx_word' id='word_1_874' title='bbox 3010 5558 3085 5611; x_wconf 85' lang='lat' dir='ltr'><strong><em>vir</em></strong></span> <span class='ocrx_word' id='word_1_875' title='bbox 3123 5556 3207 5612; x_wconf 90' lang='lat' dir='ltr'><strong><em>cui</em></strong></span> <span class='ocrx_word' id='word_1_876' title='bbox 3250 5571 3371 5610; x_wconf 86' lang='lat' dir='ltr'><strong><em>non</em></strong></span> <span class='ocrx_word' id='word_1_877' title='bbox 3411 5555 3688 5627; x_wconf 74' lang='lat' dir='ltr'><strong><em>imputavit</em></strong></span> <span class='ocrx_word' id='word_1_878' title='bbox 3712 5547 3804 5603; x_wconf 82' lang='lat' dir='ltr'><strong><em>Dc-</em></strong></span> 
     </span>
    </p>
   </div>
   <div class='ocr_carea' id='block_1_112' title="bbox 2216 5640 3807 5721">
    <p class='ocr_par' dir='ltr' id='par_1_112' title="bbox 2216 5640 3807 5721">
     <span class='ocr_line' id='line_1_112' title="bbox 2216 5640 3807 5721; baseline -0.004 -16"><span class='ocrx_word' id='word_1_879' title='bbox 2216 5652 2386 5706; x_wconf 81' lang='lat' dir='ltr'><strong><em>minus</em></strong></span> <span class='ocrx_word' id='word_1_880' title='bbox 2433 5658 2719 5721; x_wconf 74' lang='lat' dir='ltr'><strong><em>peccatum,</em></strong></span> <span class='ocrx_word' id='word_1_881' title='bbox 2749 5662 2844 5703; x_wconf 89' lang='lat' dir='ltr'><strong><em>nec</em></strong></span> <span class='ocrx_word' id='word_1_882' title='bbox 2870 5658 2948 5703; x_wconf 89' lang='lat' dir='ltr'><strong><em>est</em></strong></span> <span class='ocrx_word' id='word_1_883' title='bbox 2987 5652 3042 5703; x_wconf 85' lang='lat' dir='ltr'><strong><em>in</em></strong></span> <span class='ocrx_word' id='word_1_884' title='bbox 3086 5650 3271 5719; x_wconf 81' lang='lat' dir='ltr'><strong><em>spiritu</em></strong></span> <span class='ocrx_word' id='word_1_885' title='bbox 3302 5649 3427 5718; x_wconf 80' lang='lat' dir='ltr'><strong><em>ejus</em></strong></span> <span class='ocrx_word' id='word_1_886' title='bbox 3458 5648 3636 5702; x_wconf 84' lang='lat' dir='ltr'><strong><em>dolus.</em></strong></span> <span class='ocrx_word' id='word_1_887' title='bbox 3686 5640 3807 5708; x_wconf 69' lang='lat' dir='ltr'><strong><em>Quo-</em></strong></span> 
     </span>
    </p>
   </div>
   <div class='ocr_carea' id='block_1_113' title="bbox 2218 5738 3815 5805">
    <p class='ocr_par' dir='ltr' id='par_1_113' title="bbox 2218 5738 3815 5805">
     <span class='ocr_line' id='line_1_113' title="bbox 2218 5738 3815 5805; baseline -0.006 -10"><span class='ocrx_word' id='word_1_888' title='bbox 2218 5742 2358 5796; x_wconf 87' lang='lat' dir='ltr'><strong><em>niam</em></strong></span> <span class='ocrx_word' id='word_1_889' title='bbox 2409 5743 2544 5795; x_wconf 87' lang='lat' dir='ltr'><strong><em>tacui</em></strong></span> <span class='ocrx_word' id='word_1_890' title='bbox 2589 5743 2996 5795; x_wconf 79' lang='lat' dir='ltr'><strong><em>inveterarerunt</em></strong></span> <span class='ocrx_word' id='word_1_891' title='bbox 3041 5756 3159 5794; x_wconf 85' lang='lat' dir='ltr'><strong><em>ossa</em></strong></span> <span class='ocrx_word' id='word_1_892' title='bbox 3187 5753 3343 5805; x_wconf 83' lang='lat' dir='ltr'><strong><em>mea,</em></strong></span> <span class='ocrx_word' id='word_1_893' title='bbox 3378 5739 3513 5794; x_wconf 71' lang='lat' dir='ltr'><strong><em>dum</em></strong></span> <span class='ocrx_word' id='word_1_894' title='bbox 3553 5738 3815 5791; x_wconf 64' lang='lat' dir='ltr'><strong><em>clamaret!</em></strong></span> 
     </span>
    </p>
   </div>
  </div>
