3908 6176
217 338 307 395 3ῧὸ

219 469 311 518 tota
332 461 431 514 die.
470 457 725 524 Quoniam
750 460 831 514 die
859 475 921 513 ac
957 470 1106 514 nocte
1133 470 1347 531 gravata
1393 470 1468 516 est
1511 478 1663 529 super
1694 478 1774 516 me
1803 474 1852 526 Α

218 570 389 609 manus
417 559 528 616 tua,
555 570 825 608 conversus
854 571 967 608 sum
996 556 1048 609 in
1079 572 1309 609 aerumna
1338 573 1470 621 mea,
1496 556 1617 609 dum
1658 573 1783 611 con-

217 646 384 718 ﬁgitur
429 647 598 716 spina.
646 643 905 699 Delictum
956 664 1122 701 meum
1178 649 1437 719 cognitum
1467 648 1557 703 tibi
1586 649 1703 717 feci,
1735 657 1785 702 et

217 736 513 806 injustitiam
556 751 722 788 meam
758 752 861 788 non
891 734 1157 790 abscondi.
1188 736 1335 802 Dixi,
1370 736 1663 807 Conﬁtebor
1689 737 1787 790 ad-

218 842 406 880 tersum
435 842 514 878 me
538 823 847 896 injustitiam
886 845 1052 881 meam
1094 828 1348 893 Domino,
1380 840 1428 883 et
1458 838 1512 882 tu
1544 830 1789 885 remisisti

219 916 524 984 impietatem
558 918 755 983 peccati
802 918 919 969 mei.
953 916 1060 970 Pro
1091 918 1186 970 hac
1233 918 1400 973 orabit
1447 918 1516 972 ad
1544 928 1592 975 te
1617 921 1783 973 omnis

217 1014 419 1057 sanctus
448 1004 500 1056 in
531 1014 753 1073 tempore
782 1016 1086 1075 opportuno.
1128 1005 1487 1061 Verumtamen
1516 1010 1568 1060 in
1597 1008 1783 1062 diluvio

218 1110 459 1163 aquarum
486 1095 767 1148 multarum
792 1094 863 1147 ad
885 1113 1004 1149 eum
1032 1113 1134 1150 non
1154 1098 1611 1167 approximabunt.
1637 1098 1710 1151 Tu
1731 1116 1783 1153 es

216 1185 465 1254 refugium
508 1201 730 1238 utetuna
759 1186 1092 1241 tribulatione
1141 1204 1255 1259 quae
1299 1190 1636 1243 circumdedit
1683 1207 1781 1254 me,

218 1276 483 1329 exsultatio
513 1294 630 1330 mea
650 1293 778 1331 erue
805 1296 886 1332 me
914 1297 946 1332 a
978 1282 1410 1336 circumdantibns
1439 1299 1538 1337 me.
1569 1283 1784 1340 Intelle-

217 1374 344 1419 ctum
367 1367 457 1422 tibi
484 1369 635 1432 dabo.
668 1380 716 1425 ct
738 1373 992 1427 instruant
1016 1383 1064 1428 te
1092 1375 1146 1428 in
1168 1377 1249 1428 via
1274 1377 1369 1429 hac
1388 1394 1490 1446 qua
1512 1379 1785 1449 gradieris,

216 1455 429 1525 ﬁrmabo
453 1475 606 1530 super
635 1469 703 1525 te
724 1462 898 1517 oculos
928 1481 1084 1519 meos.
1113 1464 1293 1520 Nolite
1319 1468 1435 1537 ﬁeri
1474 1470 1605 1522 sicut
1630 1486 1789 1538 equus

216 1552 259 1597 et
285 1547 475 1607 mulus,
505 1548 683 1618 quibus
711 1568 814 1605 non
841 1563 917 1606 est
941 1553 1249 1610 intellectus.
1282 1556 1350 1611 In
1376 1573 1526 1613 came
1553 1568 1603 1612 et
1641 1562 1789 1630 [resto

216 1635 458 1690 maxillas
495 1654 673 1693 eorum
715 1645 1024 1716 constringe,
1062 1648 1149 1717 qui
1177 1663 1285 1702 non
1328 1652 1695 1719 approximant
1723 1652 1791 1705 ad

215 1734 278 1778 te.
310 1724 366 1778 Η
373 1726 482 1779 ulta
502 1729 712 1798 ﬂagella
738 1735 1043 1800 peccatoris,
1073 1747 1367 1807 sperantem
1394 1750 1567 1793 autem
1593 1742 1649 1793 in
1684 1740 1793 1795 Do-

214 1815 351 1868 mino
380 1817 734 1873 misericordia
761 1822 1118 1878 circumdabit.
1152 1825 1430 1882 Lietamini
1462 1832 1518 1884 in
1548 1829 1794 1896 Domino,

210 1912 260 1956 et
281 1904 561 1973 exsultate,
581 1907 734 1978 justi,
763 1919 814 1965 et
835 1914 1133 1982 gloriamini
1155 1934 1330 1973 omnes
1350 1921 1474 1973 recti
1494 1923 1667 1975 corde.

786 2018 1222 2063 COMIIENTARIUI.

279 2084 612 2145 Tricesimus
630 2093 865 2161 psalmus
893 2097 1096 2166 primus
1124 2115 1378 2168 prmsens,
1412 2102 1623 2161 titulum
1643 2119 1798 2160 suum

209 2176 259 2231 in
297 2178 635 2235 intellectum
664 2185 861 2252 posuit,
893 2194 953 2240 ut
988 2187 1080 2241 det
1129 2188 1458 2245 intellectum
1487 2200 1544 2246 et
1569 2193 1800 2249 instruat

208 2269 524 2325 credentem
545 2272 598 2326 in
625 2272 708 2327 via
729 2291 834 2345 qua
863 2277 1185 2347 ingreditur,
1209 2290 1264 2337 et
1290 2282 1466 2339 ﬁrmet
1491 2301 1652 2355 super
1676 2301 1800 2342 euut

205 2362 427 2428 oculos,
463 2378 530 2417 ne
555 2360 817 2421 elliciatur
838 2370 978 2424 sicut
1004 2385 1175 2441 equus
1203 2381 1257 2427 et
1284 2376 1478 2438 mulus,
1530 2376 1583 2430 in
1608 2378 1802 2447 quibus

207 2466 312 2505 non
340 2461 437 2506 est
464 2453 782 2512 intellectus.
814 2458 894 2513 Ad
923 2471 1084 2530 caput
1129 2470 1304 2519 tamen
1348 2467 1539 2536 psalmi
1566 2469 1806 2525 attenda-

200 2558 340 2609 mus,
380 2543 443 2597 in
472 2560 580 2613 quo
609 2547 684 2602 illi
713 2548 858 2604 beati
902 2562 1232 2621 asseruntur,
1264 2571 1492 2626 quorum
1523 2560 1805 2617 remittun-

200 2642 285 2688 tur
317 2635 662 2704 iniquitates,
717 2648 771 2693 et
813 2656 1044 2710 quorum
1094 2652 1346 2713 teguntur
1389 2659 1628 2717 peccata.
1683 2651 1807 2709 Nisi

195 2726 344 2780 cnim
380 2728 510 2795 quis
549 2737 757 2799 renatus
785 2733 943 2803 fuerit
988 2750 1055 2788 ea:
1101 2752 1233 2808 aqua
1273 2748 1323 2791 et
1376 2738 1578 2809 Spiritu
1626 2753 1807 2797 sancto

199 2814 387 2886 (Joan.
439 2819 540 2889 ut),
573 2820 673 2875 hoc
711 2823 761 2877 ei
799 2825 1016 2880 evenire
1052 2843 1162 2882 non
1210 2831 1426 2898 poterit.
1469 2831 1599 2898 Quis
1625 2845 1805 2889 autem

194 2915 277 2964 est
306 2910 430 2965 iste
457 2912 551 2979 qui
582 2914 802 2968 remittit
844 2920 1102 2986 peccata?
1139 2918 1235 2975 Ille
1274 2922 1388 2976 sine
1416 2922 1578 2978 dubio
1606 2925 1672 2980 de
1697 2940 1808 2994 quo

197 2999 407 3057 dicitur
457 3021 471 3056 :
509 3001 642 3070 Quia
681 3023 784 3060 non
812 3017 888 3061 est
928 3010 980 3064 in
1028 3027 1116 3065 ore
1134 3012 1248 3081 ejus
1277 3014 1423 3068 dolus
1479 3016 1521 3087 (l
1547 3015 1690 3070 Petr.
1725 3017 1805 3089 ιι).

1126 340 1591 400 COMMENTARII
1628 341 1695 401 IN
1733 343 2060 405 PSALMOS.
2103 347 2292 405 PSAL.
2335 348 2545 407 XXXII.

2387 465 2604 522 PSALM
2616 465 2700 522 US
2739 465 2949 521 XXX“.

2298 603 2352 656 lu
2382 599 2541 658 linem
2587 604 2820 672 psalmus
2853 601 3039 657 David.

1959 729 2250 792 Exsultate,
2276 733 2427 802 justi.
2474 733 2528 786 in
2568 732 2814 794 Domino.
2845 741 3009 787 rectos
3029 731 3169 785 decet
3193 729 3459 785 collaudat-

1886 822 1978 874 tio.
2010 820 2337 891 Conﬁtentini
2370 822 2586 876 Domino
2615 823 2669 876 in
2698 824 2917 887 cithara,
2945 823 2999 875 in
3017 822 3260 889 psalterio
3290 820 3459 875 decem

1888 910 2197 963 chordarum
2251 912 2456 980 psallite
2492 911 2587 964 illi.
2620 909 2835 966 Caritate
2869 913 2915 965 ei
2961 911 3212 964 canticum
3257 926 3459 966 norum.

1891 1000 2013 1054 bene
2050 1003 2253 1071 psallite
2280 1006 2323 1056 ei
2345 1004 2400 1055 in
2430 1005 2807 1071 vociferatione.
2858 1002 2992 1067 Quia
3030 1012 3220 1056 rectum
3260 1014 3335 1056 est
3362 1019 3465 1055 ver~

1888 1090 2006 1144 bum
2027 1091 2259 1156 Domini,
2284 1101 2333 1145 et
2360 1094 2533 1146 omnia
2552 1109 2705 1162 opera
2742 1095 2852 1163 ejus
2880 1095 2933 1146 in
2962 1093 3085 1162 ﬁde.
3108 1091 3291 1163 Diligit
3312 1094 3461 1147 mise—

1890 1183 2165 1236 ricordiam
2191 1194 2239 1237 et
2256 1185 2532 1255 judicium,
2564 1184 2913 1237 misericordia
2961 1183 3172 1237 Domini
3199 1182 3351 1253 plena
3391 1192 3468 1236 est

1892 1284 2046 1330 terra.
2094 1275 2257 1329 Verbo
2300 1275 2509 1330 Domini
2549 1277 2661 1329 cwli
2687 1277 2879 1346 ﬁrmati
2911 1285 3046 1340 sum,
3076 1285 3123 1328 et
3160 1276 3341 1344 spiritu
3364 1276 3469 1327 oris

1887 1370 1997 1439 ejus
2048 1369 2215 1422 omnis
2262 1370 2419 1422 virtus
2467 1386 2660 1422 eorum.
2709 1366 3038 1439 Congrcgans
3093 1368 3223 1420 sicut
3257 1367 3313 1419 in
3359 1377 3471 1418 utre

1888 1477 2049 1531 aquas
2071 1462 2249 1522 maris,
2291 1477 2485 1531 ponens
2510 1462 2564 1513 in
2596 1461 2844 1514 thesauris
2871 1459 3101 1528 abyssos.
3133 1457 3329 1510 Timeat
3360 1456 3469 1510 Do-

1890 1555 2085 1607 mittunt
2106 1554 2269 1607 omnis
2296 1564 2451 1617 terra,
2483 1555 2547 1606 ab
2564 1569 2624 1606 eo
2654 1562 2823 1606 autem
2862 1562 3274 1606 commoveantur
3301 1563 3473 1605 attines

1888 1644 2233 1698 inhabitantes
2274 1642 2464 1697 orbem.
2500 1640 2756 1706 Quoniam
2793 1643 2901 1712 ipse
2925 1642 3058 1696 dixit
3083 1649 3131 1693 et
3154 1642 3292 1709 facta
3332 1646 3471 1699 sunt,

1893 1738 2003 1797 ipse
2024 1734 2286 1788 mandavit
2314 1743 2364 1787 et
2400 1742 2574 1787 creata
2602 1743 2740 1786 sunt.
2772 1732 3026 1787 Dominis
3054 1731 3273 1798 dissipat
3298 1728 3473 1783 consi~

1897 1826 1970 1879 lia
1999 1825 2222 1897 gentium
2249 1840 2265 1877 :
2296 1823 2534 1893 reprobat
2578 1831 2748 1875 autem
2790 1822 3122 1891 cogitationes
3151 1818 3472 1889 populorum,

1896 1927 1947 1971 et
1978 1914 2215 1984 reprobat
2254 1916 2472 1968 consilia
2517 1915 2825 1985 principum.
2856 1912 3138 1966 Consilium
3180 1919 3347 1966 autem
3378 1909 3476 1963 Do-

1898 2009 2027 2061 mini
2066 2007 2120 2059 in
2145 2015 2392 2061 artcrnum
2419 2013 2609 2069 manet,
2632 2005 2964 2075 cogitationes
2999 2002 3167 2056 cordis
3189 2002 3300 2071 ejus
3323 2001 3377 2056 in
3400 2016 3474 2071 ge-

1899 2101 2163 2154 neratione
2189 2106 2238 2152 et
2255 2100 2652 2170 generationem.
2687 2096 2845 2150 Beata
2874 2112 2996 2166 gens
3015 2090 3162 2164 cujus
3195 2101 3268 2146 est
3300 2092 3451 2146 Domi
3461 2120 3478 2130 -

1901 2206 1997 2244 nus
2026 2189 2184 2250 Deus,
2212 2190 2430 2260 populus
2453 2205 2598 2259 quem
2625 2187 2775 2257 elegit
2794 2187 2846 2239 in
2876 2184 3225 2240 hazreditatem
3248 2182 3367 2237 sibi.
3400 2181 3479 2235 De

1898 2281 2023 2336 ctzlo
2044 2282 2265 2351 respexit
2284 2278 2555 2341 Dominus,
2578 2279 2699 2333 uidit
2726 2294 2901 2332 omnes
2926 2277 3064 2347 ﬁlios
3086 2276 3366 2330 hominum.
3401 2272 3479 2326 De

1898 2379 2193 2442 praeparato
2219 2369 2508 2425 habitacula
2524 2386 2619 2424 suo
2643 2369 2867 2438 respexit
2900 2384 3051 2436 δίψει·
3072 2383 3247 2422 omnes
3274 2366 3360 2438 qui
3386 2364 3479 2419 lia-

1901 2460 2066 2515 bitaut
2094 2469 2303 2515 terram.
2355 2457 2455 2524 Qui
2483 2460 2633 2529 ﬁnxit
2677 2459 2941 2528 sigillatim
2982 2458 3136 2513 corda
3164 2475 3358 2522 eorum,
3396 2457 3481 2530 qui

1900 2553 2143 2623 intelligit
2185 2552 2359 2605 omnia
2403 2567 2560 2621 opera
2603 2567 2797 2604 eorum.
2848 2548 2973 2604 Non
3015 2551 3245 2604 salvetur
3270 2564 3363 2603 rea:
3389 2565 3481 2621 per

1904 2643 2119 2698 multum
2146 2643 2399 2705 virtutem,
2430 2650 2480 2696 et
2498 2642 2645 2713 gigas
2673 2657 2775 2694 non
2804 2640 3085 2695 salvabitur
3112 2640 3166 2693 in
3192 2638 3482 2693 multitudi-

1907 2750 1973 2788 ne
2000 2734 2198 2787 virtutis
2218 2749 2341 2787 suaz.
2369 2731 2562 2787 Fallax
2585 2748 2743 2802 equus
2764 2733 2833 2785 ad
2851 2733 3086 2795 salutem,
3120 2733 3173 2785 in
3212 2729 3485 2785 abundan-

1909 2825 1983 2878 tia
2011 2834 2180 2878 autent
2224 2824 2425 2877 uirtutis
2472 2839 2582 2877 suae
2622 2823 2918 2878 saloabitur.
2950 2822 3087 2875 Ecce
3110 2823 3243 2876 oculi
3274 2821 3485 2876 Domini

1906 2933 2062 2986 super
2087 2926 2364 2970 metuentes
2392 2932 2523 2978 eum.
2546 2924 2598 2969 et
2622 2917 2674 2969 in
2695 2918 2769 2969 eis
2809 2918 2893 2979 qui
2922 2924 3131 2985 sperant
3155 2932 3310 2985 super
3337 2917 3486 2970 miss-

1913 3009 2135 3062 ricordia
2162 3012 2294 3077 ejus.
2320 3005 2387 3061 Ut
2406 3016 2552 3061 emat
2578 3023 2611 3060 a
2646 3016 2811 3061 morte
2834 3008 3035 3060 animos
3070 3022 3264 3072 eorum,
3303 3016 3353 3060 et
3377 3008 3487 3059 alat

196 3092 444 3151 Euodus
477 3098 660 3168 itaque
706 3109 849 3155 totus
877 3103 931 3157 in
971 3112 1122 3159 seute
1151 3076 1373 3174 positus,
1424 3076 1559 3162 et‘iu
1588 3076 1808 3165 vulnere
1840 3076 1885 3138 Ο
1914 3113 2000 3151 εοδ
2026 3098 2081 3149 in
2110 3076 2266 3168 [αύιε-
2287 3096 2474 3150 Anima
2494 3104 2671 3152 ηοιίη
2698 3097 2911 3150 “tunc!
2930 3095 3226 3159 Dominum,
3248 3098 3487 3168 quoniam

196 3189 564 3250 constitutus,
587 3190 710 3257 quia
734 3201 952 3259 gravata
982 3205 1097 3249 erat
1125 3212 1287 3266 super
1311 3213 1429 3253 eum
1474 3215 1663 3256 manus
1691 3200 1804 3265 Dei,

192 3283 250 3331 et
295 3294 614 3335 conversus
640 3281 693 3335 iu
723 3281 957 3340 (erumna
1007 3286 1201 3352 fuerat,
1241 3306 1339 3359 pro
1368 3306 1434 3345 eo
1460 3294 1602 3360 quod
1636 3293 1808 3350 fracta

193 3378 346 3424 esset
394 3371 528 3440 ejus
564 3373 736 3442 spina,
785 3390 903 3444 quae
931 3378 1233 3435 libertatem
1274 3384 1498 3440 cervicis
1537 3392 1591 3440 et
1612 3387 1808 3455 capitis

188 3460 312 3530 ejus
342 3463 709 3529 sublimabat,
741 3466 991 3523 clamavit
1024 3486 1238 3542 semper
1268 3490 1365 3544 per
1393 3491 1553 3531 voces
1578 3479 1811 3546 prophe-

190 3558 405 3617 tarum,
444 3559 510 3607 ut
543 3554 855 3625 veniretqui
890 3559 1122 3616 salvaret
1146 3577 1292 3617 eum.
1323 3564 1391 3618 At
1416 3565 1502 3619 ubi
1522 3568 1668 3622 venit
1706 3568 1810 3624 Do-

185 3642 400 3708 minus,
433 3644 613 3698 tacuit
640 3645 765 3699 dum
786 3647 1091 3704 clamarem.
1115 3651 1375 3709 Veniente
1397 3657 1541 3710 enim
1560 3656 1808 3721 Domino,

185 3730 305 3787 Lex
337 3742 404 3788 et
444 3731 754 3803 Prophetas,
787 3738 879 3805 qui
920 3739 1241 3808 clamabant,
1272 3751 1572 3812 tacuerunt,
1603 3755 1658 3802 et
1686 3764 1813 3817 pro-

181 3824 507 3877 nuntiante
565 3839 891 3895 unoquoquc
936 3837 1118 3885 contra
1174 3846 1296 3888 eum
1346 3837 1668 3891 sententiam
1713 3852 1813 3907 pro

178 3918 441 3979 peccato
477 3926 604 3975 suo,
637 3910 726 3969 ille
754 3917 978 3972 remittit
1005 3920 1334 3991 impietatem
1357 3927 1536 3982 cordis
1554 3927 1689 3996 ejus,
1712 3944 1813 3999 pro

178 4013 290 4073 qua
312 4011 460 4056 orat
476 4003 661 4058 omnis
681 4015 895 4061 sanctus
915 4009 967 4063 in
991 4016 1233 4084 tempore
1253 4026 1575 4085 opportuno.
1607 4017 1814 4089 Oppor-

175 4100 392 4147 tunum
429 4101 660 4162 tempus
706 4096 1092 4156 interveniendi
1145 4118 1244 4171 pro
1283 4120 1440 4160 servo
1469 4116 1567 4172 est,
1599 4111 1815 4179 quando

172 4198 389 4240 servus
422 4185 780 4240 emendatur.
820 4188 929 4244 Nos
956 4204 1085 4260 ergo
1111 4192 1300 4250 damus
1322 4205 1531 4267 tempus
1559 4209 1817 4270 opportu-

172 4291 316 4330 num
374 4273 610 4329 sanctis
637 4277 824 4331 orandi
875 4293 970 4347 pro
1010 4282 1249 4350 peccatis
1291 4287 1505 4351 nostris,
1544 4288 1757 4358 quando
1784 4304 1815 4344 a

168 4374 432 4437 peccato
463 4365 799 4423 recedimus.
822 4368 953 4424 Nam
975 4372 1117 4443 quod
1142 4372 1272 4430 dicit
1300 4394 1315 4429 :
1338 4376 1397 4431 In
1427 4376 1626 4435 diluvio
1646 4393 1813 4448 aqua—

1913 3189 2119 3258 adjutor
2143 3196 2195 3240 et
2234 3195 2490 3258 protector
2539 3195 2713 3241 noster
2737 3196 2831 3241 est.
2878 3184 3012 3250 Quia
3046 3188 3101 3239 in
3128 3203 3188 3240 eo
3234 3186 3490 3241 laetabitur

1911 3294 2001 3331 cor
2037 3286 2288 3341 nostrum,
2320 3286 2369 3330 et
2412 3279 2468 3330 in
2516 3279 2725 3348 nomine
2764 3286 2955 3351 sancto
2984 3278 3098 3348 ejus
3151 3277 3485 3347 sperabimus.

1912 3364 2039 3420 Fiat
2083 3366 2434 3420 misericordia
2470 3374 2580 3431 tua,
2630 3364 2863 3432 Domine,
2909 3382 3060 3435 super
3104 3382 3219 3431 nos,
3248 3367 3490 3438 quemad-

1912 3456 2118 3512 modum
2144 3457 2456 3527 speravimus
2475 3458 2530 3511 in
2554 3463 2621 3510 te.

2484 3563 2916 3607 CONIENTARHJII.

1985 3659 2041 3715 Si
2062 3661 2114 3715 in
2146 3658 2247 3714 isto
2273 3657 2473 3713 mundo
2510 3658 2578 3711 ab
2610 3658 2762 3712 initio
2802 3657 3012 3722 saeculi,
3056 3657 3184 3727 justi
3224 3656 3321 3713 Dei
3349 3656 3476 3713 allli-

1915 3751 2123 3806 ctiones
2142 3757 2198 3805 et
2224 3749 2599 3804 tribulationes
2626 3748 2771 3815 passi
2792 3755 2937 3810 sunt,
2975 3749 3246 3817 quomodo
3273 3749 3489 3814 dicitur,

1915 3838 2157 3894 Gaudete
2180 3839 2343 3907 justi?
2388 3835 2663 3908 qumnodo
2695 3836 2842 3891 enim
2872 3836 3071 3905 gaudet
3113 3840 3206 3909 qui
3248 3841 3491 3906 emititur,

1916 3928 2115 3998 quique
2141 3928 2352 3983 diverso
2378 3942 2574 3997 genere
2604 3937 2991 3993 tormentorum
3018 3929 3263 3985 allicitur.
3304 3930 3362 3986 Si
3392 3933 3492 3986 ista

1916 4018 2037 4086 quis
2063 4018 2333 4084 loquatur,
2359 4031 2541 4072 secum
2570 4018 2874 4072 consideret
2900 4018 3232 4087 Apostolum,
3262 4035 3365 4075 non
3400 4036 3493 4075 so.

1917 4107 2027 4161 lum
2054 4105 2287 4174 gaudere
2322 4104 2375 4158 in
2412 4105 2516 4167 his,
2543 4108 2893 4161 verumetiam
2921 4107 3132 4176 placere
3159 4110 3259 4164 sibi
3286 4110 3338 4163 in
3368 4123 3493 4180 per-

1918 4193 2298 4249 seeutionibus.
2332 4190 2482 4248 Unde
2508 4202 2563 4248 et
2586 4192 2817 4249 Jacobus
2858 4195 3134 4264 apostolus
3165 4214 3179 4250 :
3208 4195 3392 4264 Omne,
3415 4201 3490 4253 in~

1918 4285 2053 4354 quit,
2080 4283 2325 4354 gaudium
2344 4283 2654 4350 existimate,
2684 4287 2890 4354 fratres,
2915 4301 3030 4340 cum
3055 4285 3110 4339 in
3132 4287 3493 4342 tentationibus

1920 4376 2077 4432 variis
2105 4376 2389 4431 incideritis
2420 4376 2558 4449 (Jac.
2587 4395 2625 4443 ι,
2652 4377 2730 4448 2).
2755 4378 2871 4450 [pse
2892 4388 3068 4435 autem
3092 4383 3346 4450 magister
3366 4398 3495 4452 apo-

164 4472 299 4513 rnm
322 4457 665 4512 multarum
691 4456 756 4513 ad
786 4474 907 4513 eum
931 4441 1035 4516 non
1067 4466 1543 4533 approximabunt,
1583 4441 1817 4527 ostendit
1846 4441 1896 4500 θ
1920 4466 2179 4522 stolorum
2207 4466 2367 4522 docet
2386 4441 2618 4538 qualiter»
2635 4441 2996 4537 gaudeamus:
3024 4470 3154 4526 Cum
3180 4441 3285 4537 res,
3303 4441 3490 4541 inquit,

166 4561 275 4616 per
302 4561 510 4602 unam
538 4561 743 4614 aquam
763 4548 1098 4620 baptismatis
1134 4554 1248 4611 Deo
1275 4556 1519 4613 homines
1545 4559 1808 4628 proxima-

164 4657 250 4705 re,
285 4656 436 4712 qua:
474 4646 576 4694 est
604 4640 861 4709 refugium
899 4658 929 4696 a
952 4660 1203 4714 pressum
1226 4648 1547 4712 daemonum,
1578 4666 1696 4721 qua:
1715 4652 1814 4707 cir-

164 4733 420 4786 cumdat
455 4747 600 4785 nos.
632 4729 699 4784 Et
724 4732 1051 4790 intellectum
1080 4738 1171 4792 dat
1194 4739 1449 4801 nobis.et
1499 4743 1572 4796 ita
1608 4758 1707 4797 nos
1733 4744 1817 4796 in-

157 4831 355 4878 struet
418 4826 487 4878 in
538 4821 629 4874 via
655 4836 760 4891 qua
808 4812 1184 4894 ingrediemur,
1215 4837 1274 4883 ut
1316 4828 1490 4885 timet
1532 4846 1694 4901 super
1721 4847 1820 4887 nos

160 4915 376 4969 oculos
412 4926 598 4975 suos,
630 4927 698 4965 ne
726 4912 1020 4970 elliciamur
1060 4918 1197 4972 sicut
1218 4934 1391 4988 equus
1411 4928 1468 4975 et
1495 4922 1688 4976 mulus.
1716 4921 1818 4989 Qui

156 5006 320 5059 enim
356 5001 679 5059 noluerint
706 5005 939 5072 proximi
967 5004 1125 5075 efﬁci,
1168 5008 1318 5064 freno
1358 5011 1734 5079 tribulationis,
1765 5020 1822 5068 et

154 5110 334 5152 camo
399 5094 753 5151 sentcntiali
797 5098 1024 5152 maxillae
1077 5115 1265 5156 eorum
1319 5103 1696 5173 astringentur,
1725 5105 1819 5173 qui

80 5186 93 5195 ’
154 5205 270 5245 non
308 5186 677 5259 proximam
703 5184 772 5240 ei.
804 5184 966 5241 Multa
996 5196 1118 5244 sunt
1157 5191 1298 5245 enim
1337 5190 1541 5261 ﬂagella
1580 5204 1823 5265 peccato-

154 5292 282 5332 rum
326 5297 342 5330 :
378 5277 499 5332 st
564 5273 662 5341 qui
711 5286 927 5343 sperant
972 5278 1023 5330 i'n
1052 5274 1302 5343 Domino,
1332 5282 1699 5338 misericordia
1727 5299 1824 5340 eos

152 5362 397 5423 Domini
438 5361 848 5419 circumdabit.
880 5362 988 5420 Vos
1013 5374 1191 5421 autem
1213 5369 1306 5441 qui
1328 5386 1432 5427 non
1453 5385 1606 5428 camo
1635 5380 1690 5427 et
1710 5371 1820 5428 Ire-

154 5471 249 5525 10,
276 5455 394 5514 sed
411 5452 664 5526 judicio
688 5454 838 5510 bona:
872 5457 1156 5515 voluntatis
1179 5461 1366 5516 venitis
1407 5460 1475 5519 ad
1500 5461 1805 5537 Dominum,

162 5548 450 5609 mtamiui
488 5545 565 5603 in
604 5538 848 5617 Domino,
880 5550 1240 5615 ctexsultate,
1264 5549 1412 5619 justi,
1445 5560 1500 5609 et
1517 5550 1823 5621 gloriamini

146 5658 364 5700 omnes
400 5635 579 5696 recti
614 5635 775 5690 corde
823 5639 872 5692 in
919 5634 1132 5696 Christo
1161 5634 1288 5697 Jesu
1339 5641 1568 5701 Domino
1614 5653 1819 5709 nostro,

144 5734 243 5804 Qui
277 5734 522 5802 regnat
564 5724 632 5778 in
657 5725 842 5779 secula
874 5728 1206 5781 saeculorum.
1244 5730 1430 5785 Amen.

1920 4561 2171 4631 persecuti
2192 4561 2386 4631 {uer-int
2406 4561 2657 4625 lzomines,
2687 4572 2736 4615 et
2755 4562 2982 4616 direrint
3009 4578 3162 4619 omne
3178 4566 3371 4618 mittam
3400 4566 3495 4619 ad-

1919 4664 2125 4702 uersum
2150 4665 2238 4703 vos
2259 4650 2575 4715 mentientes,
2603 4651 2819 4721 gaudete
2844 4660 2893 4705 et
2920 4654 3190 4717 emittite,
3220 4656 3339 4724 quia
3360 4672 3498 4709 mer-

1920 4754 2004 4793 ces
2033 4748 2202 4794 uestra
2223 4753 2413 4811 magna
2435 4749 2511 4794 est
2538 4740 2594 4794 in
2619 4741 2760 4797 alia
2787 4741 3001 4813 (Matth.
3023 4742 3100 4811 ν).
3125 4742 3181 4798 Si
3211 4746 3340 4799 recti
3366 4748 3497 4802 estis

1920 4825 2045 4894 ﬁde,
2095 4830 2260 4887 nolite
2286 4830 2471 4885 laudes
2494 4830 2768 4886 hominum
2797 4847 3037 4902 quaerere
3083 4835 3135 4889 in
3162 4836 3342 4902 terris,
3371 4838 3496 4907 quia

1922 4919 2235 4989 angelorum
2262 4919 2528 4974 habebitis
2546 4920 2599 4974 in
2620 4921 2788 4978 uelis.
2816 4922 2898 4977 lbi
2922 4938 3018 4978 vos
3044 4924 3200 4979 decet
3227 4927 3498 4982 collauda-

1923 5010 2017 5075 tio,
2051 5011 2139 5065 ubi
2168 5010 2282 5065 laus
2320 5019 2493 5067 vestra
2524 5011 2680 5067 linem
2710 5015 2922 5082 penitus
2945 5030 3055 5070 non
3082 5016 3317 5072 habebit.
3348 5019 3499 5074 Nunc

1921 5098 1976 5153 in
2001 5098 2203 5152 cithara
2232 5098 2561 5155 conﬁtemini
2588 5100 2836 5166 Domino,
2861 5110 2919 5155 et
2946 5103 3055 5172 ipsa
3079 5105 3284 5161 cithara
3311 5106 3496 5161 decem

1922 5187 2151 5243 chordas
2175 5188 2388 5255 habeat,
2410 5189 2649 5258 decalogi
2671 5192 2895 5251 virtutes
2914 5194 3179 5258 recolens,
3200 5197 3497 5250 custodiam

1921 5289 2311 5352 prmccptorum
2358 5281 2614 5351 imponat.
2649 5281 2827 5341 Prima
2855 5286 3056 5341 «lminis
3100 5296 3257 5343 sonat
3294 5296 3497 5343 meum

1924 5384 2228 5425 sermonem
2256 5369 2463 5437 Domini
2501 5371 2882 5437 orthodoxam,
2902 5385 2961 5428 ct
2987 5377 3165 5431 omnia
3193 5390 3356 5448 opera
3383 5377 3498 5445 eius

1922 5462 1978 5517 in
2018 5460 2142 5516 ﬁde.
2185 5458 2431 5519 Secunda
2460 5462 2681 5530 chorda,
2728 5465 2854 5534 quia
2876 5466 3054 5534 diligit
3079 5453 3498 5523 misericordiam

1925 5561 1981 5608 et
2018 5552 2293 5622 judicium.
2327 5551 2504 5611 Tertia
2534 5555 2733 5613 chordl
2759 5562 2935 5624 coiret,
2981 5558 3105 5627 quia
3133 5556 3497 5617 misericordia

1926 5643 2135 5698 Domini
2184 5644 2254 5697 ita
2298 5644 2452 5713 plena
2483 5656 2565 5703 est
2588 5656 2755 5715 terra,
2796 5659 2855 5704 ut
2882 5659 3104 5722 propter
3129 5664 3291 5715 mune
3330 5667 3502 5724 genus

1927 5734 2221 5788 hominum.
2274 5734 2368 5789 Dei
2408 5737 2478 5791 sit
2516 5738 2681 5795 Filius
2714 5739 3017 5797 erueiﬁaus.
3050 5740 3263 5810 Quarta
3299 5748 3501 5802 chorda
