3870 6182
456 337 574 395 ἳσῖ

1808 338 2053 393 ΑἏΝΟΒΙ

2157 336 2415 396 UNIORlS
3552 341 3634 401 338

472 464 649 521 sonet,
697 455 818 524 quia
853 454 1010 508 verba
1039 453 1157 506 ctuti
1190 452 1380 506 llrmati
1412 460 1553 516 sunt,
1588 453 1639 506 id
1688 463 1787 517 est,
1821 453 2049 522 apostoli
2078 457 2123 512 A
2153 456 2419 510 sustinens
2444 455 2746 510 Dominum.
2790 456 2905 525 Ipse
2937 455 3076 509 enim
3106 452 3305 522 adjutor
3333 462 3380 510 et
3423 466 3634 526 protector

473 544 806 599 corroborati
833 550 972 597 sunt.
1007 542 1080 596 De
1109 544 1223 598 istis
1252 543 1394 597 enim
1424 543 1572 598 caelis
1598 544 1689 611 qui
1711 544 1846 597 bene
1867 543 2052 596 volue-

474 638 541 687 rit
577 633 795 698 erudiri,
836 627 1110 688 Genescos
1150 633 1380 687 lectione
1414 633 1709 687 docebitur.
1745 631 1842 687 llic
1875 631 1941 686 de
1969 632 2051 685 bis

470 724 622 777 oculis
651 724 760 791 agit
779 723 872 791 qui
901 732 1119 776 narrant
1146 723 1370 791 gloriam
1395 723 1487 776 Dei
1508 723 1835 789 resurgentis
1856 737 1886 774 a
1910 737 2052 775 mor-

469 815 592 879 tuis,
625 824 680 868 et
721 816 1059 869 ascendentis
1105 815 1154 868 in
1186 815 1370 869 cmlos.
1421 814 1553 868 Nam
1599 823 1655 867 ct
1698 814 1915 882 spiritus
1944 813 2052 867 oris

481 907 687 961 Domini
738 906 911 961 nostri
961 904 1086 961 Jesu
1114 904 1330 971 Chtisti,
1382 904 1524 974 quoi
1577 907 1648 959 sit
1686 906 1860 959 omnis
1883 905 2053 959 virtus

474 1011 680 1058 eorum,
712 996 898 1064 quinta
925 995 1124 1049 chorda
1153 1003 1335 1049 secuta
1365 1003 1464 1049 est.
1497 993 1658 1048 Sexta
1687 1009 1829 1048 nunc
1861 993 2051 1061 loqua—

474 1097 578 1151 tnr,
610 1088 753 1157 quod
782 1096 1173 1156 congregemur
1199 1087 1350 1155 quasi
1393 1086 1444 1139 in
1489 1093 1663 1139 utrem
1691 1099 1840 1152 aqutc
1869 1083 2049 1148 maris,

471 1191 527 1235 et
558 1190 785 1251 ponatur
806 1181 856 1234 in
882 1181 1145 1233 thesauris
1173 1178 1266 1233 Dei
1298 1180 1535 1250 abyssus.
1568 1178 1696 1244 Quin
1723 1188 1804 1232 est
1832 1177 2053 1247 abyssus

471 1275 524 1327 in
575 1274 824 1326 thesauro
855 1271 988 1324 Dei?
1034 1278 1232 1337 etquae
1277 1278 1360 1324 est
1387 1270 1608 1339 abyssus
1639 1270 1727 1323 ubi
1752 1269 2052 1322 dmmonnm

471 1364 732 1434 supplicia
763 1363 1198 1417 commorantur?
1238 1362 1531 1431 Diligenter
1571 1363 1808 1423 adverte,
1855 1361 1905 1413 in
1939 1361 2054 1413 the-

471 1471 631 1510 sater
661 1455 749 1508 Dei
791 1454 1038 1524 abyssum
1068 1454 1157 1509 ille
1187 1454 1406 1517 invenit,
1440 1454 1530 1522 qui
1571 1454 1782 1507 dicebat
1815 1471 1826 1505 ε
1863 1452 1906 1504 0
1933 1452 2054 1506 alti—

471 1546 594 1599 tudo
623 1546 914 1599 divitiarum
942 1545 1210 1615 sapientia:
1256 1543 1356 1598 Dei
1386 1543 1560 1615 (Rom.
1608 1544 1681 1613 χι)
1706 1543 1716 1594 ε
1768 1542 1906 1609 Ergo
1931 1556 2051 1595 cum

470 1644 679 1690 secreta
702 1635 940 1689 scientiae
969 1635 1061 1688 Dei
1092 1635 1255 1689 corde
1302 1634 1500 1687 mundo
1543 1642 1595 1685 et
1634 1640 1779 1686 recta
1813 1631 1912 1685 fide
1940 1646 2054 1700 per-

474 1728 659 1795 quiris,
688 1726 829 1780 scias
856 1736 908 1779 te
937 1734 1144 1783 sextam
1174 1724 1425 1778 chordam
1458 1731 1756 1791 percutere.
1789 1721 1903 1773 Alia
1927 1736 2054 1774 vere

2154 553 2339 600 noster
2359 550 2462 611 eSt,
2492 555 2547 600 et
2576 548 2711 601 sicut
2738 547 2786 600 in
2810 547 2985 615 capite
3012 545 3190 615 psalmi
3212 546 3352 599 nobis
3373 544 3546 614 jussum
3563 556 3640 614 est,

2152 631 2412 699 Gaudete,
2439 635 2585 702 justi,
2618 636 2668 688 in
2699 634 2947 698 Domino,
2983 635 3033 688 in
3065 634 3175 703 ipso
3204 633 3444 691 laetabiur
3462 650 3541 688 cor
3570 652 3643 690 no-

2153 734 2343 791 strum,
2377 735 2431 781 et
2468 728 2520 780 in
2564 727 2778 780 nomine
2823 736 3009 780 sancto
3052 726 3165 794 ejus
3208 724 3520 793 sperabimus.
3557 724 3648 794 Ipse

2154 818 2295 871 enim
2344 816 2467 871 facit
2498 817 2918 871 misericordiam
2958 832 3119 886 super
3156 832 3267 877 nos,
3296 816 3421 869 sicut
3463 816 3648 884 speravi-

2152 922 2272 962 mus
2302 908 2353 961 in
2380 923 2520 973 eum,
2553 909 2644 976 qui
2670 916 2857 976 regnat
2882 908 2935 960 in
2956 907 3145 961 sucula
3173 907 3479 960 smculorum.
3503 904 3650 959 Amen.

2641 1038 2863 1094 PSALM
2875 1040 2956 1095 US
3005 1040 3238 1094 ΧΧΧΠΙ.

2154 1149 2394 1206 Psalmus
2422 1149 2585 1203 David
2615 1167 2736 1206 cum
2781 1154 3005 1205 mutavit
3035 1152 3235 1205 vultum
3262 1166 3406 1205 suum
3433 1166 3584 1206 coram
3601 1149 3655 1204 A-

2438 1222 2722 1286 bitnelecb,
2756 1230 2811 1276 et
2836 1223 3037 1276 dimisit.
3064 1237 3187 1276 eum
3215 1229 3267 1275 et
3287 1222 3427 1275 abiit.

2226 1350 2534 1403 Benedicam
2555 1349 2841 1404 Dominoin
2858 1353 2997 1405 omni
3013 1360 3254 1421 tempore,
3274 1368 3458 1419 semper
3470 1349 3563 1403 laus
3576 1352 3658 1421 ejus

2152 1443 2307 1495 inore
2320 1457 2451 1494 meo.
2486 1440 2549 1493 In
2577 1440 2799 1495 Domino
2831 1441 3127 1495 laudabitur
3154 1443 3325 1495 anima
3350 1458 3469 1503 mea,
3492 1442 3660 1493 audiant

2153 1533 2409 1586 mansueti
2426 1541 2476 1585 et
2496 1533 2752 1585 (celentur.
2778 1532 3115 1603 Magni/icate
3139 1533 3404 1586 Dominum
3428 1548 3608 1593 mecum,
3628 1539 3664 1583 et

2151 1624 2437 1676 exaltemus
2452 1640 2635 1676 nomen
2656 1624 2832 1693 ejusin
2848 1624 3088 1690 idipsum.
3110 1623 3369 1695 Exquisivi
3386 1621 3620 1675 Dominum
3630 1629 3666 1674 et

2155 1715 2415 1766 exaudiri!
2442 1713 2925 1777 me,etexomnibus
2953 1714 3362 1769 tribulationibus
3378 1716 3491 1768 meis
3517 1714 3667 1782 eripuit

475 1816 700 1887 abyssus
750 1816 837 1871 ubi
892 1816 1163 1870 (immanes
1210 1821 1628 1874 cnmmommur,
1680 1810 2051 1866 ιιεθισριὶεοιουω
2084 1816 2129 1876 Β
2156 1819 2251 1856 me.
2278 1805 2513 1857 Accedite
2528 1805 3174 1869 adeuntetilluminamini,
3195 1817 3245 1859 et
3260 1806 3411 1876 [acies
3432 1814 3672 1857 vestrmuon

472 1909 733 1961 serutatio
777 1915 878 1971 est,
926 1906 992 1960 de
1028 1920 1131 1973 qua
1188 1905 1342 1958 nobis
1370 1906 1632 1959 clamatur
1682 1903 1748 1956 ab
1778 1903 2051 1970 Apostolo,

476 1994 657 2049 Nolito
686 1996 843 2049 altum
881 2012 1079 2065 sapere,
1110 1995 1199 2048 sed
1247 1996 1366 2047 time
1396 1993 1572 2061 (Rom.
1617 1991 1715 2061 XI).
1750 1991 1883 2045 Nam
1913 1992 2055 2061 quod

475 2096 865 2155 congregantur
891 2101 1041 2155 aqua:
1070 2087 1248 2147 maris,
1280 2084 1517 2138 omnium
1546 2083 1784 2150 genium
1812 2092 1973 2136 seetse
1989 2080 2054 2135 ad

426 2236 427 2239 η
476 2193 637 2231 unum
664 2177 869 2231 fontem
896 2192 1048 2244 aqum
1078 2176 1206 2229 vivae
1227 2175 1465 2230 collectze
1487 2182 1630 2239 sunt,
1657 2182 1714 2226 ut
1739 2173 1804 2227 de
1826 2174 1929 2228 hoc
1949 2188 2056 2227 uno

476 2276 597 2321 ntrc
639 2267 910 2337 excipiant
939 2282 1131 2336 aquam
1160 2266 1440 2319 salientem
1491 2264 1558 2317 ad
1588 2265 1747 2317 vitam
1777 2272 2053 2318 mternam.

475 2358 541 2411 iit
562 2358 691 2412 ideo
738 2358 964 2426 septima
995 2356 1194 2411 chorda
1221 2356 1324 2411 hoc
1365 2363 1552 2422 sonat,
1585 2363 1642 2409 ut
1672 2356 1856 2409 timeat
1883 2355 2059 2410 Domi-

475 2464 601 2503 num
641 2449 815 2502 omnis
844 2456 1004 2512 terra,
1040 2462 1145 2501 non
1174 2445 1356 2500 Judma
1384 2446 1520 2509 sola,
1547 2446 1641 2499 sed
1668 2453 1722 2499 et
1751 2460 1938 2500 omnes
1965 2448 2055 2516 qui

475 2538 718 2591 habitant
761 2537 969 2591 orbem.
1020 2535 1220 2590 Octava
1268 2535 1430 2590 sentit
1483 2534 1765 2589 Dominum
1814 2546 2055 2592 nostrum

472 2625 655 2681 Iesum
686 2624 957 2680 Christum
989 2626 1162 2695 ipsum
1191 2639 1311 2680 esse
1339 2640 1518 2679 rerum
1562 2626 1801 2680 omnium
1846 2635 2056 2682 creato-

477 2733 611 2780 rem,
636 2718 727 2785 qui
757 2716 1036 2785 dissipavit
1054 2716 1275 2770 consilia
1303 2716 1539 2783 gentium
1568 2716 1623 2770 in
1650 2716 1826 2781 idolis,
1847 2717 1939 2787 qui
1964 2731 2057 2771 re-

476 2806 723 2877 probavit
774 2805 1128 2873 cogitationes
1162 2805 1483 2876 populorum
1530 2805 1583 2858 in
1630 2805 1932 2876 synagogis,
1963 2806 2057 2875 qui

477 2895 728 2966 reprobat
763 2895 985 2951 consilia
1016 2895 1311 2965 principum
1358 2894 1696 2965 pamionibus
1741 2903 2053 2967 martyrum,

476 2988 563 3055 qui
606 2985 732 3040 facit
757 2986 1038 3041 consilium
1086 2985 1298 3040 Domini
1328 3001 1544 3040 manere
1596 2985 1649 3039 in
1689 2993 1967 3048 mternum,
2001 2987 2055 3040 in

474 3078 745 3143 Eeclesiis,
779 3078 834 3132 in
865 3077 1057 3145 quibus
1084 3086 1210 3131 sunt
1248 3077 1602 3146 cogitationes
1630 3078 1807 3132 cordis
1836 3077 1969 3145 ejus,
2004 3079 2056 3132 in

2156 1895 2555 1964 confundentur.
2594 1894 2700 1948 Iste
2718 1913 2914 1966 pauper
2934 1896 3195 1960 clamavit,
3232 1906 3280 1948 et
3302 1894 3537 1949 Dominus
3553 1909 3677 1946 exau-

2156 1984 2281 2037 divit
2318 2002 2453 2049 eum,
2493 1997 2542 2039 et
2569 2004 2633 2040 ea:
2661 1985 2892 2040 omnibus
2917 1984 3338 2041 tribulationibus
3380 1987 3481 2056 ejus
3508 1982 3678 2037 soluerit

2156 2091 2290 2128 eum.
2333 2074 2585 2129 [inmittet
2617 2076 2830 2148 angelus
2860 2075 3068 2130 Domini
3097 2078 3155 2129 in
3187 2075 3399 2128 circuitu
3447 2074 3682 2127 timentium

2156 2182 2292 2231 cum,
2333 2174 2382 2219 et
2405 2168 2586 2235 eripiet
2630 2183 2735 2221 eos.
2766 2166 2980 2221 Gustate
3006 2178 3053 2220 et
3081 2167 3269 2231 ridete,
3299 2168 3524 2238 quoniam
3548 2163 3683 2217 suerit

2155 2265 2231 2310 est
2262 2256 2531 2311 Dominus.
2566 2257 2752 2312 Beatus
2783 2260 2861 2311 rir
2886 2260 2971 2330 qui
2996 2266 3176 2328 sperat
3205 2258 3259 2311 in
3282 2275 3359 2311 eo.
3407 2255 3580 2309 Timete
3599 2253 3689 2306 Do-

2156 2352 2368 2413 minum,
2402 2367 2578 2405 omnes
2606 2352 2772 2413 sancti
2801 2351 2929 2421 ejus,
2962 2352 3210 2422 quoniam
3240 2367 3341 2403 non
3369 2356 3442 2402 est
3465 2347 3617 2416 inopia
3639 2346 3688 2396 ti-

2155 2442 2408 2496 mentibus
2461 2460 2595 2495 cum.
2644 2442 2834 2496 Dirites
2862 2452 3107 2512 eguerunt
3156 2453 3206 2496 et
3234 2436 3694 2507 esurierunt,inqui-

2156 2543 2323 2587 rentes
2353 2541 2520 2587 autem
2550 2532 2827 2588 Dominum
2848 2551 2948 2588 non
2979 2538 3282 2589 minuentur
3307 2539 3443 2591 omni
3465 2536 3597 2591 bona.
3627 2536 3690 2589 Ve

2156 2626 2281 2689 nite,
2307 2626 2425 2695 filii,
2450 2627 2623 2679 audite
2649 2643 2746 2690 me,
2774 2628 3004 2680 timorem
3034 2625 3255 2682 Domini
3282 2628 3465 2683 docebo
3484 2646 3577 2683 vos.
3600 2625 3697 2690 Qui;

2155 2725 2233 2769 est
2260 2716 2407 2769 homo
2428 2718 2512 2787 qui
2538 2716 2641 2769 vult
2670 2718 2844 2776 vitam,
2871 2717 3039 2788 diligit
3063 2718 3178 2771 dies
3202 2720 3374 2773 videre
3397 2719 3576 2772 bonos?
3593 2717 3699 2770 Pro-

2155 2807 2271 2862 hibe
2298 2809 2523 2879 linguam
2554 2818 2691 2862 tuam
2720 2826 2751 2862 α
2780 2810 2936 2873 malo,
2987 2820 3035 2863 et
3061 2809 3211 2865 labia
3243 2821 3335 2864 tua
3369 2829 3431 2865 ne
3472 2812 3702 2883 loquantur

2158 2901 2351 2955 dolum.
2377 2901 2582 2955 Direrte
2604 2919 2635 2954 (ι
2665 2903 2820 2963 malo,
2866 2911 2917 2956 et
2945 2903 3028 2972 {ac
3074 2901 3292 2968 bonum,
3327 2904 3516 2973 inqu’re
3539 2914 3700 2970 pacem.

2156 3000 2204 3046 et
2226 3009 2526 3064 persequere
2547 3010 2677 3046 eam.
2714 2990 2864 3047 Oculi
2893 2992 3101 3048 Domini
3134 3012 3297 3065 super
3328 2995 3495 3065 justos
3519 3002 3562 3046 et
3585 3005 3707 3043 aures

2156 3083 2268 3154 ejus
2289 3085 2339 3137 in
2364 3100 2536 3154 preces
2565 3101 2756 3138 eorum.
2800 3083 2982 3138 Vultus
3006 3095 3183 3138 autem
3215 3083 3433 3138 Domini
3473 3099 3608 3153 super
3640 3082 3706 3149 {a-

474 3167 727 3223 stuculum
769 3167 968 3222 seculi.
1000 3166 1149 3222 Nozta
1190 3167 1389 3222 chorda
1444 3167 1641 3222 indicat
1682 3168 1894 3223 beatam
1936 3184 2054 3224 esse

2158 3179 2347 3231 cientes
2391 3178 2553 3242 male,
2600 3186 2657 3230 ut
2700 3178 2883 3248 perdat
2910 3176 2973 3230 de
3000 3186 3147 3233 terra
3201 3177 3504 3231 memoriam
3550 3189 3709 3227 eorum.

477 3269 688 3327 gentem
699 3276 815 3328 qua:
827 3259 1582 3328 cognoscitDominumJesum
1593 3261 2056 3326 Christum,Dcum

475 3368 651 3417 suum,
676 3353 898 3407 ethunc
926 3367 1045 3407 esse
1073 3352 1327 3421 populum
1373 3367 1532 3422 quem
1563 3352 1719 3420 elegit
1752 3353 1804 3405 in
1834 3351 2056 3406 haeredi-

476 3454 637 3500 tatem
667 3446 786 3499 sibi.
820 3443 1036 3499 Decima
1091 3444 1289 3499 chorda
1341 3444 1538 3499 indicat
1564 3445 1689 3514 quia
1716 3444 1782 3498 de
1808 3444 1945 3498 coelo
1974 3459 2059 3498 re-

476 3539 652 3609 spexit
677 3537 933 3593 Dominus
962 3551 1124 3606 super
1144 3552 1262 3599 nos,
1294 3551 1399 3592 mon
1429 3538 1508 3591 sic
1543 3536 1613 3591 de
1647 3536 1784 3591 coelo
1812 3537 1965 3605 quasi
1992 3536 2058 3590 de

478 3630 729 3693 fenestra,
754 3628 848 3683 sed
876 3626 943 3681 de
968 3636 1268 3697 praeparato
1298 3625 1602 3681 babitaculo
1628 3641 1747 3690 suo,
1780 3626 1832 3680 id
1861 3633 1960 3691 est,
1992 3626 2058 3681 de

478 3719 692 3772 homine
716 3716 972 3787 perfecto,
994 3702 1158 3787 quem
1185 3718 1492 3788 assumpsit.
1516 3717 1593 3771 De
1615 3718 1730 3786 ipso
1750 3732 1878 3786 ergo
1898 3732 2057 3786 quem

479 3809 639 3878 Virgo
663 3810 890 3878 peperit.
921 3811 1157 3878 respexit
1198 3825 1361 3878 super
1387 3824 1575 3863 omnes
1603 3810 1719 3863 sine
1746 3811 2057 3879 acceptione

476 3913 739 3970 personre.
786 3900 887 3954 Pro
915 3901 1164 3955 omnibus
1191 3901 1333 3954 enim
1363 3908 1418 3955 et
1463 3908 1618 3956 natus
1642 3910 1697 3955 ct
1736 3916 1926 3971 passus
1955 3912 2054 3968 est,

476 3991 593 4060 ipse
637 3991 821 4061 utique
863 3991 953 4060 qui
999 3990 1153 4045 tinxit
1179 3991 1449 4057 sigillatim
1493 3993 1654 4047 corda
1702 4007 1915 4057 eorum;
1950 4010 2056 4049 non

476 4082 619 4136 enim
649 4098 786 4151 opus
821 4088 938 4136 erat
967 4082 1016 4135 ei
1046 4090 1104 4136 ut
1133 4083 1499 4137 testimonium
1527 4083 1578 4138 ei
1604 4084 1723 4152 quis
1751 4084 2057 4153 perhiberet

477 4174 545 4228 de
584 4173 821 4228 homine.
877 4173 996 4242 Ipse
1024 4174 1167 4227 enim
1209 4173 1281 4227 ita
1321 4174 1535 4229 videbat
1561 4174 1688 4245 quid
1715 4182 1963 4243 ageretur
2003 4176 2056 4230 in

474 4265 712 4329 homine,
764 4273 823 4319 ut
865 4266 993 4334 quid
1024 4267 1387 4335 unusquisque
1415 4267 1677 4335 cogitaret
1703 4268 1966 4337 proferret
2003 4270 2057 4323 in

475 4359 727 4413 medium.
775 4357 907 4411 Nam
959 4358 1102 4426 quod
1147 4358 1371 4422 dicitur,
1415 4352 1523 4413 non
1579 4357 1639 4414 ﬁt
1664 4361 1842 4414 salvus
1879 4375 1975 4415 rex
2004 4362 2055 4415 in

480 4447 645 4502 multa
671 4448 871 4504 virtute
898 4462 1015 4511 sua,
1044 4448 1148 4502 tale
1189 4457 1290 4513 est,
1321 4449 1480 4518 quale
1507 4451 1549 4507 si
1590 4452 1796 4507 dicatur
1818 4451 2014 4508 Herodi
2040 4473 2051 4506 :

2162 3267 2521 3321 Clamaeerunt
2558 3268 2706 3338 justi,
2756 3276 2806 3320 et
2853 3267 3107 3320 Dominus
3135 3268 3411 3321 exaudit-it
3462 3282 3560 3326 eos,
3585 3272 3628 3317 et
3662 3277 3711 3315 es

2158 3356 2392 3409 omnibus
2421 3354 2834 3410 tribulationibus
2859 3372 3033 3409 eorum
3063 3356 3312 3411 liberarit
3343 3373 3450 3411 eos.
3490 3354 3635 3408 Juxta
3656 3358 3716 3405 est

2158 3444 2410 3501 Dominus
2440 3447 2517 3500 his
2547 3448 2631 3517 qui
2658 3445 2902 3500 tribulato
2930 3456 3049 3499 sunt
3076 3448 3244 3501 corde
3266 3458 3319 3502 et
3342 3449 3551 3500 Immites
3570 3444 3715 3514 spiritu

2159 3536 2400 3591 salrabit.
2432 3535 2612 3590 Multa:
2643 3536 2998 3590 tributationes
3020 3537 3320 3607 justorum,
3363 3547 3413 3591 et
3441 3536 3501 3591 de
3526 3530 3718 3589 omnibus

2158 3628 2239 3681 his
2269 3626 2500 3681 liberarit
2543 3644 2629 3681 eos
2678 3627 2950 3680 Dominus.
2998 3625 3249 3683 Custodit
3300 3629 3547 3683 Dominus
3582 3624 3719 3683 oamia

2158 3734 2278 3772 ossa
2301 3735 2497 3782 eorum,
2521 3735 2679 3772 unum
2707 3735 2771 3772 ea:
2797 3719 2875 3770 his
2912 3735 3017 3771 non
3045 3731 3379 3774 conteretur.
3411 3718 3551 3773 Mors
3576 3728 3722 3788 pecca-

2159 3817 2324 3863 torum
2355 3810 2597 3878 pessima,
2626 3819 2676 3862 et
2698 3810 2785 3880 qui
2813 3808 3028 3863 oderunt
3063 3811 3277 3881 justum
3306 3806 3611 3881 delinquent.
3643 3803 3723 3856 Re-

2156 3898 2313 3953 dimet
2334 3898 2588 3953 Dominus
2612 3901 2813 3953 animas
2835 3916 3097 3953 servorum
3128 3917 3379 3967 suorum,
3404 3909 3453 3954 et
3474 3914 3570 3954 non
3594 3893 3725 3949 detin-

2158 4000 2310 4063 quent
2339 4007 2515 4046 omnes
2540 3992 2626 4063 qui
2650 4000 2861 4062 sperant
2887 3992 2941 4044 in
2981 4006 3060 4044 eo.

2732 4143 3177 4184 COIMENTARIUII.

2229 4268 2336 4322 Nisi
2363 4267 2649 4322 mutaveris
2676 4266 2879 4320 vultum
2910 4273 3060 4318 tuum
3101 4280 3308 4320 coram
3342 4265 3585 4336 principe
3608 4256 3733 4313 vitio-

2156 4374 2295 4424 rum,
2340 4367 2396 4412 et
2442 4358 2703 4413 dimiseris
2731 4371 2873 4420 eum,
2906 4370 2969 4410 ac
3016 4356 3295 4410 virtutum
3355 4357 3583 4411 Domino
3610 4360 3736 4403 omne

2158 4449 2300 4519 quod
2344 4449 2438 4502 tibi
2484 4454 2731 4517 superest
2771 4447 2895 4500 vitae
2941 4448 3359 4516 mancipaveris
3390 4456 3617 4516 tempus,
3652 4438 3737 4492 non

477 4539 648 4605 Quid?
677 4538 801 4610 quia
832 4548 1024 4607 potens
1059 4553 1120 4594 es
1143 4536 1413 4592 Christum
1442 4539 1515 4592 ita
1542 4542 1813 4609 persequi,
1843 4551 1900 4596 ut
1927 4559 2027 4612 pos
2081 4547 2135 4607 Β
2159 4555 2284 4595 vere
2311 4540 2444 4595 dicis
2471 4557 2483 4592 :
2514 4538 2832 4593 Benedicam
2878 4536 3171 4592 Dominum
3224 4541 3285 4593 in
3329 4540 3484 4595 omni
3515 4544 3739 4603 tempore.

476 4628 552 4684 sis
578 4628 899 4698 perscrutari
934 4629 1155 4692 scribas,
1187 4628 1455 4684 discutere
1482 4644 1683 4698 magos,
1710 4632 1938 4687 infantes
1967 4649 2057 4689 oc-

476 4720 676 4787 cidere,
709 4721 762 4776 in
804 4720 1132 4776 abundantia
1163 4721 1374 4775 virtutis
1402 4728 1538 4785 tute;
1585 4722 1655 4776 ita
1686 4737 1793 4776 non
1818 4724 1926 4778 eris
1953 4724 2058 4779 sal-

478 4826 594 4874 vus,
625 4811 767 4865 sicut
790 4810 881 4867 ille
907 4812 997 4879 qui
1026 4811 1333 4867 confidebat
1359 4812 1411 4865 in
1453 4826 1595 4881 equo
1624 4827 1741 4875 suo,
1772 4820 1828 4867 et
1851 4815 2059 4869 canitur

477 4906 544 4957 de
572 4919 639 4957 eo
673 4921 685 4956 :
716 4902 922 4975 Equum
945 4914 993 4959 et
1021 4922 1346 4962 ascensorem
1369 4909 1586 4978 projecit
1613 4909 1667 4961 in
1688 4924 1835 4963 mare
1856 4907 2050 4981 (Exod.

480 4993 593 5063 xv).
626 4992 694 5049 Et
740 4994 926 5049 fet‘elht
971 5012 1094 5051 eum
1144 5013 1315 5067 equus
1366 4999 1435 5052 ad
1481 4998 1736 5065 salutem;
1774 5000 1846 5054 ita
1898 5010 1952 5055 et
2001 5011 2056 5056 tu

477 5086 693 5141 etiamsi
720 5086 869 5155 gigas
897 5087 969 5141 sis
992 5087 1042 5142 in
1062 5089 1259 5144 virtute
1289 5099 1397 5152 tua,
1425 5106 1531 5145 non
1552 5091 1657 5145 eris
1684 5093 1880 5148 salvus.
1904 5094 2057 5148 Oculi

477 5178 624 5233 enim
677 5176 888 5232 Domini
916 5192 1025 5232 non
1075 5180 1367 5249 respiciunt
1405 5180 1736 5237 conﬁdentes
1780 5183 1832 5249 in
1864 5184 2059 5239 virtute

476 5284 598 5337 sua,
636 5267 732 5323 sed
780 5276 1061 5338 sperantes
1114 5270 1169 5323 in
1218 5270 1584 5326 misericordia
1630 5271 1764 5341 ejus.
1821 5273 2058 5343 Ipsorum

479 5363 625 5416 enim
644 5358 804 5429 eripit
832 5358 1038 5412 animas
1061 5358 1129 5413 de
1156 5367 1349 5422 morte,
1380 5370 1435 5413 et
1462 5362 1556 5415 alit
1580 5376 1675 5418 eos
1700 5363 1751 5416 in
1777 5363 1932 5418 fame.
1961 5363 2057 5419 Fa-

480 5466 621 5506 mem
660 5450 883 5518 quidem
918 5448 1104 5502 in‘isto
1130 5450 1338 5505 sinendo.
1355 5452 1400 5504 si
1431 5454 1570 5520 passi
1613 5453 1829 5517 fuerint,
1857 5463 2058 5510 etcum

483 5543 739 5609 Apostolo
765 5538 1018 5604 dixerint,
1055 5538 1226 5612 Usque
1252 5540 1306 5593 in
1336 5542 1468 5596 hanc
1496 5543 1675 5599 horam
1716 5554 1766 5599 et
1803 5546 2057 5600 esurimus

482 5641 528 5682 et
549 5632 769 5695 sitimus,
798 5641 849 5685 et
871 5632 997 5685 nudi
1020 5647 1194 5685 mnus
1219 5630 1261 5696 (ι
1288 5629 1407 5685 Cor.
1438 5632 1850 5703 tv);adjungunt
1878 5645 2057 5691 tamen

484 5722 721 5775 dicentes
753 5738 767 5775 :
793 5723 981 5776 Anima
1007 5731 1185 5776 nostra
1219 5722 1485 5791 patienter
1505 5723 1632 5792 agit,
1656 5738 1761 5779 non
1793 5726 2057 5790 turbatur,

2161 4647 2261 4687 nec
2289 4644 2503 4701 semper
2543 4631 2661 4685 laus
2700 4628 2797 4683 Dei
2823 4630 2927 4684 erit
2959 4629 3013 4682 in
3043 4644 3143 4684 ore
3178 4638 3308 4694 tuo,
3361 4632 3410 4685 si
3464 4630 3559 4684 tibi
3583 4625 3741 4680 vitium

2157 4724 2550 4779 maledictionis
2578 4731 2631 4777 et
2659 4721 3025 4776 amaritudinis
3050 4723 3215 4777 vivit.
3254 4724 3345 4779 Sit
3374 4738 3509 4792 ergo
3533 4723 3639 4775 laus
3671 4713 3749 4769 Dei

2160 4814 2214 4867 in
2243 4829 2339 4868 ore
2369 4822 2481 4880 tuo,
2513 4828 2619 4866 non
2650 4813 2702 4866 in
2732 4811 3039 4866 adulatione
3065 4811 3342 4868 laudibus
3385 4813 3654 4869 hominum
3679 4821 3749 4861 as-

2158 4918 2429 4967 suescens,
2471 4918 2573 4958 nec
2610 4903 2798 4955 timeas
2837 4916 2905 4956 ne
2951 4909 3002 4955 te
3032 4902 3370 4973 vituperent
3399 4905 3613 4975 injuste,
3641 4910 3755 4968 Quos

2153 4998 2297 5067 juste
2320 4997 2606 5065 vituperas.
2626 4994 2683 5049 Si
2705 4994 2848 5049 enim
2868 4995 2935 5049 ab
2957 4994 3186 5049 homine
3220 4997 3574 5068 vituperatus
3598 4988 3754 5050 lueris,

2154 5087 2210 5139 in
2225 5085 2338 5141 Deo
2359 5085 2684 5150 laudaberis;
2708 5092 2764 5138 et
2790 5083 3050 5154 superbos
3076 5088 3542 5151 contristat-eris,
3567 5081 3759 5140 audiant

2158 5176 2442 5241 mansueti,
2470 5183 2524 5230 et
2549 5175 2815 5241 laetentur,
2846 5175 2901 5230 hi
2944 5176 3033 5244 qui
3064 5178 3450 5246 magniﬁcam
3497 5175 3756 5233 Dominum

2159 5276 2357 5332 tecum,
2387 5275 2441 5322 et
2465 5267 2703 5321 exaltant
2728 5279 2923 5320 nomen
2966 5264 3081 5333 ejus
3120 5265 3187 5320 in
3242 5285 3452 5325 unum.
3499 5268 3766 5323 Videamus

2162 5377 2301 5417 nunc
2329 5376 2516 5416 causas
2537 5360 2706 5414 laudis
2729 5359 2864 5428 ejus.
2889 5358 3145 5429 Inquisivi
3175 5359 3518 5429 Dominum,
3543 5370 3598 5416 et
3623 5372 3766 5413 exan-

2160 5452 2291 5507 divit
2319 5468 2424 5519 me,
2449 5459 2503 5506 et
2531 5466 2595 5506 ex
2617 5451 2863 5505 omnibus
2892 5446 3155 5518 angustiis
3183 5452 3411 5524 eripuit
3438 5470 3547 5509 me.
3581 5452 3645 5505 Et
3672 5462 3771 5507 vos.

2156 5545 2253 5608 ait,
2284 5542 2520 5598 accedite
2549 5542 2614 5595 ad
2662 5555 2805 5607 eum,
2862 5541 2953 5611 qui
3002 5541 3055 5595 in
3099 5544 3381 5599 caecitate
3426 5545 3612 5600 cordis
3639 5540 3765 5596 estis

2159 5634 2414 5696 accedite,
2447 5640 2501 5687 et
2529 5631 2917 5697 illuminamini,
2966 5638 3020 5685 et
3048 5631 3250 5688 vultus
3284 5638 3473 5690 vestri
3504 5654 3614 5692 non
3664 5646 3778 5689 conr-

2161 5724 2464 5779 t‘undeutur.
2489 5722 2601 5777 Non
2634 5721 3024 5777 confundantur
3052 5722 3102 5774 in
3136 5712 3501 5795 paupertate
3528 5726 3689 5782 facies
3711 5733 3777 5774 vo-
