3908 6176
217 262 298 318 πε)

214 390 329 440 stne,
355 375 394 430 si
419 372 764 429 consitleretis
791 371 1030 426 omnium
1072 387 1251 427 rerum
1282 371 1567 427 Dominum
1596 371 1745 425 illum
1776 377 1824 432 Α

216 468 310 525 oculi
329 474 575 533 terrazque
599 462 837 527 divitem,
863 477 963 531 pro
992 470 1175 516 nostra
1202 469 1520 531 paupertate
1548 477 1750 532 paupe-

212 575 304 615 rem
327 557 530 619 factum,
560 568 660 623 pro
689 560 873 607 nostra
902 554 1245 608 tribulatione
1287 553 1615 620 tribulatum,
1649 556 1750 624 ipsi

213 666 294 706 nec
312 651 355 703 in
380 653 686 717 paupertate
713 645 1061 707 erubescctis,
1085 660 1185 699 nec
1212 646 1263 698 in
1286 644 1629 699 tribulatione
1655 644 1751 699 de-

212 738 385 796 ticietis.
432 736 560 790 Nam
602 736 702 789 i.=te
747 751 953 805 pauper
994 736 1241 789 clamavit
1291 735 1343 789 in
1373 750 1550 791 cruce.
1621 734 1751 801 Quis

212 829 412 902 pauper?
439 826 557 892 Qui,
583 834 641 880 ut
663 837 714 880 te
743 827 961 881 divitem
991 826 1209 891 laceret,
1231 841 1435 896 pauper
1455 826 1624 882 factus
1644 835 1745 882 est.

210 921 374 974 Factus
417 916 654 971 obediens
698 934 857 988 usque
897 917 966 968 ad
1004 933 1203 969 crucem
1234 916 1398 983 (Phil.
1450 917 1613 986 ti),ut
1637 926 1689 971 te
1718 932 1749 972 a

211 1010 494 1066 cruciatibus
536 1008 808 1063 liberaret.
834 1006 1117 1072 Clamavit,
1163 1016 1217 1062 et
1244 1008 1501 1063 Dominus
1527 1009 1750 1063 exaudi-

210 1104 271 1159 vit
291 1117 418 1167 eum,
448 1100 593 1154 misit
616 1100 862 1168 angelum
912 1114 1067 1152 suum
1097 1100 1150 1152 in
1199 1099 1421 1154 circuitu
1450 1099 1751 1153 timentium

210 1210 371 1264 corpus
393 1192 526 1261 ejus,
554 1198 609 1246 et
628 1192 836 1244 revolvit
854 1190 1075 1260 lapidem
1099 1205 1127 1243 a
1160 1197 1509 1245 monumento
1532 1189 1746 1262 (Matth.

210 1292 394 1356 svvm),
418 1301 471 1343 et
503 1290 703 1358 tripuit
724 1303 869 1342 eum.
895 1286 1121 1344 Gustate
1142 1302 1342 1356 corpus
1359 1291 1502 1348 vitae.
1523 1299 1578 1345 et
1599 1289 1759 1346 vide-

211 1398 227 1441 ι
269 1399 411 1453 quam
436 1383 622 1437 snsvis
645 1391 727 1435 est
752 1381 1037 1436 Dominus:
1056 1380 1230 1435 Vitam
1252 1382 1394 1436 enim
1417 1382 1570 1436 liabet
1594 1384 1647 1437 in
1664 1400 1752 1440 se-

209 1472 407 1539 metipso,
436 1471 523 1539 qui
545 1467 928 1521 manducauerit
956 1484 1163 1521 carnem
1186 1468 1318 1537 ejus,
1345 1478 1394 1520 et
1422 1466 1604 1521 biberit
1628 1484 1755 1521 san-

209 1559 383 1629 guinem
425 1557 539 1628 ejus
585 1555 760 1623 (Joan.
794 1556 890 1623 vx),
922 1563 977 1609 et
1006 1563 1133 1611 tunc
1177 1557 1367 1611 beatus
1410 1557 1513 1611 erit
1538 1557 1622 1610 vir
1661 1557 1753 1626 qui

208 1658 359 1719 sperat
384 1649 433 1702 in
466 1664 553 1702 eo.
599 1647 805 1702 Timete
836 1648 1140 1713 Dominum,
1189 1664 1376 1703 omnes
1402 1649 1574 1704 sancti
1615 1648 1750 1719 ejus,

1096 253 1565 311 GOMMENTAR"
1602 255 1671 311 ΙΝ
1707 253 2035 313 PSALMOS.
2079 257 2269 313 PSAL.
2316 257 2547 313 XXXIV.

3326 253 3447 308 370

2339 371 2656 428 PSALMUS
2694 370 2931 425 XXXIV.

2272 507 2330 560 In
2360 505 2517 560 ﬁnem
2546 505 2788 576 psalmus
2820 501 3006 557 David.

1921 639 2131 705 Indica,
2159 639 2393 704 Domine,
2426 648 2666 693 nocentes
2691 654 2791 703 me,
2813 652 3052 708 expugna
3070 637 3432 705 impugnante:

1851 746 1950 783 me.
1981 726 2319 800 Apprehende
2338 746 2486 782 arma
2506 739 2556 782 et
2585 738 2802 792 scutum,
2832 736 2880 781 et
2900 742 3116 796 ea'snrge
3144 727 3196 779 in
3217 724 3428 795 adjuto-
3458 724 3464 729 ’

1852 824 1986 873 rium
2008 820 2153 872 mihi.
2182 818 2410 887 Effunde
2435 820 2706 889 frameam,
2738 826 2789 870 et
2812 815 3058 870 conclude
3082 815 3323 868 adversus
3344 830 3430 867 eos

1851 913 1935 981 qui
1960 927 2038 963 me
2056 920 2459 979 persequuntur;
2492 908 2573 962 die
2616 909 2806 962 anima:
2838 922 2965 960 mea:
2994 922 3011 959 :
3054 904 3208 959 Salus
3233 912 3316 956 tua
3336 920 3430 973 ego
3482 968 3487 979 ν

1850 1017 1983 1054 sum.
2023 998 2419 1069 Confundantur
2444 1008 2493 1051 et
2521 1008 2849 1052 revereantur
2879 1006 3160 1067 qua’reutes
3204 996 3430 1048 animam
3490 1000 3493 1001 ⁷

1852 1109 2036 1147 meam.
2087 1092 2400 1145 Avertantur
2442 1099 2721 1145 retrorsum
2774 1097 2824 1143 et
2864 1086 3248 1159 confundantur
3291 1087 3430 1155 cogi-

1855 1192 2019 1236 tantes
2060 1182 2187 1235 milii
2234 1182 2390 1235 mala.
2434 1180 2595 1235 Fiant
2643 1189 2884 1252 tanquam
2913 1178 3076 1250 pulvis
3101 1185 3220 1230 ante
3249 1177 3431 1246 {aciem

1854 1276 2005 1338 venti,
2036 1281 2086 1327 et
2108 1273 2320 1343 angelus
2352 1270 2560 1326 Domini
2600 1280 2875 1325 coarctans
2917 1286 3023 1324 eos.
3054 1267 3177 1322 Fiat
3209 1269 3290 1321 ria
3315 1266 3433 1321 illo-

1854 1379 1967 1416 rum
1997 1360 2214 1417 tenebrtc
2241 1372 2289 1416 et
2310 1362 2578 1427 lubricum,
2601 1370 2651 1417 et
2665 1361 2876 1433 angelus
2897 1359 3106 1414 Domini
3129 1372 3433 1429 persequens

1853 1473 1959 1512 eos.
1994 1455 2249 1520 Quoniam
2277 1457 2438 1527 gratis
2467 1455 2846 1508 absconderant
2897 1452 3022 1507 milii
3066 1451 3327 1505 interitum
3355 1449 3431 1501 ια.

1854 1550 1968 1621 quei
1998 1550 2096 1613 sui,
2142 1564 2453 1618 supervacue
2497 1547 2933 1617 exprobrauerunt
2979 1546 3206 1597 animum
3246 1558 3431 1596 meam.

1864 1639 2052 1693 Veniat
2079 1639 2154 1692 illi
2182 1638 2393 1710 laqueus
2431 1654 2579 1709 quem
2606 1638 2832 1707 ignorat,
2864 1646 2913 1689 et
2938 1635 3107 1706 captio
3128 1650 3281 1705 quam
3319 1631 3435 1685 abs.

206 1738 426 1809 quoniam
458 1736 591 1791 nihil
619 1737 771 1791 deest
799 1736 1109 1791 timentibus
1154 1752 1295 1790 eum.
1340 1737 1481 1791 Nihil
1508 1736 1659 1793 deest
1701 1738 1756 1793 in

1863 1731 2033 1785 condit
2053 1730 2404 1801 apprehendat
2429 1745 2564 1793 eum,
2605 1737 2654 1781 et
2682 1729 2735 1781 in
2761 1727 2998 1796 laqueum
3027 1725 3179 1779 cadat
3215 1726 3271 1777 in
3302 1724 3435 1791 ipso.

1856 1825 2046 1877 Anima
2073 1832 2243 1875 autem
2263 1837 2377 1874 mea
2424 1818 2700 1874 exsultabit
2728 1820 2780 1872 in
2808 1817 3051 1880 Domino,
3081 1825 3130 1868 et
3168 1812 3438 1868 delectabi-

1859 1924 1941 1969 tur
1963 1930 2117 1985 super
2143 1912 2361 1966 salntari
2380 1927 2495 1965 suo.
2535 1908 2725 1964 Omnia
2754 1926 2869 1964 ossa
2892 1925 3007 1964 mea
3035 1907 3224 1973 dicent,
3264 1904 3439 1959 Domi-

1857 2022 1939 2070 ne,
1971 2005 2084 2076 quis
2113 2002 2298 2058 similis
2329 2003 2441 2055 tui?
2486 2000 2694 2072 Eripies
2738 2002 2941 2070 inopem
2983 1998 3046 2052 de
3072 2013 3227 2051 manu
3257 1997 3440 2067 {ortio-

1857 2114 1970 2151 rum
2008 2100 2139 2170 ejus,
2165 2112 2376 2168 egenum
2423 2103 2473 2148 et
2515 2109 2788 2164 pauperem
2822 2109 2853 2144 ιι
2900 2089 3260 2159 diripientibas
3306 2103 3439 2140 eum.

206 1828 422 1897 pnescnti
471 1826 540 1880 de
589 1825 892 1890 virtutibus,
923 1826 1055 1879 nihil
1096 1825 1245 1881 deest
1290 1825 1640 1896 perfectioni,
1699 1835 1759 1882 ut

206 1918 312 1972 nihil
341 1918 388 1972 in
417 1917 651 1972 futurum
677 1916 881 1984 gaudiis
902 1916 1057 1971 desit.
1081 1916 1211 1970 Nam
1240 1919 1521 1987 przesentis
1551 1926 1759 1990 tempo-

206 2009 267 2062 ris
308 2008 498 2062 divitire
572 2015 841 2062 amatores
888 2022 1016 2064 suos
1064 2007 1136 2061 ita
1164 2007 1413 2063 deserere
1458 2010 1650 2074 solent,
1699 2018 1761 2065 ut

204 2107 396 2166 egentes
423 2108 479 2153 et
509 2098 808 2153 esurientes
855 2097 1039 2153 videas
1068 2113 1162 2153 cos
1191 2114 1421 2169 quorum
1460 2100 1512 2153 in
1561 2099 1760 2156 divitiis

206 2190 357 2245 nullus
377 2198 591 2260 poterat
620 2189 757 2245 ferre
801 2190 1123 2259 superbiam.
1154 2190 1294 2259 Ergo
1323 2192 1376 2244 in
1405 2191 1610 2246 incerto
1635 2198 1761 2245 sunt

204 2279 370 2349 posiae
405 2280 607 2333 divitiaa
631 2294 765 2350 quas
800 2279 1010 2335 confert
1038 2280 1284 2334 mundus.
1333 2280 1539 2336 Divitiae
1580 2290 1760 2337 autem

205 2384 320 2438 quas
355 2372 643 2427 contulerit
670 2372 928 2427 Dominus
956 2388 1065 2428 non
1111 2371 1379 2441 deﬁcient,
1410 2375 1505 2429 sed
1546 2390 1762 2446 perma-

204 2472 315 2519 nent
340 2465 388 2519 in
417 2466 758 2532 omnibono,
863 2467 989 2534 quia
1018 2467 1129 2521 istae
1150 2466 1349 2522 divitia:
1365 2468 1433 2522 de
1455 2469 1646 2525 timore
1668 2469 1763 2524 Dei

204 2564 492 2611 nascuntur.
545 2555 635 2611 Sic
663 2557 805 2611 enim
858 2557 952 2622 ait,
984 2556 1193 2613 Timete
1241 2558 1547 2626 Dominum,
1595 2561 1764 2616 sancti

203 2644 323 2715 ejus,
350 2648 472 2716 quia
508 2647 639 2701 nihil
662 2647 815 2701 deest
841 2648 1150 2703 timentibus
1179 2663 1320 2704 eum.
1354 2649 1454 2717 Qui
1476 2652 1660 2706 aeterni
1685 2651 1767 2706 di-

205 2737 322 2791 vites
346 2753 461 2793 esse
491 2737 827 2803 desideratis,
862 2738 1039 2794 venite
1066 2739 1134 2793 ad
1162 2755 1247 2794 me
1275 2742 1429 2809 quasi
1455 2740 1544 2795 lilii
1575 2742 1640 2795 ad
1667 2757 1765 2811 pa-

204 2834 339 2881 trem.
368 2826 578 2883 Clamat
604 2828 834 2898 Spiritus
860 2837 1105 2895 sanctus,
1146 2830 1335 2885 Venite
1372 2838 1427 2886 et
1456 2831 1634 2886 audite
1656 2846 1762 2897 me,

203 2919 429 2975 timorem
457 2920 675 2975 Domini
695 2920 902 2977 docebo
929 2938 1047 2976 vos.
1080 2921 1349 2977 Timorem
1378 2924 1520 2978 enim
1549 2923 1764 2979 Domini

202 3006 277 3064 ille
300 3010 472 3066 doceri
505 3012 642 3077 vult,
665 3012 756 3080 qui
786 3013 898 3067 vult
921 3013 1083 3067 vitam
1109 3022 1385 3079 azternam,
1414 3025 1469 3069 et
1496 3015 1769 3071 desiderat

1860 2186 2136 2259 Surgentes
2185 2195 2334 2240 testes
2374 2186 2557 2255 iniqui,
2590 2200 2702 2255 qua:
2730 2181 3033 2254 ignorabant
3062 2175 3443 2248 interrogabant

1858 2298 1957 2336 me.
2012 2278 2378 2335 Retribuebant
2404 2276 2530 2331 mihi
2575 2275 2715 2329 mala
2765 2292 2858 2345 pro
2898 2273 3060 2335 bonis,
3116 2271 3440 2324 sterilitatem

1862 2376 2047 2429 anima:
2092 2389 2237 2427 mete.
2269 2370 2384 2441 Ego
2423 2378 2590 2422 autem
2619 2366 2878 2420 cummilii
2917 2364 3117 2418 molesti
3141 2368 3331 2423 essent,
3361 2361 3444 2412 in-

1836 2464 2054 2523 .duebar
2083 2464 2274 2528 cilicio,
2308 2458 2642 2515 Itumiliabam
2686 2459 2741 2510 in
2762 2455 2963 2528 jejunio
3002 2454 3230 2507 animum
3258 2465 3443 2511 meant,

1863 2565 1913 2612 et
1931 2557 2099 2611 oratio
2126 2557 2180 2609 in
2211 2555 2329 2608 sinu
2354 2567 2465 2606 meo
2505 2556 2838 2604 conrertetur.
2866 2545 3027 2610 Quasi
3059 2544 3368 2615 proximum,
3399 2549 3446 2591 et

1864 2650 2013 2721 quasi
2042 2650 2258 2719 fratrem
2297 2652 2531 2699 nostrum
2557 2642 2632 2695 sic
2660 2635 3056 2709 complacebam,
3085 2634 3232 2707 quasi
3270 2632 3446 2703 lugens

1865 2750 1915 2794 et
1943 2740 2275 2794 contristatus
2313 2738 2388 2791 sic
2417 2732 2753 2789 humiliabar.
2787 2730 2856 2785 Et
2884 2728 3151 2783 adversum
3178 2743 3258 2781 me
3285 2726 3447 2781 (atati

1866 2842 1988 2887 sunt
2014 2828 2063 2886 et
2083 2839 2456 2893 convenerunt;
2482 2834 2789 2898 congregata
2812 2831 2927 2878 sunt
2953 2839 3103 2893 super
3119 2838 3199 2874 me
3217 2818 3444 2890 ﬂagella,

1867 2935 1917 2980 et
1943 2925 2194 2997 ignoravi.
2226 2921 2481 2992 Dissipati
2508 2928 2646 2984 sunt,
2677 2934 2770 2971 nec
2795 2916 3100 2986 compuncti,
3133 2919 3449 2966 tentaverunt

1869 3033 1969 3082 me,
2015 3015 2457 3070 subsannaverunt
2508 3026 2591 3064 me
2635 3008 3057 3070 subsannatione,
3114 3000 3450 3076 frenduerunt

202 3099 361 3157 videre
397 3103 514 3158 dies
554 3103 744 3157 bonos.
788 3103 967 3158 Times
1022 3119 1149 3173 ergo
1193 3101 1512 3170 Dominum,
1566 3121 1674 3161 non
1720 3097 1838 3162 siC
1869 3124 2023 3178 super
2073 3122 2155 3159 me
2184 3103 2417 3158 dentibus
2462 3103 2587 3155 suis.
2625 3097 2865 3163 Domine,
2917 3097 3123 3169 quando
3173 3091 3452 3165 respicies?

204 3199 482 3260 tonantem,
515 3202 611 3248 aut
639 3192 1011 3262 lulgurantem,
1045 3204 1138 3249 aut
1182 3203 1543 3252 terrzemotum
1568 3197 1767 3253 facien-

199 3291 291 3338 tem
312 3285 519 3350 timeas,
549 3285 643 3340 sed
665 3286 707 3340 si
732 3285 906 3352 ignem
933 3295 1190 3340 :eternum
1212 3288 1627 3342 comminantem
1654 3288 1765 3343 for-

200 3372 365 3429 midas.
391 3373 531 3442 Quia
562 3375 701 3429 sicut
736 3375 900 3429 habet
942 3374 1129 3439 vitam,
1160 3376 1251 3446 qui
1293 3377 1509 3431 cohibet
1532 3377 1766 3446 linguam

198 3476 330 3516 suam
357 3479 388 3517 a
433 3464 605 3528 malo,
654 3473 711 3517 et
752 3464 891 3518 sicut
919 3479 1077 3518 aures
1104 3463 1315 3519 Domini
1344 3465 1397 3519 in
1434 3480 1624 3534 preces
1651 3466 1767 3535 ejus

199 3560 322 3614 sunt,
351 3553 442 3622 qni
493 3554 574 3607 ita
623 3554 885 3607 avertitur
912 3569 942 3607 a
971 3554 1112 3608 malo
1141 3564 1199 3608 ut
1228 3554 1388 3610 faciat
1432 3556 1651 3621 bonum,
1694 3557 1765 3611 ita

198 3644 358 3700 vultus
385 3644 601 3701 Domini
645 3661 806 3714 super
856 3645 1114 3701 facientes
1163 3647 1323 3712 mala,
1379 3655 1436 3702 ut
1482 3649 1672 3718 perdat
1699 3648 1765 3703 de

199 3740 322 3789 terra
372 3736 698 3791 memoriam
748 3752 956 3790 eorum.
988 3735 1290 3791 Notandum
1319 3753 1447 3793 sane
1474 3740 1598 3809 quia
1629 3740 1767 3794 inter

195 3834 368 3881 cetera
394 3828 656 3881 virtutum
686 3826 911 3893 insignia
936 3842 1041 3896 pax
1070 3842 1282 3898 quoque
1311 3830 1595 3899 quaerenda
1624 3846 1765 3899 prcc-

195 3915 369 3984 cipitur
399 3936 411 3969 :
439 3917 678 3988 lizquire,
712 3918 901 3986 inquit,
924 3934 1133 3988 pacem,
1162 3928 1216 3973 et
1242 3935 1467 3987 sequere
1489 3936 1626 3975 eam.
1654 3919 1763 3975 Pax

194 4006 319 4059 enim
358 4017 413 4062 et
441 4011 494 4063 in
528 4010 780 4079 praesenti
809 4010 922 4065 dies
974 4011 1146 4065 bonos
1192 4011 1318 4066 lacit
1346 4013 1669 4077 hominibus,
1711 4022 1765 4068 et

194 4092 240 4146 in
261 4094 430 4151 futuro
449 4098 551 4153 Dei
578 4096 804 4152 ﬁliorum
834 4100 1145 4168 dignitatem
1188 4102 1441 4170 impertit,
1473 4103 1763 4157 secundum

192 4180 237 4236 id
261 4188 398 4254 quod
439 4190 561 4258 ipse
589 4187 846 4243 Dominus
873 4190 1002 4244 dicit
1034 4207 1047 4242 :
1081 4189 1223 4243 Beati
1252 4193 1477 4261 paciﬁci,
1517 4194 1636 4263 quia
1664 4194 1763 4263 ﬁlii

192 4270 278 4327 Dei
302 4277 620 4331 vocabuntur
642 4278 853 4350 (Matt/1.
886 4281 960 4349 v).
993 4280 1100 4336 Nec
1125 4281 1229 4335 hoc
1252 4298 1349 4336 nos
1378 4290 1595 4347 terreat,
1621 4286 1764 4353 quod

191 4364 415 4423 videmus
467 4371 525 4424 in
556 4371 661 4424 isto
690 4372 908 4437 saeculo,
949 4372 1145 4426 multas
1172 4374 1543 4429 tribulationes
1583 4375 1762 4444 justo-

1866 3201 2075 3254 restitue
2096 3199 2325 3251 animum
2352 3210 2520 3250 meam
2542 3210 2571 3246 a
2591 3193 2915 3264 malignitate
2935 3207 3130 3255 eorum,
3160 3206 3193 3244 a
3221 3187 3451 3245 leonibus

1865 3293 2073 3344 unicam
2124 3306 2310 3343 meum.
2345 3285 2637 3356 Confitebor
2679 3284 2769 3339 tibi
2813 3284 2868 3337 in
2896 3282 3131 3337 Ecclesia
3158 3299 3368 3353 magna,
3393 3282 3448 3335 in

1866 3381 2056 3451 papula
2085 3379 2230 3450 gravi
2257 3375 2480 3431 laudabo
2512 3385 2575 3428 te.
2612 3373 2733 3427 Non
2769 3372 3181 3442 supergaudeant
3206 3372 3330 3425 milii
3365 3372 3449 3442 qui

1872 3471 2210 3524 adversantur
2235 3466 2361 3521 milii
2401 3466 2588 3536 inique,
2620 3465 2705 3534 qui
2734 3461 2948 3516 oderunt
2977 3478 3059 3515 me
3082 3462 3245 3531 gratis
3275 3470 3324 3514 et
3361 3476 3451 3513 an-

1867 3572 2029 3616 nuunt
2063 3560 2245 3615 oculis.
2272 3556 2528 3623 Quoniam
2558 3556 2680 3609 milii
2709 3553 2909 3625 quidem
2937 3554 3154 3624 paciﬁca
3174 3548 3457 3649 loqueban;

1868 3663 1969 3718 tur,
2002 3664 2048 3707 et
2076 3655 2128 3706 in
2159 3652 2434 3706 iracundia
2466 3658 2614 3703 terra:
2642 3648 2918 3717 loquentes,
2945 3644 3087 3698 dolos
3131 3642 3445 3715 cogitabant.

1866 3743 1934 3795 Et
1964 3743 2310 3796 dilatarerunt
2337 3757 2489 3810 super
2516 3755 2599 3792 me
2625 3755 2680 3792 os
2722 3752 2889 3799 suum,
2934 3735 3176 3789 dixerunt
3224 3752 3240 3788 :
3282 3733 3445 3807 Euge,

1866 3850 2009 3904 euge,
2033 3833 2265 3887 viderunt
2291 3831 2425 3885 oculi
2447 3830 2627 3883 nostri.
2670 3827 2881 3892 Vidisti,
2914 3824 3157 3891 Domine,
3187 3843 3252 3879 ne
3271 3826 3444 3885 sileas.

1867 3925 2104 3986 Domine,
2136 3941 2200 3977 ne
2228 3923 2460 3976 discedas
2493 3939 2525 3974 a
2553 3938 2651 3974 me.
2676 3919 2912 3990 Exsurge
2939 3928 2989 3973 et
3014 3919 3222 3973 intende
3250 3921 3449 3991 judicio

1866 4031 1999 4080 meo,
2027 4013 2167 4067 Deus
2196 4030 2357 4077 meus,
2380 4021 2428 4064 et
2454 4011 2711 4066 Dominus
2752 4026 2893 4063 meus
2926 4012 2978 4063 in
3007 4025 3217 4064 causam
3258 4027 3445 4064 meam.

1866 4104 2056 4158 Judica
2102 4121 2184 4157 me
2230 4103 2508 4155 secundum
2549 4102 2807 4170 justitiam
2859 4108 3017 4166 tuam,
3049 4099 3269 4154 Domine
3309 4099 3450 4155 Deus

1867 4212 2029 4260 meus,
2058 4204 2107 4249 et
2136 4211 2239 4247 non
2266 4192 2678 4265 supergaudeant
2721 4190 2864 4244 milii.
2899 4188 3020 4243 Non
3057 4190 3232 4243 dicant
3255 4192 3307 4244 in
3336 4206 3451 4245 cor-

1870 4287 2015 4341 dibus
2040 4288 2186 4341 suis:
2218 4285 2383 4356 Euge,
2426 4300 2571 4355 euge,
2613 4284 2803 4336 anima:
2835 4291 3057 4347 nostras;
3097 4299 3189 4335 nec
3232 4283 3446 4337 dicant:

1869 4378 2236 4433 Devoracimus
2252 4395 2384 4432 eum.
2410 4376 2457 4430 E
2462 4376 2731 4430 rubescunt
2751 4384 2801 4429 et
2823 4387 3145 4429 rez-ereantur
3172 4375 3342 4437 simul,
3365 4380 3449 4447 qui

190 4467 311 4509 rum.
344 4457 651 4515 Transeunt
676 4461 816 4514 enim
873 4461 999 4529 ᾔδεε
1030 4463 1417 4527 trihulationes,
1467 4474 1521 4519 et
1560 4480 1626 4519 ex
1676 4466 1759 4520 his

1865 4473 2195 4543 gratulantur
2221 4471 2374 4525 malis
2402 4470 2546 4523 meis.
2576 4468 2869 4522 Induantur
2897 4468 3197 4539 confusione
3223 4475 3272 4519 et
3306 4484 3445 4521 rere-

191 4549 419 4605 omnihus
451 4551 649 4605 liberat
676 4567 769 4605 eos
797 4550 1075 4605 Dominus.
1106 4551 1222 4621 Ipso
1245 4556 1403 4607 etiam
1434 4556 1484 4608 in
1512 4557 1758 4624 sepulcro

190 4640 403 4693 custodit
446 4643 631 4696 omnia
664 4658 784 4696 ossa
831 4657 1036 4707 eorum,
1071 4653 1124 4696 et
1170 4644 1240 4696 ita
1272 4659 1335 4697 ca
1377 4655 1553 4698 servat
1582 4660 1760 4700 resur-

189 4728 420 4795 rectioni,
454 4738 514 4784 ut
559 4746 726 4784 unum
752 4746 819 4785 ex
846 4731 928 4785 his
970 4748 1077 4785 non
1107 4734 1341 4803 patiatur
1388 4735 1560 4803 perire
1590 4736 1641 4789 in
1672 4751 1758 4790 re-

178 4824 524 4885 surrectionis
558 4822 664 4877 die.
718 4823 862 4878 Mors
908 4833 1088 4879 autem
1132 4835 1476 4896 peccatorum
1526 4828 1754 4897 pessima

186 4915 450 4979 apparebit
479 4926 724 4984 tempore
752 4931 859 4986 quo
887 4919 1168 4972 resuscitat
1213 4918 1265 4972 in
1294 4920 1607 4989 corporibus
1635 4922 1754 4975 ani-

185 5014 287 5056 mas
310 5021 556 5060 suorum.
589 5006 705 5063 Hoc
734 5024 862 5064 sane
889 5010 1092 5072 sciatis,
1126 5011 1316 5079 inquit,
1342 5012 1466 5079 quia
1489 5029 1595 5067 non
1626 5028 1754 5082 pec-

187 5097 263 5142 cat
281 5096 452 5149 omnis
480 5097 575 5165 qui
604 5106 785 5166 sperat
804 5099 857 5153 in
887 5115 970 5154 eo.
996 5100 1385 5155 Abstinentiam
1414 5113 1753 5171 peccatorum

185 5175 231 5230 in
258 5181 355 5238 line
402 5189 596 5257 psalmi
627 5191 967 5244 commendat
1005 5192 1083 5246 eis
1111 5193 1202 5260 qui
1231 5201 1449 5262 sperant
1477 5195 1531 5246 in
1574 5191 1757 5247 Domi-

186 5286 320 5339 num,
349 5284 406 5330 ut
435 5278 507 5331 ad
547 5280 659 5349 spei
710 5296 818 5335 suae
847 5281 1075 5337 fructum
1128 5285 1391 5352 attingant
1421 5301 1432 5337 :
1465 5285 1581 5339 Non
1611 5286 1753 5339 enim

183 5376 413 5433 peccant,
442 5370 637 5438 inquit,
662 5387 850 5426 omnes
870 5373 962 5441 qui
990 5382 1209 5443 sperant
1234 5375 1286 5427 in
1307 5390 1448 5428 eum.
1479 5380 1545 5429 Ut
1574 5384 1752 5429 autem

186 5466 280 5506 non
308 5472 615 5528 peccemus,
647 5461 763 5530 ejus
784 5471 865 5517 est
895 5464 1155 5519 instanter
1179 5464 1541 5520 misericordia
1572 5476 1754 5534 postu-

183 5541 344 5613 landa,
371 5553 463 5620 qui
495 5561 677 5621 regnat
704 5554 756 5608 in
786 5554 978 5619 saecula
1010 5556 1345 5611 saeculorum.
1383 5555 1572 5611 Amen.

1868 4566 2052 4626 rentia,
2085 4564 2172 4633 qui
2200 4562 2431 4632 maligna
2460 4562 2735 4630 loquuntur
2763 4576 2915 4630 super
2941 4576 3039 4612 me.
3090 4557 3363 4613 Easultent
3400 4569 3448 4612 et

1867 4654 2124 4715 lwteutur,
2158 4654 2242 4724 qui
2272 4652 2445 4705 volunt
2458 4651 2719 4721 justitiam
2744 4666 2933 4713 meam,
2961 4658 3010 4702 et
3031 4649 3202 4702 dicant
3225 4665 3445 4720 semper:

1866 4741 2235 4811 Magni/icetur
2263 4741 2538 4805 Dominus,
2568 4740 2656 4811 qui
2698 4738 2872 4793 uolunt
2916 4752 3093 4807 pacem
3134 4741 3265 4792 serri
3313 4742 3444 4812 ejus.

1862 4831 1933 4884 Et
1959 4834 2135 4902 lingua
2156 4848 2267 4885 utea
2284 4830 2614 4885 meditabitur
2626 4828 2881 4898 justitiam
2905 4837 3063 4889 tuam,
3090 4837 3196 4883 tota
3225 4829 3309 4884 die
3335 4831 3448 4885 lau-

1862 4923 1976 4976 dem
2008 4933 2164 4976 tuam.

2432 5006 2869 5046 COMHENTANUB.

3074 5058 3095 5081 θ

1932 5085 2193 5160 Dominus
2219 5105 2374 5159 Jesus
2396 5105 2657 5169 Christus,
2690 5105 2733 5159 si
2761 5108 3040 5176 prxoeptis
3068 5110 3177 5163 suis
3204 5108 3447 5179 Scriptu-

1862 5212 1950 5250 ras
1977 5196 2533 5275 veteris‘Testamenti
2554 5197 2775 5252 vidisset
2804 5213 2923 5253 esse
2951 5201 3266 5260 contrarias,
3298 5216 3327 5253 a
3350 5217 3443 5254 sua

1860 5284 2099 5341 Ecclesia
2143 5286 2476 5340 exclusisset.
2508 5286 2659 5342 Nunc
2688 5302 2817 5355 vero
2847 5305 2965 5344 cum
2998 5306 3102 5343 non
3132 5291 3303 5344 solum
3336 5306 3443 5344 non

1860 5377 2087 5432 exclusit
2112 5417 2125 5439 ,
2177 5376 2270 5431 sed
2307 5379 2471 5433 etiam
2515 5394 2544 5432 a
2595 5377 2756 5435 Patre
2794 5381 3150 5436 sanetilicatas
3191 5382 3436 5435 asseruit.

1855 5466 2098 5536 Namque
2128 5484 2249 5522 cum
2278 5468 2641 5523 testimonium
2672 5470 2740 5524 de
2771 5471 2893 5524 liliis
2914 5470 3005 5523 Dei
3036 5470 3186 5523 daret
3215 5479 3264 5524 et
3294 5469 3441 5523 dice-

1856 5566 1940 5613 ret
1961 5559 2283 5614 versiculum
2305 5562 2495 5629 psalmi
2528 5562 2839 5629 octegesimi
2867 5563 3016 5632 [rimi
3050 5580 3061 5613 :
3102 5560 3221 5616 Non
3249 5572 3434 5632 potest,

1855 5650 2046 5719 inquit,
2080 5652 2338 5706 immutari
2363 5653 2634 5724 Sea-iptura
2666 5670 2683 5707 :
2714 5670 2859 5720 quem
2892 5654 3048 5706 Pater
3068 5654 3433 5723 sanctiﬁcavit,
