3908 6176
419 232 517 287 371

1726 226 1995 285 ΑΒΝΟΒΠ
2035 222 2337 281 JUNIORIS

3561 218 3666 275 δῖ’.

421 358 469 403 et
497 347 634 400 misit
662 346 715 398 in
746 344 879 398 hunc
908 341 1154 398 mundum
1192 341 1370 413 (Joan.
1398 341 1474 413 χ).
1502 339 1638 407 Quid
1668 354 1797 409 ergo
1826 338 1992 394 facie-
2022 340 2072 400 Α
2099 339 2254 395 nobis
2280 345 2366 399 est
2409 337 2584 397 anima
2615 344 2797 395 nostra
2822 377 2837 403 ,
2868 345 2925 394 et
2953 350 3177 395 numero
3204 343 3261 393 et
3297 335 3509 393 structu.
3538 333 3668 393 Cum

422 435 574 492 mus?
617 434 673 490 Si
713 434 1092 489 maledicamus
1121 433 1365 489 inimicos
1407 440 1655 496 nostros,
1688 429 1994 500 evangelica

421 535 685 598 praecepta
711 524 1118 588 contemnimus,
1150 522 1342 591 quibus
1364 538 1469 577 non
1491 522 1664 576 solum
1693 536 1801 575 non
1826 520 1995 575 male-

420 618 616 678 dicere,
648 613 994 667 verumetiam
1023 628 1122 682 pro
1151 613 1234 666 his
1256 627 1414 666 orare
1435 611 1702 680 iubemur.
1730 610 1788 665 Si
1815 618 1995 665 custo-

420 706 534 760 dire
560 705 806 758 Volumus
835 702 1108 770 Evangelii
1139 703 1429 770 jussiones,
1465 701 1705 757 Psalmos
1732 702 1994 770 relinqui-

421 812 567 853 mus,
601 795 792 863 quibus
822 793 1130 862 frequenter
1165 793 1365 847 inimici
1407 792 1824 856 maledicuntur,
1856 799 1913 845 ut
1941 792 1996 845 in

420 886 524 939 isto
555 885 745 953 psalmi
776 884 893 937 loco
917 924 932 947 ,
965 881 1019 935 in
1046 884 1223 951 capite
1248 900 1259 932 :
1290 881 1496 943 Judica,
1522 882 1712 950 inquit,
1741 889 1998 936 nocentes

420 991 507 1027 tne
532 1016 547 1037 ,
590 984 645 1029 et
683 985 872 1029 cetera
912 989 1032 1043 qua:
1058 981 1370 1040 sequuntur.
1417 970 1566 1026 Unde
1595 972 1800 1027 cautius
1845 970 1987 1039 psal-

421 1064 525 1116 mis
570 1076 825 1128 stazravc,
850 1078 918 1117 ne
952 1064 1018 1119 ad
1049 1064 1293 1118 homines
1332 1062 1677 1116 adversantes
1704 1061 1796 1116 tibi
1842 1068 2001 1129 putes

421 1154 524 1208 ista
551 1164 883 1223 competere,
922 1153 1017 1208 sed
1058 1153 1161 1207 ﬁde
1200 1154 1334 1207 lixus
1365 1168 1461 1222 pro
1490 1152 1719 1207 inimicis
1745 1151 1851 1205 tuis
1876 1166 1996 1215 ora,

421 1246 561 1300 sicut
594 1244 803 1315 ⁸ἱιιςςιιιη
833 1252 934 1308 est,
966 1253 1021 1299 et
1044 1245 1182 1299 hanc
1219 1245 1519 1299 orationem
1548 1243 1736 1312 psalmi
1762 1258 1998 1313 prmsen-

422 1337 508 1400 lis,
543 1351 648 1389 non
675 1343 863 1390 contra
886 1349 1102 1389 carnem
1125 1344 1179 1389 et
1200 1334 1533 1401 sanguinem,
1556 1332 1649 1386 sed
1672 1341 1861 1388 contra
1890 1330 1999 1413 spi-

421 1430 555 1483 ritus
584 1429 726 1482 aeris
752 1427 929 1495 hujus,
957 1426 1052 1495 qui
1079 1425 1320 1495 quotidie
1348 1432 1563 1489 nocent,
1595 1423 1835 1493 quotidie
1856 1422 1997 1479 bella

421 1520 783 1574 committunt.
815 1516 1041 1573 Induere
1069 1532 1229 1572 sacco
1249 1517 1361 1572 sive
1383 1517 1577 1580 cilicio,
1609 1524 1663 1570 et
1688 1515 1908 1570 humilia
1942 1515 1999 1571 iu

2100 445 2230 499 ergo
2255 444 2376 485 eam
2402 428 2702 487 restitueris
2726 429 2777 483 in
2797 428 2943 484 bono
2961 428 3261 498 proposito,
3291 437 3345 483 et
3363 427 3675 485 liberaverit

2100 539 2131 581 a
2156 523 2313 581 malis
2339 520 2492 578 factis
2520 536 2725 585 eorum,
2756 528 2884 576 tunc
2907 518 3205 575 conﬁtebor
3233 520 3325 575 tibi
3354 519 3409 574 in
3434 518 3675 576 Ecclesia

2099 629 2315 683 magna,
2343 622 2399 669 et
2418 614 2471 668 in
2500 612 2700 683 populo
2720 628 2828 667 non
2855 612 2978 678 levi,
3011 628 3117 669 non
3145 610 3403 681 flagitanti
3428 628 3675 683 pompas,

2098 712 2154 760 et
2182 704 2464 773 accipienti
2505 717 2765 772 personas
2785 742 2801 767 ,
2841 702 2935 757 sed
2962 703 3014 757 in
3053 703 3254 772 popqu
3291 703 3439 771 gravi
3469 703 3679 757 timoris

2098 794 2178 848 tui
2206 792 2528 849 custodienti
2553 810 2565 845 :
2599 793 2651 846 in
2681 807 2748 846 eo
2778 792 2908 846 mihi
2936 793 3038 847 erit
3079 791 3383 856 assiduitas,
3411 800 3467 846 et
3491 792 3547 845 in
3596 807 3679 849 eo-

2097 882 2222 938 dem
2253 882 2451 952 populo
2487 881 2714 937 laudabo
2750 891 2834 948 te;
2874 898 2980 937 non
3011 895 3138 950 ergo
3166 882 3420 936 insultent
3457 882 3551 949 qui
3584 881 3678 935 ad-

2099 982 2379 1028 versantur
2398 973 2528 1026 mihi
2567 973 2749 1042 iniqui,
2787 971 2879 1042 qui
2908 972 3137 1027 oderunt
3165 988 3249 1026 me
3273 972 3454 1039 gratis,
3488 979 3545 1025 et
3583 987 3679 1025 an—

2099 1071 2274 1119 nuunt
2293 1064 2479 1119 oculis.
2506 1062 2650 1127 llme,
2673 1070 2731 1116 ut
2748 1062 2878 1124 dixi,
2909 1062 2981 1116 ita
3009 1062 3244 1132 passioui
3265 1061 3562 1116 Dominicn:
3582 1076 3679 1131 ap-

2100 1155 2271 1231 pliea,
2315 1162 2372 1209 ut
2398 1152 2766 1209 mdiftcatiouis
2808 1153 3283 1224 tuatiuterpretem
3326 1154 3542 1229 penitus
3574 1168 3680 1207 non

2099 1247 2356 1311 omittas;
2395 1245 2658 1300 daemonia
2698 1245 2845 1301 enim
2871 1244 3029 1301 nobis
3064 1244 3304 1314 quotidie
3331 1242 3557 1314 paciﬁca
3599 1244 3679 1301 lo-

2099 1345 2353 1408 quuntur.
2406 1335 2637 1392 Paciﬁca
2678 1352 2767 1393 res
2812 1344 2896 1393 est
2937 1337 3384 1407 concupiscentiae
3422 1336 3679 1392 fructus:

2099 1426 2196 1485 sed
2214 1441 2376 1496 super
2397 1426 2530 1479 iram
2557 1425 2798 1481 dolosam
2823 1427 3085 1495 cogitant,
3107 1425 3247 1483 sicut
3268 1425 3321 1483 iu
3344 1425 3507 1480 hamo
3530 1440 3681 1490 esca,

2100 1515 2270 1575 dulcis
2296 1516 2351 1571 in
2381 1522 2624 1586 aspectu,
2652 1515 2863 1571 letbalis
2892 1517 2944 1571 in
2981 1523 3141 1585 gustu
3167 1523 3269 1571 est.
3311 1514 3682 1571 Dilataverunt

419 1608 624 1678 jejunio
652 1610 884 1669 animam
910 1615 1057 1667 tuam
1079 1649 1096 1672 ,
1125 1608 1251 1676 quia
1293 1622 1402 1662 non
1426 1607 1732 1670 vincuntur,
1774 1605 1875 1663 nisi
1902 1620 2000 1675 per
2031 1621 2072 1678 Β
2101 1607 2156 1661 in
2183 1621 2269 1661 me
2309 1622 2370 1662 os
2411 1622 2568 1662 suum
2591 1645 2607 1671 ,
2637 1605 2880 1675 quotidie
2921 1606 3102 1661 saeculi
3141 1613 3410 1661 amatores
3450 1605 3683 1661 erimina

423 1702 721 1756 orationem
750 1708 806 1754 et
836 1698 1119 1767 jejunium.
1150 1697 1286 1765 Quid
1315 1712 1443 1766 ergo
1472 1713 1597 1753 oras
1624 1696 1841 1753 indutus
1876 1697 1995 1751 cili-

421 1791 543 1845 cio?
576 1789 644 1844 Ut
668 1796 934 1859 expugnet
960 1788 1218 1845 Dominus
1241 1795 1607 1857 expugnantes
1629 1795 1702 1852 te,
1726 1794 1787 1845 ut
1807 1801 1996 1856 appre-

319 1887 325 1893 ’
423 1882 624 1936 liendat
667 1896 818 1935 arma
846 1881 1030 1935 auxilii
1076 1880 1196 1945 sui,
1239 1895 1388 1937 arma
1433 1879 1717 1937 invisibilia
1745 1877 1999 1939 adversus

423 1972 606 2026 hostes
645 1970 958 2025 invisibiles.
987 1970 1094 2039 ipsi
1121 1969 1264 2023 enim
1290 1977 1536 2037 quierunt
1564 1970 1797 2023 animam
1827 1977 1993 2023 tuam.

422 2060 524 2113 ()ra
556 2069 615 2113 nt
642 2059 733 2114 liat
761 2059 848 2114 via
877 2073 1061 2113 eorum
1090 2059 1323 2112 tenebras
1346 2066 1401 2112 et
1430 2058 1710 2119 lubricum,
1740 2065 1795 2113 et
1830 2070 1996 2125 ange-

420 2147 503 2202 lus
544 2148 757 2202 Domini
805 2157 1156 2217 persequatur
1198 2162 1293 2202 eus
1334 2146 1425 2216 qui
1466 2147 1565 2216 ipsi
1604 2146 1999 2203 absconderant

420 2240 517 2294 tibi
547 2241 820 2295 interitum
871 2240 1048 2307 laquei
1086 2239 1189 2303 sui,
1219 2255 1413 2293 vanam
1450 2239 1838 2309 exprobrantes
1884 2240 1999 2294 ani-

420 2346 560 2385 mam
593 2342 756 2395 tuam,
788 2330 1027 2385 dicentes
1046 2330 1098 2384 ei
1123 2348 1136 2382 :
1164 2329 1371 2383 Vanum
1400 2331 1651 2398 estquod
1681 2345 1821 2395 oras,
1853 2328 1998 2398 quod

420 2422 649 2491 jejunas,
672 2422 817 2490 quod
842 2420 1100 2479 mundum
1128 2421 1447 2476 contemnis.
1475 2420 1626 2476 Unde
1654 2430 1709 2476 et
1737 2422 1997 2493 propheta

423 2515 527 2569 hoc
555 2514 726 2583 ipsum
769 2514 1011 2582 increpat
1050 2513 1275 2567 dicens:
1316 2512 1443 2568 ideo
1467 2552 1483 2577 ,
1521 2512 1624 2576 ait,
1658 2513 1811 2581 plaga
1839 2528 2001 2583 super

423 2606 585 2661 Israel
617 2604 966 2673 multiplicata
996 2612 1099 2667 est,
1131 2604 1256 2672 quia
1278 2602 1527 2658 dixerunt
1559 2621 1570 2654 :
1602 2601 1783 2657 Vanus
1806 2610 1889 2656 est
1907 2603 1998 2673 qui

423 2696 577 2751 timet
607 2696 792 2752 Deum.
844 2695 985 2763 Ergo
1012 2695 1138 2765 quia
1184 2694 1237 2748 bi
1280 2694 1498 2763 Spiritus
1526 2694 1782 2751 immundi
1810 2707 1999 2764 sugge-

421 2786 686 2841 stionibus
723 2786 834 2841 suis
864 2801 1054 2843 vanam
1082 2786 1411 2855 exprobrant
1439 2786 1672 2845 animam
1700 2802 1896 2850 meam,
1941 2794 1999 2841 ut

421 2877 582 2931 vilem
609 2891 667 2931 se
693 2877 987 2942 :cstimans,
1017 2892 1045 2933 a
1078 2878 1318 2946 pretioso
1344 2875 1442 2933 Dei
1473 2878 1665 2933 timore
1693 2878 1948 2933 abscedat
1977 2895 1990 2931 :

2102 1698 2337 1761 inaudita
2365 1697 2745 1762 committunt,
2784 1706 2840 1752 et
2884 1697 3061 1752 nullus
3087 1697 3301 1768 penitus
3336 1711 3367 1750 a
3413 1696 3566 1751 nullo
3596 1710 3683 1750 ar-

2103 1791 2300 1859 guitur.
2333 1788 2402 1844 At
2417 1790 2507 1846 ubi
2521 1789 2642 1860 quis
2667 1788 2794 1844 boni
2820 1789 3082 1859 propositi
3111 1789 3164 1843 in
3191 1787 3293 1843 levi
3318 1787 3687 1858 qualicunque

2101 1882 2261 1952 culpa
2296 1881 2613 1946 incurrerit,
2644 1880 2872 1934 dilatant
2908 1879 3129 1950 spiritus
3156 1879 3413 1934 immundi
3440 1892 3540 1933 ora
3585 1894 3686 1933 eo-

2101 1988 2241 2037 rum,
2270 1972 2395 2042 qui,
2418 1980 2478 2025 ut
2505 1970 2646 2035 dixi,
2677 1970 2991 2026 criminibus
3027 1978 3254 2034 vacant,
3284 1977 3343 2023 ut
3370 1968 3559 2023 videas
3589 1982 3689 2023 eos

2104 2064 2207 2123 tale
2246 2064 2385 2119 ferre
2408 2063 2665 2132 judicium
2704 2063 2760 2118 in
2789 2077 2899 2118 uno
2941 2061 3301 2132 qualicunque
3326 2070 3593 2130 peccato,
3630 2066 3689 2113 ut

2100 2155 2280 2210 dicant
2314 2174 2327 2210 :
2351 2153 2458 2211 Cur
2482 2170 2590 2210 non
2622 2154 2755 2209 urbe
2782 2153 3084 2223 pelluntur?
3112 2160 3171 2206 ut
3197 2151 3322 2221 quid
3350 2153 3533 2205 vivere
3558 2167 3688 2221 per-

2101 2246 2419 2305 mittuntur?
2446 2244 2538 2299 Isti
2565 2251 2689 2307 sunt
2717 2259 2814 2313 per
2838 2258 2975 2313 quos
2994 2242 3223 2297 mundus
3244 2242 3419 2312 periit.
3452 2240 3557 2297 llic
3580 2242 3689 2297 clas

2101 2343 2212 2394 mat
2241 2334 2309 2390 ad
2339 2334 2619 2389 Dominum
2663 2351 2675 2387 :
2709 2332 2967 2404 Exsurge,
3002 2330 3245 2397 Domine,
3275 2340 3330 2388 et
3353 2331 3582 2387 intende
3606 2332 3688 2404 ju-

2100 2426 2299 2483 dicium
2344 2442 2559 2492 meum,
2601 2434 2656 2479 et
2682 2439 2899 2480 causam
2945 2437 3122 2478 meam
3161 2422 3339 2493 judica
3378 2423 3688 2478 semiudum

2100 2520 2524 2575 misericordiam
2574 2527 2738 2575 tuam.
2769 2517 2826 2572 Si
2864 2518 3005 2572 enim
3035 2516 3325 2573 secundum
3369 2517 3689 2572 misericor-

2100 2611 2245 2668 diam
2268 2610 2623 2681 iudicaveris,
2655 2626 2764 2664 non
2802 2608 3135 2665 insultabunt
3173 2608 3228 2662 in
3265 2622 3351 2662 me
3379 2606 3687 2669 daemones,

2100 2717 2202 2759 nec
2227 2700 2407 2755 dicent
2438 2719 2451 2753 :
2483 2698 2631 2768 Euge
2651 2738 2669 2766 ,
2713 2713 2865 2767 euge,
2897 2698 3091 2753 anima:
3116 2698 3279 2763 meat,
3311 2712 3410 2753 nec
3445 2697 3641 2752 dicent
3673 2716 3687 2752 :

2098 2792 2484 2848 Devoravimus
2511 2806 2653 2845 eum.
2688 2788 2855 2857 Euge,
2899 2802 3053 2857 euge,
3085 2796 3139 2843 et
3167 2788 3217 2840 in
3247 2789 3391 2843 bono
3415 2787 3690 2856 accipitur

2100 2894 2157 2940 et
2190 2886 2242 2940 in
2272 2885 2433 2939 malo.
2465 2883 2596 2938 Nam
2626 2882 2839 2948 dicitur,
2867 2881 3013 2953 Euge
3032 2922 3049 2944 ,
3090 2898 3231 2936 serve
3272 2880 3401 2934 boue
3425 2889 3475 2934 et
3502 2880 3690 2950 ﬁdelis

420 2963 612 3023 Veniat
640 2966 745 3021 illis
773 2966 993 3034 laqueus
1013 2981 1174 3035 quem
1207 2966 1455 3036 ignorant
1485 2985 1497 3020 :
1530 2968 1670 3022 sicut
1698 2968 1827 3022 mibi
1856 2968 1985 3023 invi-
2016 2967 2061 3030 C
2096 2974 2308 3047 (Matth.
2332 2990 2457 3039 xxv,
2484 2971 2610 3027 Luc.
2634 2972 2776 3043 xix);
2800 2972 3009 3036 dicitur,
3027 2970 3093 3024 Et
3118 2985 3251 3038 euge
3265 2970 3513 3025 viderunt
3533 2971 3690 3027 oculi

418 3056 600 3111 sibiles
628 3056 811 3111 hostes
839 3064 965 3110 sunt
993 3056 1058 3109 ad
1095 3057 1298 3115 bonum
1331 3059 1593 3128 pergenti,
1625 3058 1703 3115 sic
1733 3058 1837 3113 illis
1863 3058 1997 3114 invi-

419 3146 589 3201 sibilis
617 3156 865 3204 occurrat
894 3146 1112 3217 laqueus
1141 3149 1208 3203 ad
1229 3164 1411 3203 meum
1437 3149 1714 3206 interitum
1739 3149 1999 3205 festinan-

420 3238 581 3305 tibus,
614 3247 672 3293 ut
691 3240 871 3308 captio
895 3254 1055 3308 quam
1086 3240 1487 3295 occultaverant
1509 3242 1662 3309 mibi,
1693 3244 1997 3313 apprehen-

417 3329 511 3385 dat
538 3336 651 3394 eos,‘
683 3338 739 3383 ct
766 3330 819 3384 in
848 3330 1037 3385 eodem
1067 3330 1260 3401 laqueo
1289 3331 1543 3396 incidant,
1588 3341 1646 3385 ut
1673 3333 1849 3387 anima
1879 3348 1997 3389 mea

417 3422 651 3481 exsultet
698 3423 748 3476 in
778 3421 890 3477 Deo
931 3422 1150 3477 salutari
1185 3439 1311 3490 suo,
1361 3424 1454 3494 qui
1498 3419 1662 3496 {eripit
1689 3425 1902 3495 inopem
1930 3425 1998 3483 de

418 3528 580 3569 manu
606 3512 860 3569 fortioris.
905 3514 963 3568 In
1004 3528 1111 3583 quo
1140 3523 1435 3582 exsurgunt
1465 3522 1627 3570 testes
1672 3516 1875 3585 iniqui,
1904 3532 1995 3570 os-

417 3604 698 3659 tendentes
722 3605 867 3673 quod
895 3615 978 3661 est
997 3604 1277 3675 pulchrum
1301 3605 1519 3670 fmdum,
1542 3614 1596 3659 et
1616 3607 1767 3675 quasi
1792 3606 1993 3661 bonum

416 3697 571 3765 quod,
604 3706 687 3753 est
716 3698 1010 3763 inimicum;
1033 3713 1152 3767 qua:
1180 3698 1512 3765 ignorabam,
1543 3713 1662 3766 qum
1689 3698 1898 3767 penitus
1926 3697 1994 3753 ad

416 3787 647 3841 animam
679 3803 782 3841 non
811 3787 1094 3850 habebam,
1119 3787 1233 3842 haec
1264 3786 1664 3854 interrogabant
1691 3802 1807 3851 me;
1839 3788 1997 3841 retri-

416 3877 651 3934 buebant
678 3877 808 3933 milii
855 3878 996 3933 mala
1035 3893 1133 3948 pro
1179 3879 1352 3933 bonis.
1400 3877 1499 3935 llic
1544 3879 1826 3934 retributio
1855 3881 1995 3935 mala

417 3984 518 4040 pro
543 3968 701 4025 bonis
725 3969 1027 4027 daemonum
1065 3970 1189 4027 talis
1216 3977 1324 4035 est,
1366 3978 1425 4029 ut
1470 3969 1738 4035 dicerem,
1777 3969 1999 4037 Quoties

415 4075 515 4115 oro
539 4101 553 4126 ,
593 4061 807 4129 quoties
846 4075 878 4115 a
924 4061 1160 4130 peccatis
1198 4061 1442 4118 abstineo
1466 4099 1483 4127 ,
1530 4060 1670 4115 mala
1712 4061 1842 4115 mihi
1881 4076 2000 4116 eve-

416 4153 604 4217 niunt,
637 4160 692 4209 et
735 4151 991 4209 sterilitas
1030 4166 1204 4207 meam
1247 4151 1480 4206 animam
1508 4152 1810 4206 comitatur.
1860 4148 1997 4217 Quid

417 4258 546 4312 ergo
573 4243 730 4312 egisti
768 4244 895 4299 dum
931 4244 1024 4299 tibi
1053 4244 1265 4300 molesti
1295 4245 1514 4300 essent?
1541 4243 1626 4299 die
1650 4243 1824 4308 nobis,
1855 4251 1913 4297 ut
1943 4253 1998 4299 et

2097 3066 2288 3124 nostri.
2322 3064 2467 3135 Euge
2496 3080 2625 3134 ergo
2651 3080 2759 3118 vox
2799 3054 3022 3132 ejus‘est
3048 3061 3200 3135 cujus
3234 3062 3561 3119 desiderium
3602 3064 3691 3117 vi-

2099 3156 2256 3212 detur
2284 3155 2581 3225 impletum,
2611 3155 2723 3209 sive
2752 3153 2807 3208 in
2849 3153 2992 3209 bono
3017 3192 3035 3218 ,
3076 3155 3191 3207 sive
3236 3153 3290 3207 in
3335 3151 3499 3206 malo.
3551 3151 3691 3210 Mox

2099 3247 2280 3315 itaque
2308 3253 2367 3302 ut
2406 3245 2461 3304 bi
2489 3245 2581 3314 qui
2618 3245 2673 3303 in
2710 3243 2852 3301 malo
2897 3253 2987 3298 tuo
3016 3243 3264 3300 irctantur
3285 3283 3302 3308 ,
3330 3258 3439 3299 non
3467 3242 3688 3313 dicant,

2097 3337 2482 3397 Devoravimus
2518 3350 2639 3389 eum
2663 3375 2679 3401 ,
2728 3333 2821 3388 sed
2849 3332 3244 3395 confundantur
3281 3332 3370 3400 qui
3398 3333 3693 3401 gratulan-

2103 3437 2189 3483 tur
2219 3428 2271 3486 iu
2310 3427 2465 3481 malis
2492 3424 2615 3481 tuis.
2658 3423 2726 3481 Et
2768 3423 3012 3479 laetentur
3046 3424 3137 3492 q'zi
3183 3422 3371 3478 volunt
3407 3420 3692 3489 justitiam

2106 3527 2271 3582 tuam,
2303 3526 2358 3571 et
2389 3516 2696 3571 desiderant
2725 3528 2914 3583 pacem
2943 3521 3106 3574 tuam,
3139 3520 3197 3566 ut
3224 3512 3403 3583 lingua
3432 3519 3523 3567 tua
3564 3527 3691 3567 tne-

2100 3599 2301 3664 ditetur
2342 3606 2604 3676 justitiam
2647 3605 2781 3669 Dei,
2828 3612 2883 3658 et
2928 3602 3075 3658 omni
3119 3601 3206 3658 die
3251 3601 3306 3656 in
3354 3599 3513 3656 laude
3562 3600 3691 3670 ejus

2101 3713 2435 3771 permaneas,
2467 3697 2557 3769 qui
2592 3702 2781 3766 regnat
2809 3694 2861 3750 in
2890 3692 3082 3751 saecula
3111 3692 3447 3749 satculorum.
3478 3688 3688 3747 Amen.

2609 3870 2918 3931 PSALMUS
2953 3869 3165 3930 XXXV.

2422 4008 2483 4063 in
2508 4008 2668 4063 linem
2694 4020 2874 4062 sermo
2903 4003 3115 4059 Domini
3142 4001 3327 4057 David.

2170 4144 2318 4201 Dixit
2337 4143 2561 4215 injustas
2589 4151 2645 4197 ut
2671 4141 2935 4211 delinquat
2955 4140 3010 4194 in
3037 4140 3342 4210 semetipso;
3373 4154 3474 4192 non
3505 4147 3586 4193 cst
3616 4142 3687 4191 ti-

2097 4256 2212 4293 mor
2257 4236 2355 4291 Dei
2396 4245 2516 4290 ante
2551 4234 2724 4290 oculos
2768 4235 2899 4304 ejus.
2950 4229 3205 4295 Quoniam
3253 4229 3428 4286 dolose
3467 4230 3575 4299 egit
3623 4232 3684 4284 in

418 4333 521 4390 hoc
543 4350 669 4388 mox
688 4333 961 4391 faciamus.
986 4334 1121 4390 Cum
1145 4335 1317 4399 multi,
1343 4336 1531 4406 inquit,
1560 4334 1769 4390 molesti
1790 4344 1989 4401 essent,
2026 4318 2073 4375 D
2098 4337 2368 4398 conspectu
2395 4328 2506 4407 ejus
2523 4368 2537 4391 ,
2568 4336 2624 4379 ut
2649 4326 2938 4379 inveniatur
2974 4324 3212 4394 iniquitas
3244 4322 3354 4392 ejus
3376 4320 3446 4377 ad
3473 4320 3680 4377 odium.

417 4422 676 4479 induebar
703 4424 876 4478 cilicio
898 4464 914 4489 ,
959 4431 1014 4477 et
1054 4424 1396 4477 humiliabam
1432 4425 1485 4477 in
1526 4423 1731 4495 jejunio
1759 4424 1989 4481 animam

416 4530 632 4580 meam,
684 4523 739 4569 et
765 4515 938 4569 oratio
979 4529 1099 4569 mea
1146 4516 1199 4568 in
1246 4515 1367 4569 sinu
1414 4529 1536 4571 meo
1582 4516 1842 4570 conversa
1889 4522 1988 4570 est.

418 4609 801 4675 Quemcunque
858 4606 1012 4674 quasi
1069 4606 1372 4676 proximum
1399 4645 1414 4669 ,
1464 4614 1519 4661 et
1571 4607 1723 4675 quasi
1774 4605 1993 4662 fratrem

418 4715 596 4757 meum
621 4701 874 4770 putabam
906 4698 1136 4765 ﬁdelem,
1166 4706 1220 4753 et
1248 4698 1526 4773 placebam
1553 4698 1682 4753 mihi
1721 4698 1773 4753 in
1802 4713 1887 4762 eo,
1920 4699 1993 4754 ita

418 4790 529 4857 egit
555 4797 612 4845 ut
637 4789 800 4851 ludas
828 4791 880 4845 in
909 4789 1157 4856 Domino,
1189 4799 1248 4847 ut
1275 4790 1543 4859 lugentem
1588 4805 1674 4846 me
1712 4799 1767 4845 et
1795 4791 1996 4846 contri-

419 4887 616 4935 statum
642 4879 859 4943 faceret,
882 4880 1135 4936 humilem
1163 4880 1411 4935 inimicis.
1443 4880 1532 4936 Sic
1560 4880 1793 4950 passioni
1819 4879 1997 4939 Domi-

422 4970 554 5024 nica:
576 4970 680 5025 hoc
703 4970 1015 5039 applicabis,
1048 4981 1106 5025 ut
1136 4979 1314 5026 tamen
1343 4971 1582 5026 ordinem
1611 4979 1800 5040 empta:
1820 4971 1999 5041 expla—

418 5061 652 5119 nationis
674 5062 956 5131 astringas,
985 5064 1109 5135 quia
1134 5064 1247 5134 ipsa
1286 5063 1466 5132 passio
1495 5061 1707 5119 Domini
1735 5063 1838 5117 hoc
1865 5062 1992 5133 agit,

418 5162 479 5210 ut
505 5168 604 5209 nos
630 5152 971 5211 aediﬁcemur.
996 5153 1209 5227 Quanto
1238 5154 1380 5215 enim
1403 5154 1521 5225 plus
1546 5153 1656 5210 Deo
1685 5152 1992 5216 adlueseris,

419 5252 572 5303 tanto
596 5244 748 5315 plura
777 5244 1077 5305 dromoan
1107 5244 1250 5303 circa
1281 5253 1333 5303 te
1366 5242 1571 5310 ﬂagella
1602 5257 1708 5298 non
1736 5241 1989 5304 deerunt;

420 5335 522 5405 ipsi
555 5342 765 5391 tentant
791 5344 862 5404 te,
894 5343 950 5393 et
986 5335 1053 5390 de
1084 5327 1192 5390 risu
1220 5350 1319 5388 suo
1360 5333 1653 5405 exagitant,
1683 5340 1738 5387 et
1767 5332 1999 5393 fremunt

418 5439 582 5496 Super
618 5433 675 5485 te
717 5425 965 5483 dentibus
992 5424 1120 5479 suis.
1167 5423 1246 5477 Tu
1288 5423 1431 5493 quod
1463 5431 1610 5481 tuum
1639 5430 1721 5477 est
1766 5423 1936 5481 clama
1980 5441 1991 5475 :

426 5514 685 5581 nomine,
713 5514 926 5589 quando
956 5513 1228 5588 respicies.
1263 5512 1484 5574 restitue
1526 5512 1759 5573 animam
1799 5526 1974 5569 meam

434 5629 459 5664 ιι
484 5605 636 5667 malis
666 5606 817 5665 lactis
844 5621 1049 5669 eorum,
1080 5620 1109 5658 a
1141 5605 1381 5659 lconilms
1415 5604 1621 5659 unicam
1651 5618 1846 5657 meam.
1880 5601 1993 5656 Una

2103 4419 2270 4475 Verba
2298 4421 2404 4476 oris
2432 4420 2545 4490 ejus
2572 4418 2817 4486 iniquitas
2844 4424 2893 4473 et
2922 4414 3068 4471 dolus
3093 4454 3107 4478 ,
3150 4412 3314 4467 noluit
3348 4413 3401 4464 in
3414 4410 3646 4477 telliqere
3663 4450 3683 4477 ,

2091 4522 2150 4569 ut
2177 4511 2301 4568 bene
2324 4518 2518 4580 ageret.
2552 4507 2881 4578 Iuiquitatem
2907 4505 3180 4559 meditatus
3208 4503 3355 4560 estin
3377 4500 3531 4555 cubili
3552 4516 3677 4563 suo,

2093 4602 2258 4659 astitit
2290 4599 2431 4654 omni
2478 4598 2570 4651 via:
2598 4612 2701 4649 non
2744 4593 2916 4659 bonw,
2947 4592 3201 4646 malitiam
3231 4598 3398 4643 autem
3426 4606 3528 4643 non
3556 4588 3686 4644 odi-

2092 4696 2179 4753 t‘ll.
2212 4692 2462 4754 Domine,
2491 4692 2546 4744 in
2584 4688 2707 4743 creto
2745 4686 3099 4745 misericordia
3124 4695 3240 4748 tua,
3282 4694 3331 4737 et
3364 4684 3551 4737 veritas
3584 4692 3685 4739 tua

2093 4803 2249 4859 usque
2275 4785 2344 4838 ad
2365 4781 2543 4837 nubes.
2573 4780 2800 4835 Justitia:
2828 4788 2930 4833 tua:
2950 4778 3080 4832 situt
3111 4785 3305 4831 montes
3328 4774 3443 4838 Dei,
3464 4774 3684 4845 judicia

2095 4888 2181 4937 tua
2215 4875 2426 4950 abysstu
2455 4873 2636 4928 multa.
2666 4869 2914 4925 Homines
2941 4877 2990 4927 et
3010 4869 3246 4939 jumenta
3274 4863 3517 4929 salvebis,
3558 4863 3687 4920 Do-

2092 4970 2230 5031 mine
2260 5005 2276 5030 ,
2340 4961 2761 5037 quemadmodum
2834 4957 3190 5027 multiplicasti
3262 4952 3681 5015 misericordiam

2095 5067 2256 5122 tuam,
2288 5055 2441 5114 Deus.
2486 5051 2613 5107 Filii
2642 5058 2809 5107 autem
2835 5050 3099 5103 hominum
3136 5048 3189 5101 in
3220 5047 3440 5117 tegmine
3466 5044 3683 5099 alarum

2096 5157 2295 5203 tuarum
2333 5142 2629 5215 sperabunt.
2674 5137 3070 5195 lnebriabuntur
3111 5133 3175 5187 ab
3213 5133 3444 5187 ubertate
3486 5132 3682 5186 domus

2097 5248 2214 5302 tuas,
2253 5246 2301 5289 et
2329 5242 2555 5291 torrente
2581 5230 2854 5301 voluptatis
2893 5237 2993 5285 tua:
3031 5225 3231 5297 potabis
3268 5241 3371 5279 eos.
3412 5223 3683 5287 Quoniam

2095 5327 2233 5397 apud
2273 5336 2320 5379 te
2347 5333 2421 5381 est
2450 5325 2567 5395 fons
2608 5323 2724 5379 vita:
2758 5328 2809 5377 et
2850 5320 2903 5375 in
2943 5318 3133 5379 lumine
3174 5325 3256 5375 tuo
3285 5312 3562 5373 videbimus
3590 5312 3686 5365 lu-

2097 5435 2229 5471 men.
2271 5413 2547 5471 Prwtende
2571 5409 2976 5471 misericordiam
3015 5416 3153 5462 tuam
3194 5406 3485 5461 sitientibus
3514 5414 3592 5469 te,
3621 5414 3692 5458 et

2090 5508 2347 5578 justitiam
2390 5514 2528 5561 tuam
2569 5502 2647 5560 his
2675 5501 2761 5570 qui
2802 5506 2939 5553 recto
2977 5506 3094 5551 sunt
3131 5495 3300 5553 corde.
3345 5493 3472 5551 Non
3502 5496 3687 5551 ratio:

2097 5601 2220 5653 mihi
2250 5616 2336 5658 pes
2364 5594 2612 5650 sitverbia’
2639 5601 2685 5643 et
2711 5606 2891 5644 manus
2913 5589 3192 5654 peccatoris
3219 5603 3319 5641 non
3351 5595 3547 5642 movent
3566 5599 3686 5637 me.
