3870 6182
181 280 266 338 575

1028 263 1493 328 COMMENTARH
1529 262 1597 315 1N
1633 257 1964 315 PSALMOS.
2008 258 2199 314 PSAL.
2240 258 2479 315 XXXVI.

3216 227 3228 238 ’
3308 261 3416 317 su

185 397 252 454 Ibi
273 392 549 451 ceciderunt
573 392 661 462 qui
684 397 963 462 operantur
984 388 1326 458 iniquitatem,
1351 379 1554 452 expulsi
1580 384 1722 438 sunt,
1756 376 1800 436 Α
1829 391 1983 447 quam
2022 378 2309 434 meridiem.
2334 375 2585 435 Subditus
2627 385 2736 433 esto
2765 376 2988 434 Domino
3007 417 3021 443 ,
3065 388 3119 434 st
3153 390 3247 435 ora
3273 398 3390 435 eum

183 506 258 547 sos
281 495 541 560 potuerunt
568 494 725 541 stare.

715 607 1154 652 COIIEN‘I'AIUUI.

236 733 640 792 Discernendum
668 738 750 791 est
779 730 919 783 inter
947 742 1066 782 eum
1095 725 1189 795 qui
1227 720 1490 790 delinquit
1518 721 1571 780 in
1600 718 1725 783 alio,

179 835 224 887 et
248 810 375 882 inter
396 840 520 881 eum
544 823 636 895 qui
663 819 924 889 delinquit
949 819 1002 872 in
1031 815 1344 885 semetipso.
1376 810 1646 879 Delinquit
1674 808 1727 862 in

177 920 283 984 alio,
315 917 547 987 quicum
576 913 744 984 possit
766 911 1035 979 corrigere
1063 925 1093 962 a
1121 907 1264 963 malo
1286 910 1618 974 peccantem,
1655 900 1731 953 in-

177 1025 315 1081 super
349 1017 404 1062 et
442 1007 710 1061 adulatur.
751 1001 1024 1069 Delinquit
1053 1000 1105 1054 in
1145 998 1344 1068 seipso,
1374 993 1468 1063 qui
1496 992 1597 1047 sibi
1628 989 1729 1059 ipsi

178 1117 264 1157 non
282 1099 392 1152 vult
416 1096 646 1152 suadere
663 1093 945 1164 justitiam,
972 1091 1098 1160 quia
1126 1105 1235 1144 non
1257 1094 1341 1141 est
1360 1085 1522 1139 timor
1548 1081 1646 1135 Dei
1675 1081 1729 1135 in

170 1199 442 1262 conspectu
462 1188 601 1260 ejus,
622 1194 683 1241 ut
712 1185 1011 1241 inveniatur
1032 1182 1284 1249 iniquitas
1304 1193 1398 1232 sua
1422 1176 1491 1231 ad
1512 1174 1726 1240 odium;

177 1284 331 1339 laudat
358 1282 651 1351 injustam,
690 1286 752 1333 ut
778 1276 1029 1332 laudetur
1061 1272 1311 1342 injustus.
1343 1269 1460 1325 Non
1500 1267 1614 1321 vult
1642 1266 1728 1319 in-

177 1374 391 1443 telligere
420 1371 662 1427 actiones
702 1369 873 1424 bonas
912 1365 1104 1436 quibus
1145 1360 1556 1433 promerebitur.
1590 1357 1731 1413 Deus

175 1465 326 1521 cubile
371 1463 553 1519 cordis
590 1461 692 1519 sui.
736 1458 1076 1527 luiquitatem
1122 1453 1448 1517 meditatur,
1478 1457 1548 1505 ut
1592 1448 1732 1503 adsit

176 1555 301 1610 omni
325 1553 425 1608 vim
453 1568 564 1608 non
591 1551 765 1615 bonae,
796 1557 853 1605 et
881 1565 993 1604 non
1021 1552 1331 1603 exsecretur
1355 1542 1630 1597 malitiam.
1664 1538 1733 1593 Et

176 1645 283 1702 licet
306 1646 358 1700 in
385 1652 532 1699 terra
560 1651 616 1699 et
643 1643 696 1697 in
725 1642 859 1696 mari
887 1641 957 1696 sit
982 1636 1349 1697 misericordia
1375 1634 1605 1699 Domini,
1638 1633 1731 1689 sed

1830 467 1963 525 Noli
1991 470 2227 524 temulari
2254 471 2308 523 in
2336 487 2396 525 eo
2424 472 2510 542 qui
2531 482 2864 541 prosperatur
2890 475 2944 528 in
2971 474 3053 529 via
3079 489 3193 539 sua,
3231 475 3284 528 in
3319 475 3408 528 ho-

1829 564 1967 616 mine
1992 563 2213 633 faciente
2236 562 2538 632 injustitias.
2571 561 2766 619 Desine
2793 562 2858 616 ab
2877 565 2978 629 ira,
3007 575 3058 621 et
3079 564 3318 637 delinque
3338 567 3410 637 fu-

1829 671 2028 720 rorem,
2065 656 2173 709 noli
2200 656 2439 709 cumulari
2465 664 2521 707 ut
2552 657 2874 727 muligneris.
2905 655 3163 720 Quoniam
3190 658 3277 729 qui
3305 674 3413 711 ma.
3468 672 3471 675 '

1829 747 2126 818 lignantur,
2158 747 2651 816 exterminabuntur,
2687 750 2993 803 sustinentes
3019 759 3188 803 autem
3228 748 3412 805 Domi-

1830 856 1972 905 num,
2002 840 2104 909 ipsi
2132 838 2511 893 hcereditabunt
2538 848 2746 894 terram.
2778 839 2849 893 Et
2876 840 3044 899 adhuc
3070 842 3333 911 pusillum,
3363 850 3413 896 et

1830 946 1934 985 non
1962 931 2062 985 erit
2090 940 2350 1000 peccator,
2379 938 2428 983 et
2455 946 2649 1001 quwres
2689 930 2856 984 locum
2884 933 3027 1019 ejus,
3054 940 3104 983 et
3130 948 3232 985 non
3266 932 3406 985 inve-

1831 1026 1961 1079 nies.
1994 1022 2257 1077 Hansueti
2297 1032 2471 1078 autem
2515 1022 2890 1077 hwreditabunt
2920 1033 3109 1078 terram
3130 1063 3144 1089 ,
3184 1032 3234 1077 et
3272 1025 3409 1079 dele—

1831 1114 2107 1171 ctabantur
2143 1117 2197 1170 iu
2244 1115 2571 1170 multitudine
2614 1116 2779 1186 pacis.
2823 1115 3125 1171 Observabit
3176 1129 3414 1187 peccator

1824 1207 2046 1278 justum,
2083 1217 2133 1262 et
2156 1205 2392 1262 stridebit
2418 1223 2572 1277 super
2597 1222 2714 1260 eum
2740 1207 2974 1263 dentibus
2995 1208 3122 1263 suis.
3157 1206 3412 1263 Dominus

1833 1310 2005 1359 autem
2042 1299 2277 1361 irridebit
2311 1316 2457 1363 eum,
2500 1300 2744 1372 quoniam
2781 1301 3029 1370 prospicit
3068 1300 3205 1370 quod
3249 1301 3413 1355 veniet

1834 1392 1941 1447 dies
1970 1393 2101 1463 ejus.
2129 1391 2372 1447 Gladium
2401 1394 2795 1465 evaginaveruut
2821 1403 3145 1464 peccatores;
3173 1394 3413 1449 intende-

1832 1492 1955 1539 runt
1987 1499 2164 1537 arcum
2199 1500 2367 1537 suum.
2411 1483 2480 1538 Ut
2509 1483 2769 1553 decipiant
2794 1502 3073 1556 pauperem
3110 1494 3159 1540 et
3189 1486 3411 1557 inopem.

1832 1583 1890 1629 ut
1911 1575 2164 1629 trucident
2184 1583 2347 1629 rectos
2370 1574 2540 1629 corde.
2568 1573 2786 1630 Gladius
2806 1591 2980 1630 eorum
3000 1577 3159 1630 intret
3176 1577 3231 1630 in
3258 1577 3414 1631 corda

1834 1667 2085 1736 ipsorum,
2117 1674 2166 1719 et
2194 1681 2345 1720 arcus
2365 1682 2544 1721 eorum
2575 1667 2960 1737 confringatur.
2993 1665 3180 1723 Helius
3201 1676 3278 1723 est
3306 1684 3417 1721 mo-

176 1736 369 1809 Ρτθρτίθ
406 1736 459 1789 in
488 1735 629 1793 (δαδΙο
772 1730 1140 1829 misericordia
1168 1728 1286 1829 iii“
1308 1767 1325 1795 ν
1376 1725 1519 1783 unde
1547 1723 1693 1829 3'8"“
1715 1761 1731 1789 ν
1759 1745 1811 1808 Β
1838 1723 2008 1813 dicam
2041 1723 2206 1829 justo,
2248 1774 2402 1827 super
2433 1757 2640 1813 divitias
2667 1723 2995 1827 peccatorum
3034 1759 3242 1811 multas.
3286 1755 3417 1821 Quo

176 1829 281 1884 inde
303 1833 664 1898 exspectatur.
693 1824 904 1880 Veritas
936 1832 1117 1878 autem
1152 1821 1270 1892 ejus
1298 1833 1465 1890 usque
1501 1817 1568 1872 ad
1595 1832 1732 1887 apo-

175 1921 343 1985 stolos,
373 1919 466 1989 qui
505 1918 674 1972 nubes
707 1914 908 1970 idcirco
946 1913 1305 1984 appellantur,
1336 1910 1461 1981 quia
1502 1906 1732 1963 inunda-

177 2011 306 2065 tione
331 2009 596 2064 sermonis
633 2007 713 2062 sui
745 2015 944 2061 terram
970 2005 1208 2071 rigantes
1248 2000 1372 2055 lidei
1393 2042 1409 2066 ,
1459 2015 1579 2055 eam
1620 1997 1733 2052 fru-

176 2108 302 2157 ctum
329 2100 439 2155 Deo
463 2098 641 2154 facere
668 2097 984 2153 docuerunt.
1018 2093 1171 2151 Unde
1197 2102 1252 2148 et
1290 2092 1358 2147 de
1397 2091 1525 2161 ipsis
1550 2088 1733 2143 Domi-

176 2205 262 2246 nus
285 2191 412 2246 dicit
443 2209 457 2244 :
489 2187 755 2245 Mandabo
784 2185 999 2241 nubibus
1028 2194 1085 2239 ut
1112 2202 1215 2239 non
1243 2182 1423 2254 pluunt
1451 2197 1605 2252 super
1635 2178 1735 2232 Ju-

177 2282 326 2337 daeum
368 2280 582 2335 imbrem
611 2279 746 2351 (Isa.
794 2295 847 2345 v,
890 2278 965 2349 6).
1000 2276 1176 2346 Usque
1223 2276 1288 2330 ad
1318 2276 1464 2345 ipsos
1501 2271 1696 2327 veritas
1718 2308 1736 2335 ,

176 2387 279 2442 qua:
305 2382 385 2427 est
403 2372 648 2428 Christus
673 2389 685 2425 :
709 2370 860 2440 cujus
881 2370 1089 2439 justitia
1109 2376 1190 2423 est
1217 2369 1355 2422 sicut
1382 2372 1595 2419 montes
1620 2364 1734 2429 Dei,

176 2466 312 2534 cujus
333 2465 534 2535 judicia
566 2465 792 2536 abyssus
818 2463 986 2517 multa
1010 2469 1157 2526 sunt,
1184 2460 1275 2532 qui
1305 2466 1360 2514 et
1387 2458 1652 2519 homines,
1684 2463 1741 2510 et

176 2556 395 2627 iumenta
418 2571 520 2611 suo
547 2555 774 2610 salvabit
800 2554 1053 2620 adventu,
1084 2553 1134 2608 id
1160 2560 1260 2618 est,
1291 2550 1502 2605 Judmos
1530 2556 1585 2603 et
1611 2561 1741 2617 gen-

178 2658 265 2705 tes.
296 2648 426 2703 Nam
458 2656 516 2704 et
553 2646 644 2702 lilii
673 2647 975 2710 hominum,
1006 2646 1096 2716 qui
1139 2646 1192 2698 in
1227 2650 1449 2714 peccato
1478 2639 1605 2694 Adzn
1641 2638 1740 2694 de-

174 2750 437 2811 sperantes
465 2741 800 2805 exstiterant,
825 2739 878 2794 in
902 2737 1239 2810 protectione
1268 2736 1470 2790 alarum
1488 2732 1605 2802 ejus
1620 2747 1741 2802 spe—

174 2841 302 2898 rant,
327 2832 378 2888 id
397 2840 479 2888 est
508 2833 561 2887 in
589 2832 918 2902 expansione
942 2844 1195 2884 manuum
1218 2827 1271 2882 in
1293 2841 1449 2883 cruce
1475 2823 1697 2878 lixarum
1724 2841 1737 2877 :

174 2935 380 2996 sperant
420 2935 600 2981 autem
624 2964 639 2988 ,
683 2925 775 2995 qui
813 2923 1146 2978 inebriantur
1175 2920 1242 2976 ab
1284 2921 1528 2975 ubertate
1555 2917 1745 2973 domus

176 3016 298 3086 ejus.
340 3017 541 3072 Domus
565 3016 681 3086 ejus
707 3023 810 3081 est,
840 3030 960 3085 qua:
988 3030 1055 3069 ex
1083 3014 1251 3069 latere
1290 3028 1390 3068 suo
1418 3010 1571 3077 fudit,
1603 3009 1746 3066 unde

1836 1853 1976 1906 niam
2018 1851 2232 1905 brachia
2269 1859 2597 1921 peccatorum
2629 1857 2985 1916 conterentur,
3024 1851 3297 1921 conﬁrmat
3324 1867 3417 1905 au-

1837 1950 1942 1996 tem
1962 1940 2136 2010 justas
2156 1940 2433 1995 Dominus.
2469 1938 2628 1994 Novit
2654 1939 2908 1997 Dominus
2934 1940 3044 1995 dies
3066 1940 3420 1996 immaculato-

1837 2049 1971 2097 rum,
1995 2040 2046 2085 et
2065 2032 2339 2087 haereditas
2357 2048 2535 2087 eorum
2560 2033 2616 2086 in
2637 2040 2887 2087 ceternum
2914 2034 3030 2088 erit.
3057 2031 3181 2088 Non
3200 2034 3419 2103 confun—

1838 2124 2024 2178 dentur
2055 2125 2110 2177 in
2133 2132 2356 2193 tempore
2387 2122 2546 2189 malo,
2574 2131 2624 2177 et
2650 2124 2707 2177 in
2735 2124 2913 2178 diebus
2944 2126 3097 2195 famis
3117 2125 3419 2179 saturabun-

1840 2226 1941 2279 tur,
1991 2216 2112 2286 quia
2150 2224 2443 2284 peccatores
2489 2215 2746 2285 peribunt.
2794 2215 3004 2270 Inimici
3043 2234 3160 2271 vero
3208 2215 3419 2271 Domini

1837 2323 1961 2360 mox
1997 2314 2055 2359 ut
2093 2307 2424 2377 honoriﬁcati
2466 2309 2659 2377 fuerint
2684 2347 2699 2371 ,
2748 2316 2796 2361 et
2825 2309 3044 2362 exaltati
3067 2349 3081 2372 ,
3124 2308 3419 2378 deficientes

1840 2397 2264 2468 quemadmodum
2294 2399 2464 2469 fumus
2504 2397 2762 2468 deficient.
2795 2397 3121 2453 Mutuabitur
3158 2407 3417 2469 peccator.

1837 2499 1887 2543 et
1914 2505 2017 2543 non
2047 2487 2222 2553 solvet,
2241 2490 2413 2559 justus
2433 2496 2604 2543 autem
2630 2490 2900 2545 miseretur
2917 2498 2966 2544 et
2995 2490 3254 2545 retribuet.
3286 2488 3421 2555 Quia

1840 2580 2190 2634 benedicentes
2217 2581 2264 2633 ei
2292 2578 2674 2635 haereditabunt
2702 2590 2911 2643 terram,
2942 2581 3306 2636 maledicentes
3329 2598 3423 2635 au-

1841 2680 1943 2726 tem
1982 2675 2029 2726 ei
2071 2671 2410 2743 disperibunt.
2444 2673 2596 2742 Apud
2631 2672 2912 2728 Dominum
2952 2690 3158 2744 gressus
3202 2674 3424 2729 hominis

1843 2765 2153 2835 dirigentur,
2186 2773 2236 2818 et
2263 2766 2398 2819 viam
2436 2764 2548 2835 ejus
2572 2765 2726 2819 volet.
2758 2763 2885 2819 Cum
2913 2765 3155 2819 ceciderit
3182 2781 3285 2821 non
3313 2764 3424 2818 col-

1844 2856 2050 2920 lidatur,
2081 2860 2203 2928 quia
2238 2856 2495 2912 Dominus
2521 2857 2763 2928 supponit
2799 2872 3011 2911 manum
3043 2872 3210 2910 suam.
3237 2854 3425 2910 Iunior

1847 2950 1943 3023 fui,
1974 2950 2163 3004 etenim
2191 2950 2335 3025 senuj
2353 2990 2367 3015 ,
2403 2957 2453 3004 et
2485 2965 2592 3003 non
2621 2948 2724 3002 vidi
2757 2950 2956 3020 justum
2987 2948 3302 3008 derelictum,
3333 2964 3427 3001 nec

1846 3059 2020 3097 semen
2060 3044 2170 3113 ejus
2208 3059 2441 3114 quarens
2486 3058 2693 3113 panem.
2737 3040 2869 3097 Tota
2910 3041 2993 3094 die
3037 3042 3329 3103 miseretur,
3379 3050 3427 3093 st

175 3107 611 3204 imbrium"?qu
639 3109 891 3204 0mm”?
925 3116 980 3204 cf
1009 3115 1247 3204 ιῖπῗθξηθ
1275 3105 1584 3204 adiciam?“
1616 3118 1743 3158 sua"
1771 3106 1815 3169 Ο
1849 3105 2160 3196 commodat.
2193 3105 2243 3188 et
2259 3150 2429 3188 semen
2460 3105 2573 3204 ejus
2599 3136 2654 3187 in
2685 3133 3035 3189 benedictione
3060 3134 3177 3188 erit.
3211 3131 3428 3186 Declina

176 3216 281 3256 rum
324 3202 536 3272 potabit
576 3216 708 3268 eos,
753 3200 844 3273 qui
873 3199 1120 3255 inebriati
1161 3198 1356 3253 fuerint
1385 3196 1453 3250 ab
1498 3197 1744 3250 ubertate

174 3290 353 3349 domus
381 3296 521 3362 ejus.
563 3291 825 3358 Quoniam
854 3291 995 3362 apud
1025 3291 1197 3362 ipsum
1226 3297 1309 3344 est
1351 3286 1470 3343 fons
1496 3287 1649 3353 vitae,
1692 3293 1748 3341 et

174 3387 289 3455 quia
318 3387 410 3442 lux
437 3386 507 3441 de
544 3385 744 3440 lumine
771 3392 853 3441 est
873 3421 892 3450 ,
935 3384 988 3438 in
1018 3384 1183 3453 ipsius
1212 3381 1412 3436 lumine
1448 3380 1748 3435 videbimus

175 3474 366 3543 lumen,
394 3478 487 3547 qui
518 3475 800 3546 prmtendit
825 3473 1246 3530 misericordiam
1275 3488 1427 3528 suam
1455 3472 1748 3527 scientibus

175 3581 249 3626 se.
295 3566 556 3636 justitiam
599 3582 729 3621 vero
757 3581 906 3620 suam
947 3565 1031 3621 his
1075 3566 1167 3637 qui
1210 3575 1360 3622 recto
1399 3572 1524 3621 sunt
1563 3562 1745 3619 corde.

174 3654 280 3728 ipse
315 3661 463 3715 enim
492 3667 549 3714 et
588 3659 970 3727 indulgentiam
1011 3659 1293 3729 praetendit
1320 3657 1608 3727 corrigenti
1632 3698 1646 3723 ,
1694 3664 1750 3710 et

175 3759 342 3805 servat
368 3750 637 3820 justitiam
666 3750 1024 3820 permanenti.
1061 3747 1215 3804 Unde
1242 3748 1504 3805 orandum
1530 3754 1611 3802 est
1633 3787 1648 3810 ,
1689 3753 1750 3801 ut

173 3853 271 3894 non
299 3841 485 3896 veniat
524 3841 680 3897 nobis
719 3856 814 3911 pes
838 3841 1122 3911 superbiae,
1151 3847 1206 3894 et
1236 3854 1423 3892 manus
1449 3838 1749 3908 peccatoris

174 3944 274 3984 non
313 3938 534 3987 moveat
560 3947 683 3987 nos.
724 3931 782 3987 ln
813 3948 974 3987 manu
1008 3933 1153 3986 enim
1181 3930 1379 3985 diaboli
1407 3937 1533 3984 sunt
1561 3943 1749 3983 omnes

171 4022 254 4092 qui
283 4032 583 4093 operantur
607 4024 961 4093 iniquitatem,
993 4032 1050 4078 et
1075 4023 1423 4094 desperantes
1449 4021 1516 4077 de
1543 4021 1753 4077 miseri-

172 4114 346 4169 cordia
374 4114 474 4171 Dei
510 4115 719 4184 expulsi
749 4123 874 4169 sunt
916 4122 972 4170 et
1000 4130 1104 4169 non
1136 4121 1425 4184 potuerunt
1451 4123 1614 4166 stare.
1644 4110 1751 4165 Sed

172 4202 458 4273 Apostolus
485 4206 619 4262 dicit
650 4223 663 4259 ε
697 4204 870 4261 Stabit
899 4221 918 4259 :
949 4214 1129 4276 potens
1155 4213 1232 4258 est
1260 4203 1400 4257 Deus
1428 4212 1654 4257 statuere
1680 4203 1748 4257 il-

172 4302 268 4358 lum
309 4306 494 4376 (Rom.
538 4306 669 4376 XIV).
704 4304 997 4374 Rogandns
1036 4312 1120 4359 est
1158 4319 1286 4372 ergo
1313 4303 1571 4358 Dominus
1597 4300 1752 4358 Iesus

172 4390 411 4452 Christus
434 4438 449 4462 ,
485 4404 544 4451 ut
589 4397 703 4466 ipse
731 4412 829 4450 nos
868 4394 1149 4451 conﬁrmet
1172 4436 1186 4461 ,
1236 4403 1292 4450 ut
1332 4395 1385 4449 in
1419 4398 1607 4449 timore
1636 4393 1752 4461 ejus

1849 3244 1883 3282 ιι
1916 3227 2057 3281 malo
2099 3236 2150 3281 et
2188 3230 2274 3296 fac
2322 3228 2508 3281 bonum
2531 3268 2546 3293 ,
2588 3226 2822 3281 inhabita
2862 3228 2916 3281 in
2944 3225 3188 3281 saeculum
3228 3223 3423 3280 surculi.

1850 3315 1991 3383 Quia
2008 3317 2261 3373 Dominus
2303 3327 2444 3372 amat
2464 3319 2737 3389 judicium,
2767 3327 2937 3371 etnon
2962 3317 3276 3387 derelinquet
3300 3331 3428 3371 san-

1849 3420 1957 3466 ctos
1988 3428 2125 3477 suos,
2155 3413 2209 3465 in
2232 3421 2482 3466 retentum
2509 3408 2965 3465 conservabantur.
2992 3408 3186 3479 lnjusti
3212 3407 3430 3477 punien-

1852 3512 1952 3568 tur,
1977 3512 2027 3557 et
2047 3519 2218 3556 semen
2246 3503 2522 3572 impiorum
2551 3500 2755 3571 peribit.
2786 3499 2923 3553 Iusti
2947 3508 3117 3553 autem
3152 3496 3431 3552 hmredita-

1851 3593 1978 3648 bunt
2006 3601 2226 3657 terram,
2249 3603 2299 3648 et
2326 3591 2689 3647 inhabitabant
2715 3593 2769 3646 in
2803 3593 3046 3645 sarculum
3076 3589 3254 3644 saeculi
3280 3604 3433 3659 super

1851 3703 1988 3740 eam.
2029 3684 2101 3741 0s
2121 3687 2254 3758 justi
2284 3685 2616 3739 meditabitur
2660 3684 2992 3753 sapientiam,
3030 3689 3079 3736 et
3105 3681 3284 3752 lingua
3321 3679 3433 3750 ejus

1852 3775 2085 3845 loquetur
2105 3776 2378 3848 judicium.
2412 3773 2522 3828 Lex
2551 3774 2646 3831 Dei
2669 3774 2779 3845 ejus
2797 3775 2850 3827 in
2874 3772 3028 3828 corde
3054 3772 3237 3842 ipsius,
3259 3776 3308 3825 et
3328 3785 3434 3825 non

1854 3868 2323 3939 supplantabuntur
2346 3883 2552 3939 gressus
2591 3867 2722 3938 ejus.
2756 3864 3064 3920 Considerat
3090 3872 3329 3933 peccator
3346 3862 3435 3933 ju-

1853 3968 2007 4023 stum,
2041 3968 2090 4012 et
2117 3960 2306 4029 quaerit
2325 3959 2640 4028 mortiﬁcare
2667 3973 2801 4011 eum.
2834 3955 3090 4010 Dominus
3129 3963 3303 4009 autem
3330 3969 3435 4007 non

1856 4048 2170 4121 derelinquet
2191 4065 2305 4102 eum
2332 4051 2384 4102 in
2409 4064 2593 4102 manus
2615 4048 2744 4118 ejus,
2777 4064 2869 4100 nec
2889 4045 3157 4101 damnabit
3184 4060 3297 4097 eum
3320 4059 3434 4096 cum

1849 4139 2167 4213 judicabitur
2196 4140 2294 4194 illi.
2330 4139 2593 4209 Exspecta
2634 4137 2946 4201 Dominum,
2985 4144 3035 4191 et
3063 4135 3261 4189 custodi
3300 4136 3437 4188 vium

1855 4236 1986 4304 ejus,
2018 4240 2067 4285 et
2094 4229 2343 4285 emaltabit
2370 4237 2422 4282 te
2443 4237 2498 4281 ut
2525 4228 2829 4283 hazreditate
2857 4228 3032 4296 capias
3061 4233 3253 4278 terram
3270 4263 3286 4287 ,
3321 4239 3437 4278 cum

1855 4324 2101 4394 perierint
2128 4329 2439 4392 peccatores,
2463 4317 2672 4372 videbis.
2707 4317 2825 4372 Vidi
2846 4318 3060 4387 impium
3079 4314 3439 4383 superexalta-

1858 4424 1981 4469 tum.
1996 4422 2045 4467 et
2058 4412 2445 4466 elevatumsicut
2469 4409 2649 4463 cedros
2670 4407 2876 4462 Libani.
2911 4406 2975 4460 Et
2994 4406 3225 4469 transivi,
3249 4411 3298 4459 et
3324 4420 3440 4458 eccs

170 4494 306 4540 stare
337 4490 629 4556 possimus,
661 4504 759 4558 per
791 4488 965 4556 ipsum
991 4488 1276 4543 Dominum
1301 4496 1541 4542 nostrum
1569 4485 1749 4540 Jesum

1858 4521 1958 4557 non
1989 4511 2132 4567 erat;
2162 4501 2371 4570 quaesivi
2399 4517 2534 4565 eum,
2565 4506 2615 4553 et
2644 4515 2747 4553 non
2775 4507 2851 4552 est
2876 4498 3109 4551 inventus
3137 4495 3276 4549 locus
3304 4493 3434 4564 ejus.

173 4575 481 4643 Christum,
521 4581 615 4649 qui
660 4588 848 4649 regnat
878 4581 931 4635 in
972 4582 1178 4635 unitate
1206 4578 1381 4634 Patris
1425 4587 1480 4634 et
1526 4577 1755 4648 Spiritus

173 4672 331 4727 sancti
359 4673 419 4728 in
448 4673 643 4728 saecula
669 4673 1008 4728 saeculorum.
1042 4672 1231 4727 Amen.

675 4807 990 4865 PSALMUS
1021 4806 1258 4862 XXXVI.

656 4920 899 4977 Psalmus
944 4921 1045 4992 ipsi
1092 4918 1278 4975 David.

235 5050 364 5109 Noli
404 5056 648 5110 cumulari
674 5056 728 5109 in
756 5053 1178 5127 malignantibus,
1213 5070 1376 5127 neque
1399 5052 1643 5108 celaveris
1675 5055 1758 5125 fa-

167 5144 350 5201 cientes
377 5147 730 5219 iniquitatem.
769 5145 1026 5210 Quoniam
1050 5155 1297 5217 tanquam
1318 5147 1494 5217 fenum
1520 5145 1758 5199 velociter

172 5246 425 5303 arescent,
471 5248 524 5292 et
556 5237 982 5308 quemadmodum
1007 5238 1149 5291 olera
1178 5234 1453 5291 herbarum
1490 5235 1591 5289 cito
1618 5234 1759 5288 deci-

172 5327 302 5384 dent.
336 5330 517 5401 Spera
542 5333 595 5384 in
622 5331 881 5397 Domino,
914 5341 963 5386 et
990 5335 1075 5406 fac
1103 5331 1411 5394 bonitatem,
1449 5338 1499 5384 et
1524 5329 1756 5383 inhabita

172 5429 351 5475 terram
370 5462 386 5487 ,
428 5432 487 5477 et
525 5425 751 5494 pasceris
788 5425 844 5476 in
873 5422 1065 5477 divitiis
1093 5423 1223 5494 ejus.
1257 5420 1527 5477 Delectare
1552 5421 1607 5474 in
1639 5418 1754 5473 Do-

172 5516 319 5582 mino,
344 5526 394 5571 et
414 5516 566 5570 dabit
588 5515 676 5570 tibi
700 5518 971 5586 petitiones
996 5516 1167 5571 cordis
1192 5517 1283 5569 tui.
1311 5513 1499 5569 Revela
1526 5512 1752 5567 Domino

175 5607 296 5661 tiam
336 5618 519 5673 tuam,
553 5617 599 5661 et
639 5626 791 5678 spera
820 5610 874 5663 in
904 5625 964 5664 eo
986 5651 1002 5675 ,
1045 5618 1093 5661 et
1121 5610 1231 5679 ipse
1273 5609 1448 5680 faciet.
1483 5605 1551 5660 Et
1575 5605 1755 5660 educet

164 5701 303 5766 quasi
332 5701 512 5756 lttmen
552 5703 808 5764 justitiam
859 5711 996 5754 tuam
1022 5743 1035 5765 ,
1082 5712 1128 5753 et
1147 5700 1405 5769 judicium
1451 5709 1593 5754 tuum
1638 5707 1754 5751 tan-

1857 4594 2070 4650 Custodi
2098 4594 2469 4655 innocentium,
2500 4600 2548 4645 et
2572 4591 2683 4644 vide
2710 4590 3018 4660 (equitatem,
3051 4587 3292 4657 quoniam
3319 4592 3441 4638 sunt

1859 4687 2090 4755 reliquiae
2117 4685 2311 4739 homini
2338 4683 2579 4755 paci/ica.
2604 4680 2799 4751 Injusti
2819 4689 2988 4733 autem
3008 4673 3347 4747 disperibunt,
3367 4675 3443 4728 si-

1858 4779 1966 4833 mul
2002 4779 2232 4850 reliquiae
2258 4778 2532 4847 impiorum
2558 4773 2857 4827 interibunt.
2891 4769 3048 4824 Salus
3077 4775 3248 4823 autem
3270 4767 3443 4841 justo-

1864 4886 1975 4924 rum
2007 4887 2038 4923 a
2069 4868 2294 4922 Domino
2312 4907 2326 4930 ,
2358 4875 2407 4921 et
2433 4872 2692 4936 protector
2722 4876 2902 4915 eorum
2942 4861 2998 4914 in
3028 4869 3252 4930 tempore
3282 4858 3443 4912 tribu-

1860 4961 2091 5015 lationis.
2123 4957 2193 5011 Et
2211 4954 2476 5028 adjuvabit
2495 4970 2582 5008 eos
2603 4952 2877 5017 Dominus,
2906 4960 2957 5005 et
2984 4947 3226 5005 liberabit
3255 4964 3362 5013 eos,
3393 4956 3444 5002 et

1860 5062 2001 5109 eruet
2025 5069 2112 5107 eos
2141 5068 2173 5104 a
2200 5047 2576 5118 peccatoribus,
2601 5054 2649 5100 st
2675 5043 2896 5099 salvabit
2923 5059 3028 5109 eos,
3059 5043 3179 5113 quia
3206 5054 3444 5112 sperave-

1861 5154 1982 5202 runt
2000 5147 2053 5199 in
2075 5161 2152 5198 eo.

2434 5284 2870 5327 consumunmt.

1934 5412 1991 5467 Si
2019 5412 2132 5465 haec
2157 5422 2279 5479 spes
2305 5420 2426 5475 quas
2448 5402 2663 5459 videtur
2684 5402 2974 5472 expetitur,
3006 5397 3296 5455 zelabimnr
3323 5406 3438 5447 ma-

1862 5506 2146 5574 lignantes,
2179 5507 2233 5553 et
2259 5496 2520 5553 facientes
2548 5495 2905 5564 iniquitatem.
2937 5491 3123 5551 Dicere
3150 5484 3291 5543 enim
3319 5496 3448 5554 pos-

1861 5608 2047 5653 sumus
2079 5611 2092 5646 :
2121 5592 2260 5649 Ecce
2288 5589 2379 5645 ille
2406 5596 2461 5644 et
2489 5588 2580 5643 ille
2608 5587 2722 5644 haec
2756 5583 2962 5644 scelera
2990 5582 3366 5649 perpetrarent
3390 5583 3450 5630 et

1861 5692 2074 5745 ﬂorent.
2107 5685 2248 5752 Noli,
2272 5682 2464 5754 inquit,
2494 5681 2593 5739 ists
2624 5677 2985 5738 considerare,
3016 5669 3111 5729 sed
3139 5667 3447 5735 considera,
