3870 6182
507 219 614 277 375

1818 217 2066 274 ΑΒΝΟΒῙ

2169 217 2430 274 UNIORIS
2795 219 2800 233 ‘
3366 256 3371 260 -
3577 233 3654 288 δη

509 331 764 398 quunlant
795 339 1046 401 tauquam
1091 328 1268 384 fenum
1299 329 1556 384 velociter
1578 338 1840 384 arescent.
1875 329 1956 384 'l‘u
1998 345 2090 384 au-
2121 339 2167 392 Α
2197 329 2427 395 rabitur,
2446 331 2570 399 quia
2583 344 2644 385 os
2667 331 3658 405 ejusmeditabitursapientiam.Lexeniiu

510 432 619 478 tem
654 437 810 491 spera
841 421 892 476 in
929 422 1095 476 Deum
1117 462 1132 486 ,
1175 429 1228 476 et
1257 420 1340 476 lac
1372 422 1706 486 bonitatem,
1751 436 1929 492 spera,
1961 423 2086 491 quia

507 529 599 584 spe
625 513 756 568 salri
781 515 908 584 facti
936 529 1113 567 sumus
1145 511 1321 584 (Rom.
1355 512 1488 582 vni).
1521 511 1761 567 lubabita
1793 521 2009 578 terram,
2032 522 2088 568 et

421 592 432 602 ’
506 618 728 675 pascere
757 603 811 656 in
839 603 1040 658 divitiis
1067 603 1202 672 ejus.
1231 601 1474 658 lnbabita
1503 609 1724 668 terram,
1757 601 1808 656 id
1836 609 1936 666 est,
1960 618 2082 657 cor-

503 707 602 761 pus
645 702 793 748 tuum
817 735 831 758 ,
873 703 928 748 et
974 694 1210 763 pasceris
1241 695 1293 748 in
1332 694 1528 749 divitiis
1570 697 1703 763 ejus.
1735 691 1791 747 Si
1831 701 2085 763 speratus

501 781 668 836 fueris
719 792 915 836 terram
966 791 1144 847 tuam,
1189 784 1518 837 saturaberis
1563 784 1809 853 panibus.
1848 781 2084 836 Olferant

502 873 643 926 oculi
688 871 915 947 fructum
945 889 1012 928 ex
1055 875 1489 943 concupiscentia
1531 874 1735 929 cmlcsti
1760 875 2080 937 ,u‘turesin-

503 965 798 1018 tentiouem
827 965 1074 1018 audiendi
1103 965 1324 1019 verbum
1355 965 1448 1019 Dei
1473 1005 1488 1030 ,
1517 979 1579 1019 os
1615 965 1807 1019 divinis
1839 965 2083 1020 laudibus

502 1065 831 1127 occupetur,
881 1073 1071 1112 manus
1117 1059 1502 1130 eleemosynis,
1547 1064 1734 1111 venter
1759 1057 1994 1125 jejuniis,
2027 1067 2082 1111 et

498 1158 672 1203 totum
702 1165 896 1218 corpus
934 1151 1200 1205 castitatis
1231 1149 1510 1203 virtutibus
1539 1157 1850 1218 occupetur.
1879 1147 1967 1202 Sic
2007 1147 2083 1200 iu-

501 1238 750 1292 babitans
781 1247 978 1292 terram
1010 1247 1064 1293 et
1089 1239 1326 1308 pasceris
1357 1239 1409 1292 in
1439 1238 1636 1291 divitiis
1664 1238 1799 1304 ejus,
1832 1244 1958 1290 tunc
1981 1236 2078 1290 de-

499 1328 782 1384 lectaberis
813 1329 863 1383 in
903 1329 1150 1394 Domino,
1181 1338 1236 1383 et
1263 1329 1410 1384 dabit
1435 1329 1529 1382 tibi
1557 1327 1872 1398 petitionem
1901 1327 2080 1381 cordis

499 1419 594 1473 tui.
623 1418 756 1473 Qum
803 1420 853 1474 ei
891 1421 1215 1476 revelavcris
1237 1422 1376 1475 viam
1422 1430 1585 1482 tuam,
1620 1429 1746 1473 tunc
1773 1419 1965 1473 educet
1987 1418 2077 1487 ju—

495 1510 695 1565 stitiam
727 1521 873 1566 tuam
913 1514 1064 1582 quasi
1095 1515 1293 1579 lumen,
1325 1521 1379 1568 et
1407 1511 1663 1582 judicium
1693 1520 1840 1564 tuum
1871 1510 2075 1565 clarum

494 1600 656 1655 faciet
681 1616 844 1671 super
871 1603 1168 1658 meridiem.
1201 1603 1342 1657 Nihil
1371 1603 1514 1657 enim
1539 1601 1736 1655 clarius
1778 1599 2076 1654 meridiano

2191 420 2286 474 Dei
2314 428 2396 475 est
2425 421 2477 474 in
2522 421 2684 475 corde
2712 421 2828 490 ejus
2849 462 2864 487 ,
2915 432 2970 476 et
2998 423 3118 478 ideo
3144 439 3244 479 non
3270 428 3658 498 supplantabunttu

2187 523 2400 578 gressus
2427 510 2560 580 ejus.
2593 510 2912 567 Considerat
2937 529 3060 568 eum
3087 515 3330 581 diabolus,
3353 527 3400 572 et
3423 522 3662 590 cupitmor-

2188 601 2390 656 tilicare
2417 617 2560 668 eum,
2593 603 2686 656 sed
2713 601 2856 658 Deus
2879 619 2984 658 non
3008 605 3322 675 derelinquat
3339 625 3445 664 eum
3471 613 3513 664 in
3536 615 3660 668 maui-

2185 693 2286 748 bus
2313 695 2440 757 suis,
2466 710 2567 750 ncc
2592 695 2866 750 damnabit
2896 711 3020 751 eum
3049 713 3165 752 cum
3187 698 3475 768 judicabitur
3493 705 3568 758 illi.
3587 704 3662 759 Ex-

2185 793 2365 852 specta
2387 783 2671 839 Dominum
2693 794 2749 840 et
2775 787 2984 842 custodi
3013 789 3126 843 vias
3153 789 3277 858 ejus,
3307 801 3356 845 et
3379 793 3589 848 exaltabit
3610 807 3661 863 te,

2184 883 2242 928 ut
2271 875 2552 930 bmrediles
2582 883 2800 941 terram,
2831 885 3074 947 tempore
3101 894 3202 948 quo
3228 893 3432 950 pereunt
3471 895 3666 952 peccato-

2182 981 2288 1031 res,
2332 967 2554 1024 videbis.
2607 967 2720 1023 Hoc
2757 969 2876 1024 loco
2904 986 3022 1038 qua:
3049 982 3345 1043 sequuntur,
3374 975 3482 1029 licet
3519 979 3666 1034 multos

2182 1057 2507 1111 conscientia
2547 1067 2729 1113 nostra
2760 1061 2990 1115 retineat
3027 1063 3200 1118 subito
3219 1065 3282 1118 de
3301 1077 3541 1134 potentatu
3577 1086 3667 1124 eor-

2182 1148 2374 1213 ruisse,
2400 1157 2451 1200 et
2485 1149 2556 1202 ita
2587 1150 2652 1204 ad
2683 1151 2905 1205 nihilum
2935 1153 3230 1220 devenisse,
3261 1165 3315 1210 ut
3341 1173 3429 1212 nec
3455 1149 3595 1214 locum
3610 1165 3666 1216 sui

2180 1237 2388 1292 itineris
2417 1239 2750 1307 reliquerint,
2785 1251 2960 1297 tamen
2992 1245 3286 1315 specialiter
3311 1247 3404 1303 hoc
3428 1250 3486 1304 de
3508 1250 3670 1306 diabolo

2181 1327 2274 1380 ait.
2320 1327 2440 1397 Ipse
2466 1338 2547 1382 est
2575 1331 2717 1384 enim
2756 1331 2948 1402 impius
2977 1335 3238 1392 exaltatus
3263 1353 3410 1407 super
3434 1341 3590 1394 cedrus
3605 1340 3670 1395 Li—

2179 1419 2324 1478 bani.
2349 1417 2454 1474 Sed
2477 1420 2566 1474 ubi
2597 1423 2868 1476 transierit
2887 1427 3134 1492 mundus,
3159 1439 3408 1496 quaeretur
3427 1430 3552 1485 locus
3571 1431 3670 1499 ejus,

2179 1516 2234 1561 et
2263 1525 2368 1562 non
2417 1511 2737 1566 invenietur.
2768 1511 3145 1571 Custodiamus
3175 1534 3269 1572 nos
3298 1520 3526 1574 unitatem
3568 1520 3673 1584 ﬁdei,

2181 1607 2240 1652 ut
2287 1599 2562 1655 videamus
2604 1603 2912 1670 aequitatem
2954 1605 3160 1675 judicii.
3193 1607 3288 1673 Qui
3315 1609 3460 1662 faciet
3482 1610 3676 1677 reliquias

495 1699 758 1759 tempore.
806 1691 1106 1746 Perfectum
1133 1693 1275 1747 enim
1316 1691 1420 1746 boc
1447 1698 1692 1760 tempore
1738 1689 2076 1759 progreditur
2112 1699 2152 1757 Β
2179 1691 2383 1747 bomiui
2411 1689 2653 1762 pacifico,
2679 1694 2904 1764 injustos
2925 1709 3102 1754 autem
3125 1700 3451 1772 punitsimul.
3477 1703 3678 1771 Reliquis:

496 1779 698 1834 lulnen.
729 1780 985 1836 Subditus
1029 1789 1146 1836 esto
1187 1781 1452 1845 Domino,
1494 1788 1548 1834 et
1595 1795 1688 1834 ora
1719 1795 1880 1845 eum;
1923 1780 2077 1849 quasi

497 1871 658 1936 dicat,
691 1871 748 1926 Si
769 1871 819 1926 ei
848 1872 1093 1928 subditus
1111 1889 1228 1930 .non
1260 1871 1442 1936 fueris,
1465 1881 1525 1926 ut
1553 1870 1717 1925 facias
1749 1871 2076 1926 voluntatem

493 1961 631 2031 ejus,
664 1963 782 2017 sine
810 1979 970 2018 causa
1000 1964 1253 2018 obsecras
1297 1979 1440 2019 eum.
1483 1962 1601 2017 Noli
1631 1963 1790 2018 zelari
1829 1978 1951 2016 eum
1984 1964 2077 2031 qui

493 2054 768 2121 prosperis
795 2054 1132 2108 successibus
1154 2052 1340 2123 pollet,
1367 2053 1636 2106 hominem
1667 2051 1951 2106 facientem
1976 2051 2076 2104 iui-

491 2143 769 2210 quitatem.
829 2144 1024 2199 Desine
1071 2145 1137 2198 ab
1185 2145 1298 2208 ira,
1343 2151 1399 2198 et
1453 2143 1766 2211 dcrelinque
1813 2141 2068 2196 furorem.

490 2231 610 2286 Noli
639 2234 804 2288 zelari
833 2243 891 2288 ut
930 2235 1260 2303 maligneris,
1292 2236 1544 2304 quoniam
1575 2234 1667 2302 qui
1695 2233 2069 2301 malignantur,

491 2326 1012 2381 cxterminabuutur.
1057 2327 1212 2394 Quod
1239 2327 1484 2382 differtur
1520 2342 1630 2380 non
1658 2324 1923 2388 aufertur;
1969 2340 2072 2394 pu-

487 2416 689 2483 sillum,
718 2425 774 2472 et
802 2433 908 2472 non
931 2419 1034 2472 erit
1059 2427 1330 2488 peccator.
1355 2419 1576 2484 Quaeres
1601 2418 1778 2472 locum
1805 2416 1941 2486 ejus,
1972 2431 2074 2472 nec

487 2507 747 2564 invenies.
788 2509 922 2564 Nam
950 2511 1040 2579 qui
1077 2510 1342 2564 mansueti
1369 2518 1496 2564 sunt
1521 2509 1851 2580 possidebunt
1880 2515 2069 2560 terram

487 2597 702 2671 (Matth.
730 2601 808 2673 v).
839 2601 956 2656 Non
985 2601 1144 2655 istam
1173 2612 1400 2656 matrem
1435 2601 1708 2671 spinarum
1761 2609 1816 2656 et
1843 2614 2074 2669 serpen-

487 2693 660 2756 tium,
703 2692 800 2748 sed
847 2692 992 2746 illam
1040 2693 1094 2746 in
1141 2708 1246 2760 qua
1290 2693 1565 2747 teternitas
1607 2701 1797 2760 regnat
1823 2735 1836 2760 ,
1869 2701 2068 2745 terram

396 2778 404 2788 ’
485 2782 744 2837 ﬂuentem
775 2783 859 2838 lac
886 2791 940 2838 et.
970 2783 1094 2838 mel.
1127 2781 1191 2838 Et
1222 2783 1295 2840 ibi
1316 2783 1724 2838 delectabuntur
1745 2783 1798 2836 in
1828 2782 2069 2836 multitu-

485 2873 664 2928 dinem
703 2875 874 2945 pacis.
909 2873 1034 2929 llaec
1060 2875 1106 2929 si
1141 2874 1318 2944 justus
1356 2890 1448 2940 es,
1482 2874 1602 2952 vide
1632 2891 1698 2928 ne
1737 2875 1789 2928 in
1817 2874 2068 2944 pnnsenti

485 2964 684 3020 mundo
724 2966 1037 3036 perquiras;
1070 2982 1177 3020 non
1219 2967 1364 3020 enim
1410 2967 1603 3021 melior
1639 2965 1806 3022 Paulo
1835 2967 1942 3020 eris
1964 3008 1979 3033 ,
2011 2967 2065 3022 in

2178 1804 2306 1843 vero
2337 1790 2622 1862 impiorum
2669 1802 2796 1850 tunc
2837 1795 3106 1863 peribunt,
3139 1797 3344 1866 quando
3371 1797 3497 1851 salus
3521 1797 3680 1850 venerit

2172 1879 2440 1949 justorum
2470 1899 2499 1936 a
2529 1883 2778 1951 Domino,
2811 1892 2866 1940 et
2894 1895 3171 1956 protector
3196 1903 3373 1942 eorum
3401 1888 3490 1941 erit
3515 1887 3558 1940 in
3582 1895 3680 1939 tem-

2176 1987 2308 2041 pore
2359 1973 2721 2031 tribulationis
2753 1994 2766 2027 :
2794 1985 2852 2030 ut
2897 1985 3074 2032 autem
3102 1978 3346 2044 evadant,
3385 1977 3573 2045 adjuvat
3613 1991 3682 2030 eos

2174 2061 2452 2129 Dominus,
2484 2073 2538 2118 et
2588 2065 2781 2120 liberat
2829 2082 2944 2131 eos,
2987 2077 3041 2122 et
3069 2069 3229 2139 eripit
3257 2085 3347 2123 eos
3390 2084 3416 2121 a
3444 2066 3685 2137 peccatori-

2173 2153 2295 2220 bus,
2324 2163 2379 2208 et
2407 2155 2580 2210 salvat
2606 2172 2728 2221 eos,
2773 2160 3027 2228 quoniam
3056 2167 3272 2233 sperant
3301 2160 3350 2214 in
3377 2158 3576 2212 Domino
3608 2171 3685 2209 no-

2172 2256 2285 2303 stro
2321 2247 2448 2304 Jesu
2477 2248 2722 2316 Christo,
2754 2251 2844 2319 qui
2883 2261 3069 2320 regnat
3107 2253 3162 2306 in
3192 2251 3380 2307 saecula
3405 2249 3683 2306 seculorum.

2172 2339 2362 2396 Amen.

2663 2429 2978 2490 PSALMUS
3012 2433 3278 2491 XXXVII.

2335 2564 2578 2621 Psalmus
2606 2567 2772 2622 David
2800 2569 2852 2622 in
2875 2569 3324 2624 rememoratione
3343 2563 3549 2621 sabbati.

2238 2697 2544 2764 Domine,ue
2570 2700 2622 2752 in
2651 2699 2824 2769 furore
2845 2709 2929 2753 tuo
2957 2715 3148 2770 arguas
3177 2715 3276 2762 me,
3301 2713 3454 2766 neque
3475 2695 3524 2748 in
3543 2693 3606 2746 ira
3625 2698 3691 2744 tua

2167 2792 2417 2859 corripias
2445 2807 2542 2844 me.
2570 2787 2827 2854 Quoniam
2848 2791 3052 2860 sagittae
3075 2799 3177 2844 tua:
3200 2790 3379 2858 inﬁrm
3397 2783 3642 2843 suutmihi,
3659 2792 3694 2832 ct

2167 2882 2486 2951 conﬁrmasti
2513 2897 2666 2952 super
2685 2897 2765 2934 me
2789 2896 2994 2933 manum
3022 2890 3186 2934 tuam.
3214 2879 3337 2934 Non
3365 2889 3438 2931 est
3463 2877 3631 2930 sanitas
3653 2871 3694 2922 in

2168 2990 2323 3026 carne
2350 2989 2462 3025 mea
2491 2990 2523 3024 a
2545 2973 2679 3044 {acie
2699 2973 2795 3027 ira:
2831 2981 2950 3034 tute,
2984 2983 3186 3026 nonest
3215 2988 3322 3042 pax
3347 2967 3532 3025 ossibus
3550 2965 3653 3019 meis
3673 2979 3698 3012 α

485 3059 627 3114 fame
654 3067 709 3115 et
749 3060 839 3114 siti
868 3059 1077 3114 duranti
1102 3101 1116 3126 ,
1151 3061 1202 3114 iu
1236 3061 1432 3130 frigore
1459 3070 1514 3117 et
1543 3062 1780 3117 nuditate
1807 3077 2062 3134 perseve-
2087 3065 2132 3128 C
2165 3063 2298 3134 [acie
2311 3069 2632 3133 peccatorum
2660 3079 2902 3117 meorum.
2929 3060 3186 3125 Quoniam
3213 3061 3696 3133 iniquitatesmea'stt-

485 3152 645 3206 ranti.
677 3151 784 3207 Sed
828 3160 946 3207 esto
975 3153 1271 3219 sollicitus,
1303 3155 1427 3222 quia
1453 3155 1694 3224 quotidie
1737 3164 1790 3211 te
1818 3156 2063 3211 diabolus

484 3243 807 3310 considerat,
844 3252 899 3298 et
925 3244 1103 3298 fremit
1129 3259 1293 3314 super
1321 3253 1373 3299 te
1401 3245 1650 3302 dentibus
1677 3247 1808 3312 suis,
1836 3247 1928 3301 sed
1953 3249 2060 3302 Do-

484 3334 663 3388 minus
690 3334 874 3388 irridet
912 3350 1055 3397 eum,
1087 3336 1212 3404 quia
1245 3337 1346 3392 scit
1374 3336 1516 3405 quod
1544 3338 1756 3392 eveniat
1783 3338 1896 3393 dies
1923 3338 2059 3406 ejus.

484 3423 552 3480 Et
578 3434 992 3496 quantacunque
1020 3436 1208 3482 contra
1249 3435 1304 3482 te
1331 3427 1595 3483 daemonia
1631 3429 1768 3483 bella
1815 3429 2062 3484 commit-

484 3523 638 3580 tant,
691 3517 799 3572 noli
830 3518 1020 3572 timere
1071 3537 1084 3571 :
1128 3519 1254 3587 quia
1301 3517 1462 3586 gladii
1491 3533 1676 3572 eorum
1708 3519 1980 3573 intrabunt
2007 3520 2059 3573 in

484 3605 646 3662 corda
674 3623 860 3662 eorum
885 3647 900 3670 ,
950 3616 1006 3662 et
1045 3624 1202 3663 arcus
1231 3623 1416 3662 eorum
1447 3609 1826 3675 confringetur.
1873 3609 2060 3664 Melius

485 3697 580 3752 tibi
609 3699 680 3753 sit
711 3699 976 3754 modicum
1017 3699 1084 3754 de
1105 3697 1314 3768 justitia
1342 3700 1620 3768 possidere
1642 3741 1656 3764 ,
1687 3716 1845 3768 quam
1875 3701 1942 3755 de
1982 3701 2060 3756 in-

483 3789 626 3860 iusto
655 3789 864 3843 divitias
892 3798 1234 3858 peccatorum
1264 3789 1478 3844 multas.
1529 3789 1660 3842 Nam
1701 3789 1919 3844 brachia
1949 3792 2059 3844 dae-

483 3893 704 3932 monum
731 3879 779 3933 si
805 3879 1124 3948 pugnaveris
1151 3877 1450 3947 confringet
1477 3878 1751 3934 Dominus.
1803 3877 2062 3946 Dignatur

483 3970 626 4024 enim
651 3967 827 4038 justos
871 3983 999 4027 suos
1043 3969 1096 4023 in
1143 3983 1238 4024 sua
1283 3968 1650 4024 misericordia
1697 3967 2053 4035 confirmare,

481 4078 710 4132 quorum
757 4063 858 4116 scit
895 4063 1011 4116 vias
1045 4062 1530 4126 immaculatorum,
1563 4078 1790 4130 quorum
1834 4061 2060 4116 lneredi-

479 4163 564 4210 tas
592 4169 780 4210 eorum
807 4153 1052 4209 Christus
1080 4164 1180 4210 est.
1219 4153 1320 4221 Qui
1349 4155 1400 4208 in
1429 4163 1689 4210 mternum
1725 4165 1930 4218 manet,
1963 4171 2060 4226 per

481 4249 656 4316 ipsum
701 4262 810 4302 non
857 4245 1214 4302 confundetur
1242 4247 1293 4300 in
1334 4253 1576 4316 tempore
1617 4245 2059 4321 malo..Tenipus

479 4338 681 4392 malum
709 4346 790 4392 est
833 4337 1158 4401 Christiano,
1187 4336 1403 4405 quando
1441 4337 1507 4391 ad
1535 4345 1812 4406 peccatum
1842 4337 2058 4406 aliquod

2161 3166 2445 3227 pergressaz
2471 3163 2591 3208 sunt
2629 3164 2781 3225 caput
2815 3172 3000 3220 meum,
3030 3159 3080 3208 et
3099 3155 3241 3208 sicut
3269 3168 3396 3208 onus
3440 3165 3576 3223 grave
3600 3161 3698 3217 gra-

2160 3251 2291 3298 vata:
2312 3251 2429 3297 sunt
2449 3261 2600 3311 super
2627 3260 2724 3297 me.
2758 3243 3075 3298 Pntruerunt
3104 3254 3154 3298 et
3183 3252 3440 3315 corrupta:
3465 3246 3570 3294 sunt
3591 3238 3699 3289 cica-

2163 3338 2311 3390 trices
2333 3353 2478 3399 metu,
2505 3353 2536 3388 a
2565 3337 2698 3406 facie
2722 3336 3036 3406 insipientia?
3059 3352 3207 3389 mete.
3246 3334 3410 3388 Miser
3437 3333 3588 3402 factus
3611 3340 3699 3380 sunt

2159 3437 2209 3480 et
2246 3436 2480 3481 curvatus
2508 3443 2618 3482 sum
2644 3444 2802 3498 usque
2847 3428 2901 3480 in
2929 3428 3084 3497 ﬁnem
3105 3469 3118 3491 ,
3150 3436 3264 3480 tota
3292 3427 3376 3480 die
3415 3423 3700 3478 contristatus

2160 3516 2505 3588 ingrediebar.
2532 3515 2789 3581 Quoniam
2818 3515 2974 3570 lumbi
2999 3519 3100 3570 mei
3131 3517 3334 3584 impleti
3355 3522 3464 3569 sunt
3483 3506 3700 3566 illusioni-

2162 3607 2272 3671 bus,
2299 3617 2347 3662 et
2387 3625 2490 3662 non
2517 3616 2593 3660 est
2616 3607 2815 3660 sanitas
2855 3607 2907 3659 in
2938 3622 3092 3660 carne
3121 3623 3260 3660 mea.
3290 3605 3515 3674 Aﬁlictus
3551 3613 3646 3654 sum
3665 3604 3703 3647 et

2161 3699 2457 3752 humiliatus
2487 3715 2598 3752 sum
2637 3699 2810 3762 nimis,
2844 3695 3105 3766 rugiebam
3138 3715 3172 3748 ιι
3204 3698 3398 3768 gemitu
3426 3692 3583 3748 cordis
3605 3687 3702 3740 mei.

2161 3789 2408 3851 Domine,
2441 3797 2562 3842 ante
2601 3799 2647 3842 te
2692 3806 2839 3842 omne
2875 3787 3190 3841 desiderium
3219 3803 3424 3850 meum,
3462 3793 3508 3838 et
3529 3781 3706 3852 gemitus

2159 3897 2300 3934 meus
2329 3898 2360 3933 a
2390 3889 2436 3934 te
2463 3897 2564 3934 non
2591 3888 2665 3934 est
2687 3879 3034 3934 absconditus.
3064 3876 3170 3933 Cor
3199 3895 3371 3932 meum
3395 3873 3705 3930 conturbatum

2159 3981 2254 4036 est,
2287 3971 2553 4042 dereliquit
2581 3987 2662 4024 nte
2683 3971 2840 4025 uirtus
2867 3987 3001 4036 mea,
3031 3977 3078 4023 et
3114 3970 3294 4024 lumen
3322 3968 3578 4024 oculorum
3599 3974 3706 4014 ηπεοα

2160 4079 2299 4127 rum,
2341 4071 2389 4116 et
2418 4063 2586 4132 ipsum
2620 4078 2720 4116 non
2750 4071 2826 4116 est
2863 4077 3077 4114 mecum.
3124 4062 3302 4114 Amici
3327 4061 3426 4114 mei
3457 4065 3503 4110 et
3523 4047 3706 4125 proximi

2159 4154 2260 4206 mei
2286 4152 2551 4206 adversum
2595 4169 2675 4205 me
2702 4152 3242 4222 appropinquavertmt
3289 4158 3340 4204 et
3376 4151 3623 4202 steterunt.
3651 4137 3709 4217 lit

2159 4243 2246 4314 qui
2266 4243 2420 4312 juxta
2449 4258 2530 4294 me
2549 4251 2699 4295 erant
2727 4241 2788 4294 de
2815 4242 2964 4310 longe
2987 4250 3261 4304 steterunt,
3287 4250 3338 4292 et
3371 4240 3470 4291 rim
3495 4231 3711 4305 facit-bam

2159 4333 2248 4404 qui
2271 4332 2564 4404 quarebant
2593 4334 2820 4386 animum
2843 4348 3027 4384 meum.
3053 4330 3122 4382 Et
3141 4333 3232 4402 qui
3259 4328 3583 4402 inquirebant
3604 4321 3714 4376 male

479 4433 825 4496 provocatur.
856 4424 963 4480 Sed
1009 4425 1054 4479 si
1085 4425 1368 4479 haereditas
1403 4425 1521 4494 ejus
1551 4427 1606 4480 in
1651 4435 1912 4482 aeternum
1941 4442 2056 4480 ma-
2087 4420 2136 4478 D
2159 4423 2302 4488 mihi,
2331 4423 2487 4477 locuti
2506 4431 2624 4476 sunt
2653 4423 2921 4484 vanitates,
2946 4430 2992 4474 rt
3016 4422 3161 4475 dolos
3183 4431 3299 4475 to'a
3329 4423 3416 4474 die
3442 4415 3715 4472 "aedituum-

479 4529 610 4585 net,
646 4519 698 4574 id
727 4527 828 4582 est,
861 4519 906 4574 si
935 4525 1248 4588 perseverat
1278 4517 1328 4570 in
1359 4516 1592 4578 Christo,
1637 4532 1744 4570 non
1769 4517 2058 4574 confunde-

481 4623 568 4666 tur
595 4611 650 4666 in
682 4619 920 4682 tempore
946 4608 1106 4672 malo,
1149 4615 1205 4662 et
1233 4607 1287 4660 in
1315 4606 1503 4661 diebus
1533 4606 1684 4660 famis
1711 4607 2058 4672 saturabitur,

480 4712 723 4771 tempore
747 4717 854 4770 quo
901 4709 1216 4770 peccatores
1261 4705 1530 4767 pereunt;
1575 4694 1734 4750 modo
1761 4704 1940 4750 autem
1979 4712 2060 4752 rc-

481 4798 648 4857 gnaut
671 4793 830 4844 etiam
861 4791 960 4859 ipsi
1004 4789 1204 4844 inimici
1249 4787 1478 4850 Domini,
1507 4785 1598 4854 qui
1641 4786 1762 4840 licet
1787 4786 2057 4842 honoren-

479 4891 587 4946 tur,
617 4887 674 4934 et
699 4881 766 4934 ab
806 4881 1170 4934 adulatoribus
1212 4878 1534 4942 exaltentur,
1567 4875 1876 4931 deﬁcientes
1902 4879 2054 4944 quasi

480 4971 657 5027 fumus
675 4970 930 5029 continuo
955 4969 1223 5026 deﬁcient.
1247 4969 1388 5024 Justi
1415 4976 1594 5024 autem
1617 4966 2050 5030 exabundabunt,

477 5070 535 5118 et
562 5061 872 5130 largientur,
905 5069 959 5115 et
988 5061 1240 5115 tribuent.
1269 5059 1502 5128 lnjustus
1541 5067 1718 5112 autem
1749 5058 1909 5114 etiam
1938 5073 2057 5112 mu-

481 5156 734 5218 tuabitur,
767 5161 956 5208 etnon
996 5153 1185 5206 solvet.
1219 5152 1442 5224 Semper
1469 5166 1664 5206 avarus
1703 5159 1840 5217 eget.
1873 5148 2056 5204 Justus

479 5255 658 5302 autem
687 5243 811 5314 quia
841 5258 870 5296 a
899 5242 1126 5296 Domino
1155 5256 1370 5310 gressus
1397 5242 1516 5310 ejus
1543 5241 1858 5308 dirigentur,
1890 5239 2051 5295 etiam

476 5339 522 5394 si
537 5325 809 5402 ceciderit,
831 5350 938 5389 non
953 5332 1252 5394 collidetur,
1270 5333 1392 5402 quia
1409 5331 1664 5388 Dominus
1679 5331 1933 5400 supponit
1949 5345 2055 5384 ma-

477 5447 604 5486 num
625 5445 796 5486 suam.
821 5425 1128 5483 Recordare
1147 5424 1214 5479 ab
1235 5425 1407 5488 initio,
1430 5435 1484 5480 et
1499 5425 1701 5480 videbis
1712 5424 1913 5493 justum
1936 5439 2054 5494 pro-

475 5521 658 5582 batum
680 5521 857 5593 potius
875 5532 1040 5590 quam
1057 5517 1361 5587 deceptum,
1387 5533 1494 5572 non
1520 5515 1926 5586 derelinquitur.
1951 5515 2052 5582 Qui

475 5615 704 5688 declinat
737 5631 762 5668 a
795 5614 935 5667 malo
957 5621 1012 5666 ut
1045 5609 1199 5664 faciat
1222 5609 1441 5673 bonum,
1465 5608 1521 5678 in
1546 5617 1806 5665 :cternum
1832 5621 2052 5664 conser-

2161 4524 2260 4566 tur.
2296 4513 2406 4583 Ego
2438 4523 2606 4565 autem
2631 4521 2876 4580 tanquam
2902 4511 3088 4564 surdus
3126 4527 3234 4565 non
3267 4509 3558 4568 audirbam,
3581 4512 3624 4555 et
3645 4499 3719 4553 sit-

2160 4615 2216 4658 ut
2242 4615 2406 4658 mutus
2434 4622 2535 4658 non
2584 4605 2820 4674 aperiens
2860 4621 2917 4658 os
2949 4621 3114 4657 suum.
3152 4603 3220 4657 Et
3255 4607 3433 4675 factus
3477 4613 3583 4654 sum
3613 4595 3717 4648 sicut

2159 4698 2310 4751 homo
2332 4713 2432 4749 non
2463 4698 2696 4760 audiens,
2738 4706 2786 4748 εἰ
2810 4714 2908 4749 non
2941 4696 3130 4748 habent;
3175 4696 3233 4748 it:
3267 4713 3360 4747 ore
3388 4711 3480 4748 suo
3510 4688 3722 4754 t'ed-:rf.'!~

2161 4789 2343 4840 tiones.
2365 4785 2618 4849 Quoniam
2638 4789 2686 4840 in
2710 4795 2774 4848 te,
2804 4785 3038 4845 Domine,
3057 4787 3283 4854 sperari,
3312 4795 3365 4836 tu
3390 4779 3623 4836 στενάξω
3641 4788 3717 4827 me.

2161 4879 2381 4933 Domist:
2405 4878 2542 4952 Deus
2569 4895 2725 4931 meus.
2772 4874 2905 4940 Quia
2931 4877 3042 4929 diri
3081 4893 3098 4930 :
3130 4874 3440 4948 .Nequm:do
3473 4881 3724 4942 superfu-

2159 4971 2222 5022 de
2235 4979 2313 5022 τηε
2335 4969 2458 5022 mi’ti
2477 4969 2670 5022 inimici
2692 4969 2808 5032 mei,
2827 4975 2874 5022 el
2895 4968 3014 5021 dum
3038 4979 3434 5022 commouenmr
3453 4963 3600 5036 pcdes
3623 4953 3722 5010 nisi.

2157 5077 2311 5130 super
2337 5077 2417 5114 me
2437 5077 2626 5130 magna
2667 5059 2824 5113 locuti
2851 5067 2987 5112 sunt.
3033 5055 3302 5121 Quoniam
3337 5074 3437 5128 ego
3467 5057 3516 5109 iu
3545 5045 3727 5122 ﬂigi!“

2159 5159 2374 5219 paratus
2404 5166 2534 5210 sum,
2568 5159 2616 5202 et
2639 5148 2786 5204 dolor
2809 5165 2948 5202 meus
2992 5149 3045 5200 in
3074 5157 3356 5215 conspectu
3389 5163 3500 5199 meo
3536 5153 3724 5206 scunt"-

2161 5243 2421 5306 Quouiam
2451 5241 2775 5310 iniquitrdem
2813 5255 2979 5293 meum
3028 5238 3396 5300 a::nm:ti..bo,
3430 5245 3476 5291 et
3523 5226 3731 5302 cogizid

2157 5351 2250 5402 pro
2279 5341 2486 5404 peccato
2515 5348 2644 5386 meo.
2681 5328 2890 5384 Inimici
2927 5341 3096 5382 autem
3123 5328 3227 5381 mei
3259 5328 3461 5390 vivunt,
3489 5335 3537 5378 ct
3563 5319 3732 5386 ωερ-

2158 5424 2284 5489 mati
2303 5431 2421 5477 sunt
2450 5439 2602 5492 super
2619 5439 2717 5486 me,
2741 5429 2789 5474 et
2814 5419 3141 5490 multiplicati
3167 5427 3296 5471 sunt
3329 5417 3419 5490 qui
3442 5415 3649 5472 oderunt
3669 5423 3734 5461 tne

2157 5516 2344 5579 iniquae.
2379 5512 2479 5578 Qui
2502 5513 2782 5566 retribuam
2813 5511 2952 5564 mala
2981 5527 3076 5580 pro
3098 5508 3250 5564 bonis
3283 5504 3624 5563 detralebmst
3651 5499 3734 5552 mi-

2159 5607 2230 5671 hi,
2262 5605 2500 5682 (μαικὶηπι
2543 5601 2786 5676 sranbar
2809 5603 3103 5656 bonitatem.
3133 5598 3257 5655 Non
3288 5600 3622 5671 derelinquas
3649 5607 3737 5651 της»
