3870 6182
168 269 260 325 377

1023 264 1487 322 COMMENTARU
1529 268 1592 322 ΙΝ
1633 266 1957 326 PSALFJOS.
2001 271 2188 328 PSA!“
2233 274 2510 329 XXXVIII.

3300 279 3406 332 578

171 379 376 435 Dentinc
404 377 536 432 Dens
575 385 738 439 meno,
766 394 827 430 nc
867 377 1163 432 discesseris
1212 396 1245 432 a
1273 395 1370 432 me.
1408 377 1627 436 Intende
1666 382 1718 434 in
1753 393 1770 441 ,ε

1859 387 1963 440 nim
1994 381 2124 442 salvi
2165 389 2427 444 cfllcimur
2467 399 2522 444 et
2549 391 2831 445 credimus.
2865 391 3123 458 Quoniam
3153 399 3210 446 tu
3251 410 3406 448 exau-

170 470 469 540 cdjutorinm
489 485 674 532 meum,
707 467 928 521 Domine
949 465 1089 522 Deus
1109 470 1294 521 salutis
1319 485 1464 522 mete.

721 613 1152 654 COHSIENTAI‘JUSI.

234 733 371 788 Bene
397 730 610 802 quidam
639 731 805 784 volui.
845 731 1116 798 tdtropare
1144 729 1197 784 in
1226 729 1367 782 beati
1395 727 1496 784 Job
1521 729 1725 797 passio-

173 841 282 880 nem
328 823 485 877 istum
513 822 773 890 psalmum
813 821 1152 888 exponendo,
1185 820 1278 874 sed
1305 821 1394 890 qui
1424 820 1727 889 passionem

173 915 262 970 Job
288 913 461 982 legere
488 921 541 966 et
576 912 714 965 scire
764 910 1048 972 desiderat,
1079 910 1269 964 melius
1317 909 1440 963 facit
1484 909 1526 962 si
1559 910 1728 978 ipsum

174 1007 276 1074 ejus
320 1006 507 1060 librum
533 1003 800 1058 discutiat.
846 1003 940 1057 llic
969 1011 1145 1056 autem
1193 1002 1332 1055 idem
1359 1001 1450 1067 qui
1480 1002 1531 1054 iu
1576 1011 1731 1054 sexto

175 1099 362 1168 psalmo
401 1104 484 1150 est
512 1095 792 1165 pmnitcns,
816 1095 1006 1147 clamat
1035 1093 1102 1146 ad
1131 1093 1434 1156 Dnninum,
1461 1109 1528 1146 ne
1559 1091 1610 1144 in
1652 1091 1731 1144 ira

179 1188 365 1242 Domini
417 1194 691 1254 arguatur.
723 1196 815 1239 aut
845 1186 894 1238 in
924 1184 1316 1252 correptionetn
1365 1183 1480 1250 ejus
1523 1183 1734 1236 divinus

178 1280 306 1330 furor
329 1283 608 1330 exaestuet.
660 1273 800 1327 Sane
838 1275 1258 1342 quotiescunque
1299 1282 1476 1326 tnotus
1503 1272 1634 1325 istos
1682 1271 1732 1324 in

180 1367 273 1421 Deo
299 1366 518 1434 legeris,
542 1380 650 1418 non
679 1363 968 1417 secundum
995 1363 1045 1416 id
1073 1362 1214 1430 quod
1256 1371 1310 1416 tu
1339 1363 1553 1430 pateris,
1600 1363 1734 1416 iram

177 1456 342 1519 sentit,
369 1453 494 1522 quia
526 1453 668 1506 Deus
688 1451 1025 1520 impassiblls
1050 1459 1150 1514 est,
1177 1461 1355 1506 etnon
1386 1467 1478 1504 sua
1499 1466 1737 1505 commo-

182 1550 326 1610 tione,
351 1547 442 1600 sed
473 1560 570 1598 sua
591 1545 844 1613 aequitate
873 1544 1113 1611 castigat.
1135 1543 1242 1598 λοῦ
1265 1552 1438 1597 tamen
1455 1558 1581 1598 cum
1603 1543 1736 1596 iram

179 1641 434 1702 sentimus,
475 1637 714 1692 furorem
739 1637 983 1699 dicimus,
1009 1637 1132 1704 quia
1164 1637 1397 1706 inopiam
1427 1638 1656 1706 patimur
1683 1643 1738 1690 et

1827 477 1928 541 dis,
1959 477 2183 533 Domine
2214 479 2371 540 Deus,
2404 490 2462 534 ut
2493 496 2595 534 non
2627 482 2878 536 insultent
2905 483 3060 537 nobis
3087 483 3284 576 inimici
3311 501 3406 538 no-

1827 571 1941 624 stri.
1965 569 2066 636 Qui
2097 571 2336 626 inimici?
2355 573 2428 626 illi
2449 573 2540 641 qui
2570 573 2786 641 quando
2806 569 3216 629 commoventur
3243 573 3404 644 pedes

1829 663 1996 716 nostri
2035 661 2314 716 adversum
2355 679 2452 717 nos
2486 679 2677 732 magna
2725 665 3030 732 loquuntur.
3065 664 3190 719 limc
3229 673 3406 719 autem

1827 753 2071 818 dicimus,
2100 755 2144 806 si
2181 768 2529 820 agnoscamus
2562 769 2660 806 nos
2697 769 2794 822 pro
2839 755 3070 822 peccatis
3109 753 3306 809 nostris
3354 754 3406 810 in

1832 843 2034 910 ﬂagella
2049 852 2290 911 paratos,
2309 851 2361 895 et
2375 843 2534 896 dolor
2547 843 2725 898 cordis
2747 846 2916 899 nostri
2939 853 3060 912 agat
3074 854 3258 899 contra
3279 861 3405 911 nos,

1831 943 1992 1003 atque
2022 934 2352 1002 iniquitatem
2375 943 2612 987 nostram
2636 937 3004 1003 pronuntians,
3025 934 3177 988 faciat.
3200 951 3297 988 nos
3319 952 3408 990 co-

1833 1027 2003 1094 gitare
2025 1042 2124 1095 pro
2155 1035 2376 1095 peccato
2407 1036 2610 1080 nostro.
2643 1026 2842 1079 lnim’iei
2875 1028 3014 1079 enim
3039 1027 3204 1080 nostri
3231 1029 3407 1080 vivunt

1833 1127 1888 1170 et
1918 1115 2198 1170 ﬁrmantur
2223 1132 2385 1184 super
2408 1131 2525 1180 nos,
2551 1117 2764 1192 quando
2789 1117 3176 1186 delinquimus;
3199 1117 3409 1185 quando

1835 1216 2014 1261 autem
2044 1223 2150 1261 non
2181 1207 2556 1275 delinquimus,
2581 1207 3002 1276 multiplicantur
3028 1215 3085 1261 ut
3105 1209 3288 1262 odiant
3317 1225 3411 1264 nos

1837 1298 2033 1366 inique,
2087 1305 2144 1350 ut
2187 1297 2483 1350 retribuant
2511 1298 2665 1351 nobis
2694 1299 2830 1351 mala
2877 1313 2976 1373 pro
3025 1299 3204 1362 bonis,
3239 1299 3309 1352 ita
3357 1306 3410 1352 ul

1835 1389 2113 1442 orantibus
2152 1395 2207 1441 et
2251 1396 2398 1441 caste
2444 1402 2545 1440 nos
2592 1389 2958 1452 tractantibus,
2993 1389 3064 1442 illi
3095 1390 3210 1441 zelo
3247 1389 3412 1452 ducti,

1837 1495 1936 1548 pro
1951 1479 2033 1532 his
2047 1478 2200 1532 bonis
2223 1478 2360 1530 mala
2377 1478 2692 1541 retribuant,
2717 1489 2771 1532 et
2793 1477 2984 1531 faciant
3009 1479 3161 1532 nobis
3181 1478 3410 1542 detrahi,

1835 1567 2050 1636 quando
2091 1567 2364 1634 sequimur
2384 1566 2663 1634 justitiam.
2699 1565 2762 1618 Et
2813 1566 2932 1620 ideo
2961 1567 3292 1620 clamandum
3334 1576 3411 1622 est

1839 1660 1904 1714 ad
1938 1659 2238 1722 Dominum,
2270 1674 2337 1711 ne
2416 1657 2752 1724 derelinquat
2778 1673 2876 1711 nos
2903 1672 3001 1726 pro
3031 1657 3264 1726 peccatis
3311 1671 3414 1710 no-

181 1730 420 1787 sermonis
447 1738 504 1783 et
533 1728 776 1791 rationis,
809 1736 864 1781 et
907 1727 973 1782 de
1005 1728 1320 1795 incorporeo
1361 1726 1644 1795 corporei,
1676 1740 1738 1779 ac
1772 1743 1812 1800 Β
1842 1753 1984 1815 δαῖε,
2015 1751 2109 1805 sed
2160 1748 2400 1804 intendat
2429 1749 2480 1802 in
2531 1747 2850 1814 adiutorium
2894 1757 3131 1801 nostrum
3151 1786 3166 1808 ν
3216 1747 3268 1800 in
3309 1761 3414 1814 quo

182 1820 237 1874 de
262 1820 568 1888 lmpassihili
602 1819 898 1887 passibiles,
930 1817 1222 1872 secundum
1249 1832 1336 1884 qu:
1359 1817 1393 1870 d
1423 1832 1521 1871 nos
1547 1832 1738 1886 possu-

181 1928 302 1975 mus,
324 1927 426 1965 non
456 1909 751 1964 secundum
773 1907 916 1978 quod
935 1909 1048 1978 ipse
1075 1918 1156 1963 est
1177 1916 1550 1977 pt‘otcstamur.
1577 1907 1740 1961 Denio

180 2017 269 2070 que
294 2002 532 2070 sequitur
566 2018 580 2052 :
609 1998 872 2066 Quoniam
898 2000 1103 2067 sagitta:
1132 2009 1237 2053 tua:
1284 1997 1458 2052 inlisae
1485 2004 1608 2050 sunt
1636 1999 1737 2052 ml-

183 2096 243 2149 hi.
271 2095 509 2166 Nunquid
532 2095 656 2166 quia
678 2103 897 2160 sagittas
921 2095 1180 2156 nominat,
1203 2108 1340 2146 verte
1359 2093 1561 2156 sagittae
1581 2091 1740 2144 sunt?

182 2187 330 2242 humo
371 2189 423 2258 ip
439 2203 498 2242 az
529 2202 671 2242 vene
708 2187 911 2253 sagitta:
938 2194 1080 2250 sunt,
1111 2185 1177 2239 de
1203 2184 1393 2252 quibus
1433 2181 1744 2251 spiritaliter

183 2279 460 2348 pungimur,
492 2288 554 2332 ut
601 2278 998 2332 consideremus
1023 2277 1145 2345 quia
1190 2291 1294 2331 non
1336 2283 1418 2328 est
1462 2273 1662 2327 sanitas
1689 2273 1742 2325 in

184 2386 324 2425 carne
345 2379 552 2434 nostra,
583 2368 797 2436 quando
820 2368 1096 2422 libidinum
1120 2367 1427 2423 vulneribus
1449 2367 1740 2434 agitantur;

185 2461 244 2514 ibi
281 2462 463 2514 vulnus
491 2461 589 2514 imo
617 2458 855 2524 Domini,
908 2458 981 2512 ibi
1028 2473 1215 2528 pacem
1243 2473 1362 2510 ossa
1407 2465 1590 2510 nostra
1635 2470 1743 2508 non

186 2555 409 2609 habenta
432 2555 574 2609 facie
596 2559 936 2622 peccatorum
965 2558 1288 2611 nostrorum,
1319 2548 1529 2617 quando
1553 2547 1746 2615 iniqui-

187 2653 306 2700 tates
347 2654 544 2699 nostra:
586 2641 1059 2711 supergrediuntur
1085 2647 1246 2710 caput
1271 2648 1532 2693 nostrum.
1572 2637 1746 2706 Caput

187 2748 402 2794 nostrum
431 2738 682 2793 Christus
709 2746 810 2791 est.
849 2735 1074 2801 Quando
1111 2744 1298 2790 contra
1327 2735 1442 2803 ejus
1481 2742 1746 2804 prmcepta

187 2830 362 2901 aliquid
387 2831 622 2898 agimus,
653 2828 959 2894 iniquitates
989 2836 1181 2880 nostra:
1209 2834 1369 2894 caput
1398 2833 1637 2878 nostrum
1659 2840 1749 2877 sn-

189 2921 599 2990 pergrediuntur,
630 2928 686 2973 et
723 2920 862 2972 sicut
900 2932 1036 2991 onus
1077 2931 1240 2984 grave
1265 2923 1555 2983 gravantur
1589 2929 1751 2984 super

193 3028 295 3067 nos.
321 3011 384 3066 Et
419 3012 548 3080 quia
596 3024 774 3063 moras
804 3007 1044 3071 facimus,
1075 3007 1128 3060 in
1159 3008 1286 3076 ipsis
1316 3006 1620 3060 vulneribus
1649 3020 1748 3058 no-

1841 1842 2108 1913 przeterita
2133 1841 2476 1910 ptenitcmus,
2510 1839 2791 1906 praesentia
2823 1838 3155 1904 corrigimus,
3197 1837 3310 1906 ipse
3338 1836 3416 1891 l'u-

1839 1946 1958 1988 tura
1986 1934 2197 2001 dirigat,
2231 1939 2290 1986 ut
2331 1932 2473 1985 sicut
2501 1929 2684 1983 titulus
2720 1929 3284 1982 commemorationem
3313 1929 3417 1984 dici

1839 2025 2047 2080 sabbati
2095 2021 2304 2092 psalmo
2329 2021 2538 2091 positus
2574 2029 2932 2090 protestatur,
2975 2020 3042 2072 ab
3071 2019 3214 2072 omni
3256 2034 3418 2089 opere

1841 2116 2021 2170 servili
2061 2130 2353 2179 cessemus,
2383 2121 2442 2166 ut
2493 2113 2782 2166 liberemur
2809 2127 2838 2164 a
2887 2112 3144 2165 servitute
3192 2113 3415 2180 peccati,

1841 2222 1939 2277 per
1966 2206 2249 2259 Dominum
2277 2211 2516 2257 nostrum
2553 2197 2733 2255 Iesum
2761 2200 3059 2264 Christum,
3089 2200 3178 2267 qui
3209 2200 3260 2253 in
3301 2201 3418 2254 uni-

1839 2304 1952 2350 tatc
1981 2295 2201 2349 Deitatis
2228 2300 2418 2361 regnat
2443 2305 2565 2346 cum
2593 2289 2754 2344 Patre
2772 2297 2826 2342 et
2853 2288 3053 2358 Spiritu
3081 2296 3269 2343 sancto
3295 2297 3419 2344 ante

1841 2388 2040 2451 omnia,
2063 2394 2119 2441 et
2146 2400 2286 2440 nunc
2305 2393 2361 2440 et
2385 2397 2613 2452 semper,
2627 2390 2682 2436 et
2702 2382 2754 2434 in
2775 2389 2964 2436 cuncta
2983 2381 3175 2436 satcula
3194 2380 3417 2436 sacrdo-
3489 2385 3518 2405 '

1842 2495 1980 2534 rum.
2013 2478 2200 2532 Amen.

2307 2583 2620 2640 PSALMUS
2655 2583 2939 2638 XXXVIII.

2058 2701 2114 2754 lu
2159 2698 2316 2754 linem
2343 2715 2441 2769 pro
2471 2698 2709 2768 ydithum
2734 2697 2998 2752 canticum
3025 2696 3205 2752 David.

1895 2828 2358 2886 Lixi:Cus!odiam
2379 2831 2488 2885 vias
2515 2846 2677 2894 meas,
2701 2837 2757 2883 ut
2785 2847 2888 2884 non
2917 2829 3212 2900 delinquant
3239 2831 3293 2884 in
3323 2830 3426 2884 lin-

1847 2941 1948 2997 gua
1977 2940 2111 2978 mea.
2145 2922 2307 2976 Ροδαὶ
2352 2921 2431 2975 ori
2459 2937 2568 2974 meo
2617 2921 2936 2983 custodiam,
2967 2936 3082 2974 cum
3127 2921 3428 2976 consisteret

1848 3027 2086 3086 peccator
2114 3015 2386 3088 adversarii
2412 3029 2510 3066 me.
2545 3003 2790 3065 Obmutui
2817 3020 2868 3065 et
2893 3013 3192 3066 humiliatus
3219 3028 3350 3071 sunt,
3379 3021 3430 3066 et

194 3103 300 3156 stris
323 3099 620 3172 putreﬁunt
650 3117 662 3152 :
688 3098 1016 3152 deterior-ant
1042 3097 1154 3165 ipsa
1184 3095 1424 3159 vulnera,
1454 3111 1483 3148 a
1509 3094 1642 3150 facie
1667 3094 1747 3147 iu-
1777 3095 1823 3156 C
1851 3107 1976 3161 “qui
1998 3123 2029 3158 α
2076 3104 2250 3168 bonis,
2287 3111 2336 3156 ει
2375 3102 2524 3156 dolor
2551 3091 3002 3155 meus'renouam;
3033 3110 3129 3154 εει,
3165 3099 3430 3156 concaui:

194 3194 428 3264 sipieutia:
457 3200 664 3247 nostra:
691 3191 870 3244 miseri
899 3188 1177 3254 elﬁcimur,
1211 3197 1265 3242 et
1279 3188 1557 3242 turbamur
1586 3200 1754 3254 usque

195 3287 236 3339 in
272 3286 439 3340 linem.
473 3283 620 3352 Quid
667 3291 846 3336 autem
875 3281 926 3335 in
970 3281 1087 3350 ipso
1117 3288 1337 3350 peccato
1379 3280 1562 3332 tristes
1589 3276 1756 3332 elﬁci-

197 3378 328 3430 mar?
354 3375 483 3442 Quia
512 3373 895 3442 cognoscimus
935 3371 1167 3424 animam
1200 3377 1437 3422 nostram
1484 3368 1752 3437 impletum

198 3467 502 3524 illusionibus
529 3465 862 3527 daemonum,
893 3470 950 3516 et
983 3461 1104 3514 ideo
1151 3475 1258 3513 non
1297 3474 1416 3514 esse
1470 3459 1756 3512 sanitatem

202 3561 244 3613 in
291 3574 442 3616 carne
489 3566 700 3612 nostra.
751 3554 1099 3608 lncurvemur
1154 3565 1282 3618 ergo
1323 3559 1379 3605 et
1419 3549 1759 3604 humiliemur

205 3664 572 3720 usquequaque,
605 3655 664 3702 et.
692 3645 951 3714 mugitum
983 3645 1148 3698 nostri
1179 3643 1354 3698 cordis
1400 3642 1760 3709 gemitumque

207 3742 478 3806 retldentes,
501 3756 571 3796 ex
598 3739 728 3794 tutis
755 3737 1048 3792 visceribus
1075 3736 1437 3791 exclamemus
1470 3751 1482 3785 :
1518 3733 1758 3794 Domine,

207 3840 309 3885 ante
331 3842 378 3888 te
401 3848 561 3887 omne
601 3829 928 3884 desiderium
975 3842 1170 3881 meum.
1205 3825 1574 3878 Desideremus
1621 3822 1761 3876 énim

210 3922 252 3974 ia
278 3923 395 3991 ipsis
417 3921 660 3992 peccatis
688 3919 865 3988 pesiti,
898 3917 1056 3970 alieni
1086 3915 1224 3968 cl‘lici
1244 3931 1272 3967 a
1301 3914 1564 3983 peccatis;
1589 3912 1768 3966 ethoc

213 4013 446 4066 orandum
491 4012 772 4073 docemur,
817 4017 874 4062 ut
904 4009 1027 4062 huic
1048 4006 1313 4060 desiderio
1351 4011 1552 4056 annuat
1589 4002 1765 4055 divina

215 4101 491 4166 clementia,
521 4101 654 4171 quia
682 4115 776 4153 cor
798 4106 1038 4152 nostrum
1071 4097 1332 4155 turbatur,
1365 4105 1418 4146 et
1446 4093 1643 4145 deserit
1671 4106 1769 4144 nos

218 4189 443 4246 fortitudo
471 4202 677 4253 nostra,
697 4188 944 4242 ctlumen
969 4188 1244 4241 oculorum
1273 4195 1594 4245 nostrorum,
1619 4184 1666 4235 id
1690 4191 1771 4236 est

218 4279 324 4336 Chri
353 4293 450 4347 lus,
463 4293 519 4338 et
535 4282 770 4352 Spiritus
790 4290 1005 4334 sanctus
1022 4296 1127 4332 non
1144 4287 1223 4332 est
1236 4279 1526 4332 nobiscum.
1546 4274 1772 4340 Quando

221 4372 574 4438 pollutionibus
587 4386 934 4440 occupamur,
959 4378 1083 4432 tunc
1098 4367 1252 4421 atnici
1283 4367 1450 4420 nostri
1472 4365 1648 4434 apices
1680 4363 1772 4417 Dei

221 4461 472 4516 adversum
487 4479 589 4518 nos
605 4462 842 4524 veniunt,
858 4467 1082 4522 ctstant,
1101 4459 1394 4526 increpant,
1411 4455 1676 4508 minuuntur
1695 4456 1771 4520 ig-

225 4568 326 4609 nem
345 4564 620 4621 :cternum,
635 4554 906 4607 minantur
926 4560 1150 4604 mortem
1172 4550 1522 4618 repentinam.
1543 4545 1778 4599 Proximi

227 4655 380 4697 autem
401 4661 429 4698 a
449 4646 609 4714 longe
636 4653 799 4708 stant,
825 4642 874 4697 id
903 4651 1004 4704 est,
1028 4641 1200 4707 angeli
1221 4640 1409 4703 sancti,
1436 4640 1528 4707 qui
1552 4639 1779 4708 proximi

229 4734 358 4787 nobis
383 4745 532 4799 sunt,
555 4736 772 4804 quando
797 4734 966 4800 justc,
990 4741 1044 4786 et
1078 4732 1192 4800 pie,
1223 4741 1277 4784 et
1297 4740 1443 4788 caste
1471 4740 1780 4784 tractamur.

233 4820 286 4876 Et
326 4827 441 4892 quia
488 4826 872 4895 poliutionibus
916 4832 1009 4878 aut
1054 4825 1414 4893 impietatihus
1459 4823 1611 4891 juxta
1666 4838 1785 4876 esse

237 4929 325 4968 non
351 4927 586 4985 possunt,
611 4918 730 4972 ideo
751 4933 783 4970 a
810 4917 967 4984 longe
995 4925 1139 4969 stant
1171 4933 1183 4968 :
1213 4925 1266 4969 ct
1288 4916 1388 4969 illis
1412 4916 1566 4984 longe
1594 4917 1785 4968 stanti-

235 5003 320 5058 bus
343 5008 464 5062 vitio
491 5017 694 5073 nostro,
729 5009 836 5062 vim
865 5009 1017 5061 nobis
1055 5008 1254 5061 faciunt
1282 5009 1370 5076 qui
1404 5015 1645 5076 qu.crunt
1671 5008 1786 5062 ani—

239 5108 358 5148 tuam
402 5106 655 5157 nostram,
687 5106 744 5152 et
763 5107 1064 5164 quan-entes
1089 5099 1228 5151 mala
1259 5108 1461 5161 no.-tra,
1495 5108 1787 5165 suggerunt

237 5186 520 5254 vanitatem,
550 5197 607 5242 et
631 5189 786 5243 dolos
809 5196 918 5242 tota
946 5188 1032 5244 die
1054 5188 1390 5242 meditantur.
1418 5189 1536 5243 Jam
1564 5191 1654 5259 qui
1677 5192 1787 5244 vult

239 5271 292 5325 ad
335 5276 738 5333 misericordiam
784 5279 1084 5348 pervenire,
1127 5279 1255 5334 dicit
1299 5281 1442 5348 quod
1487 5282 1728 5350 sequitur
1770 5300 1782 5333 :

241 5357 336 5429 Ego
373 5375 541 5421 autem
574 5377 824 5438 tanquam
867 5369 1057 5424 surdus
1102 5385 1207 5423 non
1249 5371 1550 5432 audicbam,
1582 5373 1787 5440 illisque

244 5457 643 5522 provocantibus,
669 5467 726 5514 ut
753 5460 805 5514 in
833 5460 1014 5530 aliquo
1040 5461 1180 5530 turpi
1203 5463 1450 5517 autman
1477 5464 1640 5518 verbo
1671 5483 1788 5534 pro-

244 5559 516 5616 rutnperem
547 5569 561 5604 :
595 5551 762 5608 lactus
804 5570 920 5612 sum
962 5562 1021 5609 ut
1087 5564 1265 5608 mutus
1293 5570 1398 5610 non
1443 5557 1688 5625 aperiens
1729 5574 1789 5610 os

245 5647 396 5701 suum.
423 5638 594 5707 Quare
640 5644 776 5700 hoc?
806 5644 936 5710 Quia
985 5647 1036 5700 in
1089 5654 1138 5701 te
1173 5661 1362 5720 spero,
1411 5647 1651 5703 Domine.
1685 5650 1790 5718 Spe

1855 3213 1944 3250 cor
1973 3212 2136 3248 meum
2176 3195 2315 3247 intra
2343 3209 2448 3254 me,
2477 3201 2526 3244 et
2550 3192 2606 3245 in
2634 3191 2967 3245 meditatione
2992 3207 3106 3244 mea
3137 3190 3432 3245 exardesch

1854 3287 2009 3358 ignis.
2031 3284 2256 3339 Locutus
2277 3299 2388 3337 sum
2417 3285 2470 3336 in
2492 3283 2671 3352 lingua
2692 3299 2825 3346 mea,
2850 3291 3028 3336 notum
3048 3284 3132 3351 fac
3153 3282 3298 3342 mihi.
3321 3280 3434 3336 Do-

1856 3379 2011 3440 mine,
2043 3376 2201 3446 ﬁnem
2227 3390 2414 3428 meum.
2450 3371 2514 3424 Et
2543 3387 2814 3424 numerum
2841 3372 3042 3424 dierum
3068 3387 3295 3424 meorum
3322 3371 3436 3442 quis

1855 3478 1952 3532 est,
1977 3477 2030 3520 ut
2060 3467 2218 3520 sciant
2247 3465 2368 3536 quid
2391 3463 2522 3517 desit
2547 3465 2692 3516 milii.
2721 3461 2854 3516 Ecce
2880 3462 3249 3516 mensurabile:
3271 3463 3438 3532 posui

1859 3561 1925 3614 sti
1953 3558 2062 3612 dies
2086 3573 2245 3620 meos,
2275 3564 2323 3608 et
2349 3554 2642 3608 substantia
2664 3569 2778 3607 mea
2799 3561 3042 3623 tanquam
3071 3552 3200 3606 nihil
3229 3561 3350 3606 ante
3370 3560 3435 3604 te.

1870 3651 2230 3704 Verumtamen
2260 3648 2496 3700 universa
2522 3646 2719 3699 vanitas
2740 3646 2907 3698 omnis
2945 3645 3096 3699 homo
3124 3645 3309 3697 vivens.
3343 3641 3438 3696 Ve-

1861 3754 2147 3796 rumtamen
2175 3741 2229 3793 in
2255 3739 2480 3807 imagine
2501 3737 2784 3804 pertransit
2812 3737 2962 3790 homo
2979 3777 2995 3801 ,
3034 3736 3126 3789 sed
3163 3743 3211 3789 et
3249 3738 3442 3806 [rustra

1863 3830 2215 3887 conturbatur.
2233 3829 2586 3890 Tuccam-iant,
2610 3836 2658 3881 et
2677 3829 2884 3896 ignorat
2909 3829 2990 3881 cui
3011 3827 3338 3897 congregabit
3361 3841 3442 3880 ea.

1865 3923 1937 3976 Et
1964 3939 2099 3975 nunc
2131 3936 2245 3990 qua:
2271 3929 2346 3972 est
2369 3920 2682 3989 exspectatio
2705 3919 2853 3972 mea?
2884 3934 3055 3972 nonne
3082 3918 3373 3973 Dominus?
3397 3926 3446 3968 rt

1865 4013 2154 4068 substantia
2191 4027 2302 4064 mea
2340 4011 2478 4080 apud
2507 4023 2554 4064 te
2582 4021 2676 4064 est.
2719 4010 2796 4064 Ab
2831 4012 3065 4064 omnibus
3095 4011 3445 4082 iniquitatibus

1869 4107 1993 4158 meis
2007 4119 2125 4157 erue
2139 4120 2236 4164 me,
2256 4102 2584 4174 opprobrium
2605 4103 2868 4170 insipienti
2881 4103 3065 4156 dedisti
3085 4119 3184 4155 me.
3203 4101 3444 4155 Obmutui

1869 4205 1918 4249 et
1943 4211 2044 4247 non
2074 4195 2250 4262 aperui
2275 4210 2331 4246 os
2357 4210 2540 4256 meum,
2572 4196 2810 4263 quoniam
2843 4202 2894 4246 tu
2919 4193 3083 4262 feciin
3110 4211 3142 4246 a
3169 4209 3248 4245 me
3265 4194 3448 4262 plagas

1875 4296 2007 4338 tuas.
2043 4287 2080 4336 Α
2119 4283 2421 4356 fortitudine
2450 4299 2633 4335 manus
2656 4292 2754 4336 tua:
2771 4299 2863 4352 ego
2885 4283 3048 4352 ἀείσιτί
3067 4284 3120 4334 in
3141 4285 3450 4351 increpatio-

1877 4377 2043 4440 nibus,
2077 4385 2281 4445 propter
2307 4376 2628 4445 iniquitatem
2657 4376 2948 4445 corripuisti
2979 4376 3250 4428 hominem.
3277 4373 3345 4425 Et
3375 4383 3439 4426 tn-

1804 4462 1848 4518 D
1878 4471 2075 4523 brscerc
2097 4469 2281 4538 fecisti,
2311 4469 2439 4520 sicut
2468 4483 2734 4530 aranemn,
2781 4469 3006 4520 animum
3035 4469 3163 4538 ejus,
3203 4476 3453 4519 rerumm-

1880 4577 1992 4614 tnen
2022 4577 2150 4613 vane
2176 4559 2507 4612 contnrbatnr
2530 4559 2694 4612 omnis
2727 4559 2896 4611 homo.
2937 4558 3140 4610 [iuuandi
3173 4559 3455 4609 orationem

1883 4650 2310 4714 mecm,Domine,
2342 4658 2392 4702 et
2415 4649 2824 4718 deprecationem
2853 4664 3036 4711 meam,
3062 4645 3266 4700 auribus
3295 4647 3457 4714 ρει-εἱς

1883 4757 1944 4810 pe
1973 4745 2227 4810 lacrymas
2252 4756 2410 4794 meas.
2436 4738 2520 4793 Ne
2539 4740 2693 4792 sileas
2716 4755 2732 4792 :
2753 4741 2993 4809 quoniam
3015 4739 3208 4791 advena
3237 4757 3327 4809 ego
3348 4757 3458 4794 sum

1886 4833 2023 4902 apud
2045 4841 2092 4885 te
2118 4841 2166 4884 et
2193 4834 2506 4902 peregrinus,
2539 4833 2666 4884 sicut
2691 4848 2863 4886 omnes
2893 4844 3061 4902 putres
3091 4835 3208 4887 mei.
3248 4834 3462 4888 Remitte

1889 4923 2014 4976 mibi
2056 4931 2112 4975 ut
2155 4923 2428 4992 rejrigcrer
2473 4925 2767 4994 priusquam
2795 4921 2975 4977 abeam
3015 4934 3064 4978 et
3101 4927 3322 4997 amplius
3362 4944 3463 4981 non

1889 5033 1996 5069 8νο.

2457 5100 2888 5140 COIXENTABIUM.

1961 5196 2018 5250 In
2044 5197 2310 5252 tricesimo
2331 5204 2386 5252 et
2405 5209 2596 5254 octavo
2620 5200 2824 5269 psalmo
2840 5202 3062 5270 ingressi
3086 5205 3324 5260 videmus
3343 5219 3466 5259 san-

1891 5289 1962 5345 cti
1997 5291 2256 5359 propositi
2284 5291 2689 5360 professionem,
2720 5295 2770 5348 in
2797 5309 2903 5363 qua
2943 5297 3148 5365 positus
3175 5297 3334 5350 homo
3372 5295 3465 5348 Dei

1891 5380 2017 5448 quid
2065 5380 2277 5446 dixerit,
2307 5382 2434 5450 quid
2485 5384 2816 5453 cogitaverit,
2867 5387 2994 5456 quid
3043 5388 3300 5448 doluerit,
3341 5386 3467 5452 quid

1894 5472 2180 5527 meditatus
2214 5471 2389 5541 fuerit,
2419 5476 2546 5544 quid
2577 5480 2811 5532 oraverit
2838 5480 3151 5550 explicatur.
3180 5477 3314 5543 Quid
3343 5492 3469 5541 eri-30

1895 5561 2088 5617 dixerit
2132 5565 2426 5620 audiamus.
2474 5565 2742 5623 Pouamus
2781 5585 2903 5623 cum
2947 5569 3159 5623 audisse
3198 5589 3212 5623 :
3261 5567 3469 5625 Currite

1897 5651 2020 5706 dum
2047 5655 2230 5709 .lucem
2261 5657 2489 5724 habetis,
2517 5673 2587 5712 ne
2615 5675 2706 5714 vos
2735 5659 2966 5713 tenebue
2994 5658 3471 5724 comprehendant.
