3870 6182
444 260 548 313 579

1760 249 2032 307 ARXOBll
2068 246 2373 304 JUNIORIS

3576 244 3658 301 580

448 371 514 428 Et
535 370 624 428 hic
652 369 844 427 volens
869 382 1085 425 currere
1104 367 1319 432 dixerit,
1345 373 1404 421 ut
1432 362 1725 419 custodiret
1751 363 1869 433 vias
1886 375 2029 417 suas.
2063 362 2111 418 A
2140 360 2207 414 Et
2234 359 2494 415 exaudivit
2520 373 2694 429 preces
2715 372 2873 421 ineas,
2898 365 2948 410 et
2965 355 3143 411 eduxit
3164 374 3243 411 nte
3260 357 3320 413 tle
3344 359 3449 413 lacu
3467 363 3664 430 miseria,

448 460 628 517 Primo
658 460 898 516 omnium
918 459 1026 527 egit
1054 465 1111 512 ut
1139 473 1247 512 non
1270 455 1606 525 delinqueret
1633 453 1685 507 in
1715 452 1893 518 lingua
1920 466 2039 515 sua,

449 552 627 623 posuit
652 528 733 607 οἶοί
762 565 860 607 suo
886 548 1204 605 custodiam.
1249 546 1514 614 Quando?
1559 544 1675 600 Non
1717 559 1931 614 semper
1957 552 2042 597 ta-

449 642 563 698 cuit
582 686 599 710 ,
622 656 731 696 non
759 639 906 696 omni
932 646 1195 707 tempore,
1223 636 1320 692 sed
1347 651 1414 691 eo
1444 645 1689 705 tempore
1712 635 1837 689 dum
1867 633 2046 690 consi-

452 739 623 787 steret
665 738 919 800 peccator
946 727 1205 783 adversus
1233 743 1375 793 eum,
1418 727 1509 797 qui
1548 741 1670 781 eum
1703 732 2041 792 provocarat,

453 831 544 879 aut
558 823 623 878 ad
644 822 1090 886 maledicendum,
1106 831 1194 876 aut
1221 820 1287 875 ad
1305 820 1732 884 conviciandum,
1752 828 1845 874 aut
1871 818 1938 873 ad
1957 819 2050 873 ob.

412 916 417 935 ’
456 912 809 974 tremendum,
842 920 935 965 aut
986 912 1150 966 etiam
1201 911 1418 980 aliquod
1459 911 1658 967 malum
1703 925 1770 965 ex
1816 924 1911 964 ore
1948 925 2048 964 suo

457 1004 852 1073 proferendum.
897 1004 995 1059 llic
1034 1020 1104 1060 eo
1135 1013 1376 1073 tempore
1410 1004 1697 1070 obmutuit,
1720 1013 1777 1058 et
1804 1004 2050 1058 humilia-

459 1104 544 1148 tus
573 1102 673 1156 est,
704 1102 760 1148 et
787 1095 953 1158 siluit,
991 1111 1098 1149 non
1129 1095 1303 1150 solum
1328 1111 1358 1148 a
1383 1095 1556 1159 malis,
1589 1096 1681 1150 sed
1711 1096 1872 1150 etiam
1901 1111 1931 1148 a
1953 1096 2051 1150 bo-

460 1185 561 1241 nis.
586 1183 882 1239 Perfectius
906 1186 1015 1253 egit
1044 1184 1259 1249 Paulus,
1286 1201 1393 1240 non
1416 1185 1725 1241 obmutuita
1748 1185 1925 1251 bonis,
1954 1185 2049 1241 sed

460 1292 491 1328 a
521 1276 648 1331 solis
679 1275 851 1330 malis.
878 1275 1010 1328 Nam
1039 1275 1163 1331 dum
1184 1276 1506 1331 consisteret
1527 1283 1779 1345 peccator
1797 1276 2053 1332 adversus

459 1382 601 1430 eum,
627 1366 759 1419 dixit
793 1384 805 1419 :
840 1365 1224 1433 Maledicimur,
1251 1378 1301 1423 et
1328 1367 1704 1430 benedicimus;
1728 1368 2053 1439 blasphema-

460 1472 575 1509 mur
598 1464 648 1509 et
675 1454 998 1511 obsecramus
1023 1456 1064 1526 (l
1094 1454 1214 1511 Cor.
1252 1457 1348 1526 IV).
1380 1457 1478 1513 Hic
1503 1465 1687 1512 tamen
1716 1475 1816 1515 nec
1851 1460 2051 1514 bonum

461 1562 562 1603 nec
608 1547 805 1601 malum
840 1547 1063 1616 protulit
1091 1565 1104 1600 :
1136 1546 1243 1602 Sed
1272 1548 1516 1603 obmutui
1543 1590 1559 1615 ,
1589 1549 1792 1617 inquit,
1827 1551 1990 1605 etiam
2020 1567 2049 1605 a

462 1637 648 1702 bonis;
680 1644 735 1691 et
779 1638 937 1694 dolor
983 1653 1136 1693 meus
1178 1647 1469 1695 renovatus
1506 1646 1621 1702 est,
1653 1640 1707 1695 id
1753 1649 1856 1706 est,
1900 1642 2052 1697 novis

2144 462 2192 507 et
2220 451 2284 504 de
2310 450 2417 504 luto
2447 451 2610 520 fa:cis.
2641 446 2713 501 Et
2739 449 2921 501 statuit
2957 465 3115 519 supra
3155 458 3352 519 petram
3375 452 3514 521 pedes
3538 471 3667 521 meos,

2144 550 2193 596 et
2222 541 2412 594 direxit
2428 556 2642 612 gressus
2675 555 2834 593 meos.
2868 537 2935 591 Et
2964 540 3177 595 immisit
3201 541 3253 592 in
3281 556 3336 594 os
3358 558 3514 597 meum
3537 549 3669 600 canti-

2146 649 2261 688 cum
2284 648 2467 686 novum
2495 646 2704 683 carmen
2735 628 2842 684 Deo
2871 640 3066 684 nostra.
3118 629 3369 685 Videbunt
3391 634 3523 687 multi
3545 644 3588 688 et
3621 638 3671 690 ti-

2148 724 2373 787 mebunt,
2408 731 2456 775 et
2489 721 2764 791 sperabunt
2792 722 2846 775 in
2876 720 3115 776 Domino.
3151 721 3334 778 Beatus
3360 724 3433 778 uir
3471 726 3597 795 cujus
3618 744 3675 796 es,

2148 829 2334 867 nomen
2363 811 2575 866 Domini
2602 827 2718 880 spes
2743 812 2882 881 ejus,
2910 818 2958 864 et
2988 828 3089 866 non
3136 814 3354 880 respexit
3395 813 3447 866 in
3472 817 3676 870 sanitates

2148 913 2196 957 et
2248 904 2483 957 insanias
2532 902 2715 973 falsas.
2752 900 2923 955 Multa
2974 903 3142 973 fecisti
3191 911 3270 967 tu,
3322 902 3524 959 Domine
3568 905 3677 960 Deus

2149 1012 2310 1056 meus,
2340 991 2602 1047 mirabilia
2631 1001 2736 1057 tua,
2780 1003 2828 1045 et
2856 993 3253 1063 cogitationibus
3282 996 3379 1048 tuis
3406 1013 3501 1049 non
3527 1007 3594 1049 est
3614 1000 3680 1068 qui

2150 1086 2334 1140 similis
2362 1085 2429 1138 sit
2458 1083 2565 1137 tibi.
2596 1083 2912 1137 Annuntiavi
2939 1095 2989 1136 et
3017 1084 3216 1138 locutus
3246 1101 3382 1150 sum,
3405 1086 3680 1158 multiplicati

2150 1185 2269 1230 sunt
2298 1192 2449 1244 super
2476 1191 2763 1229 numerum.
2791 1174 3124 1244 Sacriﬁcium
3154 1186 3204 1229 et
3234 1176 3526 1232 oblationem
3547 1179 3681 1234 nolui-

2108 1270 2109 1273 “
2150 1266 2237 1329 sti,
2269 1282 2419 1319 aures
2460 1273 2632 1318 autem
2678 1265 2941 1336 perfeciin
2969 1266 3115 1320 milii.
3149 1265 3510 1321 Holocauslum
3549 1278 3591 1322 et
3611 1287 3682 1340 pro

2152 1364 2359 1428 peccato
2381 1372 2485 1409 non
2504 1355 2800 1427 postulasti,
2830 1365 2949 1409 tunc
2969 1355 3083 1409 dixi
3105 1373 3122 1410 :
3147 1356 3282 1411 Ecce
3299 1359 3456 1412 venio.
3479 1357 3538 1411 In
3555 1361 3684 1428 capite

2152 1446 2271 1501 libri
2300 1448 2545 1516 scriptum
2573 1455 2650 1499 est
2679 1447 2742 1499 de
2768 1462 2850 1499 me
2887 1455 2946 1499 ut
2971 1448 3195 1516 facerem
3234 1448 3531 1502 uoluntatem
3560 1458 3684 1514 tuarn,

2152 1535 2295 1591 Deus
2318 1553 2481 1600 meus,
2513 1537 2669 1599 volui,
2700 1545 2749 1590 et
2776 1536 2938 1608 legem
2968 1547 3109 1591 tuam
3146 1540 3201 1592 in
3227 1540 3392 1593 medio
3418 1539 3570 1593 cordis
3592 1541 3686 1593 nui.

2154 1629 2467 1682 Annuntievi
2487 1628 2747 1697 justitiam
2778 1637 2919 1682 tuam
2946 1629 3000 1682 in
3021 1628 3263 1684 Ecclesia
3293 1647 3493 1702 magna,
3516 1647 3615 1685 ecce
3629 1631 3685 1684 la-

462 1728 736 1794 conviciis,
771 1729 925 1784 novis
952 1730 1230 1786 doloribus
1261 1733 1661 1787 commovebar.
1693 1731 1799 1787 Sed
1825 1734 1948 1803 quia
1979 1735 2052 1789 di-

2155 1720 2238 1774 bia
2284 1736 2397 1774 mea
2436 1736 2539 1773 non
2578 1718 2875 1789 prohibebo,
2907 1720 3160 1785 Domine,
3193 1732 3243 1776 tu
3292 1726 3446 1778 scisti.
3473 1723 3688 1780 Justitiam

465 1815 544 1869 xit
575 1834 588 1868 :
623 1814 694 1872 Ut
738 1833 846 1872 non
869 1817 1238 1886 delinquerem
1286 1820 1340 1873 in
1384 1820 1561 1888 lingua
1612 1836 1751 1889 mea,
1783 1824 2053 1880 concaluit

463 1924 560 1963 cor
588 1924 766 1967 meum
807 1910 948 1965 intra
977 1926 1083 1974 me,
1116 1918 1172 1967 et
1216 1912 1272 1966 in
1316 1913 1665 1968 meditatione
1702 1930 1823 1969 mea
1853 1918 2054 1971 exarsit

465 1997 602 2067 ignis
623 2001 905 2068 genuinus,
950 2002 1040 2070 qui
1063 2009 1268 2058 motum
1294 2004 1638 2059 conscientia:
1660 2006 1960 2063 innocentis
1980 2009 2056 2064 in-

466 2088 721 2145 flammat.
772 2090 1004 2148 Locutus
1042 2100 1221 2149 tamen
1252 2093 1465 2149 tandem
1496 2096 1781 2164 aliquando
1810 2098 1919 2153 dixi
1949 2100 2055 2154 Do-

465 2182 612 2236 mino
644 2200 656 2234 :
688 2182 882 2239 Notum
912 2182 997 2238 fac
1024 2185 1152 2238 mihi
1180 2186 1337 2240 linem
1368 2202 1566 2249 meum,
1600 2197 1659 2242 ut
1685 2190 1849 2244 sciam
1880 2207 2053 2261 quan-

465 2272 554 2334 diu
583 2275 935 2343 opprobrium
962 2277 1233 2347 insipienti
1263 2294 1377 2333 ero.
1402 2278 1773 2337 Consitlcravit
1797 2292 1970 2338 tamen
2002 2293 2057 2340 et

465 2364 588 2430 hoc,
612 2366 734 2433 quia
757 2368 975 2423 vanitati
1016 2367 1258 2435 subjacet
1285 2370 1460 2424 omnis
1491 2372 1651 2426 homo
1673 2373 1877 2441 vivens,
1909 2376 2056 2444 quis-

466 2469 573 2523 que
592 2470 714 2510 cum
746 2455 797 2508 in
828 2458 1059 2525 imagine
1090 2467 1346 2521 transeat,
1371 2462 1629 2517 sollicitus
1658 2474 1759 2526 est,
1792 2474 1847 2519 et
1874 2466 2057 2521 condit

467 2545 770 2611 thesauros,
802 2548 1053 2614 ignorans
1100 2549 1186 2604 cui
1233 2560 1524 2620 congreget
1561 2568 1675 2607 eos.
1709 2554 1838 2620 Quee
1875 2565 2054 2610 autem

466 2650 627 2689 causa
670 2645 727 2690 ut
755 2635 879 2694 dum
908 2638 1016 2705 agit
1041 2638 1109 2693 de
1149 2654 1235 2704 eo,
1264 2641 1355 2711 qui
1383 2656 1505 2694 eum
1534 2657 1632 2696 suo
1652 2643 1832 2712 jurgio
1861 2661 2058 2714 provo-

467 2724 625 2779 cabat
670 2725 736 2779 ad
778 2725 1111 2795 litigandum,
1161 2729 1341 2785 subito
1384 2730 1451 2783 ad
1478 2731 1636 2785 istum
1676 2732 1961 2790 devolutus
1988 2737 2058 2793 sit

468 2815 558 2883 qui
581 2817 942 2873 thesaurizat?
970 2816 1163 2887 Utique
1184 2835 1289 2873 non
1311 2829 1459 2876 esset
1478 2821 1543 2875 lis
1568 2822 1620 2876 in
1641 2804 1927 2888 saeculo,.si
1951 2841 2057 2880 non

468 2923 609 2965 unus
640 2908 797 2964 vellet
819 2909 926 2963 alio
955 2910 1117 2966 ditior
1144 2908 1281 2977 fleri,
1304 2912 1419 2967 sive
1448 2913 1499 2966 in
1520 2914 1731 2983 opibus,
1756 2916 1870 2970 sive
1891 2916 1945 2971 in
1966 2918 2060 2972 ho-

469 2999 710 3056 tioribus.
738 2998 835 3054 llic
860 3009 1040 3054 autem
1066 3002 1158 3071 qui
1184 3003 1418 3056 custodit
1445 3003 1558 3058 vias
1577 3020 1717 3068 suas,
1749 3006 1877 3061 dicit
1911 3025 1924 3060 :
1949 3006 2057 3062 Ex-

2157 1821 2297 1865 tuam
2340 1828 2444 1866 non
2473 1811 2719 1866 abscondi
2748 1814 2804 1865 in
2854 1813 3011 1867 corde
3039 1830 3171 1879 meo,
3215 1817 3475 1869 ueritatem
3502 1825 3620 1869 tuam
3655 1825 3693 1871 et

2150 1906 2385 1957 salutare
2410 1912 2549 1955 tuum
2577 1902 2709 1956 dixi.
2736 1901 2859 1957 Non
2889 1903 3139 1958 abscondi
3166 1905 3557 1960 misericordiam
3581 1912 3691 1957 tuam

2155 2002 2205 2046 et
2225 1994 2486 2046 veritatem
2516 2001 2659 2046 tuam
2681 2009 2712 2045 α
2735 1993 2955 2048 consilio
2985 1994 3166 2049 multo.
3194 1994 3269 2048 Tu
3290 2004 3470 2058 autem,
3494 1994 3693 2060 Domine,

2157 2101 2221 2138 ne
2249 2084 2400 2155 longe
2427 2085 2596 2155 facias
2636 2086 3000 2139 miserationes
3039 2093 3156 2140 tuas
3182 2102 3217 2139 a
3261 2103 3368 2148 me,
3391 2085 3695 2141 misericordia

2157 2184 2246 2228 tua
2284 2184 2332 2227 et
2363 2175 2547 2227 ueritas
2596 2171 2921 2245 tua'sempcr
2966 2183 3304 2246 susceperunt
3347 2193 3442 2229 me.
3484 2172 3695 2238 Quoniam

2156 2267 2597 2320 circumdederunt
2633 2284 2714 2320 me
2753 2268 2923 2332 mala,
2957 2286 3173 2339 quorum
3220 2286 3325 2324 non
3360 2279 3435 2323 est
3474 2283 3695 2331 numerus,

2155 2357 2651 2428 comprehenderunt
2684 2375 2766 2412 me
2793 2359 3087 2435 iniquitates
3120 2378 3268 2425 metr,
3301 2370 3349 2415 et
3378 2378 3474 2416 non
3502 2360 3626 2430 potui
3654 2367 3698 2409 ut

2156 2449 2398 2504 uiderem.
2426 2449 2761 2519 Multiplicati
2808 2461 2925 2504 sunt
2963 2467 3117 2521 super
3144 2455 3364 2524 capillos
3406 2452 3574 2521 capitis
3596 2448 3699 2513 mei,

2156 2547 2206 2593 et
2234 2555 2323 2594 cor
2345 2556 2514 2593 meum
2549 2539 2818 2611 dereliquit
2845 2556 2943 2595 me.
2981 2538 3315 2610 Complaceat
3355 2544 3460 2605 tibi,
3488 2539 3698 2602 Domine,

2157 2640 2214 2685 ut
2261 2648 2413 2685 eruas
2450 2648 2561 2696 me;
2604 2630 2857 2697 Domine,
2898 2632 2970 2685 ad
3006 2633 3363 2702 adjuvandum
3402 2650 3480 2687 me
3519 2631 3699 2700 respice.

2159 2720 2558 2794 Confundantur
2588 2732 2638 2776 et
2674 2732 3002 2776 reuereantur
3028 2723 3202 2788 simul,
3248 2723 3334 2795 qui
3372 2729 3588 2796 quierunt
3609 2720 3702 2773 ani-

2158 2832 2296 2869 moin
2323 2832 2511 2880 meam,
2540 2825 2599 2868 ut
2624 2817 2865 2887 auferant
2885 2832 3018 2869 eam.
3045 2816 3363 2871 Avertantur
3396 2826 3645 2872 retrorsum
3664 2820 3701 2867 et

2158 2914 2489 2959 revereantur
2510 2906 2596 2977 qui
2616 2908 2789 2959 volunt
2801 2905 3094 2959 mihimala.
3115 2904 3318 2961 Ferant
3341 2908 3591 2977 confestim
3604 2919 3703 2959 con-

2162 2997 2417 3068 fusionem
2440 3012 2608 3061 suam,
2633 2998 2719 3067 qui
2744 2996 2921 3050 dicunt
2944 2997 3091 3062 mihi,
3117 2996 3282 3068 Euge,
3305 3015 3445 3070 euge.
3468 2996 3704 3052 Essultent

469 3090 732 3162 spectatio
755 3106 873 3146 mea
901 3107 1009 3146 non
1033 3101 1115 3147 est
1138 3094 1260 3158 alia,
1295 3094 1395 3149 nisi
1426 3095 1703 3163 Dominus,
1725 3105 1781 3152 et
1805 3100 2054 3155 substaa-
2082 3097 2129 3159 C
2157 3097 2207 3142 σε
2246 3087 2484 3142 ίωτεηταν
2518 3104 2671 3157 super
2706 3098 2778 3154 ιε,
2817 3104 2994 3142 omnes
3038 3100 3328 3160 «tumentes
3366 3099 3441 3155 ιε.
3478 3098 3523 3143 ει
3562 3088 3703 3142 dimi

470 3182 544 3236 tia
575 3196 693 3235 mea
723 3180 837 3251 ipse
874 3190 988 3248 est,
1015 3184 1106 3252 qui
1150 3184 1217 3238 ab
1245 3186 1492 3241 omnibus
1521 3187 1890 3255 iniquitatibus
1922 3192 2057 3246 meis

470 3269 666 3340 eripiat
692 3287 800 3336 me,
831 3278 887 3328 et
922 3282 1169 3327 amoveat
1194 3289 1224 3327 a
1269 3289 1356 3331 me
1384 3276 1570 3345 plagas
1597 3292 1740 3335 suas.
1773 3276 1819 3332 A
1846 3279 2058 3334 fortitu-

470 3363 597 3417 dine
637 3362 781 3416 enim
811 3378 1003 3418 manus
1030 3364 1242 3419 Domini
1271 3364 1441 3421 defeei
1480 3368 1532 3421 in
1581 3367 2054 3438 increpationibus,

471 3452 818 3510 considerans
842 3453 1205 3510 fortitudinem
1234 3457 1504 3525 patientia:
1532 3458 1629 3513 Dei
1666 3459 1760 3528 qui
1806 3474 1975 3529 usque
2004 3459 2056 3513 in

470 3562 686 3602 erucem
707 3563 897 3602 manus
915 3563 1042 3602 suas
1069 3549 1344 3617 expandit,
1360 3556 1414 3603 et
1435 3549 1563 3603 dum
1584 3550 1731 3604 illum
1753 3551 1913 3620 cupio
1939 3550 2059 3604 imi-

473 3639 594 3703 tari,
624 3638 794 3695 deieci
816 3641 869 3694 in
895 3641 1371 3710 increpationibus.
1407 3638 1637 3710 Propter
1662 3642 2060 3710 prmvaricatio-

473 3743 595 3784 nem
610 3731 839 3798 primum
860 3731 1133 3785 hominem
1157 3731 1480 3799 corripuisti,
1497 3740 1552 3785 et
1566 3732 1657 3802 qui
1679 3730 1850 3787 factus
1866 3732 2055 3799 fuerat,

468 3825 533 3872 ut
558 3816 860 3872 efﬁceretur
873 3833 971 3887 per
996 3819 1353 3874 obedientiam
1376 3821 1711 3887 immortalis,
1746 3837 1842 3891 per
1870 3823 2058 3878 inobe—

468 3906 729 3962 dientiam
756 3908 1000 3962 mortalis
1013 3907 1233 3963 effectus
1253 3917 1352 3973 est,
1370 3916 1563 3964 etcum
1583 3911 1826 3966 mortalis
1853 3921 1952 3978 est,
1987 3921 2061 3967 ta-

472 3996 656 4052 bescat
683 3997 845 4051 veluti
875 4012 1071 4052 aranea
1101 3998 1276 4052 anima
1306 3997 1439 4067 ejus.
1473 4000 1589 4054 Non
1619 4000 1752 4055 dixit
1777 4020 1790 4056 :
1817 4002 1948 4058 Mori
1976 4002 2055 4059 fe-

471 4088 611 4154 cisti,
629 4088 721 4143 sed
747 4088 1022 4143 tabescere
1049 4087 1241 4152 fecisti,
1269 4098 1324 4144 et
1346 4090 1436 4145 dat
1464 4106 1675 4147 amnem
1702 4097 2059 4163 comparatio-

473 4195 618 4246 nem,
634 4188 692 4235 ut
705 4181 843 4236 sicut
864 4181 1027 4235 scissa
1050 4181 1154 4235 tela
1166 4180 1282 4249 ejus
1307 4182 1588 4252 repentino
1609 4182 1756 4250 flatu,
1782 4186 1873 4248 ita,
1892 4186 2057 4240 scisso

471 4287 697 4341 corpore
719 4270 835 4340 ejus
863 4288 893 4327 a
922 4280 1116 4339 morte,
1134 4273 1311 4327 anima
1333 4275 1593 4337 tabescat,
1608 4290 1713 4329 non
1735 4276 1938 4330 habens
1957 4274 2057 4330 llo-

471 4376 584 4416 rem
601 4377 948 4432 corporeum;
971 4372 1025 4417 et
1045 4372 1222 4418 tamen
1241 4378 1374 4418 vane
1394 4366 1760 4431 conturbatur,
1779 4382 1900 4422 cum
1921 4367 2056 4424 sciat

2160 3196 2360 3250 semper
2389 3194 2406 3232 :
2449 3176 2815 3248 Magniﬁce-tur
2836 3177 3116 3243 Dominus,
3150 3183 3239 3251 qui
3261 3181 3481 3253 diligunt
3515 3177 3703 3234 salutare

2161 3278 2320 3322 tuum.
2353 3266 2466 3339 Ego
2505 3279 2676 3322 autem
2709 3270 2972 3323 mendicus
3000 3286 3115 3325 sum
3142 3278 3191 3323 et
3222 3288 3441 3342 panper,
3471 3269 3706 3324 Dominus.

2157 3361 2408 3414 sollicitus
2448 3370 2522 3414 est
2548 3362 2667 3415 mei.
2712 3360 2934 3430 Adjutor
2957 3377 3099 3415 meus
3135 3369 3186 3415 et
3223 3371 3480 3433 protector
3519 3374 3639 3415 meus
3662 3365 3703 3408 tu

2158 3467 2245 3516 es;
2272 3449 2413 3504 Deus
2434 3466 2595 3517 meus,
2622 3468 2687 3505 ne
2715 3452 3019 3505 tardaveris.

2730 3599 3169 3641 COIIENTARIUI.

2229 3717 2335 3774 lste
2362 3719 2414 3773 in
2442 3719 2712 3776 tricesimo
2738 3728 2931 3775 octavo
2957 3719 3167 3789 psalmo
3195 3719 3336 3776 dixit
3361 3738 3378 3776 :
3410 3719 3531 3786 Qua
3553 3725 3708 3773 estes-

2158 3813 2408 3883 spectatio
2446 3813 2599 3868 mea?
2646 3829 2818 3867 nonne
2868 3811 3159 3869 Dominus?
3193 3813 3349 3869 Nunc
3377 3815 3430 3869 in
3477 3809 3707 3868 tricesimo

2160 3921 2306 3960 nono
2335 3906 2464 3961 dicit
2494 3925 2507 3960 :
2540 3905 2871 3977 Exspectans
2898 3908 3206 3977 exspectavi
3235 3908 3535 3968 Dominum,
3561 3912 3611 3958 et
3638 3915 3708 3954 re-

2158 3998 2335 4067 spexit
2355 4013 2460 4053 me.
2478 3997 2546 4051 Et
2565 3999 2655 4066 qui
2678 3999 2749 4052 ibi
2770 3997 3007 4052 dixerat:
3026 3997 3236 4052 Exaudi
3253 4000 3535 4054 orationem
3552 4007 3703 4054 meum.

2158 4089 2245 4145 hic
2270 4088 2398 4143 dicit
2430 4106 2442 4141 :
2477 4088 2758 4143 Exaudivit
2799 4090 3098 4143 orationem
3142 4104 3340 4143 meam.
3372 4087 3505 4155 Quid
3543 4080 3705 4139 orasti?

2159 4176 2290 4244 Hoc,
2324 4178 2515 4247 inquit,
2544 4178 2715 4244 oravi,
2757 4187 2819 4233 ut
2846 4178 3099 4234 educeret
3124 4179 3479 4248 cogitationes
3505 4190 3635 4230 meas
3652 4169 3705 4224 de

2159 4270 2277 4324 lacu
2308 4270 2554 4332 miseriae,
2580 4270 2723 4324 etde
2752 4271 2864 4325 luto
2894 4270 3192 4335 libidinum,
3219 4286 3342 4340 qum
3364 4270 3551 4325 merito
3576 4265 3704 4319 fteoes

2155 4361 2422 4426 dicuntur,
2452 4367 2508 4414 et
2549 4368 2811 4416 statueret
2856 4377 3017 4431 super
3045 4371 3249 4432 petram
3294 4362 3461 4433 pedes
3486 4374 3637 4421 meos,
3661 4360 3707 4407 ιιι

472 4469 530 4509 se
567 4469 673 4510 non
697 4456 856 4524 longo
886 4465 1009 4525 post
1048 4464 1289 4526 tempore
1328 4460 1666 4513 moriturum.
1698 4460 1822 4516 Haec
1855 4461 1908 4514 in
1946 4461 2052 4516 alio

2157 4450 2292 4504 ultra
2323 4465 2430 4504 non
2453 4465 2800 4506 commoveor
2837 4449 3091 4508 ﬂantibus
3117 4454 3309 4519 ventis,
3343 4454 3394 4508 id
3420 4460 3520 4517 est,
3546 4459 3704 4515 susse-

467 4545 771 4615 increpans,
800 4547 851 4601 in
878 4561 938 4601 se
964 4546 1235 4613 emendat,
1268 4556 1325 4601 et
1370 4564 1489 4602 cum
1522 4549 1770 4621 lacrymis
1798 4558 1952 4614 orat,
1995 4561 2053 4606 ut

466 4650 578 4692 non
608 4645 784 4694 taceat
814 4637 1087 4701 Dominus,
1113 4638 1363 4707 loquatur
1383 4639 1436 4691 in
1462 4639 1624 4694 corde
1645 4639 1760 4708 ejus
1789 4640 1841 4694 in
1870 4641 2052 4695 consi-

467 4724 544 4781 lio
582 4728 717 4795 ejus,
750 4736 809 4784 ut
834 4736 1126 4798 cognoscat
1165 4744 1224 4783 se
1249 4729 1479 4785 incolam
1510 4737 1567 4785 et
1612 4730 1950 4800 peregrinum
1998 4730 2051 4784 in

468 4813 573 4871 hoc
598 4817 820 4883 saeculo,
844 4828 899 4877 et
925 4820 1068 4877 dicat
1100 4838 1113 4873 :
1140 4819 1372 4875 Remitte
1399 4820 1527 4874 mihi
1559 4820 1645 4876 hic
1669 4829 1890 4891 peccata
1911 4836 2049 4885 mea,

469 4916 530 4967 ut
549 4908 621 4962 ibi
644 4907 943 4977 refrigerer.
1001 4911 1117 4978 Hic,
1151 4913 1341 4981 inquit,
1358 4912 1484 4966 mihi
1508 4912 1721 4968 remitte
1741 4913 2050 4983 priusquam

468 5001 677 5062 abeam,
697 5001 820 5067 quia
842 5003 887 5055 si
909 5004 1037 5057 mibi
1060 5005 1145 5059 hic
1171 5004 1443 5060 remiseris
1463 5004 1535 5059 ibi
1556 5004 1889 5074 refrigerium
1911 5005 2055 5060 inve-

470 5092 580 5157 uio,
611 5098 666 5146 et
694 5091 921 5159 amplius
951 5110 1056 5147 non
1086 5109 1180 5149 ero
1211 5096 1541 5165 peregrinus,
1573 5096 1698 5165 quia
1745 5093 1949 5151 ellicior
1975 5094 2052 5150 ci-

472 5183 551 5238 vis
593 5189 899 5238 sanctorum
929 5190 985 5237 et
1021 5181 1343 5240 domesticus
1366 5185 1482 5249 Dei,
1514 5202 1612 5257 per
1638 5185 1921 5240 Dominum
1950 5200 2052 5240 uo-

469 5281 640 5329 strum
669 5270 848 5329 Jesum
878 5270 1168 5339 Christum,
1198 5274 1289 5343 qui
1317 5284 1503 5344 regnat
1534 5277 1585 5332 in
1611 5276 1806 5333 mula
1831 5276 2056 5331 saeculo.

470 5379 608 5423 rum.
641 5363 828 5423 Amen.

967 5432 1047 5488 PS
1057 5440 1089 5487 Α
1101 5432 1283 5491 LMUS
1311 5434 1550 5493 XXXIX.

898 5525 953 5582 In
984 5526 1139 5581 linem
1168 5526 1405 5599 psalmus
1431 5528 1617 5583 David.

544 5638 862 5711 Exspcctans
907 5642 1191 5710 exspectari
1226 5641 1530 5711 Dominum,
1555 5652 1603 5698 et
1651 5643 1873 5697 intendit
1901 5642 2044 5698 mihi.

2156 4542 2400 4598 rentibus
2450 4541 2726 4612 spiritibus
2770 4544 3076 4599 immundis.
3109 4545 3178 4598 Et
3224 4545 3308 4600 his
3354 4544 3504 4599 factis
3545 4538 3708 4604 αετεεαι

2155 4647 2370 4702 gressus
2398 4647 2567 4697 meos,
2600 4639 2728 4688 tune
2753 4634 2901 4689 dabit
2940 4635 3020 4689 ori
3048 4650 3172 4691 meo
3212 4636 3478 4690 canticum
3518 4641 3704 4687 novum-

2155 4725 2339 4780 Omnis
2359 4726 2451 4794 qui
2478 4726 2683 4791 vicerit,
2706 4742 2900 4781 novum
2921 4728 3187 4783 canticum
3211 4729 3373 4792 canit,
3401 4726 3538 4782 canit
3557 4728 3705 4776 autem

2157 4833 2265 4872 non
2292 4817 2413 4880 sibi,
2443 4823 2700 4886 reputans
2718 4818 2843 4886 quia
2868 4817 2983 4871 sine
3001 4816 3115 4872 Deo
3137 4833 3243 4872 non
3266 4816 3548 4888 reSpondet
3566 4811 3703 4870 salus,

2155 4923 2255 4963 nec
2286 4906 2572 4969 Pharaoni,
2603 4908 2697 4962 sed
2725 4908 2870 4963 canit
2907 4908 3164 4979 hymnum
3202 4907 3333 4973 Deo,
3365 4908 3488 4977 quia
3518 4905 3567 4959 in
3609 4902 3703 4969 ipso

2151 5001 2408 5057 faciemus
2436 5004 2766 5064 virtutem,et
2793 5001 2908 5071 ipse
2936 5000 3002 5054 ad
3033 5000 3257 5055 nihilum
3279 4993 3708 5070 redegitinimicos

2155 5091 2533 5160 nostros.'Ego
2560 5107 2688 5160 ergo
2716 5099 3034 5160 exspectans
3072 5091 3387 5154 Dominum,
3418 5090 3521 5144 boe
3544 5094 3708 5141 conse-

2154 5192 2308 5240 cutus
2336 5199 2475 5238 sum.
2507 5181 2776 5237 Videbunt
2803 5197 2890 5236 me
2916 5181 3068 5236 multi
3094 5191 3398 5252 sperantem
3427 5180 3478 5234 in
3507 5172 3706 5233 Domino

2155 5275 2223 5331 ad
2252 5291 2430 5331 meum
2469 5274 2794 5330 desiderium
2838 5274 3179 5344 pervenisse,
3223 5283 3279 5328 et
3324 5274 3424 5344 ipsi
3476 5267 3706 5326 timebunt

2159 5366 2348 5430 Deum,
2379 5373 2435 5420 et
2455 5364 2747 5435 sperabunt
2775 5365 2827 5419 in
2857 5363 3100 5419 Domino.
3131 5362 3227 5419 llle
3268 5364 3410 5418 enim
3438 5360 3578 5416 solus
3599 5357 3708 5412 bea-

2161 5464 2265 5522 tus,
2295 5456 2387 5525 qui
2416 5470 2609 5510 nomen
2638 5454 2849 5509 Domini
2895 5468 3047 5523 spem
3073 5468 3225 5509 suam
3252 5452 3477 5509 credens
3502 5462 3602 5504 non
3634 5455 3707 5498 re-

2158 5549 2315 5617 spicit
2336 5548 2598 5604 vanitates
2617 5546 2817 5613 mundi,
2840 5553 2895 5601 et
2922 5545 3157 5601 insanias
3186 5546 3345 5602 falsas
3362 5542 3572 5601 diaboli.
3588 5534 3702 5593 Mula

2159 5649 2209 5694 ta
2241 5638 2365 5696 fecit
2390 5638 2646 5694 Dominus
2673 5635 2953 5706 mirabilia,
2981 5636 3113 5693 etin
3137 5638 3458 5707 cogitatione
3482 5631 3590 5702 ejus
3607 5623 3708 5682 nul-
