3908 6176
198 268 283 326 381
1134 270 1602 329 COMMENTAIUI
1642 271 1705 325 ΙΝ

1843 271 2073 329 lLbiOS.
2117 272 2302 327 PSAL.
2345 271 2455 328 XL.

3318 271 3423 329 58'}

195 392 269 443 lus
292 385 544 442 similam
578 383 648 447 ei,
680 399 780 439 nec
809 384 861 438 in
887 384 1058 448 oculis,
1088 399 1186 439 nec
1213 386 1266 439 in
1299 387 1478 440 terris.
1513 386 1624 455 Ege
1651 403 1747 443 au-
1777 399 1818 450 Α
1850 386 2128 443 retribuam
2149 389 2241 442 eis.
2276 386 2342 443 In
2387 388 2480 443 hoc
2517 391 2750 458 cognovi,
2786 393 3028 462 quoniam
3070 394 3274 448 roluisti
3300 412 3380 448 me
3401 437 3418 460 ,

193 490 294 534 tem
320 477 621 531 annuntiavi
642 476 766 544 quia
793 475 1097 545 exspectavi
1125 475 1429 543 Dominum,
1457 487 1514 532 et
1537 478 1749 536 loeutus

192 583 299 625 sum
342 568 462 637 quia
488 566 722 635 respexit
750 580 853 630 me,
886 573 942 620 et
969 566 1301 635 multiplicati
1343 577 1470 623 sunt
1504 567 1597 635 qui
1648 582 1746 624 ex-

193 663 479 729 spectarent
505 656 808 711 Dominum.
840 654 1149 710 Didicerunt
1178 659 1318 711 enim
1349 673 1382 713 a
1402 673 1488 712 me
1512 658 1637 727 quia
1655 673 1745 713 sa-

191 749 431 806 criﬁcium
458 755 511 801 et
530 747 852 802 oblationem
880 747 1115 807 noluisti.
1139 762 1295 802 aures
1323 755 1502 803 autem
1526 749 1748 816 perfeci-

190 843 251 898 sti
285 842 429 895 mihi.
476 840 666 895 Dixisti
707 841 850 893 enim
882 858 894 891 :
945 838 1070 895 Plus
1097 848 1181 895 est
1209 839 1510 895 obedientia
1539 841 1749 896 aurium

192 949 334 1003 quam
360 931 676 987 sacriﬁcium
703 946 976 994 manuum,
1005 931 1147 1000 quod
1177 931 1268 986 tibi
1299 948 1396 999 pro
1417 941 1636 1000 peccato
1663 931 1747 985 of-

190 1026 302 1081 ferri
329 1024 543 1078 minime
569 1024 878 1093 postulasti;
911 1032 1038 1077 tunc
1063 1023 1171 1078 dixi
1202 1041 1213 1075 :
1248 1022 1383 1076 Ecce
1431 1023 1654 1077 veniam.
1690 1022 1748 1077 in

190 1120 346 1190 capite
366 1119 481 1172 libri
506 1118 759 1186 scriptum
786 1116 953 1171 estde
981 1131 1085 1180 me,
1108 1116 1161 1171 id
1180 1123 1281 1177 est,
1313 1115 1364 1180 ip
1383 1115 1533 1170 initio
1547 1112 1748 1167 Psalte-

190 1212 246 1266 rii
263 1211 324 1264 de
344 1224 429 1263 me
446 1208 704 1278 scriptum
725 1215 825 1272 est,
850 1215 909 1259 ut
926 1207 1112 1261 beatus
1133 1204 1337 1260 efllciar
1364 1206 1459 1268 vir,
1478 1214 1535 1259 ut
1557 1204 1746 1258 faciam

189 1301 495 1356 voluntatem
526 1306 691 1363 tuam,
716 1307 771 1352 ct
794 1298 863 1353 sit
889 1297 940 1349 in
964 1298 1077 1364 lege
1099 1306 1188 1351 tua
1211 1297 1458 1351 voluntas
1481 1309 1627 1358 mea;
1644 1296 1748 1351 hoc

187 1390 335 1455 volui,
365 1397 419 1444 et
464 1388 635 1456 legem
664 1397 808 1442 tuam
856 1387 909 1441 in
940 1387 1116 1442 medio
1144 1387 1322 1443 cordis
1373 1388 1497 1442 mei.
1534 1390 1748 1442 Annua.

186 1480 300 1535 tiavi
342 1479 605 1548 justitiam
648 1487 797 1532 tuam
840 1478 894 1531 in
943 1477 1178 1533 Ecclesia
1222 1492 1445 1547 magna,
1475 1477 1527 1531 id
1558 1486 1660 1543 est,
1692 1478 1746 1532 in

186 1580 436 1628 conventu
465 1585 775 1639 magnorum
792 1569 937 1639 juste
956 1570 1173 1629 locutus
1190 1585 1328 1632 sum,
1347 1569 1491 1638 juste
1511 1569 1745 1638 judicavi

185 1676 279 1715 non
299 1660 565 1730 accipiens
588 1674 891 1730 personam.
917 1658 1170 1715 Prohihui
1199 1660 1337 1714 labia
1363 1675 1501 1723 mea,
1525 1667 1583 1714 ut
1604 1659 1747 1728 quod

1851 482 2093 551 quoniam
2141 498 2245 535 non
2287 479 2522 551 gaudebit
2556 482 2797 536 inimicus
2830 500 2968 539 meus
3006 501 3159 554 super
3186 502 3284 539 me.
3334 484 3422 540 He

1849 577 2018 623 autem
2058 578 2272 639 propter
2307 571 2660 624 innocentium
2689 573 2994 641 suscepisti,
3025 582 3074 627 et
3103 574 3426 643 conﬁrmasti

1846 674 1928 713 me
1958 661 2013 712 in
2035 669 2309 729 conspectu
2340 669 2426 713 tuo
2460 662 2510 713 in
2535 670 2803 716 internum.
2838 663 3138 718 Benedictus
3171 663 3421 720 Dominus

1847 751 1988 808 Deus
2011 751 2179 807 Israel
2206 769 2238 805 a
2263 753 2452 807 sa'culo
2471 753 2527 807 in
2549 754 2789 807 saxulum
2804 766 2820 803 :
2836 752 2953 822 ﬁat,
2970 756 3086 826 fiat.

2414 899 2847 939 COIIENTARIUI.

1916 1016 2163 1084 Quinque
2190 1031 2379 1071 sensus
2416 1032 2534 1071 esse
2564 1016 2616 1070 in
2665 1018 2912 1082 homine,
2952 1019 3199 1074 omnibus
3229 1029 3411 1077 notum

1847 1116 1950 1169 est,
1998 1108 2088 1177 qui
2135 1117 2278 1171 sunt,
2310 1108 2475 1170 visus,
2524 1108 2753 1172 auditus,
2785 1109 3039 1163 odoratus
3063 1147 3076 1170 ,
3109 1121 3296 1178 gustus
3321 1153 3335 1176 ,
3368 1122 3421 1168 et

1847 1207 2038 1254 tactus.
2081 1198 2185 1254 Sed
2215 1200 2296 1253 his
2329 1199 2579 1253 omnibus
2617 1200 2939 1269 propositus,
2970 1201 3061 1269 qui
3094 1204 3420 1258 mnrimento

1847 1291 2125 1360 sapientia:
2183 1292 2465 1356 coalescit,
2518 1300 2573 1346 et
2626 1292 2896 1347 memoriie
2935 1294 3055 1347 cibo
3104 1295 3421 1364 pinguescit.

1848 1382 2036 1450 Agitur
2058 1396 2187 1450 ergo
2215 1398 2337 1439 cum
2367 1397 2434 1436 eo
2460 1382 2513 1437 in
2533 1382 2707 1450 capite
2736 1383 2924 1451 psalmi
2956 1382 3143 1453 hujus,
3177 1393 3235 1438 ut
3264 1385 3422 1439 intel-

1847 1471 1976 1540 ligat
2014 1486 2178 1540 super
2198 1486 2426 1540 egenum
2474 1480 2529 1526 et
2569 1488 2877 1542 pauperem.
2920 1473 3051 1526 Nam
3076 1474 3258 1528 videre
3297 1489 3421 1528 eum

1847 1578 2035 1617 omnes
2074 1570 2330 1633 possunt,
2363 1562 2458 1616 sed
2493 1563 2595 1616 nisi
2635 1562 2989 1627 intellexerit,
3029 1564 3230 1632 inquit,
3262 1579 3421 1633 super

1848 1671 2073 1725 egenum
2099 1665 2152 1711 et
2177 1670 2487 1725 pauperem,
2516 1655 2705 1709 beatus
2726 1670 2835 1708 non
2863 1656 2981 1720 erit,
3012 1664 3065 1710 et
3094 1656 3145 1709 in
3175 1655 3260 1711 die
3281 1656 3419 1711 mala

184 1754 363 1822 justum
388 1759 479 1806 est
505 1767 612 1805 non
637 1750 1019 1806 absconderem
1044 1751 1098 1804 in
1123 1750 1285 1805 corde
1305 1766 1445 1813 meo,
1478 1748 1573 1805 sed
1600 1750 1744 1804 veri-
1780 1752 1825 1815 Β
1850 1763 1956 1801 non
1984 1762 2105 1801 eum
2132 1746 2324 1800 liberat
2364 1746 2637 1799 Dominus.
2678 1744 2815 1799 Dicit
2844 1747 2987 1800 enim
3025 1755 3079 1800 et
3108 1747 3194 1801 hic
3222 1761 3422 1815 egenus

184 1850 331 1897 tatem
358 1850 508 1896 tuam
536 1842 589 1896 in
611 1840 830 1908 judicio,
864 1849 919 1895 et
954 1842 1189 1896 salutare
1221 1849 1370 1895 tuum
1415 1841 1467 1893 in
1516 1854 1744 1909 persona

183 1933 380 1998 humili;
409 1931 523 1986 dixi
556 1950 567 1984 :
599 1932 715 1987 Non
759 1932 929 1987 celavi
974 1932 1394 1987 misericordiam
1448 1940 1621 1997 tuam,
1650 1930 1745 1987 sed

182 2023 277 2078 dixi
297 2022 656 2078 miserendum
682 2023 846 2092 inopi.
876 2022 986 2077 Nec
1029 2023 1174 2076 tacui
1208 2022 1488 2077 veritatem
1518 2030 1661 2076 tuam
1692 2022 1744 2076 in

182 2128 435 2187 synagoga
483 2114 650 2167 multa
669 2152 690 2178 ,
718 2114 768 2167 id
795 2121 894 2175 est,
938 2112 991 2166 in
1018 2120 1284 2168 conventu
1328 2112 1635 2167 multorum.
1665 2111 1745 2166 Tu

183 2221 315 2274 ergo.
334 2205 578 2264 Domine.
602 2221 668 2259 ne
689 2204 844 2273 longe
866 2204 1029 2259 facias
1045 2204 1437 2259 misericordias
1453 2211 1571 2258 tuas
1586 2219 1614 2257 a
1636 2220 1741 2268 me,

181 2297 290 2364 quia
316 2295 683 2351 misericordia
712 2303 800 2349 tua
829 2302 884 2348 et
910 2297 1111 2351 veritas
1139 2304 1227 2351 tua
1255 2310 1470 2364 semper
1493 2310 1746 2365 suscepe-

182 2391 292 2438 rant
317 2400 400 2438 me
426 2401 442 2436 :
468 2393 772 2454 susceptum
792 2400 879 2439 me
905 2400 1058 2440 suum
1089 2386 1328 2452 agnoscit
1370 2385 1593 2454 aequitas
1620 2387 1744 2442 dum

180 2472 362 2541 judico,
392 2473 761 2529 misericordia
801 2475 1077 2530 subvenio.
1108 2475 1174 2530 Et
1221 2475 1475 2544 quoniam
1521 2478 1745 2535 adversa

183 2572 230 2617 et
250 2565 381 2617 mala
403 2565 926 2634 comprehenderunt
953 2582 1038 2622 me
1066 2565 1373 2634 fugientem,
1399 2576 1454 2626 et
1482 2584 1590 2627 non
1621 2583 1749 2639 pos-

180 2668 285 2707 snm
305 2655 436 2708 mihi
466 2654 676 2720 adesse,
701 2663 757 2710 et
782 2657 1197 2726 multiplicantur
1222 2673 1386 2727 super
1403 2660 1626 2729 capillos
1654 2673 1747 2714 ca-

180 2745 294 2814 pitis
331 2747 462 2809 mei,
494 2746 566 2800 ita
604 2754 667 2801 ut
713 2748 884 2816 ipsum
929 2764 1026 2804 eor
1050 2765 1225 2805 meum
1272 2750 1610 2820 derelinquat
1637 2766 1743 2816 me,

178 2836 444 2906 deprecor,
476 2844 531 2891 ut
559 2838 889 2906 complaceat
918 2837 1030 2902 tibi,
1060 2838 1305 2903 Domine,
1329 2847 1387 2893 ut
1405 2840 1604 2908 eripias
1620 2853 1738 2907 me;

179 2926 415 2993 Domine,
450 2928 518 2983 ad
545 2928 899 2997 adjuvandum
930 2945 1014 2984 me
1050 2932 1278 3000 respice.
1315 2931 1572 2997 Quaerunt
1596 2933 1741 2987 enim

178 3018 375 3086 spiritus
420 3019 680 3073 immundi
723 3020 954 3075 animam
998 3036 1191 3087 meam,
1224 3030 1283 3076 ut
1319 3022 1567 3077 auferant
1597 3038 1738 3089 eam,

1849 1847 1902 1891 et
1930 1852 2134 1906 pauper
2163 1854 2175 1889 :
2206 1835 2432 1898 Esurivi,
2466 1845 2516 1890 et
2543 1853 2648 1893 non
2677 1837 2889 1890 dedistis
2924 1838 3051 1890 mihi
3071 1837 3420 1902 manducare;

1846 1930 2002 1993 sitiri,
2024 1938 2072 1981 et
2093 1945 2195 1984 non
2221 1930 2439 1999 potestis
2475 1945 2590 1994 me;
2636 1928 2819 1998 hospes
2845 1931 2938 1999 fui,
2980 1938 3028 1982 et
3059 1946 3161 1983 non
3191 1931 3388 1999 suscepi
3407 1959 3421 1969 -

1849 2023 1942 2075 stis
1988 2038 2101 2085 me;
2132 2021 2369 2090 inﬁrmus
2408 2022 2517 2093 fui,
2564 2030 2614 2074 et
2654 2039 2756 2075 non
2799 2023 3046 2077 risitastis
3095 2039 3176 2076 me
3206 2021 3418 2092 (Matth.

1848 2115 1993 2182 xxv).
2030 2112 2221 2167 Beatus
2252 2127 2379 2179 ergo
2403 2113 2494 2181 qui
2519 2113 2766 2180 intelligit
2788 2128 2950 2183 super
2976 2129 3200 2182 egenum
3224 2124 3275 2168 et
3297 2130 3422 2184 pau-

1847 2219 2050 2273 perem,
2083 2203 2350 2257 Christum
2381 2219 2529 2268 esse;
2555 2205 2727 2273 ipsum
2760 2205 2901 2257 enim
2931 2204 2974 2257 si
3016 2206 3277 2272 intelligit,
3313 2220 3420 2259 non

1847 2295 2223 2357 cunctabitur,
2275 2303 2493 2363 paratus
2534 2294 2635 2347 erit
2673 2309 3015 2349 succurrere.
3061 2294 3116 2347 ln
3157 2295 3243 2346 die
3290 2308 3419 2363 ergo

1846 2386 2004 2447 mala,
2060 2384 2271 2455 quando
2319 2384 2600 2439 dicendum
2632 2393 2714 2439 est
2769 2385 2932 2439 hmdis
2972 2404 2983 2437 :
3032 2383 3110 2438 Ite
3153 2385 3207 2438 in
3250 2385 3419 2453 ignem

1847 2489 2093 2532 «sternam
2130 2476 2340 2547 (Ibid.).
2383 2475 2531 2530 Tune
2577 2477 2767 2531 liberat
2804 2491 2926 2529 eum
2950 2475 3222 2539 Dominus,
3265 2483 3320 2529 et
3360 2483 3418 2529 ut

1845 2576 2130 2625 conservet
2162 2583 2307 2632 eum,
2353 2576 2412 2621 ut
2441 2567 2701 2627 vivilicet,
2746 2574 2801 2619 et
2846 2566 3062 2619 beatum
3112 2564 3308 2628 faciat,
3359 2571 3417 2619 et

1847 2660 2104 2717 emundet
2133 2660 2184 2713 in
2209 2666 2353 2712 terra
2381 2658 2613 2711 animam
2635 2655 2767 2724 ejus,
2800 2663 2855 2710 et
2878 2670 2982 2709 non
3008 2654 3183 2709 tradat
3211 2668 3332 2708 eum
3363 2653 3416 2706 in

1847 2765 2036 2804 manus
2064 2749 2264 2805 inimici
2291 2749 2407 2816 ejus
2439 2766 2454 2800 :
2486 2758 2542 2803 et
2570 2748 2873 2804 universum
2911 2754 3140 2802 stratum
3169 2744 3285 2813 ejus
3300 2758 3418 2801 ver-

1846 2841 1975 2897 sasti
2004 2840 2057 2894 in
2089 2838 2401 2895 inﬁrmitate
2425 2839 2558 2906 ejus.
2585 2837 2807 2895 Omnem
2840 2838 3190 2891 tentationem
3218 2833 3419 2890 inimici

1845 2947 1964 2988 esse
1989 2933 2092 2988 hoc
2120 2933 2239 2988 loco
2285 2946 2564 2988 censemus
2595 2949 2608 2983 :
2645 2938 2875 2985 stratum
2912 2945 3040 2985 vero
3069 2930 3186 2998 ejus
3214 2931 3417 2986 oratio-

1844 3038 1966 3079 nem
1993 3023 2312 3087 asserimus,
2339 3022 2392 3077 in
2430 3036 2537 3089 quo
2569 3021 2822 3077 inclamat
2860 3020 3086 3074 Domino
3117 3037 3130 3073 :
3166 3019 3419 3076 Miserere

179 3114 227 3161 st
249 3108 433 3162 volunt
461 3110 590 3165 mihi
637 3111 798 3174 mala,
831 3111 904 3165 ita
929 3119 986 3165 ut
1010 3111 1136 3167 dum
1183 3113 1314 3168 satis
1356 3114 1457 3168 sibi
1487 3114 1736 3180 fecerint,
1767 3116 1811 3176 C
1844 3114 1970 3180 mei,
2011 3128 2145 3168 sana
2176 3113 2407 3168 animam
2451 3128 2627 3166 meam
2648 3154 2663 3178 ,
2706 3113 2830 3180 quia
2873 3113 3089 3182 peccavi
3136 3112 3248 3166 tibi.
3284 3112 3417 3167 Dum

179 3198 342 3254 dicant
368 3202 505 3256 mihi
548 3220 561 3256 :
609 3202 776 3273 Euge,
823 3220 981 3274 euge.
1033 3205 1231 3263 Przesta
1261 3216 1323 3263 ut
1363 3210 1613 3276 quotiens
1657 3225 1744 3266 me

179 3291 347 3345 volunt
393 3308 620 3363 capere,
663 3294 838 3349 ferant
863 3295 1142 3352 confestim
1171 3298 1539 3355 confusionem
1567 3315 1743 3366 suam,

180 3383 435 3439 exsultent
462 3392 640 3439 autem
659 3386 751 3455 qui
778 3386 1004 3454 diligunt
1021 3388 1254 3443 salutare
1286 3400 1433 3445 tuum
1461 3392 1513 3445 in
1543 3406 1648 3446 me.
1673 3391 1744 3446 Et

180 3474 288 3541 quia
314 3489 517 3543 egenus
546 3478 596 3530 in
623 3476 840 3542 viribus,
872 3486 925 3533 et
954 3493 1154 3547 pauper
1201 3480 1255 3535 in
1285 3483 1478 3537 virtute
1504 3497 1620 3537 sum
1638 3523 1652 3548 ,
1686 3492 1742 3539 et

181 3563 281 3618 sine
303 3565 506 3619 auxilio
533 3572 626 3619 tuo
652 3579 890 3635 pugnare
916 3582 1020 3621 non
1043 3569 1214 3631 valeo,
1245 3577 1320 3635 tu,
1365 3571 1608 3637 Domine,
1640 3572 1739 3627 ad-

179 3651 286 3722 iuva
345 3670 455 3710 me.
511 3655 788 3712 Festinant
845 3656 921 3710 illi
979 3665 1039 3712 ut
1088 3658 1451 3725 interficiant;
1515 3660 1740 3723 Domine

182 3742 306 3799 Deus
329 3760 505 3811 meus,
537 3761 604 3801 ne
632 3747 925 3801 tardaveris
954 3746 1006 3803 in
1050 3748 1349 3805 resistendo
1397 3750 1494 3814 eis,
1524 3750 1615 3820 qui
1661 3765 1741 3807 re-

178 3847 297 3901 gnas
320 3850 443 3890 cum
471 3834 631 3891 Patre
657 3845 713 3892 et
738 3836 941 3907 Spiritu
966 3848 1171 3905 sancto,
1201 3854 1298 3910 per
1339 3840 1518 3897 omnia
1543 3841 1737 3897 secula

179 3928 498 3983 tuendorum.
530 3929 722 3986 Amen.

714 4018 935 4075 PSALM
946 4020 1026 4077 US
1064 4021 1176 4077 XL.

590 4109 647 4164 in
678 4108 834 4165 ﬁnem
865 4112 1099 4181 psalmus
1133 4111 1315 4166 David.

243 4197 423 4254 Beatus
450 4201 527 4255 uir
554 4202 638 4271 qui
656 4203 900 4273 intelligit
934 4220 1088 4273 super
1114 4219 1327 4274 egenum
1360 4210 1409 4257 et
1439 4220 1732 4274 pauperem,

180 4291 228 4342 in
257 4291 338 4345 die
362 4293 500 4345 mala
528 4291 761 4347 liberabit
788 4310 902 4347 eum
928 4292 1199 4349 Dominus.
1247 4294 1501 4348 Dominus
1529 4311 1735 4349 conser-

178 4389 372 4434 reteum
399 4391 447 4435 et
474 4382 691 4450 eiriﬁeet
716 4399 851 4447 eum,
874 4393 924 4437 et
943 4382 1144 4437 beatum
1175 4385 1335 4454 faciat
1357 4400 1471 4438 eum
1498 4384 1553 4437 in
1571 4392 1730 4447 terra,

1846 3220 1977 3275 ergo
2003 3213 2191 3260 sanata
2220 3204 2380 3260 fuerit
2404 3205 2610 3269 anima,
2641 3212 2841 3259 stratus
2885 3203 3034 3271 ejus,
3068 3203 3120 3257 id
3150 3211 3251 3265 est,
3291 3220 3420 3273 pro-

1842 3296 2031 3350 stratio
2072 3294 2187 3363 ejus
2229 3303 2475 3349 versatur
2520 3295 2573 3348 in
2604 3293 2931 3358 inﬁrmitate,
2974 3293 3026 3349 id
3071 3301 3173 3357 est,
3224 3294 3276 3346 in
3327 3293 3419 3347 illo

1843 3394 2090 3441 versatur
2137 3385 2229 3453 qui
2274 3385 2400 3439 fecit
2433 3385 2663 3439 animam
2707 3384 2969 3439 infirmam
3019 3382 3247 3438 inimicis
3286 3384 3414 3437 suis.

1841 3477 1968 3533 ideo
1996 3477 2224 3544 denique
2245 3484 2299 3531 et
2319 3475 2598 3545 sequitur:
2630 3474 2832 3531 Inimici
2863 3473 2967 3529 mei
2997 3472 3248 3527 dixerunt
3273 3473 3414 3527 mala

1841 3567 2000 3631 mihi,
2028 3566 2243 3635 quando
2274 3566 2569 3620 morietur?
2599 3563 2656 3620 In
2688 3571 2909 3632 peccato
2933 3562 3094 3631 periit
3121 3562 3187 3615 ab
3217 3577 3282 3616 eo
3310 3562 3415 3616 hoc

1839 3654 1983 3728 quod
2009 3655 2204 3710 dicitur
2230 3654 2582 3711 Christianus.
2616 3652 2731 3707 lluc
2759 3652 2901 3707 enim
2929 3667 3121 3706 nomen
3148 3660 3245 3717 est,
3269 3651 3416 3720 quod

1838 3747 2017 3816 perire
2047 3746 2201 3803 nobis
2227 3744 2490 3800 daennonia
2531 3744 2765 3800 student.
2814 3742 2880 3797 Et
2925 3742 3293 3812 ingrediuntur
3320 3758 3417 3799 cor

1840 3847 2102 3903 nostrum,
2129 3846 2188 3892 ut
2210 3838 2425 3893 videant
2446 3838 2491 3892 si
2512 3837 2903 3902 consentimus;
2935 3844 2989 3891 et
3009 3836 3053 3890 si
3076 3835 3416 3892 consenseri-

1839 3946 1976 3994 mus,
1998 3931 2157 3986 simul
2184 3932 2235 3985 in
2268 3946 2430 3986 unum
2457 3938 2755 3992 susurrant,
2788 3938 2843 3985 et
2864 3930 3103 4003 cogitant
3130 3928 3413 3983 adversum

1836 4035 1936 4073 nos
1956 4020 2115 4081 mala,
2149 4028 2205 4074 et
2230 4020 2450 4075 verbum
2475 4019 2712 4087 iniquum
2735 4019 2972 4085 cogitant
2987 4018 3267 4073 adversum
3291 4034 3412 4082 nos,

1836 4120 1897 4166 ut
1936 4112 1979 4165 si
2023 4112 2450 4180 peccaverimus,
2501 4127 2608 4165 non
2650 4111 3039 4180 pmniteamus,
3088 4109 3178 4163 sed
3222 4109 3415 4177 despe-

1835 4211 2015 4258 rantes
2044 4201 2524 4270 recuperationem,
2558 4201 2628 4254 ita
2655 4200 2842 4255 demus
2868 4215 2967 4257 nos
2998 4200 3241 4253 hostibus
3270 4214 3410 4269 prae-

1833 4293 1977 4353 dam,
2008 4292 2248 4347 dicentes
2271 4291 2351 4345 eis
2384 4308 2396 4343 :
2437 4289 2684 4358 Nunquid
2720 4290 2812 4358 qui
2838 4287 3035 4343 dormit
3062 4305 3167 4343 non
3200 4287 3416 4355 adjiciet

1833 4392 1891 4439 ut
1919 4383 2199 4451 resurgat?
2228 4381 2360 4437 Nam
2388 4388 2443 4434 et
2471 4380 2632 4434 homo
2655 4380 2802 4450 pacis
2826 4395 2959 4433 mete
2981 4421 2995 4443 ,
3047 4379 3099 4432 in
3130 4394 3239 4446 quo
3286 4393 3413 4447 spe-

179 4478 222 4522 st
244 4485 344 4524 non
371 4472 545 4525 tradat
567 4489 682 4527 eum
708 4474 761 4528 in
789 4475 1018 4527 animum
1046 4475 1374 4528 inimicorum
1396 4476 1526 4545 ejus.
1550 4473 1731 4529 Domi-
1762 4495 1811 4554 υ
1834 4474 1967 4538 ravi,
1998 4472 2054 4526 id
2073 4479 2176 4536 est,
2203 4472 2365 4526 homo
2393 4485 2547 4525 meus
2576 4471 2811 4525 exterior
2830 4469 3103 4540 ampliavit
3130 4469 3412 4522 adversum

180 4574 264 4613 Ias
288 4576 433 4630 opem
456 4566 593 4632 [erm
618 4564 695 4616 illi
720 4580 875 4633 super
901 4564 1085 4620 lectum
1112 4566 1305 4620 doloris
1333 4567 1447 4636 ejus
1472 4604 1486 4630 ,
1526 4567 1730 4619 univer-

181 4662 279 4703 tmts
303 4659 522 4706 stratum
544 4652 656 4722 ejus
677 4655 891 4707 versasti
906 4655 958 4707 in
981 4655 1287 4724 inﬁrmitate
1305 4658 1435 4726 ejus.
1462 4654 1571 4726 Ego
1599 4656 1729 4721 dixi,

181 4736 403 4807 Domine,
425 4743 669 4797 miserere
694 4744 811 4809 mei,
842 4761 973 4799 sana
1001 4746 1226 4801 animum
1255 4765 1443 4811 meam,
1470 4750 1591 4818 quia
1614 4764 1733 4818 pec-

181 4830 278 4882 cari
305 4829 413 4885 tibi.
455 4830 663 4887 Inimici
704 4836 805 4888 mei
843 4834 1086 4891 dixerunt
1113 4838 1253 4891 mata
1289 4840 1417 4892 mihi
1450 4855 1468 4892 :
1511 4837 1731 4902 Quando

181 4923 409 4978 morietur
433 4934 481 4978 et
500 4924 683 4994 peribit
713 4942 897 4982 nomen
923 4927 1153 5000 ejusiEt
1178 4930 1223 4984 si
1251 4929 1636 5001 ingrediebutur
1676 4939 1733 4987 ut

184 5012 358 5067 tidem
378 5055 393 5079 ,
436 5032 569 5071 uita
597 5017 924 5089 loquebatur,
942 5037 1032 5077 cor
1050 5020 1162 5089 ejus
1197 5024 1521 5093 congregavit
1545 5023 1735 5092 iniqui-

186 5108 328 5156 tatem
369 5106 478 5162 sibi.
525 5108 901 5179 Egrediebatur
944 5114 1118 5181 foras,
1147 5123 1196 5167 et
1224 5112 1521 5184 loquebatur
1552 5117 1603 5168 in
1646 5116 1731 5169 id—

184 5191 356 5263 ὅρηαι.
377 5198 650 5255 Adversum
677 5218 757 5256 me
791 5200 1130 5256 susurrabant
1169 5220 1345 5257 omnes
1373 5206 1569 5259 inimici
1590 5207 1689 5259 mei
1711 5222 1730 5270 ;

185 5283 433 5342 adversum
458 5306 540 5344 me
578 5291 871 5360 cogitabant
899 5293 1041 5349 mala
1068 5296 1217 5351 mihi.
1257 5294 1476 5350 Verbum
1502 5298 1732 5367 iniquum

185 5378 535 5434 constituerunt
566 5381 832 5437 adversam
860 5400 940 5439 me
961 5424 975 5448 ,
1019 5385 1249 5455 nunquid
1276 5387 1361 5457 qui
1410 5386 1600 5441 dormit
1629 5402 1732 5440 non

186 5465 383 5535 ldjiciet
405 5481 457 5523 ut
483 5472 978 5544 resargat?Etenim
1015 5475 1168 5530 homo
1201 5476 1344 5545 pacis
1381 5492 1508 5529 mem
1534 5477 1589 5530 in
1636 5493 1732 5547 quo

186 5560 393 5623 sperari,
419 5564 499 5632 qui
525 5562 707 5618 edebat
734 5583 893 5634 panes
921 5584 1079 5630 meos,
1102 5569 1453 5639 magniﬁcam
1471 5586 1624 5642 super
1651 5587 1733 5624 me

178 5650 649 5717 supplantationem.
680 5654 752 5711 Tu
783 5667 968 5723 mitem,
1005 5658 1240 5726 Domine,
1275 5663 1513 5718 miserere
1533 5664 1650 5727 mei,
1684 5672 1733 5716 et

1836 4580 1924 4623 me
1951 4562 2460 4633 supplantationem,
2492 4563 2833 4618 consentiens
2861 4558 3281 4627 subjectionibus
3319 4573 3413 4612 eos

1837 4673 1956 4713 rum
1989 4676 2001 4709 :
2033 4657 2123 4726 qui
2152 4656 2343 4711 edebat
2363 4670 2570 4710 mecum
2598 4670 2791 4725 panem
2818 4654 2958 4718 vitm,
2998 4652 3112 4720 ipse
3140 4649 3415 4707 consensit

1838 4747 1936 4811 eis,
1967 4747 2176 4817 accepit
2204 4746 2272 4801 ab
2300 4746 2397 4810 eis,
2433 4755 2492 4800 ut
2516 4744 2712 4809 ludas,
2743 4752 3046 4811 argenteos,
3098 4747 3151 4795 et
3181 4739 3414 4811 prodidit

1837 4835 2142 4891 Dominum.
2171 4836 2250 4891 Ita
2290 4836 2378 4891 hic
2404 4835 2609 4903 accepit
2632 4834 2699 4889 ab
2723 4834 2800 4888 eis
2819 4831 3324 4900 concupiscentiam,
3356 4838 3417 4889 et
3452 4860 3461 4879 κ

1838 4929 2074 5003 prodidit
2100 4944 2187 4985 me
2218 4946 2232 4983 :
2263 4928 2358 4983 sed
2387 4936 2461 4988 tu,
2494 4926 2739 4992 Domine,
2776 4925 2915 4980 sicut
2943 4923 3208 4979 suscitain
3245 4922 3410 4977 lilium

1834 5028 1981 5072 tuum
2011 5035 2041 5072 a
2069 5020 2316 5084 mortuis,
2348 5020 2421 5071 ita
2462 5032 2548 5071 me
2574 5017 2772 5071 suscita
2801 5031 2831 5069 a
2856 5024 3169 5085 peccatore;
3211 5016 3415 5075 suscita

1834 5127 1940 5177 me,
1968 5120 2022 5165 ct
2049 5112 2339 5166 retribuam
2369 5110 2487 5169 illis.
2532 5109 2590 5165 lu
2631 5109 2735 5164 hoc
2771 5108 2997 5176 cognovi
3026 5108 3150 5177 quia
3189 5122 3287 5177 pro
3322 5121 3413 5160 me

1834 5219 2023 5273 passus
2050 5212 2192 5267 es,ut
2213 5217 2317 5257 non
2340 5202 2566 5270 gaudeat
2581 5200 2825 5256 inimicus
2845 5215 2994 5255 meus
3005 5215 3166 5269 super
3182 5214 3286 5253 me.
3303 5196 3409 5252 Vo-

1834 5293 1979 5350 luisti
2005 5308 2236 5358 mecum,
2264 5307 2361 5361 pro
2390 5306 2475 5345 me
2504 5292 2639 5346 mori
2677 5291 2836 5347 etiam
2858 5308 2965 5346 non
3010 5289 3287 5352 recusasti,
3314 5286 3411 5341 sed

1836 5394 1891 5441 te
1918 5384 2132 5457 jacente
2178 5384 2231 5438 in
2274 5382 2519 5453 sepulcro
2563 5382 2733 5448 timui,
2782 5390 2834 5437 te
2877 5391 3055 5437 autem
3095 5386 3411 5446 resurgento

1838 5492 1943 5531 non
1971 5474 2221 5544 gaudebit
2246 5474 2490 5531 inimicus
2516 5488 2666 5531 meus
2692 5488 2852 5544 super
2878 5488 2981 5537 me,
3012 5479 3231 5541 propter
3260 5469 3411 5522 iuno.

1835 5570 2063 5624 centiam
2089 5567 2229 5625 enim
2260 5583 2433 5623 meam
2454 5565 2731 5636 suscepisti
2762 5580 2865 5619 nte.
2901 5562 3011 5618 lloc
3034 5559 3267 5615 Ecclesia
3356 5560 3409 5612 in

1835 5661 2092 5730 apostolis
2119 5669 2174 5716 et
2210 5659 2486 5731 prophetis
2521 5658 2663 5724 dicit,
2707 5656 2829 5731 quia
2878 5671 2982 5709 non
3013 5650 3316 5727 philosophi
3358 5660 3413 5709 et
