3870 6182
468 265 569 320 δηὲὸ

1792 262 2064 318 ARNOBII
2103 260 2406 318 JUNIOBIS

3614 263 3704 319 58$

469 384 736 444 rhetores,
767 377 860 433 sed
881 378 1063 433 rustici
1094 385 1147 433 et
1174 378 1469 446 piscatores
1497 375 1731 445 suscepti
1754 390 1783 428 a
1813 375 1924 430 Deo
1954 373 2053 430 Ec-
2083 381 2123 433 Α
2157 374 2359 443 parebo
2390 381 2516 428 ante
2564 372 2754 429 faciem
2789 374 2921 428 Dei?
2950 373 3133 429 Patior
3179 374 3324 428 enim
3369 374 3708 433 insnltationes

468 470 687 524 cie-siam
718 476 1069 539 paraverunt,
1116 481 1276 534 quam
1313 463 1653 520 conﬁrmavit
1680 465 1732 518 in
1766 472 2058 534 conspectu

469 579 566 617 suo
597 564 650 616 in
676 571 955 617 aeternum.
986 559 1080 614 Cui
1123 561 1350 614 dicimus
1391 576 1404 612 :
1455 558 1773 613 Benedictus
1800 558 2059 611 Dominus

471 652 613 708 lleus
643 652 802 706 Israel
834 667 861 704 a
892 651 1086 705 saeculo
1116 662 1171 705 et
1200 650 1253 703 in
1285 650 1558 715 sarculum,
1593 649 1684 702 ﬁat
1715 647 1826 702 liat.
1860 648 1973 702 Non
2006 656 2059 703 te

472 744 726 807 offendat,
759 744 987 810 diligens
1018 744 1202 806 lector,
1234 741 1378 810 quod
1404 758 1515 795 rem
1541 742 1816 812 mysticam
1847 741 1912 793 ad
1942 755 2060 794 mo-

472 836 636 888 ralem
669 835 926 887 traximus
947 849 1182 887 causam.
1211 833 1342 886 Nam
1369 830 1713 885 sicutJudam
1735 832 1800 884 ad
1832 831 2060 900 proden-

434 922 445 1007 ξ
473 927 596 981 dum
629 926 908 979 Dominum
939 924 1405 979 circuunlezlerunl
1435 922 1704 986 Pharisaei,
1737 930 1791 976 et
1837 938 2058 976 munera

436 1013 444 1053 ί
474 1017 523 1070 ei
552 1016 825 1069 offerendo
857 1017 1095 1069 fecerunt
1125 1030 1246 1069 eum
1276 1015 1503 1067 salutem
1537 1030 1685 1067 suam
1715 1014 1953 1079 tradere,
1987 1015 2058 1068 ita

475 1106 749 1161 hominem
781 1123 954 1160 meum
1011 1108 1352 1170 exteriorem,
1385 1107 1475 1174 qui
1505 1106 1615 1159 edit
1644 1122 1835 1175 panem
1858 1121 2058 1172 meum,

475 1201 693 1267 spiritus
741 1199 995 1252 immundi
1046 1197 1397 1261 circumdant,
1444 1204 1499 1250 et
1545 1197 1777 1251 offerunt
1822 1198 1871 1250 ei
1920 1214 2060 1252 nunc

477 1287 726 1357 pecunias
745 1304 853 1356 .per
899 1288 1197 1351 avaritiam,
1230 1303 1370 1341 nunc
1408 1286 1673 1340 luxuriam
1720 1302 1816 1356 per
1857 1302 2055 1341 concu-

474 1378 805 1445 pisteutiam,
837 1393 867 1431 a
895 1378 1088 1448 quibus
1114 1377 1157 1432 si
1188 1378 1476 1447 acceperit,
1507 1378 1713 1447 prodit;
1763 1377 1887 1431 dum
1929 1394 2059 1447 pro-

474 1466 685 1531 diderit,
717 1475 879 1533 agunt
908 1483 1026 1522 eum
1057 1483 1122 1521 eo
1155 1475 1210 1520 ut
1238 1467 1430 1537 laqueo
1457 1483 1515 1521 se
1544 1468 1852 1537 suspendat,
1881 1468 1929 1521 id
1956 1476 2058 1533 est,

475 1566 531 1609 ut
557 1557 806 1625 desperet
829 1574 886 1611 se
915 1574 1072 1624 posse
1103 1575 1130 1610 a
1163 1559 1473 1627 pmnitcutia
1508 1560 1752 1624 liberari;
1785 1560 1877 1613 sed
1903 1559 2060 1627 justis

474 1648 602 1703 dicit
634 1667 645 1701 :
681 1648 923 1717 Nunquid
952 1649 1041 1717 qui
1074 1648 1269 1703 dormit
1302 1667 1407 1703 non
1439 1665 1468 1702 a
1490 1649 1650 1717 ljicict
1684 1659 1740 1704 ut
1778 1652 2060 1719 resurgat?

2159 466 2461 519 daemonum
2488 464 2780 521 dicentium
2809 465 2933 519 mihi
2963 482 2974 517 :
3009 462 3109 519 Ubi
3153 475 3238 519 est
3263 464 3331 518 ad
3357 466 3504 533 cujus
3542 467 3708 522 simili-

2161 558 2399 612 tudinem
2425 557 2594 613 t‘actus
2623 559 2720 612 es?
2749 557 2976 627 projecit
3020 565 3073 611 te
3113 557 3182 611 de
3209 557 3455 627 paradiso
3481 574 3590 612 suo.
3614 557 3708 627 Ego

2162 656 2339 702 autem
2371 649 2532 702 credo
2559 648 2704 718 quod
2733 650 2802 702 ibi
2827 649 3102 717 ingrediar
3127 650 3179 702 iu
3209 650 3381 703 locum
3412 650 3709 704 tabernaculi

2161 737 2508 803 admirabilis,
2539 739 2627 792 ubi
2675 738 2847 793 laetus
2874 748 2958 792 est
2980 739 3164 804 homo,
3194 753 3295 793 nec
3324 739 3494 791 solum
3535 738 3602 793 ibi
3636 755 3710 793 re-

2160 840 2342 883 vertar
2367 846 2465 899 per
2491 830 2784 895 Christum,
2814 846 2999 883 verum
3029 831 3190 883 etiam
3214 831 3520 899 perveniam
3546 830 3606 883 ad
3630 831 3711 885 do-

2161 936 2305 973 mum
2330 922 2496 990 ipsius
2526 922 2639 975 Dei.
2673 921 2739 974 Et
2768 922 2857 990 qui
2891 921 3012 975 inde
3054 921 3335 997 ‘projectus
3363 936 3482 973 sum
3525 921 3572 975 in
3599 937 3712 976 voce

2163 1012 2521 1066 tribulationis
2545 1052 2560 1077 ,
2611 1020 2853 1065 revertar
2881 1012 2932 1064 in
2961 1026 3094 1065 voce
3123 1011 3497 1065 exsultationis
3531 1019 3583 1065 et
3605 1026 3711 1065 con-

2161 1100 2425 1166 fessionis,
2454 1118 2620 1158 sonus
2648 1103 2932 1172 epulantis.
2959 1102 3079 1157 Noli
3107 1116 3238 1171 ergo
3260 1102 3374 1170 jam
3407 1103 3568 1156 tristis
3594 1118 3709 1169 esse,

2162 1194 2358 1257 anima,
2376 1193 2470 1248 sed
2499 1210 2655 1264 spera
2678 1194 2731 1248 in
2755 1194 2939 1259 Deum,
2963 1195 3088 1264 quia
3112 1193 3414 1248 confitebor
3442 1194 3532 1248 illi.
3550 1192 3710 1247 Salva-

2160 1292 2249 1336 tor
2273 1283 2451 1336 vultus
2480 1284 2603 1346 mei,
2636 1284 2687 1337 id
2717 1291 2799 1338 est
2816 1323 2831 1348 ,
2859 1284 3105 1352 imaginis
3129 1300 3238 1338 sua:
3264 1291 3606 1352 recuperator
3629 1284 3712 1337 erit

2163 1372 2302 1427 Deus
2324 1389 2506 1437 meus,
2545 1375 2638 1443 qui
2684 1390 2769 1429 me
2815 1391 2845 1429 a
2892 1374 3025 1429 facie
3053 1391 3178 1440 sua,
3210 1391 3316 1429 non
3349 1382 3408 1429 ut
3437 1375 3546 1444 ipse
3572 1375 3713 1429 voluit

2163 1462 2408 1532 projecit,
2440 1464 2532 1518 sed
2562 1479 2664 1533 ego
2686 1479 2716 1518 a
2739 1480 2826 1519 me
2856 1466 2972 1535 ipso
2997 1466 3231 1519 animam
3260 1464 3599 1529 conturbavi,
3627 1479 3711 1533 ego

2163 1568 2282 1606 eam
2307 1553 2417 1607 lazsi
2447 1569 2475 1607 a
2506 1569 2593 1609 me
2623 1554 2772 1624 ipso;
2804 1557 2980 1608 anima
3009 1570 3127 1609 mea
3155 1556 3367 1609 turbata
3398 1564 3498 1618 est,
3534 1564 3585 1609 et
3609 1571 3712 1623 pro—

2163 1652 2284 1713 pter
2312 1644 2413 1698 hoc
2442 1660 2650 1698 memor
2674 1661 2768 1699 ero
2790 1646 3022 1700 nominis
3050 1647 3125 1699 tui
3151 1645 3217 1699 ad
3243 1655 3447 1699 terram
3473 1644 3710 1710 Jordanis,

472 1738 627 1805 Quod
655 1740 869 1807 quidem
902 1741 1178 1810 mysticus,
1213 1749 1269 1793 ut
1299 1741 1439 1805 dixi,
1490 1757 1676 1795 sensus
1704 1742 1769 1795 a'l
1814 1757 2049 1796 resurre-

2165 1734 2235 1788 ibi
2263 1735 2521 1804 accipiam
2562 1737 2933 1791 remissionem
2979 1745 3341 1807 peccatorum.
3378 1736 3480 1792 Ubi
3523 1738 3714 1808 abysso:

474 1830 707 1882 ctiouem
739 1828 1068 1882 Dominicam
1096 1829 1417 1894 manifestat,
1450 1830 1542 1884 sed
1575 1847 1672 1885 nos
1702 1833 1959 1885 moralem
1990 1848 2059 1887 ex

475 1918 700 1987 mystico
731 1920 1009 1986 gcnnimus
1038 1919 1235 1983 locum,
1268 1921 1359 1989 qui
1389 1929 1609 1990 propter
1637 1922 1742 1977 lioc
1788 1922 1929 1991 quod
1961 1939 2059 1976 nos

475 2009 576 2077 ipsi
608 2009 761 2063 nobis
788 2011 1084 2075 nocuimus,
1118 2011 1417 2079 abjicimur,
1448 2028 1718 2066 cessemus
1759 2015 1913 2067 nobis
1962 2029 2061 2068 no-

473 2114 616 2165 cere,
651 2108 705 2153 et
736 2101 1047 2155 innocentes
1073 2100 1353 2166 cﬂicimur,
1387 2112 1443 2156 ut
1470 2104 1663 2158 merita
1694 2106 2058 2176 unusquisque

473 2192 616 2245 dicat
658 2193 768 2247 Deo
803 2211 816 2246 :
850 2192 1079 2264 Propter
1126 2195 1484 2249 innocentiam
1528 2198 1808 2266 suscepisti
1855 2213 1959 2264 me,
2003 2204 2059 2253 et

472 2283 562 2351 qui
594 2284 897 2353 projeceras
942 2302 972 2340 a
1021 2286 1157 2342 facie
1200 2295 1287 2341 tua
1319 2304 1414 2358 per
1442 2298 1740 2358 peccatum,
1774 2307 1915 2346 nunc
1960 2308 2060 2361 per

473 2373 843 2449 paenitentiam
869 2376 1154 2432 conﬁrmas
1182 2394 1265 2432 me
1296 2379 1347 2432 in
1378 2389 1666 2449 conspectu
1700 2391 1790 2436 tuo
1815 2382 1866 2435 iu
1901 2392 2058 2437 teter-

475 2477 620 2530 ntun,
646 2466 737 2534 qui
766 2448 958 2534 regnas
987 2467 1261 2561 inrsaacula
1290 2471 1626 2524 steculorum.
1650 2471 1841 2527 Amen.

1015 2602 1330 2659 PSALMUS
1368 2604 1501 2659 XLI.

545 2709 603 2763 In
634 2707 790 2765 linem
822 2711 1122 2766 intellectus
1152 2712 1272 2768 filiis
1301 2714 1496 2783 Cborc,
1529 2718 1767 2787 psalmus
1795 2719 1980 2775 David.

545 2816 987 2883 Quemadmodum
1017 2823 1277 2879 desiderat
1299 2842 1473 2881 cervus
1497 2828 1567 2881 ad
1589 2831 1757 2900 fontes
1783 2847 2055 2903 aquarum,

476 2914 551 2962 tta
573 2910 831 2964 desiderat
852 2915 1026 2966 animo
1046 2931 1159 2968 mea
1187 2916 1257 2968 ad
1278 2925 1342 2979 te,
1373 2917 1525 2971 Deus.
1554 2917 1726 2973 Sitirit
1752 2923 1927 2977 animo
1941 2940 2055 2979 mea

472 2999 542 3051 ad
575 2998 740 3053 Deum
782 3004 971 3072 fontem
1004 3006 1193 3070 rivum,
1237 3008 1442 3078 quando
1476 3011 1675 3063 veniam
1712 3020 1762 3064 ct
1797 3014 2053 3083 apparebo

2162 1825 2409 1894 abyssum
2450 1827 2680 1881 invocat.
2734 1827 2895 1881 Filius
2933 1826 3148 1882 Patrem
3172 1828 3240 1883 de
3290 1828 3552 1898 profundo
3579 1839 3711 1884 ten-at

2161 1923 2215 1969 et
2243 1915 2493 1983 ﬂuminis,
2542 1928 2599 1973 et
2644 1920 2844 1988 apertis
2887 1921 3172 1975 cataractis
3211 1920 3333 1975 caeli
3382 1921 3713 1978 descendente

2161 2005 2363 2075 Spiritu
2392 2018 2613 2075 sancto;
2665 2010 2824 2065 Pater
2851 2013 3085 2080 appellat
3125 2011 3316 2066 Filium
3363 2013 3432 2067 de
3462 2010 3713 2069 altitudine

2159 2098 2435 2152 malorum.
2469 2099 2601 2153 Cum
2626 2116 2753 2169 ergo
2782 2101 3006 2156 altitudo
3035 2101 3101 2155 ad
3129 2102 3467 2157 altitudinem
3510 2105 3711 2165 clamat,

2160 2192 2371 2245 excelsa
2402 2193 2496 2247 Dei
2527 2192 2579 2246 in
2609 2208 2697 2246 me
2724 2194 2961 2261 ingressa
2985 2203 3128 2248 sunt.
3157 2194 3331 2249 Homo
3350 2198 3497 2250 enim
3520 2212 3716 2266 recupe-

2159 2288 2307 2335 ratos
2336 2289 2438 2347 est,
2484 2296 2591 2336 non
2623 2282 2846 2346 angelus
2869 2323 2883 2347 ,
2937 2298 3043 2337 non
3092 2284 3269 2353 aliqua
3316 2285 3419 2339 alia
3452 2296 3713 2351 creatura,

2157 2372 2373 2440 quando
2426 2372 2481 2427 in
2532 2373 2619 2428 die
2666 2374 2937 2427 mandavit
3003 2373 3262 2428 Dominus
3313 2376 3713 2430 misericordiam

2156 2475 2341 2524 suam,
2391 2462 2556 2530 gratis
2600 2463 2655 2516 in
2700 2462 2968 2532 bapt'smo
3007 2463 3335 2518 remittendo
3380 2477 3629 2534 peccata,
3671 2472 3715 2521 et

2158 2552 2328 2621 ipsam
2359 2552 2779 2608 misericordiam
2807 2568 2957 2607 suam
2980 2555 3111 2607 mihi
3143 2554 3195 2607 in
3224 2555 3462 2610 tenebris
3488 2561 3715 2626 peccato-

2156 2659 2273 2698 rum
2301 2644 2477 2713 posito
2504 2645 2651 2699 velut
2684 2646 2736 2699 in
2764 2644 2993 2700 obscuro
3023 2645 3212 2711 noctis,
3238 2646 3309 2700 ibi
3330 2646 3471 2713 banc
3498 2646 3716 2701 eamdem

2156 2736 2576 2790 misericordiam
2605 2737 2912 2791 declaravit.
2932 2735 3057 2791 Plus
3079 2746 3162 2790 est
3187 2738 3329 2791 enim
3357 2738 3650 2792 misericors
3665 2737 3712 2792 in

2157 2826 2453 2895 pmnitente
2480 2841 2645 2895 quam
2684 2828 2739 2881 in
2780 2827 3034 2883 credente
3084 2845 3097 2880 :
3148 2828 3220 2882 ibi
3261 2843 3359 2897 per
3402 2828 3714 2898 baptismatis

2156 2917 2381 2985 gratiam
2425 2917 2650 2987 simplex
2679 2924 2763 2972 est
2801 2917 3162 2986 indulgentia;
3203 2918 3290 2971 hic
3334 2920 3717 2984 geminatur,et

2155 3009 2321 3062 veluti
2342 3009 2541 3078 duplici
2572 3010 2772 3065 lumine
2818 3010 3143 3075 declaratur,
3170 3010 3389 3078 quando
3420 3011 3547 3065 dicit
3571 3012 3715 3065 homo

471 3101 592 3144 ante
619 3094 806 3163 {aciem
852 3093 988 3149 Dei?
1012 3093 1247 3150 Fuerunt
1288 3099 1413 3153 mihi
1460 3101 1704 3171 lacryma:
1742 3120 1866 3158 mea:
1892 3123 2052 3175 panes
2081 3108 2125 3169 C
2155 3115 2275 3154 cum
2306 3100 2553 3172 lacrymis
2600 3100 2743 3167 Deo.
2786 3100 3079 3170 δυεεθριοτ
3124 3116 3277 3172 meus,
3310 3116 3396 3166 es.
3439 3117 3601 3171 quare
3640 3116 3715 3158 ιιιο

470 3178 555 3232 die
574 3196 635 3232 ac
660 3192 824 3247 nocte,
857 3183 977 3236 dum
1007 3184 1196 3238 dicitur
1236 3188 1361 3240 mibi
1395 3190 1647 3259 quotidie,
1687 3191 1783 3245 Ubi
1805 3202 1882 3247 est
1909 3193 2050 3249 Deus

473 3270 624 3324 tuus?
653 3269 781 3325 Hice
819 3275 1115 3329 recordatus
1158 3294 1298 3343 sum,
1341 3290 1390 3332 et
1423 3281 1583 3349 effudi
1619 3283 1672 3336 in
1702 3300 1783 3337 me
1821 3287 2047 3341 animam

471 3377 652 3424 meam,
685 3365 927 3433 quoniam
964 3367 1195 3422 transibo
1235 3370 1287 3422 in
1319 3370 1485 3425 locum
1517 3371 1837 3429 tabernaculi
1881 3377 2051 3431 admi-

470 3452 651 3508 rabilis
673 3472 831 3527 usque
863 3458 932 3510 ad
965 3458 1173 3514 domum
1202 3460 1320 3517 Dei.
1367 3462 1431 3517 In
1461 3482 1579 3520 voce
1609 3470 1970 3523 exsultationis
1999 3480 2048 3525 et

468 3547 832 3617 confessionis,
858 3567 1015 3605 sonus
1043 3554 1317 3622 epulantis.
1367 3554 1541 3619 Quare
1570 3561 1731 3613 tristis
1759 3579 1831 3626 es,
1872 3563 2049 3617 anima

469 3654 600 3702 mea,
632 3646 681 3691 et
707 3657 863 3710 quare
894 3645 1169 3697 conturbas
1205 3648 1319 3698 me?
1358 3648 1522 3716 Spera
1550 3650 1602 3701 in
1633 3648 1761 3713 Deo,
1805 3655 2047 3722 quoniam

469 3731 636 3783 adhuc
665 3733 945 3802 conﬁtebor
970 3736 1066 3799 illi,
1098 3738 1327 3789 salutare
1348 3738 1511 3791 cultus
1535 3741 1630 3792 mei
1652 3749 1699 3792 et
1725 3740 1861 3794 Deus
1882 3760 2041 3799 meus.

469 3819 551 3872 Ad
595 3838 675 3872 me
719 3823 884 3891 ipsum
932 3826 1104 3877 animo
1134 3844 1245 3880 mea
1291 3827 1592 3882 conturbata
1638 3840 1731 3895 est,
1777 3844 2045 3902 propterea

468 3927 662 3965 memor
689 3929 775 3965 ero
820 3915 891 3967 tui
946 3916 1007 3967 de
1052 3926 1188 3969 terra
1235 3917 1505 3984 Iordanis,
1555 3932 1603 3973 et
1649 3921 1971 3978 Ilcrntoniim
2012 3944 2044 3980 a

468 4011 640 4054 monte
667 4003 885 4055 modico.
919 4003 1147 4074 Abyssus
1170 4008 1408 4077 abyssum
1445 4010 1647 4063 invocat
1677 4013 1728 4064 in
1760 4031 1877 4066 rore
1901 4025 2045 4067 cata-

468 4103 729 4147 ractarnm
761 4105 981 4149 tantum.
1017 4095 1206 4151 Omnia
1234 4101 1436 4153 excelsa
1464 4110 1551 4153 tua
1571 4112 1619 4154 et
1645 4105 1829 4172 fluctus
1859 4108 1933 4158 tui
1956 4123 2042 4158 su—

468 4204 557 4254 per
584 4204 663 4239 me
690 4190 1018 4242 transierunt.
1056 4188 1119 4243 In
1152 4192 1236 4244 die
1269 4191 1533 4245 mandavit
1562 4193 1816 4249 Dominus
1844 4197 2045 4249 miscri-

468 4277 694 4330 cordiam
715 4296 878 4342 suam,
905 4288 953 4333 cl
973 4290 1118 4333 nocte
1140 4284 1391 4335 canticum
1425 4286 1553 4353 ejus.
1589 4286 1739 4355 Apud
1769 4303 1849 4338 me
1873 4287 2040 4339 ora.'io

466 4365 575 4419 Deo
606 4368 721 4421 rita:
748 4386 890 4433 meat,
924 4370 1092 4423 dicant
1130 4370 1235 4425 Deo
1277 4384 1539 4441 suscepfor
1577 4392 1716 4428 mens
1764 4392 1835 4428 cs.
1871 4374 2043 4438 Quare

2155 3191 2351 3246 oblitus
2380 3207 2457 3257 es,
2487 3208 2610 3246 cum
2639 3193 2809 3261 possis
2840 3192 3165 3261 indulgendo
3189 3199 3540 3249 succurrere?
3559 3194 3714 3261 Quare

2150 3297 2236 3337 me
2265 3283 2527 3353 repulisti,
2574 3299 2697 3339 cum
2743 3284 2917 3354 possis
2945 3285 3229 3353 expulsum
3277 3294 3334 3340 et
3379 3287 3614 3340 exsulem
3657 3286 3715 3338 ad

2148 3374 2376 3443 patriam
2402 3375 2698 3428 revocare?
2723 3374 2790 3428 Et
2816 3389 2982 3443 quare
3019 3376 3183 3429 tris‘tis
3213 3376 3423 3441 incedo,
3460 3393 3578 3433 cum
3605 3392 3715 3447 pos-

2148 3464 2220 3517 sis
2250 3464 2486 3517 lmtitiam
2515 3463 2785 3518 reddere?
2813 3464 3026 3530 Incedo,
3059 3466 3249 3535 inquit,
3282 3468 3468 3532 tristis,
3498 3469 3621 3523 dum
3645 3468 3713 3521 all

2148 3553 2281 3623 ﬂigit
2308 3571 2393 3610 me
2422 3555 2688 3620 inimicus,
2718 3555 2844 3609 dum
2889 3554 3179 3624 confringit
3217 3557 3398 3611 omnia
3439 3573 3558 3612 ossa
3586 3573 3707 3611 inea.

2151 3645 2385 3699 Tristitia
2432 3648 2574 3701 enim
2623 3647 2823 3710 animi,
2873 3648 2950 3701 ait
3002 3646 3292 3714 Salomon,
3345 3650 3568 3703 exsiccet
3606 3664 3710 3703 ossa

2149 3734 2339 3800 (Prov.
2375 3753 2498 3797 xvn,
2529 3735 2654 3805 22).
2686 3737 2844 3792 Cessa
2865 3751 3012 3806 ergo,
3030 3739 3241 3793 tristitia
3261 3779 3277 3805 ,
3303 3749 3358 3795 et
3386 3740 3567 3795 desine
3592 3755 3708 3794 con-

2146 3824 2363 3877 turbare
2404 3842 2513 3888 me,
2547 3842 2644 3895 spe
2689 3829 2831 3881 enim
2859 3830 3039 3882 salvus
3083 3828 3307 3892 efﬁcior,
3357 3839 3414 3885 et
3443 3832 3541 3885 erit
3581 3830 3710 3885 salus

2144 3915 2319 3969 vultus
2342 3918 2465 3981 mei,
2497 3919 2726 3973 reddens
2755 3919 3056 3975 libertatem
3106 3923 3411 3991 aspectibus
3432 3924 3561 3978 meis
3585 3921 3709 3976 Deus

2144 4019 2314 4071 meus,
2346 4009 2433 4075 qui
2464 4019 2649 4076 regnat
2680 4010 2733 4062 in
2762 4010 2957 4063 smcula
2986 4012 3323 4067 steculorum.
3359 4010 3547 4069 Amen.

2675 4144 2989 4201 PSALMUS
3026 4145 3183 4201 XLII.

2569 4256 2624 4310 In
2656 4256 2813 4311 linem
2847 4258 3084 4327 psalmus
3120 4258 3306 4313 David.

2210 4365 2399 4419 Indica
2427 4384 2525 4430 me,
2552 4368 2706 4430 Dens,
2733 4380 2782 4423 et
2811 4371 3047 4425 discerne
3073 4389 3285 4426 causam
3305 4390 3472 4426 meam
3497 4374 3557 4426 de
3574 4379 3706 4441 gente

467 4454 649 4509 oblitus
678 4474 730 4511 es
760 4459 887 4522 mei,
936 4467 985 4510 et
1013 4476 1169 4528 quare
1195 4461 1527 4514 contris:atus
1548 4463 1728 4517 incedo
1753 4465 1874 4517 dum
1904 4465 2037 4534 a/ﬂi-
2070 4468 2115 4524 D
2143 4474 2243 4511 ηοη
2274 4470 2474 4523 εαηεια,
2502 4460 2566 4513 ab
2594 4461 2797 4516 homine
2816 4463 2992 4533 iniquo
3012 4475 3061 4517 et
3089 4465 3268 4519 dolosa
3290 4467 3433 4534 eripe
3450 4481 3545 4518 me.
3575 4459 3697 4525 Qui“

466 4547 539 4618 git
568 4565 647 4600 me
666 4549 921 4602 inimicus.
958 4549 1093 4601 Dum
1128 4550 1529 4620 confringnntur
1556 4569 1673 4604 ossa
1704 4570 1834 4613 mea,
1861 4571 2044 4623 ca‘pro-

466 4637 735 4690 brnrentnt
764 4640 889 4692 milii
916 4641 1001 4711 qui
1020 4641 1271 4693 tribulam
1312 4658 1391 4693 me
1428 4641 1626 4693 inimici
1653 4644 1769 4696 mei.
1801 4644 1933 4697 Dum
1961 4647 2043 4699 (li-

466 4736 583 4779 cunt
623 4730 749 4781 milii
771 4748 861 4797 per
886 4732 1117 4801 singulos
1144 4732 1271 4795 dies,
1307 4731 1407 4785 Ubi
1434 4741 1509 4785 est
1541 4731 1675 4786 Deus
1703 4742 1835 4797 tuus,
1884 4753 2042 4805 quare

465 4814 627 4867 tristis
655 4833 708 4868 es
728 4820 900 4872 anima
930 4838 1041 4874 mea
1060 4862 1072 4886 ,
1098 4833 1144 4874 et
1173 4840 1329 4893 quare
1356 4821 1627 4876 conturbas
1651 4841 1747 4876 me.
1782 4824 1949 4895 Spera
1986 4827 2039 4880 in

465 4902 593 4964 Deo,
647 4908 887 4975 quoniam
934 4911 1101 4963 adhuc
1139 4914 1418 4982 conﬁtebor
1471 4914 1567 4979 illi,
1601 4916 1829 4968 salutare
1873 4916 2038 4969 cultus

464 4995 563 5047 mei
590 5002 638 5047 et
669 4993 808 5048 Deus
829 5014 987 5052 tttctts.

1031 5085 1461 5128 COMMENTABIL'M.

535 5177 682 5233 Sicut
726 5193 914 5232 cervus
960 5183 1278 5249 serpentinis
1300 5187 1546 5241 carnibus
1593 5193 1802 5255 pastus,
1830 5201 2039 5241 veneno

465 5281 762 5327 exaustuans
794 5268 1006 5323 festinat
1053 5272 1117 5322 ad
1164 5271 1360 5338 fontes,
1406 5277 1474 5329 ita
1518 5277 1782 5346 serpentis
1832 5276 2038 5343 antiqui

466 5372 646 5434 pastus
674 5361 896 5416 consilio
943 5360 1157 5414 festinat
1185 5363 1360 5417 anima
1407 5382 1526 5419 mea
1564 5367 1630 5419 ad
1674 5375 1745 5430 te,
1778 5366 1937 5421 Deus.
1970 5365 2035 5419 Et

465 5457 586 5526 quia
634 5454 903 5527 proiecisti
931 5468 1070 5508 mea
1104 5452 1233 5505 facie
1274 5462 1361 5510 tua
1408 5471 1504 5525 per
1542 5458 2033 5526 puevaricationcm

465 5565 659 5613 meam,
684 5565 821 5603 nunc
853 5564 945 5618 per
963 5546 1323 5616 paenitentiam
1356 5564 1528 5601 meam
1559 5561 1680 5603 sunt
1705 5549 1831 5602 mihi
1863 5548 2033 5617 lacry-

466 5653 564 5691 tua:
607 5656 766 5708 panes
808 5640 889 5693 die
919 5655 978 5693 ac
1023 5646 1177 5691 nocte
1218 5637 1436 5703 dicenti,
1472 5636 1693 5702 Quando
1725 5639 1933 5692 veniam
1981 5647 2035 5691 et

2150 4560 2201 4603 tu
2240 4567 2320 4614 es,
2368 4552 2517 4615 Deus,
2569 4554 2816 4622 fortitudo
2863 4571 2995 4617 mea,
3027 4572 3184 4625 quare
3235 4572 3318 4609 me
3366 4553 3620 4625 repulisti,
3663 4558 3706 4603 et

2143 4658 2301 4709 quare
2339 4642 2500 4695 tristis
2536 4643 2720 4695 incedo
2750 4644 2871 4697 dum
2895 4645 3077 4717 afﬂigit
3117 4663 3199 4699 me
3236 4642 3706 4700 inimicus?Emitt¢

2146 4732 2308 4783 lucem
2336 4738 2478 4784 tuam
2499 4742 2548 4784 et
2581 4734 2846 4789 ceritatem
2875 4744 3038 4800 tuam,
3063 4737 3178 4806 ipsa
3212 4752 3293 4789 me
3321 4737 3630 4789 deduxerunt
3657 4731 3704 4783 in

2144 4829 2368 4873 montem
2414 4831 2645 4874 sanctum
2670 4833 2828 4887 tuum,
2870 4836 2920 4877 ct
2943 4826 2996 4877 in
3029 4824 3366 4879 tabernacula
3404 4837 3509 4879 tua.
3541 4824 3702 4879 Elin-

2142 4910 2307 4964 troibo
2333 4911 2403 4964 ad
2421 4914 2586 4966 altare
2608 4913 2720 4978 Dei,
2752 4914 2822 4967 ad
2850 4915 3013 4969 Deum
3041 4919 3127 4988 qui
3155 4916 3388 4987 la'tiﬁcat
3408 4921 3701 4989 juventam

2141 5016 2328 5054 meam.
2379 5001 2674 5073 Con/itebor
2713 5005 2805 5058 tibi
2842 5005 2897 5058 in
2925 5007 3149 5068 cithara,
3184 5007 3344 5073 Deus,
3379 5008 3521 5063 Deus
3547 5021 3706 5062 meus:

2141 5111 2300 5167 quare
2334 5096 2496 5148 trisfis
2522 5113 2594 5159 es,
2640 5098 2815 5150 animo
2855 5115 2988 5161 mea,
3034 5109 3084 5151 et
3128 5116 3291 5169 quare
3318 5099 3592 5154 conturbas
3618 5093 3710 5151 me?

2141 5186 2308 5255 Spera
2334 5185 2387 5239 in
2420 5186 2546 5249 Deo,
2577 5188 2819 5256 quoniam
2847 5189 3017 5241 adhuc
3039 5190 3326 5257 conﬁtebor
3346 5190 3430 5245 illi
3451 5208 3469 5255 ;
3499 5190 3708 5244 salutare

2137 5276 2302 5330 rullus
2323 5277 2424 5330 mei
2447 5286 2494 5329 et
2517 5275 2651 5329 Deus
2673 5294 2831 5331 meus.

2708 5383 3144 5424 COI‘IIBNTARIUH.

2210 5455 2353 5511 Ceus
2401 5473 2506 5512 non
2555 5466 2738 5512 sancta
2758 5500 2772 5524 ,
2804 5460 3189 5528 cogitationum
3217 5466 3567 5532 pessimarum
3594 5467 3700 5515 sunt

2141 5547 2363 5610 semina,
2414 5563 2531 5615 quae
2557 5549 2756 5601 zizania
2803 5550 2855 5603 in
2906 5552 3193 5619 lavangelio
3235 5569 3264 5606 a
3316 5555 3457 5608 malo
3507 5550 3699 5606 [tamine

2141 5653 2301 5699 super
2323 5637 2518 5691 bonum
2548 5653 2730 5691 semen
2755 5652 2866 5709 sata
2898 5652 3207 5696 nascuntur.
3254 5645 3334 5697 Al)
3375 5647 3475 5698 hoc.
3504 5642 3695 5695 bonum:
