3870 6182
209 337 303 392 385

215 538 445 594 fortitudo
472 553 583 591 mea
611 554 628 605 ;
654 538 765 592 noli
795 553 880 591 me
924 537 1186 606 repellere
1216 553 1244 591 a
1278 548 1347 601 te,
1382 546 1439 591 ut
1467 554 1574 591 non
1608 538 1775 591 tristis

216 627 431 682 incedam
478 627 692 693 quando
721 623 905 695 afﬂigit
955 643 1040 680 me
1088 628 1359 691 inimicus;
1411 628 1503 681 sed
1547 628 1774 681 immitte

218 719 370 771 lucem
397 726 533 771 tuam
557 728 613 772 et
646 719 798 771 vince
830 718 1081 772 tenebras
1108 734 1284 781 meas;
1312 720 1462 771 mitte
1492 719 1771 773 veritatem

218 819 359 873 tuam,
390 820 442 863 et
469 811 622 863 vince
653 810 934 864 mendacia
968 826 1104 863 mea.
1153 810 1268 864 Lux
1296 813 1437 864 enim
1480 820 1569 865 tua
1595 819 1649 865 et
1680 826 1773 864 ve-

218 901 331 955 ritas
371 910 486 963 tua,
531 901 642 968 ipsa
693 917 777 953 me.
827 901 1121 968 perducunt
1150 901 1215 953 ad
1257 910 1493 953 montem
1531 912 1773 953 sanctum

219 1001 367 1053 tuum,
395 999 447 1043 et
487 991 538 1043 in
572 991 915 1044 tabernacula
946 1000 1055 1054 tua,
1088 1008 1207 1043 cum
1241 992 1444 1057 ingredi
1474 1008 1558 1044 me
1588 990 1776 1045 feceris

219 1083 272 1136 ad
298 1083 455 1135 altare
478 1082 590 1145 Dei,
621 1083 710 1135 ubi
739 1082 979 1150 quamvis
1006 1091 1282 1135 senectute
1310 1081 1583 1135 confectus
1614 1096 1776 1135 vene-

220 1176 321 1233 rim,
348 1172 414 1225 ibi
438 1172 649 1238 juvenis
681 1170 821 1234 (iatn,
853 1179 910 1224 ut
940 1172 1091 1239 quasi
1122 1172 1297 1223 iulans
1329 1170 1588 1224 conlitear
1616 1172 1665 1223 in
1695 1172 1774 1225 ci-

223 1262 352 1315 thara
383 1261 609 1315 Dmnino
634 1262 745 1315 Deo
766 1276 889 1317 meo
921 1280 933 1313 :
952 1262 1065 1328 jam
1093 1262 1199 1314 noli
1223 1262 1388 1313 tristis
1410 1276 1558 1324 esse,
1596 1263 1774 1315 anima

220 1364 342 1413 mea,
369 1349 549 1404 desine
590 1351 912 1404 conturbare
943 1366 1027 1407 me
1050 1388 1064 1413 ,
1123 1349 1274 1404 aufer
1302 1367 1331 1403 a
1364 1361 1413 1404 te
1442 1352 1775 1419 desperatio-

220 1456 344 1503 nem,
372 1449 425 1495 et
451 1456 608 1509 spera
637 1442 689 1495 in
722 1440 886 1494 Deum
906 1479 920 1500 ,
948 1442 1203 1507 quoniam
1230 1440 1530 1495 conﬁtebor
1552 1442 1644 1494 illi.
1679 1439 1777 1494 Sa-

221 1533 292 1585 lus
316 1533 450 1586 enim
480 1533 659 1588 vultus
694 1532 800 1585 mei
830 1533 932 1585 erit
976 1532 1115 1584 Deus
1150 1546 1322 1595 meus,
1352 1532 1443 1600 qui
1490 1540 1680 1598 regnat
1723 1532 1776 1585 in

220 1625 389 1680 sucula
415 1623 754 1679 smeulorum.
788 1623 978 1675 Amen.

726 1773 1040 1829 PSAIAIUS
1079 1773 1255 1828 XLIII.

219 1910 267 1965 In
297 1911 441 1965 linem
472 1926 570 1979 pro
603 1909 721 1963 Iiliis
742 1909 948 1973 Chorc,
980 1908 1285 1962 intellectus
1314 1909 1550 1979 psalmus
1588 1909 1772 1965 David.

281 2090 413 2143 Deus
455 2087 666 2143 auribus
697 2088 887 2141 nostris
917 2086 1223 2150 audivimus,
1270 2095 1445 2157 patres
1485 2089 1649 2141 nostri
1687 2105 1782 2142 an-

188 2182 563 2235 -uuntiarerunt
605 2177 770 2233 nobis.
817 2175 961 2247 Opus
991 2177 1125 2248 quod
1169 2188 1406 2247 operatus
1446 2194 1498 2230 es
1527 2178 1578 2229 in
1608 2177 1784 2231 diebus

218 2288 381 2325 corum
409 2281 456 2323 et
479 2271 534 2322 in
556 2269 734 2323 diebus
762 2269 1006 2337 antiquis.
1034 2267 1223 2320 Manus
1262 2278 1348 2320 tua
1385 2277 1558 2339 gentes
1588 2269 1785 2337 disper-

218 2366 358 2429 didit,
379 2375 427 2419 et
448 2364 698 2435 plantasti
725 2380 832 2426 eos,
857 2362 1089 2433 afﬂiIisti
1106 2361 1325 2431 po‘pulos
1349 2371 1396 2414 et
1416 2361 1657 2431 expulisti
1677 2377 1781 2415 eos.

220 2453 322 2508 Nec
366 2456 500 2508 enim
526 2456 579 2507 in
609 2453 784 2525 gladio
813 2470 906 2506 suo
950 2452 1286 2522 possederunt
1334 2460 1550 2516 terram,
1592 2460 1640 2505 et
1664 2450 1784 2505 bra-

223 2548 383 2599 chium
407 2564 579 2601 eorum
604 2563 706 2599 non
737 2546 953 2599 salrabit
976 2561 1079 2598 eos.
1106 2544 1213 2598 Sed
1238 2544 1449 2597 dextera
1481 2554 1565 2596 tua
1588 2554 1635 2598 et
1666 2542 1785 2597 bra-

226 2638 387 2690 chium
419 2647 558 2689 tuum
577 2675 591 2698 ,
628 2646 678 2688 et
706 2636 1015 2689 illuminatio
1055 2634 1222 2688 vultus
1253 2635 1342 2698 lui,
1376 2634 1617 2705 quoniam
1647 2649 1787 2687 com-

221 2729 445 2798 placuisti
472 2730 523 2781 in
544 2728 638 2781 eis.
675 2728 746 2780 Tu
773 2745 825 2780 es
848 2728 956 2796 ipse
978 2744 1070 2781 res:
1090 2743 1229 2780 meus
1251 2734 1297 2779 et
1328 2725 1465 2780 Deus
1495 2742 1637 2779 meus
1654 2768 1669 2791 ,
1700 2727 1789 2797 qui

220 2820 430 2874 mandas
449 2820 638 2873 salutes
664 2818 845 2873 Iacob.
873 2818 937 2871 In
962 2829 1011 2872 te
1037 2819 1270 2872 inimicos
1292 2829 1495 2872 nostros
1517 2817 1788 2871 ventilabi-

222 2927 320 2963 mus
346 2926 526 2972 cornu,
550 2918 601 2962 et
629 2911 683 2962 in
714 2910 922 2962 nomine
947 2919 1029 2963 tuo
1064 2925 1356 2979 spernemrrs
1386 2909 1705 2980 insurgentes
1734 2912 1789 2965 in

222 3003 372 3056 nobis.
409 3000 531 3055 Non
551 3002 687 3053 enim
711 3001 765 3053 in
792 3017 915 3052 arcu
948 3017 1058 3053 meo
1081 2998 1316 3069 sperabo,
1347 3008 1397 3053 et
1426 3000 1626 3070 gladius
1648 3017 1790 3055 meus

224 3107 313 3145 non
353 3090 576 3145 saleabit
613 3108 713 3143 me.
760 3089 988 3143 Salvas:i
1027 3091 1162 3143 enim
1214 3106 1309 3142 nos
1348 3090 1410 3143 de
1454 3089 1790 3160 aﬂligrntibus

224 3197 334 3244 nos,
379 3191 430 3234 et
472 3182 702 3233 odientes
752 3197 844 3233 nos
883 3179 1181 3249 confudisti.
1218 3177 1282 3232 In
1329 3179 1433 3233 Deo
1463 3181 1787 3235 laudabimur

227 3280 320 3324 tota
359 3272 463 3331 die,
502 3279 552 3322 et
580 3271 634 3322 in
662 3271 869 3322 nomine
916 3277 1003 3321 tuo
1032 3267 1387 3337 conﬁtebimur
1429 3269 1484 3321 in
1521 3270 1785 3322 sa'culurm

231 3358 367 3414 Nunc
395 3369 571 3412 autem
606 3359 839 3425 repuliin
868 3375 980 3422 nos,
1013 3368 1061 3411 et
1090 3358 1372 3428 confudisti
1412 3375 1508 3411 nos
1530 3398 1545 3421 ,
1598 3368 1648 3412 et
1685 3375 1789 3412 non

229 3451 510 3520 egredieris,
552 3448 713 3513 Deus,
745 3450 799 3501 in
849 3448 1118 3502 virtutibus
1156 3450 1365 3503 nostris.
1420 3449 1661 3503 Avertiin
1697 3466 1790 3503 nos

229 3553 495 3596 retrorsum
536 3551 653 3609 post
681 3543 920 3594 inimicos
949 3553 1153 3595 nostros
1176 3581 1190 3605 ,
1241 3551 1290 3595 et
1327 3542 1414 3611 qui
1441 3542 1661 3595 oderunt
1696 3558 1789 3595 nos

230 3631 526 3702 diripiebant
547 3632 665 3685 sibi.
698 3630 901 3684 Dedisti
932 3648 1026 3685 nos
1057 3642 1300 3701 tanquam
1326 3648 1438 3685 ores
1467 3647 1718 3690 escarum,
1743 3639 1791 3683 et

233 3724 277 3776 in
298 3724 526 3795 gentibus
562 3723 852 3791 dispersisti
900 3739 1013 3775 nos.
1054 3721 1343 3775 Vendidiin
1381 3722 1622 3792 populum
1652 3730 1793 3775 tuum

234 3815 329 3868 sine
352 3816 535 3885 pretio,
566 3825 743 3868 etnon
792 3814 888 3883 fuit
915 3813 1187 3866 multitudo
1227 3814 1280 3865 in
1311 3813 1792 3866 commutationibus

235 3921 407 3959 rerum.
438 3905 678 3960 Posuisti
706 3921 800 3957 nos
832 3902 1159 3974 Opprobrium
1189 3903 1368 3957 vicinis
1417 3904 1625 3967 nostris,
1670 3904 1793 3956 sub—

239 4001 583 4054 sannationem
629 4008 679 4052 et
708 3998 931 4050 derisum
962 3997 1061 4059 Itis,
1106 3998 1194 4067 qui
1221 4005 1339 4050 sunt
1384 3998 1436 4047 in
1464 3996 1677 4048 circuitu
1704 4012 1797 4048 no-

239 4098 348 4144 stro.
390 4090 625 4144 Posuisti
656 4105 751 4141 nos
774 4088 827 4141 in
861 4087 1247 4140 similitudinem
1289 4084 1536 4157 gentibus,
1569 4101 1794 4139 commo—

241 4180 412 4234 tionem
452 4180 640 4250 capitis
683 4180 739 4231 in
786 4178 1013 4248 papulis.
1062 4176 1190 4229 Tota
1223 4176 1306 4229 die
1342 4177 1642 4230 verecundia
1686 4193 1797 4229 mea

243 4282 402 4323 contra
437 4287 518 4324 me
546 4278 642 4333 est,
671 4276 719 4321 et
748 4267 980 4337 confusio
1012 4266 1164 4334 faciei
1193 4282 1317 4319 mete
1341 4265 1604 4334 cooperuit
1632 4281 1729 4317 me.
1753 4264 1795 4315 Α

242 4377 346 4414 race
363 4361 724 4428 exprobrantis
748 4368 796 4412 et
824 4356 1159 4427 obloquentis,
1181 4372 1212 4407 a
1234 4357 1368 4427 {acie
1396 4354 1592 4407 inimici
1612 4362 1660 4407 et
1688 4371 1797 4421 per-

1135 330 1601 388 COMHENTARII
1642 333 1707 387 ΙΝ
1747 330 2076 389 PSALMOS.
2120 333 2308 387 I’SAL.
2352 332 2532 386 XLiV.

214 452 393 516 iniquo,
425 447 473 501 id
503 453 604 512 est,
630 447 864 509 diabolo,
904 446 1073 500 libera
1103 462 1217 508 me,
1245 446 1369 514 quia
1418 455 1473 500 tu
1499 461 1574 505 es,
1611 446 1768 508 Deus,
1803 453 1851 507 Α

3344 330 3453 388 355

2452 460 2885 500 COMHENTARIL'II.

1946 555 2067 610 Tria
2098 566 2293 624 genera
2322 557 2554 614 hostium
2585 556 2890 611 Christiano
2932 558 3211 626 insurgunt
3245 572 3262 610 :
3294 574 3456 614 unum

1873 660 2042 714 genus
2066 647 2262 699 diaboli
2286 656 2337 701 et
2359 647 2656 701 d-mnmnmn
2681 648 2826 717 ejus;
2854 648 2992 701 aliud
3020 656 3455 716 persecuturum;

1874 739 2087 791 tertium
2117 736 2259 804 quod
2300 754 2581 791 commune
2610 748 2690 792 est
2730 740 2974 793 erunibus
3016 740 3307 793 barbarica:
3336 740 3459 796 τεῆς

1877 829 2018 881 tatis.
2053 826 2156 880 Sed
2192 836 2299 880 tota
2333 829 2429 880 tria
2458 843 2651 895 genera
2680 844 2781 881 non
2814 845 2940 882 arcu
2972 838 3172 891 nostro,
3205 847 3302 884 nec
3331 832 3458 884 bra-

1875 917 1996 969 chio
2027 927 2211 969 nostro
2242 927 2579 984 superantur,
2610 916 2701 970 sed
2729 918 2945 970 dextera
2976 918 3068 970 Dei
3100 926 3152 971 et
3197 920 3458 972 illumina-

1877 1007 2022 1058 tio..e
2053 1007 2228 1059 vultus
2275 1007 2407 1072 ejus,
2442 1006 2507 1059 de
2553 1023 2657 1073 quo
2698 1016 2879 1075 patres
2912 1008 3077 1060 uestri
3109 1017 3458 1062 narraverunt

1879 1096 2031 1146 nobis
2056 1132 2069 1153 ,
2096 1095 2363 1164 quomodo
2395 1112 2582 1149 manus
2613 1096 2750 1148 illius
2792 1096 2949 1163 eiecit
2992 1108 3193 1162 geste“,
3226 1108 3279 1150 et
3308 1098 3457 1167 pla..-

1878 1184 2011 1233 tavit
2050 1198 2162 1234 core.
2197 1182 2345 1235 Sient
2376 1197 2504 1249 ergo
2535 1184 2607 1236 illi
2638 1200 2742 1237 non
2788 1184 2838 1236 in
2869 1185 2951 1247 gla
2975 1185 3043 1237 lio
3082 1200 3177 1237 suo
3207 1186 3459 1254 ρης-ρᾶς-

1876 1280 2000 1324 runt
2029 1278 2245 1333 terram,
2277 1272 2352 1325 sic
2400 1279 2453 1325 et
2502 1289 2598 1324 nos
2629 1289 2732 1325 non
2764 1272 2813 1325 in
2847 1275 3039 1326 virtute
3069 1285 3250 1328 nostra
3290 1273 3459 1330 conii-

1877 1362 2063 1415 dentes
2095 1372 2288 1416 terram
2314 1363 2480 1416 nostri
2512 1365 2753 1432 corporis
2781 1364 3129 1433 possidemus,
3157 1366 3246 1418 sed
3277 1376 3329 1419 tu
3353 1367 3459 1419 sal-

1879 1470 1971 1507 vas
1999 1470 2097 1507 nos
2142 1470 2206 1508 ex
2239 1455 2595 1521 amigentibus
2642 1471 2759 1515 nos,
2805 1457 2917 1510 sive
2960 1459 3172 1523 regibus
3216 1457 3451 1525 perﬁdis,

1877 1545 1990 1597 sive
2028 1545 2320 1609 dmmoniis,
2370 1548 2482 1599 sive
2528 1546 2619 1618 (ut
2647 1547 2784 1614 dixi)
2816 1548 3053 1600 hostibus
3084 1549 3305 1612 usitatis,
3330 1548 3455 1616 quia

1879 1636 2068 1689 damur
2094 1637 2169 1689 eis
2200 1652 2297 1705 pro
2322 1638 2551 1704 peccatis
2580 1639 2793 1699 nostris,
2828 1638 2973 1692 velut
3014 1654 3140 1693 oves
3168 1654 3406 1693 e.~caru:n
3438 1657 3453 1691 :

1880 1728 1972 1779 sed
2013 1729 2056 1779 si
2099 1729 2476 1793 CXClLilllt‘mll‘,
2507 1730 2744 1783 dicentes
2778 1748 2789 1781 :
2825 1729 2945 1784 [Iure
2988 1733 3161 1784 omnia
3197 1742 3456 1787 venerunt

1878 1834 2039 1887 super
2078 1835 2193 1883 nos,
2237 1828 2292 1873 et
2332 1820 2481 1872 obliti
2514 1836 2618 1873 non
2669 1837 2851 1875 sumus
2883 1832 2953 1883 te,
2990 1822 3230 1876 Domine.
3266 1824 3457 1878 Aut‘si

1879 1909 2032 1962 obliti
2072 1925 2255 1966 sumus
2297 1925 2489 1964 nomen
2535 1911 2627 1964 Dei
2675 1913 2860 1975 nostri,
2896 1921 2985 1965 aut
3035 1913 3078 1965 si
3108 1914 3459 1983 espandimus

1880 2014 2071 2053 manus
2099 2000 2199 2054 diis
2227 2001 2444 2063 alienis,
2481 2009 2534 2054 tu
2571 2018 2727 2056 verus
2776 2004 2910 2056 Deus
2954 2004 3165 2072 require
3197 2005 3315 2069 ista,
3366 2006 3457 2076 qui

1881 2090 2084 2159 optime
2131 2092 2272 2143 nosti
2322 2090 2530 2144 occulta
2563 2092 2755 2145 cordis.
2790 2091 2893 2145 Pro
2923 2092 3033 2148 Deo
3060 2096 3273 2162 patitur,
3306 2096 3460 2163 quid-

1882 2181 2008 2250 quid
2032 2181 2237 2235 adversi
2265 2183 2573 2236 sustinuerit
2594 2184 2765 2237 omnis
2787 2194 3015 2263 sanctus.
3050 2185 3182 2251 Qnia
3212 2188 3349 2241 sicut
3368 2189 3458 2256 qui

1882 2272 2138 2343 pecunias
2164 2272 2357 2326 multas
2384 2274 2563 2335 habet,
2594 2273 2637 2327 si
2680 2290 2864 2342 passus
2895 2277 3050 2329 fuerit
3078 2277 3327 2343 gladium,
3360 2294 3460 2347 pro

1884 2363 2126 2431 pecuniis
2147 2363 2257 2416 suis
2301 2379 2489 2432 passus
2518 2371 2629 2427 est;
2664 2364 2734 2417 ita
2775 2365 2864 2432 qui
2894 2368 3231 2421 sanctitatem
3262 2368 3313 2420 in
3346 2383 3459 2422 mo-

1885 2452 2032 2506 ribus
2058 2454 2281 2515 obtinet,
2306 2453 2561 2521 quidquid
2586 2470 2772 2523 passus
2795 2453 2950 2507 fuerit
2972 2455 3197 2520 adversi,
3230 2473 3327 2525 pro
3352 2457 3461 2511 Deo

1887 2545 2103 2611 patitur.
2130 2558 2249 2611 qua:
2275 2559 2478 2596 summa
2510 2553 2591 2596 est
2612 2544 2886 2610 integritas
2906 2545 3204 2600 sanctitatis
3236 2564 3247 2598 :
3280 2556 3333 2599 et
3363 2561 3451 2617 pa-

1888 2634 2015 2686 titur
2043 2633 2334 2697 inimicum,
2368 2633 2479 2687 sive
2525 2642 2925 2703 persecutorem
2956 2635 3095 2698 ﬁdei,
3128 2638 3240 2691 sive
3280 2654 3463 2707 perse-

1888 2732 2128 2778 cutorem
2158 2725 2339 2777 mundi
2368 2725 2831 2793 corporeum,sive
2857 2743 2953 2795 per
2971 2729 3141 2796 ipsum
3170 2729 3463 2799 principem

1890 2813 2070 2867 mundi
2098 2821 2151 2867 et
2178 2814 2449 2868 ministros
2477 2814 2609 2882 ejus.
2644 2814 2909 2870 Tencntes
2946 2832 3074 2886 ergo
3103 2820 3460 2883 sanctitatem,

1890 2902 2181 2957 clamemus
2204 2904 2430 2958 Domino
2456 2922 2468 2955 :
2496 2903 2757 2969 Quoniam
2782 2915 3001 2975 propter
3022 2916 3073 2962 te
3102 2918 3275 2964 morte
3297 2908 3462 2965 allici-

1890 3009 2011 3046 mur
2039 3001 2149 3046 tota
2178 2993 2286 3059 die,
2325 3007 2574 3061 rogamus
2603 3003 2659 3047 ut
2700 3010 2952 3064 exsurgas
2993 3007 3046 3051 et
3087 3015 3192 3053 non
3241 3001 3467 3068 repellas

1893 3101 1991 3140 nos
2013 3086 2063 3139 in
2095 3086 2271 3151 linem,
2305 3102 2371 3139 ne
2392 3086 2723 3140 obliviscaris
2746 3088 2977 3157 in0piam
3008 3098 3261 3153 nostram,
3290 3099 3343 3144 et
3372 3092 3467 3144 tri-

1837 3163 1857 3222 Ῑ
1889 3177 2215 3231 bulationem
2246 3186 2515 3242 nostram,
2545 3179 2796 3246 quoniam
2846 3179 3119 3234 humiliata
3148 3190 3231 3236 est
3268 3182 3319 3235 in
3351 3182 3467 3251 pul-

1888 3284 2015 3324 vere
2061 3271 2238 3323 anima
2284 3279 2485 3334 nostra,
2515 3270 2738 3324 allmsit
2775 3270 2825 3324 in
2863 3280 3001 3325 terra
3034 3282 3222 3327 venter
3266 3282 3464 3328 noster.

1890 3360 2113 3426 Quando
2135 3362 2273 3413 enim
2296 3361 2661 3429 corporalibus
2675 3362 3077 3415 necessitatibus
3097 3378 3466 3430 aggravamur,

1891 3461 2115 3506 vexatur
2141 3453 2195 3506 in
2226 3453 2445 3521 pulvere
2473 3455 2649 3506 anima
2687 3461 2888 3507 nostra.
2923 3454 3056 3507 Dum
3085 3461 3264 3507 autem
3286 3462 3466 3507 venter

1893 3551 2078 3595 noster
2097 3542 2323 3595 terrenis
2347 3540 2571 3611 dapibus
2618 3542 2882 3604 adliceret,
2911 3551 3167 3595 mternum
3195 3542 3349 3596 nobis
3368 3542 3471 3596 mi-

1894 3641 2050 3687 natur
2075 3634 2368 3686 interitum.
2418 3631 2760 3685 Ostendimus
2802 3633 2895 3685 tibi
2926 3632 3139 3684 \ulnera
3177 3642 3378 3698 nostra,
3416 3640 3471 3687 tu

1893 3725 1981 3793 qui
2007 3724 2239 3778 salvator
2266 3739 2342 3786 es,
2368 3723 2558 3776 exhibe
2580 3722 2799 3776 vulneri‘
2826 3738 2887 3776 us
2907 3722 3277 3776 medicamina.
3303 3721 3471 3776 Nemo

1894 3816 2035 3868 enim
2066 3816 2133 3868 ab
2154 3813 2452 3867 humilitate
2482 3812 2715 3882 pulveris
2739 3812 2959 3866 liberam
2982 3811 3195 3864 habebit
3216 3811 3471 3875 animam,

1899 3907 1998 3961 πίειί
2029 3915 2083 3959 tu
2113 3923 2209 3975 per
2237 3905 2556 3959 invisibilem
2585 3904 2867 3959 donaveris
2895 3905 3084 3957 anima:
3110 3911 3472 3972 contemptum

1898 3998 2130 4069 pulveris
2165 3997 2480 4067 corporalis.
2524 3995 2632 4050 Nec
2667 3995 2883 4049 habebit
2909 4010 3145 4049 amorem
3185 3994 3374 4063 jejunii
3422 4002 3475 4047 et

1898 4088 2156 4141 orationis
2185 4087 2251 4141 ad
2299 4085 2745 4141 contemnendum
2779 4094 3037 4149 ventrem,
3068 4086 3157 4154 qui
3190 4093 3344 4138 terra:
3376 4086 3474 4137 ad-

1899 4178 2084 4240 htcret,
2116 4176 2215 4229 nisi
2257 4185 2310 4230 tu
2339 4176 2684 4230 concesseris.
2719 4174 2977 4243 Exsurge,
3011 4174 3253 4238 Domine,
3284 4174 3475 4241 adjuva

1900 4283 2017 4331 nos,
2049 4277 2102 4322 et
2135 4270 2297 4321 libera
2329 4285 2444 4334 nos,
2476 4277 2697 4340 propter
2723 4270 2826 4323 hoc
2856 4269 3024 4337 ipsum
3072 4269 3216 4336 quod
3247 4268 3477 4323 nominis

1900 4358 1976 4410 tui
2005 4358 2289 4428 splendore
2309 4374 2617 4421 censemur;
2646 4359 2812 4412 libera
2836 4373 2933 4412 nos
2955 4358 3021 4410 ab
3037 4358 3478 4426 occupationibus

245 4454 498 4523 sequentis.
545 4451 676 4505 Haec
705 4449 881 4503 omnia
908 4456 1150 4503 venerunt
1197 4465 1351 4518 super
1397 4463 1509 4511 nos,
1541 4463 1632 4499 nec
1655 4444 1799 4500 obliti
1828 4446 1874 4503 I)
1902 4452 2155 4522 pulveris,
2201 4452 2253 4505 in
2302 4452 2495 4522 quibus
2542 4451 2851 4505 humilialur
2884 4451 3060 4503 anima
3088 4459 3290 4513 nostra,
3328 4456 3384 4501 et
3412 4448 3480 4503 ab

247 4559 400 4600 sumus
428 4556 491 4611 te,
534 4553 584 4599 et
626 4544 800 4612 inique
826 4558 926 4596 non
955 4542 1154 4611 egimus
1178 4542 1231 4594 in
1266 4548 1568 4593 testamento
1591 4548 1696 4592 tuo.
1734 4536 1802 4589 Et

248 4652 338 4689 non
364 4637 565 4691 recessit
597 4645 736 4690 retro
777 4650 867 4687 cor
895 4642 1152 4695 nostrum,
1181 4641 1230 4684 et
1277 4630 1547 4684 declinasti
1592 4631 1801 4683 semitas

250 4738 432 4782 nostras
469 4746 500 4782 a
530 4731 610 4782 eia
642 4737 750 4779 tua.
780 4724 1035 4789 Quoniam
1057 4724 1343 4777 humiliasti
1373 4739 1465 4775 nos
1486 4724 1540 4774 in
1566 4722 1676 4775 loco
1717 4721 1801 4791 af-

253 4817 495 4882 ﬂictionis,
524 4829 574 4873 et
600 4819 861 4886 cooperuit
890 4833 984 4869 nos
1004 4814 1186 4868 umbra
1215 4815 1417 4867 mortis.
1452 4812 1512 4867 Si
1542 4811 1685 4866 oleti
1712 4827 1802 4865 su-

253 4922 351 4962 um
377 4926 556 4963 nomen
598 4908 695 4962 Dei
722 4908 904 4967 nostri,
935 4916 983 4959 et
1022 4907 1067 4960 si
1094 4906 1435 4976 expendimus
1483 4920 1665 4958 manus
1703 4919 1800 4958 no-

256 5007 374 5051 stras
397 5000 464 5051 ad
491 4998 656 5053 Deum
677 4998 921 5051 alienum.
951 4993 1141 5049 Nonne
1167 4994 1302 5049 Deus
1322 4995 1539 5066 requiret
1561 4994 1681 5057 ista,
1698 4993 1806 5062 ipse

259 5088 377 5141 enim
401 5090 536 5143 norit
567 5087 869 5143 abscondita
890 5086 1080 5140 cordis.
1106 5083 1361 5149 Quoniam
1382 5094 1587 5155 propter
1610 5092 1658 5136 te
1676 5100 1809 5136 mor-

261 5180 497 5248 tiﬁcamur
519 5193 622 5236 tota
642 5181 743 5247 die,
767 5179 1009 5235 aestimati
1029 5194 1203 5233 sumus
1224 5180 1356 5231 sicut
1383 5192 1499 5231 ores
1513 5174 1803 5230 occisionis.

264 5268 502 5344 Exsurge,
551 5290 708 5345 quare
750 5271 1034 5339 obdormis,
1086 5268 1337 5334 Domine;
1366 5283 1601 5338 exsurge,
1650 5275 1699 5319 et
1745 5280 1810 5316 ne

267 5362 464 5429 repellas
498 5365 553 5417 in
582 5364 753 5432 finem.
804 5360 976 5426 Quare
1019 5362 1202 5433 {aciem
1247 5369 1387 5412 tuam
1436 5357 1640 5419 avertis,
1675 5353 1805 5409 obli-

267 5450 452 5506 visceris
477 5453 863 5524 irrepiwnostrre
882 5464 929 5506 et
952 5452 1291 5505 tribulationis
1321 5461 1530 5504 nostrm.
1558 5447 1813 5513 Quoniam

270 5540 515 5597 humilium
544 5554 617 5599 est
645 5546 697 5599 in
726 5547 929 5616 pulvere
971 5544 1147 5597 anima
1189 5552 1384 5607 nostra,
1431 5541 1813 5609 conglutinatus

273 5640 340 5682 est
362 5633 409 5685 in
450 5642 583 5688 terra
622 5646 791 5690 uenter
818 5644 1008 5689 noster.
1043 5633 1301 5708 Exsurge,
1351 5630 1590 5698 Domine,
1624 5633 1812 5702 edjura

278 5737 375 5787 nos,
400 5735 447 5777 et
474 5726 659 5782 redime
691 5745 785 5781 nos
813 5738 1021 5796 propter
1047 5743 1228 5780 nomen
1259 5737 1415 5779 :uum.

1903 4544 2279 4611 aggravatione
2296 4542 2512 4596 ventris.
2533 4542 2667 4607 Quia
2684 4542 2727 4595 si
2746 4542 2931 4595 barum
2943 4541 3163 4594 duarum
3183 4540 3480 4608 specierum

1904 4635 2058 4689 nobis
2086 4635 2413 4690 concesseris
2442 4634 2601 4697 dona,
2626 4642 2988 4702 contemptum
3010 4633 3252 4700 corporis
3273 4641 3330 4685 et
3349 4648 3477 4688 ven-

1906 4727 2021 4789 tris,
2057 4726 2209 4780 liberi
2251 4727 2450 4781 erimus
2490 4725 2541 4777 in
2570 4725 2783 4777 Christo
2809 4722 2935 4776 .Iesu
2974 4723 3200 4777 Domino
3248 4731 3437 4778 nostro
3461 4761 3477 4784 .

1905 4833 2004 4888 per
2029 4832 2188 4885 quem
2217 4824 2273 4870 et
2310 4830 2430 4871 cum
2457 4830 2563 4884 quo
2603 4813 2697 4867 tibi
2739 4822 2823 4867 est
2852 4813 2961 4866 Deo
2998 4811 3141 4865 Patri
3180 4820 3236 4866 et
3262 4810 3482 4881 Spiritui

1908 4918 2093 4963 sancto
2124 4908 2296 4962 bonor
2323 4914 2378 4960 et
2415 4906 2582 4972 gloria
2611 4904 2664 4957 in
2698 4903 2890 4962 smcula
2920 4903 3260 4958 seculorum.
3288 4902 3480 4959 Amen.

2432 5033 2742 5090 PSALMUS
2777 5033 2958 5089 XLIV.

1909 5152 1968 5206 In
1996 5152 2155 5206 (irem
2184 5166 2282 5221 pro
2308 5151 2392 5205 bis
2428 5150 2519 5218 qri
2549 5146 3164 5221 commutabunturliliis
3194 5145 3389 5212 Cbore,
3419 5144 3485 5199 ad

2201 5217 2531 5275 intellectum
2558 5219 2826 5273 canticum
2849 5233 2948 5289 pro
2967 5217 3180 5272 dilecto.

1989 5354 2252 5409 Eructarit
2278 5371 2365 5409 cor
2390 5369 2556 5408 meum
2576 5355 2776 5407 verbum
2804 5352 2990 5406 bonum
3007 5391 3020 5417 ,
3061 5350 3173 5403 dico
3198 5363 3290 5416 ego
3328 5360 3487 5415 opera

1917 5464 2030 5501 mea
2058 5447 2183 5518 regi.
2219 5445 2419 5516 Lingua
2461 5460 2573 5497 mea
2614 5443 2843 5497 calamus
2874 5439 3058 5495 scribta
3101 5431 3489 5492 relociterscri-

1917 5537 2098 5592 bentis.
2137 5536 2409 5606 Speciosus
2454 5538 2621 5606 {arma
2659 5549 2766 5603 pra:
2803 5531 2927 5601 ﬁliis
2964 5527 3255 5588 hominum,
3290 5522 3489 5597 ditium

1914 5640 1990 5683 est
2017 5629 2185 5700 gratia
2216 5629 2268 5681 in
2298 5627 2448 5682 labiis
2477 5626 2604 5688 tuis;
2642 5633 2911 5693 propterea
2955 5616 3213 5673 benedixit
3255 5624 3302 5668 te
3348 5612 3488 5681 Deus

1915 5724 1967 5775 in
1999 5732 2263 5775 ce'ernum.
2296 5720 2573 5785 Accingere
2597 5714 2773 5788 gladio
2811 5720 2895 5763 tuo
2933 5724 3082 5776 super
3122 5708 3287 5771 {enmr
3324 5716 3486 5771 tuum,
