3908 6176
429 309 532 368 337

1764 284 2034 345 ARNOBII
2071 282 2370 341 IUNIORIS
3528 287 3613 346 ωδ

432 415 795 495 potentissime.
839 413 1019 485 Specie
1047 421 1131 466 tua
1160 419 1211 466 et
1250 408 1626 481 pulchritudine
1654 414 1739 459 tua
1768 402 1994 464 intende,
2030 405 2075 461 Α
2103 416 2168 456 ex
2194 412 2502 495 σεε-ωερε
2526 395 2876 495 illuminabat,
2906 396 3142 495 infirmos
3166 390 3393 462 curabat,
3419 409 3619 495 mortuos

434 526 677 585 prospere
703 506 932 578 procede,
957 514 1005 558 et
1035 520 1209 574 regna.
1247 500 1463 571 Propter
1495 500 1756 553 veritatem
1784 505 1833 550 et
1859 511 2009 585 man-

435 584 768 657 suetudinem,
800 604 846 649 et
860 592 1138 663 justitiam,
1164 600 1213 645 et
1245 591 1456 643 deducet
1480 597 1528 642 te
1556 586 1865 641 mirabiliter
1886 584 2011 636 dea:—

435 698 545 742 tera
574 698 678 739 tua.
722 683 940 753 Sagitta:
979 692 1081 735 tua:
1108 689 1291 742 acutat,
1325 678 1499 749 populi
1538 675 1628 731 sub
1673 686 1718 728 te
1750 676 1934 727 cadent
1958 690 2013 745 pi

438 780 593 834 corda
618 776 941 831 inimicorum
976 773 1132 844 regis.
1169 772 1327 825 Sedes
1354 780 1457 830 tua,
1491 768 1646 829 Deus,
1688 767 1742 819 in
1772 764 2015 819 saxulum

439 868 630 932 saeculi,
656 867 799 937 virga
821 863 1115 917 directionis
1138 862 1282 932 virga
1310 859 1456 929 regni
1477 858 1567 911 tui.
1600 855 1838 910 Dileristi
1860 853 2016 924 justi—

442 963 585 1024 tiam,
628 969 675 1013 et
704 957 858 1011 odisti
898 954 1248 1025 iniquitatem,
1282 961 1547 1019 propterea
1588 948 1739 1001 unxit
1772 957 1819 1000 te
1857 945 2013 1006 Deus,

444 1054 581 1107 Deus
612 1060 743 1112 tuus,
775 1048 884 1100 oleo
910 1045 1107 1099 ltetitice
1146 1059 1254 1114 pro?
1281 1041 1597 1096 consortibus
1627 1040 1743 1092 tuis.
1778 1036 2015 1107 Myrrha,

444 1150 494 1197 et
522 1149 682 1212 gutta,
708 1148 755 1190 et
778 1137 916 1190 casia
962 1151 995 1187 a
1034 1132 1343 1187 vestimentis
1372 1132 1499 1193 tuis,
1535 1146 1567 1182 a
1608 1126 1839 1181 domibus
1867 1125 2018 1179 ebur-

2107 489 2419 545 suscitabat.
2445 486 2665 555 Sagitta:
2700 494 2878 540 autem
2922 485 3040 555 ejus
3082 496 3262 550 acute,
3299 488 3519 542 omnibus
3551 505 3623 545 ne-

2113 588 2221 633 tum
2248 586 2350 642 est,
2382 577 2461 651 sic
2501 587 2559 630 ut
2601 576 2699 644 ipsi
2747 576 2930 630 mundi
2975 584 3238 630 amatores
3268 577 3522 645 pingerent
3543 579 3624 633 sibi

2112 670 2358 739 spiritum
2390 667 2720 721 immundum
2760 667 2811 720 in
2843 667 3025 736 specie
3051 667 3322 735 cupidinis,
3352 667 3628 726 intendentis

2113 775 2316 823 areum,
2343 765 2401 812 et
2440 757 2790 825 exprimentis
2826 757 3070 822 sagittas,
3099 757 3151 809 in
3180 771 3404 811 amorem
3438 758 3629 813 libidinis

2112 852 2474 905 vulnerantes.
2525 847 2601 901 Ita
2643 861 2771 914 ergo
2806 847 2894 901 hic
2940 854 3125 901 noster
3155 847 3406 916 erprimet
3450 848 3633 915 sagittas

2116 948 2302 993 acutas
2324 936 2724 1007 potentissimas
2753 936 2804 990 in
2829 950 3013 990 amore
3039 936 3185 1003 regni
3213 936 3473 1001 caelorum,
3497 938 3558 990 ita
3590 946 3637 992 ut

2118 1028 2428 1083 renuntient
2455 1028 2700 1081 homines
2727 1033 2783 1081 et
2809 1034 3024 1095 patrem
3057 1034 3112 1080 et
3151 1033 3392 1089 matrem,
3418 1035 3469 1080 et
3491 1027 3636 1082 omnia

2119 1134 2238 1189 quae
2282 1119 2574 1189 possident.
2613 1119 2836 1188 insuper
2861 1127 2919 1172 et
2960 1118 3167 1187 seipsos
3202 1118 3449 1185 abnegent
3483 1127 3530 1171 et
3567 1132 3636 1172 se-

446 1234 575 1296 neis,
605 1247 669 1285 ex
697 1228 874 1300 quibus
902 1227 1274 1280 delectaverunt
1307 1232 1354 1277 te
1390 1223 1516 1292 ﬁlia:
1545 1237 1719 1291 regum
1750 1219 1803 1271 in
1831 1218 2023 1270 [tenore

448 1335 552 1379 tuo.
583 1322 758 1375 Astitit
786 1318 962 1389 regina
996 1334 1027 1369 a
1067 1316 1263 1369 dextris
1306 1314 1404 1368 tuis
1440 1316 1495 1368 in
1532 1314 1710 1366 vestitu
1748 1309 2019 1369 deaurato,

447 1414 765 1467 circumdata
815 1388 1076 1462 varietate.
1120 1405 1283 1467 Audi,
1315 1404 1458 1475 filia,
1487 1413 1534 1455 et
1572 1401 1711 1464 vide,
1741 1409 1790 1453 et
1832 1398 2025 1452 inclina
2126 1392 2213 1446 ubi
2236 1406 2421 1446 eorum
2441 1391 2809 1457 suggestiones
2827 1391 3123 1445 inveniunt.
3138 1388 3270 1444 Cum
3291 1391 3424 1444 enirn
3440 1391 3646 1445 obtinue-

449 1517 627 1553 aurem
658 1508 816 1560 tuam,
859 1506 907 1551 et
936 1494 1231 1550 obliviscere
1272 1494 1515 1564 populum
1553 1501 1692 1545 tuum
1730 1498 1779 1543 et
1817 1490 2025 1542 domum

2147 1480 2234 1533 'int
2264 1481 2376 1534 istae
2403 1480 2610 1547 sagitta:
2640 1479 2692 1532 in
2720 1478 2883 1533 corde
2913 1486 3097 1534 nostro
3125 1478 3419 1543 victoriam,
3448 1489 3557 1533 tunc
3577 1492 3648 1533 se-

451 1591 613 1661 patris
636 1590 726 1643 tui.
762 1588 828 1641 Et
861 1587 1183 1658 concupiscet
1214 1602 1303 1639 rex
1326 1585 1557 1638 decorem
1584 1593 1723 1637 tuum
1742 1620 1756 1643 ,
1786 1581 2028 1652 quoniam
2128 1573 2247 1627 dem
2277 1570 2474 1626 Christi
2505 1572 2556 1625 in
2587 1578 2765 1625 mente
2807 1580 2986 1624 nostra
3032 1571 3374 1639 suscipimus,
3402 1578 3453 1624 et
3483 1570 3648 1637 virgam
3734 1582 3747 1589 “

454 1660 560 1749 ipse
586 1689 661 1733 est
704 1678 954 1732 Dominus
997 1676 1133 1729 Deus
1176 1685 1307 1735 tuus,
1357 1683 1405 1727 et
1451 1675 1743 1728 adorabunt
1780 1688 1914 1725 eum.
1959 1668 2030 1722 Et
2130 1672 2349 1725 rectam,
2382 1663 2485 1716 hoc
2525 1669 2623 1725 est,
2656 1662 2890 1729 regulam
2931 1670 3090 1715 recta:
3133 1660 3282 1724 ﬁdei,
3316 1662 3498 1727 virgam
3532 1660 3651 1728 regni

455 1748 578 1839 filia:
610 1768 728 1837 Tyri
766 1770 819 1820 in
861 1767 1152 1820 muneribus
1197 1767 1386 1819 vultum
1430 1774 1567 1816 tuum
1606 1761 2029 1832 deprecabuntur,
2067 1751 2106 1809 Β
2135 1753 2250 1821 ejus
2280 1752 2599 1820 appetimus,
2627 1751 2681 1804 in
2709 1765 2814 1818 qua
2839 1749 2938 1804 sub
2966 1750 3245 1820 disciplina
3277 1760 3482 1817 agentes
3509 1748 3653 1816 diligi-

457 1874 632 1912 omnes
660 1856 836 1911 divites
874 1855 1053 1925 plebis.
1090 1855 1270 1909 Omnis
1300 1856 1466 1926 gloria
1497 1855 1607 1924 ejus
1645 1853 1771 1923 filice
1795 1852 1928 1923 regis
1966 1850 2030 1903 ab

2147 1857 2252 1896 nus
2279 1841 2559 1909 justitiam,
2590 1851 2646 1895 et
2678 1839 2889 1893 odimus
2928 1839 3260 1909 iniquitatem
3303 1857 3317 1892 :
3345 1852 3458 1894 eum
3487 1838 3656 1893 scilicet

459 1948 629 2008 intus,
678 1945 732 1998 in
776 1943 994 2013 ﬁmbriis
1033 1944 1202 1996 aureis
1249 1944 1630 1997 circumamicta
1677 1938 2027 1995 varietatibus.
2135 1933 2405 1986 innitentes
2424 1947 2583 2000 quem
2611 1931 2764 1984 unxit
2783 1930 2924 1984 Deus
2946 1931 3067 1985 oleo
3090 1931 3283 1984 laetitia:
3310 1944 3412 1998 prte
3438 1926 3657 1983 eonsorti~

461 2034 789 2087 Adducentur
809 2033 914 2101 regi
943 2025 1159 2101 virgines
1188 2041 1302 2101 post
1331 2048 1463 2096 eam,
1491 2031 1743 2100 proximae
1768 2030 1878 2098 ejus
1900 2028 2033 2096 aﬂ‘e-
2132 2025 2235 2078 bus
2253 2023 2385 2077 suis.
2415 2020 2566 2075 Sicut
2593 2020 2735 2075 enim
2764 2021 3040 2091 speciosus
3067 2019 3236 2075 forma
3258 2034 3364 2090 prae
3391 2019 3501 2072 liliis
3518 2015 3658 2071 benti-

2119 1220 2352 1280 quantur
2379 1226 2522 1265 eum.
2552 1209 2672 1264 Ista:
2698 1210 2905 1277 sagittas
2934 1208 3137 1263 amicos
3163 1209 3303 1275 regis
3323 1209 3543 1272 liberant,
3562 1209 3641 1262 ini-

2124 1301 2292 1355 micos
2338 1299 2480 1366 regis
2517 1299 2782 1353 occidunt.
2812 1299 2872 1352 In
2918 1298 3082 1354 corde
3122 1298 3264 1351 enim
3303 1299 3640 1366 percutiuntur,

3780 452 3781 509 ι

3782 522 3783 573 ι

3780 722 3789 797 η

3794 954 3795 1011 l

3796 1026 3797 1075 ι

3798 1098 3799 1141 l

3800 1170 3801 1219 ι

3800 1242 3805 1379 l

3808 1530 3813 1674 κ

464 2131 637 2176 rentur
672 2120 779 2174 tibi.
809 2121 1104 2189 Aﬂ'ercntur
1140 2122 1231 2174 tibi
1271 2122 1325 2174 in
1368 2122 1547 2175 ltetitia
1586 2128 1635 2173 et
1671 2118 2032 2181 exsultatione,

466 2210 782 2264 adducentur
809 2210 863 2262 in
906 2211 1147 2279 templum
1191 2211 1346 2281 regis.
1380 2207 1485 2261 Pro
1524 2207 1751 2279 patribus
1793 2209 1889 2262 tuis
1927 2208 2037 2261 nati

465 2312 581 2358 sunt
610 2301 700 2357 tibi
733 2302 865 2371 ﬁlii,
909 2302 1181 2356 constitues
1220 2318 1306 2355 eos
1353 2302 1609 2371 principes
1647 2317 1798 2371 super
1836 2316 2037 2354 omnem

470 2406 676 2449 terram.
709 2392 960 2448 Memores
988 2400 1134 2447 erunt
1161 2392 1383 2446 nominis
1414 2393 1513 2453 tui,
1545 2391 1783 2455 Domine,
1807 2391 1863 2445 in
1897 2391 2040 2445 omni

469 2484 795 2555 generatione
816 2494 866 2537 et
885 2484 1280 2554 generationem.
1317 2481 1597 2552 PrOpterea
1630 2482 1805 2552 populi
1835 2483 2043 2549 confite-

469 2574 655 2627 buntur
674 2572 764 2626 tibi
786 2574 836 2626 in
867 2583 1131 2636 mteruum,
1162 2573 1284 2625 etin
1311 2571 1554 2624 sarculum
1580 2569 1774 2624 seaculi.

1039 2720 1472 2761 COIIIENTARlUX.

546 2838 823 2894 Eructavit
851 2854 946 2893 cor
984 2836 1160 2892 Patris
1198 2838 1417 2891 verbum
1458 2836 1685 2903 bonum,
1737 2838 1909 2892 omnia
1954 2853 2044 2907 per

476 2935 642 3001 ipsum
669 2932 807 2999 facta
834 2936 950 2982 sunt
982 2927 1170 2998 (Joan.
1206 2926 1273 2996 ι).
1304 2926 1438 2994 Quia
1469 2928 1713 2982 universa
1743 2944 1894 2982 suum
1922 2943 2045 2982 eum

476 3020 785 3075 Creatorem
832 3028 1142 3086 agnoscunt.
1185 3017 1319 3086 Regi
1366 3034 1464 3072 suo
1504 3032 1666 3087 opera
1708 3033 1803 3071 sua
1843 3018 2041 3081 dicunt,

2135 2130 2263 2170 num
2293 2116 2345 2168 in
2372 2129 2534 2169 carne
2574 2122 2731 2168 natus
2765 2114 3038 2184 apparuit,
3069 2114 3151 2167 sic
3189 2119 3376 2166 unctus
3414 2110 3663 2165 chiismate

2136 2223 2247 2278 prce
2271 2207 2518 2261 omnibus
2545 2206 2786 2260 Christus
2812 2204 2968 2259 Jesus
3007 2204 3274 2273 apparuit.
3306 2200 3448 2256 Multi
3481 2198 3561 2253 lilii
3583 2198 3662 2252 bo-

2137 2299 2338 2352 minum
2365 2297 2536 2352 sancti
2564 2298 2631 2351 ab
2657 2296 2790 2351 Abel
2812 2310 2980 2364 usque
3004 2295 3072 2349 ad
3099 2293 3384 2357 Christum,
3406 2292 3495 2347 sed
3520 2289 3663 2346 nullus

2140 2403 2206 2442 ex
2234 2387 2452 2456 Virgine
2490 2395 2663 2440 natus.
2686 2386 2872 2440 Nullus
2901 2386 3001 2440 hac
3026 2387 3210 2455 specie
3236 2384 3424 2448 editus,
3453 2382 3543 2437 hac
3574 2379 3664 2434 for-

2141 2492 2227 2531 ma
2258 2476 2649 2530 manifestatus.
2680 2473 2832 2541 Quis,
2866 2474 3054 2542 inquit,
3086 2475 3195 2528 erit
3220 2474 3402 2529 similis
3428 2472 3528 2526 Deo
3554 2470 3668 2524 inter

2141 2565 2306 2620 Filios
2344 2565 2476 2619 Dei?
2508 2573 2559 2619 ut
2589 2565 2998 2629 subaudiamus,
3028 2565 3105 2618 illi
3132 2566 3303 2632 gratia
3346 2563 3464 2625 lilii,
3490 2562 3565 2616 hic
3589 2573 3669 2613 us-

2142 2662 2260 2709 tura
2286 2672 2298 2707 :
2331 2662 2385 2708 et
2412 2654 2562 2708 multi
2589 2652 2785 2708 Christi
2815 2656 3065 2710 unctione
3091 2654 3217 2720 olei,
3246 2655 3329 2708 hic
3353 2662 3516 2706 autent
3541 2662 3670 2717 ange-

2143 2749 2209 2803 lis
2237 2747 2600 2811 adorantibus,
2632 2747 2803 2801 stellis
2840 2746 3224 2811 indicantibus,
3257 2744 3516 2815 prophetis
3554 2755 3671 2811 pra-

2144 2838 2488 2903 conantibus,
2519 2835 2725 2890 Joanne
2762 2846 3050 2902 metuente,
3082 2836 3236 2891 cmlis
3275 2835 3493 2905 apertis,
3539 2830 3673 2886 Patre

2144 2927 2212 2982 de
2260 2927 2409 2983 cmlis
2453 2927 2744 2987 clamante,
2794 2925 3232 2995 Spiritusancto
3283 2925 3577 2979 adveniente
3618 2921 3674 2976 de

2147 3017 2315 3081 omlis,
2343 3024 2399 3071 et
2437 3016 2490 3069 in
2530 3031 2597 3072 eo
2626 3025 2893 3079 manente,
2916 3014 3162 3070 Christus
3206 3024 3288 3071 est
3326 3031 3429 3085 pra:
3461 3013 3676 3069 omnibus

479 3113 582 3165 hoc
607 3118 706 3174 est,
738 3110 916 3164 omnia
946 3124 1062 3177 quae
1101 3109 1438 3163 subsistimus
1465 3116 1519 3162 et
1544 3097 1838 3173 movemur,
1865 3116 1919 3162 et
1956 3124 2045 3163 su-
2072 3110 2117 3173 C
2146 3106 2523 3177 participibus,
2553 3106 2746 3174 quibus
2766 3105 2869 3161 hoc
2895 3106 3361 3175 comparticipatus
3387 3113 3465 3159 est
3486 3116 3673 3157 nomen.

481 3215 597 3253 mus
618 3212 779 3268 npera
801 3206 910 3251 tua.
941 3195 1143 3265 Lingua
1170 3213 1289 3251 mea
1318 3196 1554 3252 calamus
1584 3203 1682 3252 est.
1714 3195 1878 3265 Cujus
1905 3198 2048 3252 cala-

482 3291 630 3343 mus?
659 3288 875 3351 Scribac,
907 3288 1095 3356 inquit,
1146 3287 1400 3342 velociter
1438 3288 1734 3343 scribentis.
1768 3288 1903 3355 Quid
1932 3296 2048 3343 tur-

481 3377 687 3445 banter,
737 3378 863 3447 quid
914 3376 1227 3432 festinanter
1272 3376 1448 3445 lingua
1493 3377 1766 3448 propheta:
1810 3377 2051 3447 proferre

483 3468 611 3531 vult,
661 3467 979 3521 audiamus:
1012 3465 1151 3529 lloc,
1197 3466 1398 3535 inquit,
1441 3466 1673 3521 Verbum
1712 3468 1855 3536 quod
1895 3464 2053 3522 Pater

484 3560 759 3623 cructavit,
783 3558 933 3626 cujus
962 3559 1139 3612 omnia
1162 3571 1279 3626 quae
1298 3573 1480 3611 sumus
1508 3573 1671 3626 opera
1701 3574 1900 3623 sumus,
1933 3573 2054 3627 spe-

484 3650 660 3704 ciosus
688 3648 855 3701 forma
900 3648 1195 3717 apparebit,
1238 3655 1291 3701 et
1338 3647 1552 3716 prmerit
1598 3646 1719 3701 filiis
1756 3646 2050 3712 hominum,

486 3740 757 3809 speciosus
780 3737 967 3801 forma,
991 3736 1042 3790 id
1064 3744 1163 3800 est,
1188 3737 1424 3804 virginea
1445 3734 1612 3790 forma
1629 3736 1730 3790 erit
1751 3744 1899 3790 ortus
1918 3735 2050 3804 ejus.

486 3828 553 3882 Et
579 3828 743 3883 ellusa
771 3828 939 3894 gratia
986 3841 1014 3879 a
1059 3826 1212 3879 labiis
1238 3826 1352 3891 ejus
1390 3824 1720 3893 egredietur,
1761 3840 1859 3894 per
1896 3839 2055 3893 quam

487 3916 798 3971 benedictus
851 3915 953 3969 erit
999 3914 1051 3967 in
1099 3922 1375 3968 aeternum.
1427 3912 1496 3967 Et
1546 3915 1771 3983 accingit
1822 3915 2058 3984 gladium

489 4021 641 4061 suum
669 4020 830 4076 super
856 4005 1052 4070 femur,
1084 4003 1151 4058 ad
1190 4004 1541 4075 amputandus
1569 4021 1755 4061 omnes
1792 4006 2054 4062 libidines.

489 4093 786 4150 Ostendens
813 4095 1044 4164 speciem
1066 4108 1237 4160 suam,
1262 4094 1313 4147 id
1334 4102 1435 4157 est,
1460 4095 1805 4151 manifestans
1824 4093 2056 4159 Patrem,

491 4193 546 4239 et
572 4183 1016 4254 pulchritudinem
1044 4197 1215 4249 suam,
1241 4184 1292 4238 id
1313 4191 1414 4247 est,
1441 4193 1492 4239 et
1514 4183 1769 4254 Spiritum
1796 4195 2057 4240 sanctum.

492 4274 708 4345 Species
751 4273 892 4328 enim
938 4271 1057 4327 Filii
1095 4272 1253 4328 Pater
1297 4282 1397 4337 est,
1439 4282 1495 4328 et
1537 4274 1877 4344 pulchritudo
1923 4275 2058 4342 ejus,

492 4364 722 4434 Spiritus
747 4371 963 4418 sanctus
990 4381 1002 4415 :
1035 4373 1089 4417 et
1114 4364 1169 4417 in
1196 4363 1281 4418 h's
1306 4364 1532 4419 intendit
1571 4372 1625 4417 et
1650 4379 1906 4434 prospere
1935 4378 2061 4434 pro-

2145 3195 2361 3266 Myrrha
2390 3204 2609 3265 ctgutla
2643 3207 2698 3251 et
2735 3197 2876 3251 casia
2912 3212 2943 3250 a
2971 3196 3303 3252 vestimentis
3328 3197 3454 3266 ejus.
3496 3194 3677 3266 Myrrha

2148 3287 2200 3339 in
2230 3287 2646 3356 assumptionem
2675 3287 2934 3356 corporis.
2967 3284 3126 3339 Cotta
3153 3302 3277 3340 cum
3318 3295 3508 3341 attactu
3542 3281 3679 3337 vesti-

2147 3386 2450 3433 mentorum
2472 3378 2587 3445 ejus
2614 3377 2857 3432 homines
2883 3378 3242 3432 salvabantur.
3265 3376 3416 3431 Casia
3442 3390 3552 3432 cum
3569 3373 3681 3427 odor

2150 3469 2271 3522 vitae
2298 3469 2635 3524 credentibus
2662 3470 2936 3537 probatur.
2961 3469 3158 3524 Contra
3180 3470 3288 3525 hoc
3307 3470 3464 3532 venit,
3488 3475 3541 3523 ut
3559 3466 3681 3520 dica-

2150 3567 2256 3625 tur,
2286 3568 2341 3614 et
2366 3558 2529 3613 ludas
2555 3559 2927 3614 vestimentum
2956 3559 3070 3627 ejus
3092 3561 3261 3627 tetigit
3292 3568 3347 3614 et
3374 3558 3539 3629 periit.
3564 3554 3683 3608 Mili-

2152 3658 2235 3704 tes
2262 3658 2438 3704 autem
2484 3651 2643 3704 etiam
2681 3650 3032 3719 possederunt
3072 3651 3445 3705 vestimentum
3481 3647 3604 3716 ejus.
3630 3643 3686 3697 Et

2154 3754 2252 3809 pro
2280 3740 2382 3794 hoc
2411 3740 2582 3808 ipsum
2608 3739 2674 3793 ad
2704 3740 2973 3794 interitum
3008 3747 3132 3793 sunt
3158 3739 3411 3794 devoluti.
3439 3733 3686 3804 Quomodo

2154 3845 2283 3898 ergo
2323 3830 2488 3885 odore
2528 3830 2967 3886 vestimentorum
3008 3829 3124 3899 ejus
3148 3832 3294 3886 salus
3323 3832 3506 3886 anima:
3530 3829 3690 3896 gigne-

2154 3920 2344 3975 batur?
2362 3919 2495 3973 Audi
2525 3919 2838 3987 Apostolum
2866 3920 3130 3975 dicentem
3163 3938 3177 3973 :
3207 3920 3341 3974 Aliis
3367 3919 3559 3992 quidem
3582 3914 3692 3969 oder

2155 4013 2273 4065 rita:
2300 4010 2351 4064 in
2382 4012 2554 4075 vitam,
2587 4011 2706 4064 aliis
2730 4029 2845 4065 vero
2873 4011 3001 4065 odor
3029 4012 3209 4065 mortis
3229 4013 3283 4065 in
3308 4005 3690 4074 mortemlllCer.

2159 4100 2238 4163 ιι).
2273 4099 2412 4153 Sane
2442 4099 2568 4153 illud
2591 4100 3035 4154 considerandum
3063 4108 3176 4164 est,
3206 4101 3350 4169 quod
3378 4100 3559 4154 domus
3590 4106 3695 4150 eum

2160 4190 2408 4244 eburnea:
2452 4190 2740 4245 delectant.
2781 4189 3026 4245 Eburnea
3056 4191 3247 4246 domus
3289 4202 3374 4247 est
3418 4203 3602 4258 corpus
3622 4198 3698 4239 ca-

2160 4288 2319 4345 stum,
2351 4281 2402 4334 in
2432 4296 2534 4349 qua
2568 4281 2721 4335 tinea-
2739 4296 2844 4336 non
2870 4280 2995 4335 facit
3016 4282 3175 4335 ullam
3203 4283 3472 4337 libidinem
3501 4273 3698 4349 peccati-

2163 4368 2315 4424 Unde
2359 4370 2549 4424 anima:
2595 4370 2807 4436 dicitur,
2839 4370 2891 4424 in
2932 4370 3083 4439 cujus
3118 4380 3387 4440 potestate
3430 4370 3601 4425 datum
3633 4368 3707 4418 est

491 4454 655 4519 cedit,
686 4460 741 4507 et
776 4462 964 4521 regnat
992 4462 1211 4522 propter
1235 4455 1514 4508 veritatem
1546 4471 1559 4506 :
1590 4463 1808 4524 propter
1834 4454 1973 4509 hanc
1999 4456 2066 4509 de
2094 4463 2143 4520 D
2168 4472 2361 4526 corpus
2391 4475 2403 4509 :
2439 4457 2592 4521 Audi,
2626 4455 2752 4521 lilia,
2784 4467 2841 4512 et
2866 4458 3005 4522 vide,
3037 4459 3229 4513 inclina
3263 4474 3448 4515 aurem
3476 4468 3608 4513 tuam
3635 4451 3705 4508 his

490 4545 632 4601 cmlo
659 4543 952 4607 descendit,
984 4543 1107 4611 quia
1133 4543 1367 4612 perierat
1387 4558 1416 4595 a
1446 4541 1566 4597 ﬁliis
1594 4544 1867 4597 hominum
1898 4561 1910 4596 :
1940 4559 2069 4613 pro-

495 4645 615 4707 pter
640 4636 778 4691 banc
819 4633 1047 4704 procede
1067 4676 1079 4697 ,
1112 4641 1166 4689 et
1191 4648 1353 4702 regna
1383 4643 1601 4705 propter
1628 4635 1927 4689 veritatem.
1958 4634 2069 4690 Nec

490 4724 667 4781 solum
695 4733 915 4795 propter
940 4725 1247 4791 veritatem,
1279 4725 1375 4779 sed
1412 4734 1463 4779 ct
1502 4734 1721 4794 propter
1759 4734 2068 4780 mansuetu-

493 4814 696 4883 dinem,
726 4825 782 4871 et
809 4824 1026 4886 propter
1058 4814 1317 4883 justitiam
1349 4813 1580 4870 Trinitas
1606 4824 1810 4883 regnat.
1851 4814 1956 4870 Pro
1985 4816 2068 4871 his

494 4909 668 4964 tribus
693 4909 973 4978 speciebus
995 4908 1047 4961 in
1075 4905 1307 4974 Christo,
1339 4916 1558 4977 propter
1583 4909 1883 4971 veritatem,
1908 4905 2068 4961 Pater

498 4997 739 5051 veritatis
767 5004 868 5051 est.
902 4994 1131 5066 Propter
1147 4997 1606 5052 mansuetudinem
1637 4995 1826 5061 Filius,
1850 4997 1936 5067 qui
1956 4997 2069 5049 exi-

499 5086 694 5141 nanivit
728 5085 969 5157 seipsum,
999 5093 1053 5140 et
1080 5102 1199 5142 cum
1237 5095 1379 5142 esset
1413 5087 1632 5156 aequalis
1661 5085 1823 5151 Patri,
1847 5089 2069 5158 formam

497 5176 630 5231 servi
658 5176 875 5246 suscepit
899 5173 1061 5247 (Phil.
1094 5176 1172 5247 ιι),
1201 5176 1256 5231 in
1283 5191 1387 5245 qua
1412 5176 1688 5245 Speciosus
1718 5175 1981 5245 apparuit,
2014 5184 2068 5229 et

499 5274 719 5337 propter
740 5266 996 5335 justitiam
1020 5266 1135 5335 ejus
1154 5266 1381 5336 Spiritus
1408 5275 1653 5333 sanctus;
1676 5267 1753 5322 sic
1779 5268 1920 5321 enim
1942 5267 2071 5321 dicit

499 5356 571 5413 ad
593 5355 854 5412 Joannem
882 5371 1002 5412 cum
1031 5356 1421 5427 baptizaretur,
1453 5354 1541 5410 Sic
1568 5356 1711 5410 decet
1742 5372 1833 5411 nos
1860 5357 2070 5424 implere

498 5462 703 5503 omnem
721 5446 975 5519 justitiam
995 5446 1208 5514 (Matth.
1239 5446 1336 5515 m).
1371 5442 1439 5499 Et
1456 5446 1539 5501 his
1567 5446 1722 5501 dictis
1749 5446 1919 5515 aperti
1948 5453 2072 5500 sunt

500 5538 622 5593 creti
636 5571 653 5597 ,
675 5544 731 5590 et
754 5537 807 5590 in
833 5538 1010 5606 specie
1031 5535 1287 5591 columbm
1310 5535 1454 5591 venit
1476 5535 1528 5591 in
1556 5550 1676 5590 eum
1698 5534 1927 5606 Spiritus
1947 5547 2073 5590 san-

500 5635 648 5689 ctus,
668 5623 795 5680 Post
821 5627 932 5679 hinc
959 5625 1177 5680 deduxit
1200 5640 1321 5680 eum
1352 5625 1662 5679 mirabiliter
1689 5625 1909 5680 dextera
1932 5624 2068 5693 ejus,

2167 4545 2360 4610 verbis,
2393 4554 2449 4600 ut
2476 4546 2806 4602 obliviscaris
2828 4549 3103 4617 populum,
3135 4549 3186 4602 id
3214 4556 3314 4614 est,
3344 4548 3576 4618 exempla
3592 4556 3705 4614 pce-

2167 4639 2422 4699 cautium,
2468 4644 2523 4691 et
2560 4637 2777 4692 domum
2821 4640 2989 4709 patris
3020 4641 3122 4701 tui,
3158 4639 3208 4693 id
3245 4650 3352 4704 est,
3385 4639 3705 4693 imitationem

2168 4727 2296 4780 Adze
2326 4727 2494 4797 patris
2524 4726 2597 4780 tui
2640 4729 2929 4783 secundum
2959 4745 3192 4784 carnem.
3226 4729 3401 4796 Quare
3437 4728 3566 4784 hoc?
3588 4724 3707 4792 Qui!

2168 4815 2473 4885 concupi'it
2516 4831 2609 4867 rex
2657 4815 2906 4872 decorem
2952 4826 3116 4871 tuum.
3167 4818 3296 4885 Quis
3345 4819 3445 4874 iste
3483 4832 3567 4870 rex
3610 4810 3711 4868 est?

2169 4905 2337 4972 Quem
2383 4904 2625 4968 adorant,
2668 4906 2855 4975 inquit,
2900 4907 3017 4960 filim
3065 4906 3187 4978 Tyri
3217 4909 3268 4962 in
3310 4907 3626 4962 muneribus.
3663 4897 3713 4953 Si

2169 4996 2309 5049 enim
2355 4992 2552 5067 Tyrus,
2583 5010 2701 5064 qur.
2736 4998 3156 5064 superstitiosior
3194 4998 3401 5052 ceteris
3436 4993 3714 5052 civitatibus

2169 5100 2381 5154 semper
2410 5083 2523 5148 fuit,
2556 5084 2645 5137 dat
2672 5084 2958 5140 adorantes
2986 5088 3190 5140 animas
3235 5086 3480 5143 Christo.
3522 5093 3573 5140 ct
3609 5097 3712 5137 tnu-

2170 5190 2299 5229 nera
2327 5172 2632 5239 oﬁ‘erentes,
2661 5187 2860 5244 quanto
2890 5177 3056 5245 magis
3086 5178 3285 5235 vultum
3309 5177 3424 5246 ejus
3443 5175 3715 5231 adorabunt

2173 5282 2360 5323 omnes
2381 5266 2569 5322 divites
2594 5267 2800 5337 plebis?
2827 5266 2967 5324 Sane
2995 5268 3219 5338 gloriam
3248 5283 3457 5327 omnem
3495 5278 3643 5336 quam
3671 5261 3715 5314 in

2174 5357 2396 5425 gemmis
2423 5358 2618 5426 reginae
2661 5356 3040 5412 circumferunt
3084 5357 3410 5415 extrinsecus
3454 5356 3521 5411 ad
3548 5352 3717 5409 viden-

2178 5445 2301 5499 dum
2347 5445 2669 5507 hominibus,
2713 5447 2798 5501 hic
2838 5461 3048 5501 omnem
3075 5447 3297 5516 gloriam
3348 5445 3463 5500 illita
3504 5442 3637 5512 regis
3662 5437 3721 5492 ab

2179 5537 2320 5591 intus
2348 5548 2466 5592 esse
2503 5536 2617 5593 vult
2654 5537 2707 5592 in
2736 5538 3098 5608 penetralibus
3125 5538 3347 5601 mentis;
3369 5538 3436 5594 ibi
3481 5550 3593 5591 eam
3621 5527 3720 5584 vult

2183 5627 2234 5681 in
2283 5626 2504 5681 ﬁmbriis
2558 5628 2733 5681 aureis
2788 5626 3104 5683 circumdari
3158 5628 3410 5683 varietate
3462 5626 3718 5680 virtutum-

3839 2608 3841 2669 ι

3841 2680 3843 2735 ι

3844 2752 3845 2789 ι

3846 2824 3847 2855 ι
