3908 6176
232 313 331 367 339

1114 315 1582 370 COMMENTARII
1624 316 1687 370 ΙΝ
1727 315 2054 371 PSALMOS.
2099 315 2288 373 PSAL.
2332 319 2530 375 XLVII.

3379 331 3487 393 590

233 432 377 484 Tunc
405 429 734 482 adducentur
764 428 1024 498 virgines,
1058 431 1359 502 incorrupta
1405 432 1564 496 lides,
1596 432 1801 501 patien-
1830 437 1876 494 Α
1905 446 2090 486 eorum
2119 442 2432 499 conteram,
2465 442 2518 486 et
2558 449 2704 489 arma
2754 451 2939 492 eorum
2986 442 3340 513 confringant.
3381 449 3482 515 Qui

231 523 318 584 tia,
347 520 650 590 prudentia,
681 528 735 574 et
765 521 1020 590 proximae
1048 538 1230 576 earum
1260 524 1587 578 adducentur
1625 524 1676 577 in
1709 523 1801 577 la:-

229 612 391 665 titiam
420 619 477 665 et
496 610 901 664 exsultationem
921 650 934 673 ,
960 619 1018 664 ut
1047 612 1246 666 intrent
1275 614 1326 666 in
1358 614 1612 682 templum
1641 614 1800 680 regis.

230 702 322 760 Ubi
352 718 449 771 pro
477 701 755 756 duodecim
793 703 1106 771 patriarcbis
1137 705 1246 757 nati
1285 714 1409 758 sunt
1438 704 1549 758 Deo
1578 705 1667 757 lilii
1711 705 1801 759 alii

226 793 534 856 duodecim,
585 807 720 860 quos
767 793 1041 846 constituit
1088 795 1355 863 principes
1399 793 1591 860 Jesus,
1641 811 1802 864 super

225 883 438 940 omnem
463 892 658 937 terram
689 900 958 938 memores
988 887 1217 939 nominis
1251 888 1332 940 sui
1364 888 1414 940 in
1445 889 1590 941 omni
1617 898 1794 956 gente,

223 991 333 1027 cum
364 974 444 1026 eis
469 973 697 1037 diceret,
724 973 995 1042 Baptizate
1023 969 1199 1029 omnes
1227 987 1403 1047 gentes
1435 977 1626 1049 (Marc.
1660 979 1792 1046 xw).

225 1064 506 1133 Propterea
550 1066 730 1134 populi
763 1066 1084 1120 conlitentur
1111 1067 1224 1122 Deo
1265 1070 1316 1122 in
1343 1081 1632 1136 aeternum,
1661 1080 1714 1125 et
1743 1071 1795 1124 in

223 1156 390 1209 omnia
419 1154 612 1208 saecula
635 1155 969 1208 szeculorum.
996 1157 1188 1210 Amen.

750 1287 1062 1343 PSALMUS
1101 1288 1258 1344 XLV.

510 1401 566 1457 In
598 1404 757 1459 linem
789 1405 908 1460 ﬁliis
937 1407 1111 1462 Cbore
1135 1426 1231 1478 pro
1261 1410 1488 1464 arcanis.

283 1513 414 1568 Deus
445 1526 620 1569 noster
648 1519 899 1587 refugium
928 1528 977 1571 et
1005 1522 1159 1573 virtus
1179 1561 1194 1584 ,
1225 1521 1435 1590 adjator
1481 1522 1532 1573 in
1573 1520 1792 1573 tribula-

218 1610 424 1661 tionibus
473 1625 589 1680 qua:
636 1611 938 1664 invenerunt
985 1629 1076 1666 nos
1132 1615 1305 1665 nimis.
1359 1612 1642 1682 Propterea
1689 1630 1793 1665 non

216 1698 487 1752 timebimus
521 1699 641 1752 dum
673 1699 954 1753 turbabitur
986 1711 1136 1764 terra,
1167 1712 1214 1754 et
1245 1704 1619 1772 transferentur
1645 1719 1791 1755 mon-

1904 526 2007 582 hoc
2036 527 2270 584 faciunt?
2299 533 2388 600 qui
2417 541 2609 587 vacant
2638 535 2704 588 ab
2740 535 2986 589 omnibus
3015 535 3196 590 mundi
3237 539 3398 605 curis,
3429 550 3484 594 et

1901 619 2085 673 vident
2105 623 2359 688 quoniam
2392 625 2504 692 ipse
2533 634 2615 678 est
2635 623 2775 680 Deus
2803 628 2892 696 qui
2921 635 3143 695 negatur
3163 644 3191 682 a
3213 630 3480 697 gentibus.

1901 711 1989 777 qui
2021 726 2049 763 a
2079 710 2274 766 Jndu'tis
2303 716 2647 782 cruciligitur,
2678 717 2764 770 hic
2801 727 3044 772 nostrum
3079 718 3362 788 refugium,
3394 722 3482 776 hic

1901 809 2084 853 nostra
2116 802 2300 866 virtus,
2334 805 2419 858 hic
2449 815 2630 858 noster
2657 807 2887 874 adjutor,
2920 809 3007 862 hic
3035 808 3174 863 Deus
3201 812 3476 876 virtutum,

1900 892 1987 946 hic
2028 904 2308 963 susceptor
2354 907 2536 949 noster
2562 907 2662 961 est,
2705 899 2794 965 qui
2825 908 2906 952 est
2930 901 3090 953 etiam
3131 900 3270 954 Deus
3313 901 3481 957 Jacob

1898 997 2127 1050 regnans
2155 1001 2274 1040 cum
2306 985 2464 1040 Patre
2494 996 2548 1041 et
2571 987 2770 1056 Spiritu
2800 998 2988 1042 sancto
3009 1006 3151 1044 nunc
3171 1000 3224 1045 et
3244 1007 3475 1060 semper,

1898 1082 1953 1125 et
1973 1074 2024 1127 in
2055 1077 2234 1130 omnia
2257 1077 2447 1131 sarcula
2479 1083 2813 1132 seculorum.
2850 1079 3037 1132 Amen.

2416 1207 2731 1266 PSALMUS
2769 1210 2952 1266 XLVI.

2072 1318 2127 1372 ln
2161 1318 2314 1373 ﬁnem
2345 1337 2441 1390 pro
2474 1322 2594 1375 liliis
2619 1321 2815 1388 Chorc,
2849 1325 3083 1392 psalmus
3104 1324 3289 1379 David.

1968 1429 2160 1483 Omnes
2189 1443 2361 1502 gentes
2383 1435 2612 1502 plaudite
2632 1434 2885 1498 manibus,
2910 1436 3130 1505 jubilate
3151 1436 3261 1490 Deo
3283 1439 3334 1490 in
3360 1453 3476 1492 eoae

1891 1523 2272 1576 exsultationis.
2310 1523 2566 1586 Quoniam
2617 1526 2866 1580 Dominus
2915 1529 3166 1591 excelsus,
3211 1529 3472 1593 terribilis,

1891 1630 1984 1666 res:
2027 1632 2242 1685 magnus
2284 1633 2434 1687 super
2481 1635 2682 1671 onmem
2731 1630 2937 1673 terram.
2985 1619 3215 1690 Subjecit
3262 1622 3474 1691 populos

1892 1705 2056 1766 nobis,
2090 1715 2136 1757 et
2165 1719 2338 1775 gentes
2368 1707 2458 1760 sub
2498 1708 2709 1778 pedibus
2739 1713 2952 1764 nostris.
2987 1711 3157 1782 Elegit
3195 1712 3342 1765 nobis
3371 1713 3477 1766 lite-

215 1800 278 1842 tes
321 1791 373 1842 in
421 1806 516 1842 cor
561 1793 738 1843 maris.
787 1790 1079 1845 Sonuerunt
1127 1803 1174 1845 et
1217 1792 1438 1846 turbata:
1485 1804 1603 1846 sunt
1641 1809 1788 1864 (ir/ate
1820 1793 1866 1850 Β
1893 1795 2158 1847 retliiatem
2184 1801 2575 1864 suam,speciem
2605 1799 2766 1852 Jacob
2809 1817 2958 1871 quam
2990 1802 3189 1854 dilexit.
3235 1804 3477 1858 Ascendit

213 1899 391 1942 eorum,
417 1881 712 1936 conturbati
734 1895 853 1936 sunt
880 1893 1076 1937 montes
1099 1887 1150 1938 in
1178 1887 1477 1955 fortitudine
1504 1887 1634 1956 ejus.
1669 1887 1793 1940 Flu-

214 1975 355 2026 minis
384 1975 608 2042 impetus
639 1975 866 2044 lwtiﬁcat
895 1977 1150 2029 civ-itarem
1177 1977 1303 2042 Dei,
1335 1980 1676 2048 sancti/ienuit
1708 1989 1789 2031 ta-

213 2062 534 2116 bernaculum
561 2082 708 2117 suum
745 2067 1058 2120 Altissimus.
1094 2066 1230 2122 Deus
1260 2071 1313 2122 in
1356 2071 1521 2124 medio
1549 2072 1660 2140 ejus
1687 2089 1790 2125 non

211 2155 632 2215 commovebitur,
686 2156 952 2225 adjuvabit
989 2174 1102 2210 eam
1154 2160 1284 2212 Deus
1337 2177 1489 2214 mane
1543 2162 1786 2216 diluculo.

209 2243 534 2298 Conturbatee
557 2256 679 2298 sunt
704 2258 895 2317 gentes,
928 2258 974 2300 et
1002 2249 1257 2302 inclinata
1283 2261 1404 2303 sunt
1433 2269 1613 2321 regna,
1651 2253 1790 2305 dedit

209 2356 365 2392 rorem
393 2357 566 2403 suam,
598 2351 737 2395 motu
761 2352 836 2395 est
866 2353 1022 2395 terra.
1061 2343 1310 2398 Dominus
1340 2347 1581 2399 virtutum
1611 2347 1788 2399 nobis-

209 2448 337 2496 cum,
369 2443 639 2500 susceptor
681 2444 854 2487 noster
899 2433 1040 2489 Deus
1077 2435 1258 2488 Jacob.
1317 2437 1493 2490 Venire
1537 2447 1585 2490 et
1627 2438 1790 2492 videte

207 2540 348 2592 opera
377 2523 616 2586 Domini,
639 2540 751 2595 qua:
786 2527 952 2587 posuit
981 2527 1217 2596 prodigia
1247 2544 1400 2597 super
1436 2539 1645 2588 terram,
1689 2546 1788 2581 au-

208 2616 359 2683 ferent
402 2614 540 2666 beila
580 2631 734 2685 usque
763 2615 830 2668 ad
869 2617 1026 2685 ﬁnem
1069 2627 1239 2670 terres.
1269 2618 1458 2670 Arcum
1489 2629 1714 2673 conteret
1739 2629 1789 2674 et

205 2707 485 2775 confringet
524 2723 692 2768 arma,
737 2716 784 2759 et
825 2718 969 2761 scuta
1016 2709 1277 2763 comburet
1316 2712 1444 2781 igni.
1501 2712 1691 2766 Vacate
1737 2722 1785 2768 et

205 2797 369 2858 ridete,
401 2799 651 2866 quoniam
694 2816 788 2869 ego
811 2817 921 2853 sum
953 2801 1111 2866 Deus,
1145 2803 1417 2857 exaltubor
1443 2805 1496 2857 in
1529 2805 1778 2875 gentibus,

203 2894 244 2936 et
289 2885 566 2940 exaltabor
609 2890 660 2940 in
708 2899 866 2943 terra.
915 2892 1166 2947 Dominus
1211 2895 1452 2949 virtutum
1496 2897 1779 2964 nobiscum,

203 2987 458 3048 susceptor
487 2990 661 3034 noster
683 2981 823 3036 Deus
851 2982 1034 3037 Iacob.

759 3092 1193 3135 COMlll-ZNTARIU-lll.

1891 1885 2030 1953 Deus
2061 1889 2114 1940 in
2137 1887 2324 1958 jubilo,
2352 1901 2400 1942 et
2430 1889 2679 1945 Dominus
2709 1894 2760 1945 in
2791 1909 2910 1946 voce
2938 1893 3090 1948 tubae.
3122 1894 3341 1949 Psallite
3369 1894 3478 1950 Deo

1890 1991 2096 2046 nostro,
2145 1984 2352 2051 psallite
2397 1984 2502 2053 regi
2552 1995 2758 2049 nostra,
2807 1986 3031 2054 psallite.
3084 1984 3342 2049 Quoniam
3386 2003 3477 2040 re:

1854 2109 1856 2111 ›
1891 2073 2056 2124 omnis
2101 2081 2255 2125 terra:
2297 2072 2468 2137 Deus,
2501 2075 2708 2142 psallite
2733 2077 3011 2145 sapienter.
3057 2075 3312 2146 Regnabit
3341 2076 3476 2130 Deus

1890 2179 2043 2232 super
2069 2174 2261 2232 gentes,
2296 2163 2435 2218 Deus
2466 2165 2608 2217 sedet
2649 2182 2800 2234 super
2839 2166 3009 2219 sedem
3051 2177 3281 2220 sanctam
3309 2184 3475 2222 suam.

1891 2250 2163 2321 Prineipes
2192 2255 2496 2322 populorum
2526 2257 2823 2324 congregati
2860 2266 2978 2308 sunt
3008 2273 3121 2309 cum
3160 2257 3267 2310 Deo
3307 2259 3476 2310 Abra-

1890 2339 2033 2406 Itam,’
2088 2344 2332 2413 quoniam
2381 2344 2453 2395 dii
2508 2345 2668 2414 fortes
2724 2353 2872 2396 terra:
2923 2346 3243 2398 uehementer
3294 2345 3476 2400 elevati

1889 2440 2027 2485 sunt.

2457 2519 2890 2558 COMHENTABIUM.

1959 2610 2156 2667 Omnes
2185 2621 2390 2679 gentes,
2422 2613 2658 2682 plaudite
2689 2615 2952 2668 manibus.
2985 2613 3132 2667 Sicut
3162 2615 3214 2668 in
3245 2615 3476 2672 adventu

1886 2704 2083 2758 diaboli
2115 2706 2364 2759 omnibus
2394 2706 2640 2772 gentibus
2679 2705 2927 2774 planctus
2957 2707 3187 2760 indictus
3220 2714 3304 2760 cst
3330 2724 3341 2758 :
3382 2722 3475 2760 au-

1886 2797 2116 2850 divimus
2147 2797 2286 2851 enim
2317 2813 2505 2851 vocem
2536 2799 2602 2851 de
2631 2798 2770 2851 coelo
2809 2798 3096 2859 dicentem,
3135 2798 3224 2853 Va’
3253 2807 3403 2854 terra:
3428 2808 3474 2868 et

1885 2888 2037 2952 muri,
2070 2889 2190 2958 quia
2220 2889 2482 2958 projecms
2518 2897 2594 2941 est
2625 2889 2859 2944 diabolus
2897 2891 2967 2942 ad
2991 2906 3079 2942 cos
3119 2890 3299 2961 (Apoc.
3333 2892 3427 2959 xu)
3454 2909 3469 2958 ;

1885 2977 1959 3030 ita
1991 2978 2043 3031 in
2074 2979 2306 3032 adventu
2337 2979 2544 3031 Domini
2575 2978 2721 3044 Jesu,
2753 2981 2803 3032 in
2837 2994 2967 3034 voce
2995 2981 3369 3035 exsultationis
3389 2981 3473 3035 di-

1883 3068 2024 3122 citur
2052 3085 2063 3120 :
2093 3066 2291 3122 Omnes
2321 3077 2527 3136 gentes,
2559 3069 2792 3137 plaudite
2840 3070 3107 3135 manibus,
3140 3069 3284 3125 Deus
3332 3073 3476 3125 enim

262 3165 488 3232 Quando
521 3168 570 3222 in
613 3169 861 3240 Iacrymis
885 3180 939 3224 et
980 3171 1032 3224 in
1063 3173 1224 3224 animi
1259 3173 1602 3228 tribulatione
1630 3174 1778 3230 fude-

1887 3173 2144 3222 summus,
2188 3157 2328 3211 Deus
2359 3158 2629 3222 terribilis,
2662 3160 2752 3228 qui
2783 3168 2865 3213 est
2897 3175 3120 3229 magnus
3159 3175 3322 3230 super
3361 3177 3474 3216 om-

202 3259 264 3311 ris
291 3260 596 3313 orationem
626 3258 757 3322 Deo,
791 3275 1012 3315 securus
1059 3271 1197 3325 esto,
1230 3265 1374 3331 quod
1421 3265 1561 3319 Deus
1603 3267 1696 3320 tibi
1727 3276 1782 3321 et

202 3350 451 3417 refugium
494 3348 581 3414 ﬁt,
628 3362 680 3404 et
722 3352 888 3404 virtus
935 3352 1181 3406 efﬁcitur.
1227 3353 1420 3421 incipis
1451 3370 1556 3407 non
1589 3356 1778 3410 timere

202 3441 310 3495 dum
339 3444 698 3498 conturbatur
727 3452 866 3498 terra
899 3446 1141 3514 corporis
1171 3446 1264 3498 tui.
1289 3445 1421 3512 Quia
1446 3448 1777 3502 transferun-

203 3541 277 3586 tur
301 3536 775 3603 montes,npostoli
803 3535 1036 3601 Domini,
1069 3538 1404 3591 altitudinem
1440 3538 1554 3606 ejus
1585 3539 1775 3608 praedi-

204 3633 385 3679 cantes.
423 3625 530 3694 Ipsi
563 3626 954 3681 transferuntur
998 3629 1051 3682 in
1079 3627 1240 3683 corde
1279 3630 1468 3692 maris,
1504 3630 1556 3684 in
1585 3632 1777 3684 menti-

204 3713 288 3768 bus
315 3717 494 3770 saaculi
526 3717 857 3780 ﬂuctuantis;
882 3721 1223 3786 quantumvis
1255 3731 1450 3776 sonent
1475 3731 1528 3776 et
1559 3723 1776 3777 turben-

203 3813 279 3860 tur
305 3823 456 3877 aquze
485 3807 620 3876 ejus,
650 3819 703 3862 et
731 3811 1119 3864 conturbentur
1146 3812 1308 3866 etiam
1337 3813 1435 3883 ipsi
1467 3823 1697 3879 montes,
1725 3813 1774 3868 id

202 3909 294 3964 est,
322 3902 644 3970 apostoli.in
689 3901 1000 3956 fortitudine
1029 3902 1164 3970 ejus,
1203 3903 1255 3957 id
1296 3913 1398 3966 est,
1443 3905 1494 3957 in
1524 3906 1775 3974 passione

202 3992 322 4059 eius,
351 3993 636 4063 quantavis
658 4003 875 4062 peccata
904 3995 1012 4048 sint
1038 4009 1156 4062 qua:
1195 3997 1511 4050 conturbent
1545 3997 1769 4059 animas,

202 4094 250 4136 et
273 4087 680 4155 praedicantibus
705 4087 983 4155 apostolis,
1015 4087 1068 4140 bi
1091 4089 1181 4155 qui
1223 4096 1561 4156 peccatorum
1591 4087 1776 4159 oppri-

204 4184 403 4231 muntur
427 4178 757 4232 conscientia
779 4217 795 4240 ,
835 4177 1184 4244 tribulentur;
1216 4194 1350 4232 unus
1393 4179 1620 4248 impetus
1647 4179 1770 4234 Jor-

203 4267 338 4322 danis
365 4269 456 4322 dat
483 4269 763 4323 remissam
805 4278 1177 4338 peccatorum,
1211 4279 1267 4324 et
1308 4269 1541 4325 lartilicat
1584 4272 1771 4326 civita-

203 4365 298 4411 tein
325 4358 436 4424 Dei,
465 4375 592 4415 cum
633 4360 930 4414 sanctiﬁcat
969 4362 1365 4415 tabernaculum
1409 4365 1652 4427 corporis
1694 4365 1768 4420 tui

201 4447 412 4517 Spiritus
438 4460 674 4506 sanetus.
709 4451 847 4505 Dens
871 4451 981 4519 jam
1021 4452 1072 4505 in
1103 4459 1156 4508 te
1185 4468 1290 4508 non
1321 4457 1764 4522 commovebitur,

1887 3265 2008 3303 nem
2057 3258 2286 3315 terram,
2320 3252 2404 3304 hic
2449 3250 2677 3318 subjecit
2723 3243 2958 3321 populos
2998 3255 3171 3307 nobis.
3207 3252 3318 3308 Hoc
3346 3271 3478 3324 apo-

1883 3341 2008 3394 stoli
2052 3340 2236 3395 dicunt
2267 3360 2278 3393 :
2312 3342 2552 3409 Subjecit
2581 3342 2808 3410 populos
2857 3343 3032 3407 nobis,
3065 3351 3119 3396 et
3160 3353 3346 3410 gentes
3374 3345 3476 3398 sub

1883 3432 2109 3499 pedibus
2158 3433 2375 3485 nostris.
2427 3431 2652 3496 Quando
2699 3433 2802 3486 hoc
2849 3431 3008 3485 fecit?
3049 3433 3276 3496 Quando
3315 3433 3476 3500 elegit

1883 3525 2038 3577 nobis
2092 3525 2460 3578 btereditatem
2517 3538 2666 3577 suam
2717 3525 2769 3577 in
2819 3524 2996 3593 specie
3039 3523 3254 3590 Mari-.e,
3310 3539 3470 3593 quam

1881 3615 2070 3669 dilexit
2099 3615 2329 3684 Spiritus
2359 3623 2608 3670 sanctus.
2653 3623 2777 3669 tunc
2806 3615 3044 3668 ascendit
3076 3616 3127 3670 in
3158 3618 3386 3687 strepitu
3416 3627 3472 3672 et

1880 3709 1932 3763 in
1966 3723 2096 3763 voce
2126 3708 2284 3761 tubm.
2320 3707 2561 3761 Herodes
2593 3709 2850 3774 turbatur,
2883 3717 3130 3778 pastores
3161 3695 3465 3776 terrentur,

1879 3801 2020 3869 magi
2068 3801 2291 3868 fugiunt,
2329 3801 2556 3854 infantes
2604 3800 2938 3866 occiduntur,
2991 3801 3166 3868 angeli
3213 3801 3466 3871 psallunt,

1880 3891 2119 3946 dicentes
2153 3910 2164 3944 :
2203 3890 2379 3946 Gloria
2412 3891 2521 3946 Deo
2543 3895 2594 3945 in
2622 3893 2872 3956 excelsis;
2904 3893 2994 3961 qui
3024 3891 3208 3946 dicunt
3237 3893 3470 3961 pastori-

1878 3985 2002 4049 bus,
2030 3987 2152 4054 quia
2185 4000 2311 4039 eccc
2337 3995 2524 4052 regnat
2543 3984 2685 4039 Deus
2713 3999 2877 4054 super
2897 3999 3083 4039 omnes
3106 3993 3310 4052 gentes,
3330 3982 3476 4038 Deus-

1876 4077 2027 4132 sedet
2054 4093 2218 4146 super
2245 4077 2428 4131 sedem
2461 4085 2700 4131 sanctam
2730 4091 2902 4131 suam.
2939 4075 2995 4129 Si
3025 4077 3181 4130 sedes
3211 4077 3326 4144 ejus
3352 4077 3466 4130 ubi.

1877 4185 2087 4240 cunque
2135 4170 2413 4237 virginitas
2459 4169 2659 4223 illibata
2708 4170 2896 4232 fuerit,
2947 4177 3148 4236 quanto
3197 4169 3366 4236 magis
3414 4169 3465 4223 in

1875 4258 2078 4312 Maria?
2109 4257 2384 4327 Principes
2431 4257 2751 4328 populorum
2793 4264 3157 4312 convenerunt
3203 4272 3324 4310 cum
3353 4255 3470 4312 Deo

1875 4352 2164 4406 Abraham.
2216 4349 2492 4419 Principes
2531 4351 2636 4406 hoc
2682 4350 2802 4404 loco
2851 4348 3070 4417 angelos
3111 4348 3340 4414 indicat,
3372 4349 3464 4417 qui

1875 4458 1994 4498 cum
2025 4442 2136 4497 Deo
2167 4442 2439 4496 Abraham
2470 4441 2536 4495 ad
2565 4441 2786 4495 Mariam
2813 4447 3217 4503 convenerunt,
3249 4440 3467 4510 quando

203 4516 308 4594 cum
347 4543 561 4611 adjuvat
596 4543 827 4598 animam
870 4516 1013 4596 illam
1055 4543 1197 4598 Deus
1237 4554 1461 4614 aspectu
1507 4563 1623 4601 suo.
1794 4516 1849 4576 Β
1873 4535 2096 4603 gloriam
2124 4535 2455 4588 cecinerunt.
2492 4531 2560 4586 Ul
2587 4530 2713 4601 quid
2745 4539 2923 4585 autem
2955 4538 3113 4584 natus
3142 4529 3210 4583 Sil.
3240 4543 3334 4583 rex
3357 4543 3468 4582 ma-

203 4630 358 4688 brzeus
378 4635 504 4692 dicit
538 4653 549 4688 :
584 4634 862 4702 Adjuvavit
896 4650 1016 4688 eum
1059 4633 1200 4690 Dens
1233 4652 1392 4691 mane
1419 4638 1680 4705 diluculo,
1714 4639 1767 4693 id

202 4731 407 4779 estcum
433 4727 671 4780 tenebras
719 4735 1059 4794 peccatorum
1098 4741 1194 4795 per
1233 4725 1463 4782 ﬂuminis
1511 4731 1766 4800 impetum

205 4817 523 4882 transierint,
566 4816 737 4882 Deus,
768 4817 860 4885 qui
892 4817 981 4870 lux
1011 4825 1118 4882 est,
1152 4817 1362 4871 initium
1411 4818 1545 4874 lucis
1591 4820 1682 4874 dat
1711 4821 1764 4876 in

204 4916 286 4957 cor
310 4908 438 4974 ejus,
468 4915 524 4962 et
553 4907 772 4976 adjuvat
800 4922 939 4972 eam,
966 4907 1016 4960 id
1047 4915 1146 4972 est,
1189 4911 1420 4963 animam
1448 4925 1569 4978 qua:
1588 4910 1716 4965 dicit
1745 4929 1760 4964 :

203 4989 436 5052 Dominus
464 4999 720 5052 virtutum
751 4999 1055 5062 nobiscum,
1087 5008 1369 5070 susceptor
1414 5010 1596 5056 noster
1623 5001 1766 5058 Deus

203 5084 868 5158 Jacab;quantumcuuque
895 5093 1285 5146 conturbantur
1311 5101 1518 5160 gentes,
1564 5094 1616 5148 id
1662 5103 1762 5160 est,

205 5174 328 5230 idola
356 5180 610 5245 colentes,
629 5179 884 5235 adversus
911 5191 1175 5253 martyres
1203 5181 1444 5241 Domini:
1471 5193 1763 5252 quantum-

203 5267 273 5322 vis
298 5269 609 5327 inclinentur
636 5285 799 5340 regna
829 5273 895 5327 ad
942 5275 1371 5343 persecutionem
1418 5291 1623 5342 eorum,
1671 5278 1764 5332 dat

203 5371 371 5414 vocem
395 5361 874 5417 suam.Altissimus
904 5363 954 5417 in
985 5363 1146 5418 corde
1168 5380 1374 5430 eorum,
1407 5372 1460 5419 et
1489 5366 1560 5419 ita
1586 5383 1762 5423 move-

205 5457 280 5502 tur
297 5458 426 5506 terra
455 5453 698 5524 corporis
727 5466 934 5517 eorum,
965 5463 1024 5507 ut
1050 5455 1262 5523 penitus
1291 5467 1393 5508 non
1434 5456 1645 5510 timeant
1671 5473 1756 5512 eos

203 5542 277 5610 qui
311 5547 536 5598 occidunt
570 5559 760 5616 corpus
799 5561 818 5598 :
868 5546 1104 5597 timentes
1151 5553 1322 5599 autem
1362 5545 1534 5611 illum,
1586 5546 1672 5618 qui
1710 5556 1759 5600 et

204 5631 406 5688 animam
449 5643 498 5690 et
537 5651 722 5708 corpus
767 5642 931 5707 potest
975 5635 1190 5702 perdere
1231 5636 1285 5690 in
1335 5637 1638 5707 gehennam.
1682 5636 1756 5690 Ita

209 5733 527 5782 contemnunt
553 5729 758 5784 animas
786 5743 993 5795 eorum,
1026 5735 1083 5782 ut
1107 5727 1441 5795 passionibus
1470 5729 1580 5781 suis
1603 5743 1758 5782 arcus

1872 4639 2034 4694 gnus,
2085 4633 2140 4678 et
2186 4633 2242 4678 ut
2292 4623 2419 4693 quid
2467 4631 2834 4677 convenerunt
2879 4622 3148 4691 principes
3190 4635 3309 4673 cum
3350 4619 3465 4675 Deo

1870 4719 2157 4781 Abraham,
2193 4717 2492 4770 audiamus.
2524 4714 2668 4778 Ideo,
2697 4714 2884 4781 inquit,
2917 4719 3304 4775 convenerunt,
3335 4711 3462 4779 quia

1869 4812 1938 4866 dii
1972 4811 2137 4865 fortes
2170 4819 2325 4864 terra:
2356 4811 2405 4863 in
2430 4806 2898 4876 saperstitionibus
2927 4805 3055 4866 suis,
3090 4813 3144 4856 et
3175 4805 3226 4856 in
3250 4804 3461 4873 templis

1868 4905 1980 4959 suis
2012 4903 2231 4971 nimium
2281 4901 2475 4956 elevati
2505 4880 2662 4960 sunt,
2693 4904 2751 4949 ut
2779 4896 2861 4949 his
2891 4894 3130 4963 expulsis
3179 4902 3342 4964 atque
3369 4895 3460 4949 de-

1861 4997 2039 5066 jectis,
2075 5001 2264 5063 regnet
2305 4991 2563 5044 Dominus
2609 4987 2764 5042 J‘esus
2791 4985 3036 5041 Christus
3078 5001 3248 5056 super
3273 4999 3458 5041 omnes

1867 5096 2052 5157 gentes
2082 5087 2132 5139 in
2158 5083 2349 5138 smcuia
2378 5081 2713 5135 saeculorum.
2748 5079 2938 5131 Amen.

2388 5195 2703 5272 asscitus
2739 5213 2944 5269 xcvu.

1991 5333 2235 5388 Psalmus
2261 5330 2456 5387 cantici
2487 5326 2608 5382 ﬁliis
2635 5326 2814 5382 Cbore
2843 5325 3076 5382 secunda
3105 5322 3335 5380 sabbati.

1936 5446 2159 5519 Magnus
2190 5443 2444 5498 Dominus
2473 5450 2521 5496 et
2542 5438 2817 5494 laudabilis
2848 5439 3017 5503 nimis,
3045 5437 3096 5488 in
3129 5435 3334 5488 ciuitate
3351 5427 3454 5485 Dei

1864 5542 2027 5596 nostri
2077 5541 2131 5593 in
2174 5547 2347 5592 monte
2392 5544 2570 5591 sancto
2618 5535 2745 5604 ejus.
2794 5529 3066 5584 Fundatur
3110 5525 3453 5580 exsultatione

1861 5635 2111 5688 universa
2160 5640 2309 5683 terra
2351 5641 2499 5681 mons
2546 5623 2695 5684 Sion,
2746 5622 2910 5676 latera
2957 5617 3226 5688 Aquilonis
3273 5613 3451 5668 civitas

1867 5731 1998 5798 regis
2036 5723 2232 5790 magni.
2273 5722 2402 5774 Deus
2444 5720 2494 5771 in
2529 5715 2764 5799 domibus
2805 5713 2914 5782 ejus
2958 5715 3288 5780 cognoscetur
3334 5720 3450 5756 cum
