3908 6176
191 360 285 420 893

1103 362 1574 421 COMMENTARH
1612 366 1681 422 1N
1720 366 2043 426 PSALMOS.
2088 371 2275 431 PSAL.
2319 375 2496 433 XLIX.

189 473 419 545 aperiens
445 471 495 525 in
524 469 781 542 psalterio
809 474 1234 543 propositionem
1255 491 1425 542 suam,
1458 478 1749 533 ostendens
1777 484 1821 540 Α
1853 480 1905 535 in
1951 493 2213 544 aeternum
2261 505 2367 545 non
2411 491 2614 549 videbit
2659 495 2857 555 lumen.
2924 502 3213 563 Servantes
3258 509 3438 569 autem

185 565 300 636 quid
343 563 629 619 timendum
660 564 729 618 sit
777 565 933 621 nobis
976 566 1030 621 in
1053 567 1139 622 die
1169 568 1327 622 mala.
1370 568 1448 626 Ne
1476 570 1749 641 iniquitas,

1856 574 2258 663 similitudinem
2289 581 2421 649 Dei,
2452 592 2505 640 et
2535 602 2640 642 non
2671 602 2735 644 ea
2764 591 3005 661 objecta,
3038 597 3438 663 similitudinem

186 658 371 725 inquit,
399 654 632 710 calcanei
673 654 971 710 circumdet
1000 673 1105 712 me.
1145 657 1203 711 in
1232 674 1292 714 se
1319 659 1480 725 dicit,
1522 660 1667 730 quod
1698 661 1754 720 in
1857 662 1909 716 in
1940 680 1999 720 se
2038 678 2385 735 peccatorum
2414 686 2687 732 sumentes
2709 720 2723 744 ,
2777 654 3087 742 revnient'ab
3129 654 3361 761 Oriente,

186 757 231 802 te
260 748 459 800 timeas.
499 743 796 801 Calcaneus
826 745 986 802 liuent
1014 750 1257 818 corporis
1283 760 1452 815 notat,
1485 751 1552 805 ad
1575 752 1750 821 ipsum

182 855 385 909 serpens
428 839 693 905 at'endit,
727 839 797 894 ibi
840 840 1139 895 insidiatur.
1194 842 1309 897 Hoc
1348 844 1521 899 solum
1552 845 1749 899 timen-

182 932 291 986 dum
320 939 399 985 est
425 930 675 985 omnibus
697 972 711 995 ,
764 947 831 986 ne
873 932 924 985 in
956 931 1061 986 line
1087 948 1187 988 suo
1217 933 1501 1004 iniquitate
1530 950 1626 989 sua
1656 951 1747 990 ca-

182 1024 394 1095 piantur.
433 1020 492 1077 ln
542 1037 651 1091 quo
698 1022 842 1076 enim
884 1038 1049 1092 opere
1076 1024 1196 1092 quis
1226 1025 1473 1080 inventus
1501 1025 1661 1081 fuerit
1689 1026 1746 1081 in

180 1112 288 1174 line,
319 1113 368 1165 in
408 1127 476 1165 eo
515 1112 617 1165 erit
648 1127 815 1179 usque
863 1113 914 1166 in
944 1114 1349 1183 sempiternum.
1414 1115 1524 1171 Vos
1563 1124 1781 1185 autem,

179 1205 255 1272 qui
282 1201 544 1257 conﬁditis
574 1203 624 1255 in
657 1203 853 1257 virtute
881 1214 1057 1258 vestra
1076 1243 1091 1268 ,
1131 1212 1185 1258 et
1226 1204 1279 1258 in
1310 1205 1635 1260 abundantia
1663 1206 1746 1260 di-

178 1294 403 1347 vitiarum
434 1292 736 1356 ul'n-iamini
756 1334 770 1357 ,
802 1294 906 1349 hoc
933 1294 1143 1357 sciatis,
1176 1294 1318 1363 quod
1349 1295 1525 1350 nullus
1551 1312 1650 1351 vos
1676 1296 1743 1351 ab

178 1386 371 1439 interitu
399 1384 660 1450 rediuat,
712 1400 816 1457 non
859 1395 1030 1454 pater,
1060 1402 1169 1440 non
1199 1386 1389 1450 mater,
1443 1387 1543 1442 nisi
1591 1388 1742 1444 homo

176 1473 389 1531 Christus
417 1474 605 1537 Jesus,
636 1476 723 1545 qui
762 1475 903 1529 dedit
940 1478 1162 1546 seipsum
1214 1476 1611 1548 redemptionem
1646 1497 1740 1551 pro

176 1566 390 1619 omnibus
422 1564 462 1635 (Ι
500 1564 633 1619 Tim.
667 1567 746 1634 ιι).
791 1565 975 1620 Nullus
1017 1560 1261 1622 vestrum
1293 1560 1441 1622 dabit
1470 1569 1582 1624 Deo
1613 1586 1739 1639 por-

174 1657 349 1709 tionem
378 1671 530 1709 suam
554 1696 569 1719 ,
602 1656 831 1726 pretium
859 1656 1244 1726 redemptionis
1284 1659 1475 1713 anima:
1502 1676 1611 1715 sua:
1633 1702 1647 1725 ,
1680 1667 1741 1715 ut

171 1746 358 1801 laboret
386 1747 438 1801 in
467 1755 727 1802 mlernum
747 1788 761 1811 ,
784 1754 839 1801 et
869 1747 1012 1800 vivat
1040 1748 1093 1801 in
1118 1747 1307 1814 linem,
1340 1754 1395 1803 et
1424 1765 1530 1804 non
1557 1751 1738 1805 videat

1857 751 2152 822 Occidente,
2193 769 2245 813 et
2289 763 2581 825 recumbent
2619 784 2733 823 cum
2772 772 3064 842 Abraham,
3096 791 3146 834 et
3175 751 3359 851 Isaac,
3390 801 3443 846 et

1850 844 2014 901 Iacob
2048 850 2102 903 in
2129 868 2285 922 regno
2316 853 2526 925 (Matth.
2559 860 2671 927 νηι)
2704 860 2896 931 Patris,
2926 876 2979 923 et
3007 870 3152 937 Filii,
3184 884 3239 928 et
3267 844 3439 946 Spiris-

1852 944 1939 994 tus
1966 942 2156 1007 sancti,
2185 944 2276 1016 qui
2302 955 2490 1014 regnat
2519 949 2570 1002 in
2601 954 2795 1008 smcula
2835 960 3172 1016 saeculorum.

2375 1078 2692 1139 PSALMUS
2720 1085 2903 1142 XLIX.

2404 1189 2647 1250 Psalmus
2671 1195 2871 1268 Asaph.

1927 1297 2069 1354 Deus
2115 1300 2337 1357 Deorum
2373 1302 2627 1361 Dominus
2656 1309 2855 1365 locutus
2876 1322 2979 1376 est,
3024 1324 3076 1368 et
3101 1318 3297 1373 vocarit
3325 1329 3430 1375 ter.

1845 1405 1976 1443 ram.
2017 1390 2061 1443 Α
2090 1393 2215 1447 solis
2248 1402 2364 1448 ortu
2399 1411 2558 1464 usque
2585 1398 2657 1452 ad
2683 1416 2947 1468 occasum,
2982 1421 3047 1458 ea:
3076 1404 3205 1461 Sion
3234 1411 3430 1480 species
3512 1410 3531 1427 ¹

1845 1479 2042 1535 decoris
2079 1482 2209 1553 ejus,
2269 1483 2404 1538 Deus
2447 1496 2621 1541 noster
2648 1492 2920 1560 manifeste
2948 1498 3137 1556 veniet,
3171 1497 3305 1553 Deus
3333 1516 3431 1556 tto-

1841 1581 1948 1625 ster
1970 1580 2018 1625 et
2056 1589 2157 1627 non
2188 1574 2374 1629 silebit.
2437 1575 2584 1648 Ignis
2610 1590 2732 1635 ante
2761 1571 2929 1652 ipsum
2948 1588 3231 1654 praecedet,
3261 1600 3311 1643 et
3338 1592 3428 1645 ἰησ-
3448 1636 3465 1645 -

1841 1664 2127 1732 ﬂammabit
2148 1668 2201 1720 in
2231 1669 2443 1723 circuitu
2473 1671 2585 1741 ejus
2613 1681 2884 1743 tempestas
2916 1678 3107 1731 valida.
3151 1680 3429 1739 Advocauit

1839 1755 2017 1809 coelum
2048 1756 2313 1812 desursum
2330 1800 2344 1824 ,
2371 1769 2420 1813 et
2449 1769 2637 1815 terram
2666 1763 2952 1818 discernere
2984 1769 3226 1837 populum
3252 1786 3424 1830 statas.

174 1837 448 1903 interitum,
480 1852 601 1893 cum
622 1838 816 1897 viderit
866 1839 1138 1908 sapientes
1165 1840 1474 1895 morientes.
1516 1840 1572 1896 Si
1593 1843 1736 1897 enim
1766 1852 1816 1914 Β
1840 1845 2159 1918 Congregate
2195 1849 2271 1903 illi
2336 1861 2545 1905 sanctos
2582 1869 2721 1918 suos,
2758 1857 2844 1925 qui
2883 1859 3120 1912 ordinent
3148 1868 3428 1917 testamen-

169 1944 335 1985 omnes
362 1931 434 1995 illi
469 1931 676 1999 magni,
702 1941 755 1985 et
784 1932 1029 2001 opimali,
1053 1940 1108 1987 et
1134 1933 1512 2003 sapientissimi
1540 1938 1739 1992 mortui

168 2029 295 2085 sunt,
321 2021 598 2090 quomodo
629 2037 732 2077 non
761 2022 1072 2092 insipientes
1099 2023 1369 2093 peribunt,
1391 2023 1482 2094 qui
1511 2042 1738 2097 congre-

164 2123 275 2182 gant
300 2114 531 2174 divitias.
566 2122 622 2169 et
662 2114 845 2169 miseri
872 2115 998 2169 dum
1027 2123 1251 2185 possunt
1279 2120 1558 2187 egentibus
1585 2118 1735 2185 dare,

164 2208 346 2262 nolunt.
390 2208 455 2262 lli
486 2208 802 2278 relinquent
842 2209 1033 2264 alienis
1078 2209 1287 2266 divitias
1332 2226 1473 2266 suas.
1520 2211 1652 2266 Nam
1680 2220 1738 2267 et

162 2314 265 2353 cum
294 2300 473 2368 plures
512 2300 705 2355 domos
751 2301 1022 2364 habeant,
1066 2302 1311 2372 sepulcra
1340 2311 1548 2358 tantum
1576 2312 1735 2359 erunt

160 2388 328 2445 domus
354 2406 545 2445 eorum
574 2391 627 2445 in
657 2399 937 2445 internum.
968 2391 1131 2447 Miser
1158 2393 1357 2449 homo!
1392 2394 1496 2451 hoc
1522 2394 1649 2449 dum
1676 2395 1732 2451 in

160 2497 368 2551 corpore
396 2491 481 2538 cst
522 2499 628 2537 non
661 2483 937 2551 intelligit,
970 2483 1094 2537 dum
1134 2486 1285 2554 quasi
1316 2501 1479 2555 pecus
1508 2488 1734 2557 coeperit

159 2574 296 2636 mori,
326 2574 521 2628 similis
549 2575 652 2628 erit
680 2576 802 2629 illis.
842 2575 1061 2629 interim
1104 2576 1157 2629 in
1189 2576 1288 2631 hac
1317 2577 1400 2631 via
1431 2577 1483 2631 in
1512 2592 1617 2646 qua
1647 2579 1733 2634 vi-

157 2672 295 2728 vunt,
327 2667 532 2719 monita
562 2675 747 2721 sancta
786 2668 1096 2721 scandalum
1136 2676 1261 2724 sunt
1291 2669 1393 2723 illis
1412 2712 1427 2735 ,
1455 2678 1644 2740 postea
1674 2672 1728 2727 in

157 2770 237 2810 ore
263 2770 356 2811 suo
384 2757 726 2812 benedicent.
769 2756 903 2812 Cum
932 2760 1071 2814 sicut
1113 2775 1242 2815 oves
1291 2761 1344 2815 in
1377 2759 1587 2817 inferno
1624 2778 1726 2834 po-

155 2846 267 2900 sitos
293 2888 308 2912 ,
356 2864 508 2903 mors
556 2863 649 2903 eos
679 2847 1013 2918 depascetur,
1046 2856 1174 2905 tunc
1199 2850 1617 2907 dominabuntur
1645 2853 1725 2910 eis

155 2937 260 3006 justi
281 2940 329 2993 in
360 2941 630 3017 matutino
662 2948 923 3010 tempore,
955 2941 1169 3010 quando
1199 2943 1291 2997 lux
1316 2946 1726 3003 resurrectionis

155 3028 488 3095 inchoaverit,
519 3031 735 3099 quando
763 3031 984 3099 gloriosi
1012 3048 1041 3085 a
1071 3033 1239 3102 gloria
1268 3050 1363 3089 sua
1389 3037 1595 3107 expulsi
1624 3054 1722 3109 pa-

155 3121 342 3185 rebunt,
375 3129 506 3176 tunc
536 3121 678 3176 Deus
715 3122 963 3176 liberabit
990 3122 1220 3177 animam
1258 3139 1434 3180 meam
1462 3126 1528 3182 de
1553 3143 1716 3183 manu

1842 1947 1947 1993 tum
1968 1939 2077 2009 ejus
2122 1955 2276 2010 super
2294 1943 2573 2011 sacriﬁcia.
2621 1943 2694 1997 Et
2726 1948 3108 2002 annuntiabunt
3134 1951 3245 2006 cali
3266 1953 3426 2023 justi-

1838 2030 1964 2083 tiam
2002 2030 2113 2100 ejus
2137 2071 2152 2095 ,
2190 2034 2431 2103 quoniam
2471 2033 2611 2089 Deus
2650 2036 2815 2107 judea:
2853 2049 2948 2094 est.
3006 2042 3160 2107 Audi,
3202 2046 3428 2115 populus

1836 2136 1997 2184 meus,
2021 2132 2070 2175 et
2088 2122 2303 2193 loquar;
2336 2122 2522 2188 Israel,
2545 2136 2595 2179 et
2618 2128 2934 2197 testiﬁcabor
2950 2131 3072 2195 tibi;
3098 2131 3257 2199 Deus,
3280 2134 3423 2192 Deus
3472 2136 3501 2159 ⁵

1837 2220 1951 2266 tuus
1971 2230 2064 2284 ego
2083 2230 2214 2267 sum.
2257 2212 2382 2269 Non
2421 2217 2476 2269 in
2506 2218 2781 2287 sacriﬁciis
2802 2221 2900 2274 tuis
2930 2237 3147 2291 arguam
3176 2231 3240 2287 te,
3268 2225 3422 2280 holo-

1833 2312 2015 2358 causta
2038 2315 2207 2359 autent
2230 2314 2317 2359 tua
2346 2307 2400 2360 in
2440 2319 2711 2375 conspectu
2748 2327 2860 2364 meo
2899 2320 3018 2365 sunt
3045 2328 3258 2385 semper.
3293 2314 3417 2372 Non

1833 2394 2085 2464 accipiam
2112 2395 2174 2449 de
2198 2395 2347 2450 domo
2371 2405 2459 2450 tua
2496 2398 2698 2463 titulos,
2730 2416 2890 2471 neque
2929 2401 2993 2454 de
3038 2405 3275 2473 gregibus
3315 2408 3424 2461 tuis

1833 2482 2024 2538 hircos.
2068 2483 2324 2549 Quoniam
2367 2503 2494 2541 mea:
2530 2497 2649 2542 sunt
2676 2506 2848 2544 omnes
2878 2493 3005 2562 [erm
3030 2493 3297 2559 sileamus,
3321 2496 3415 2566 ju-

1830 2582 2001 2626 menta
2045 2575 2102 2626 in
2131 2573 2387 2629 montibus
2414 2586 2465 2629 et
2491 2576 2661 2631 boves.
2704 2576 2926 2649 Cognovi
2973 2582 3148 2635 omnia
3185 2585 3417 2639 rolatilia

1830 2667 1960 2732 caeli,
1991 2677 2042 2722 et
2080 2669 2405 2739 pulchritudo
2432 2672 2546 2742 agri
2575 2689 2768 2727 mecum
2808 2683 2903 2728 est.
2953 2674 3015 2731 Si
3033 2677 3287 2743 esuriem,
3310 2696 3417 2737 non

1830 2758 2000 2812 dicam
2046 2757 2141 2812 tibi
2163 2800 2178 2825 ,
2227 2777 2370 2815 meus
2400 2771 2476 2815 est
2520 2762 2656 2817 enim
2694 2763 2837 2818 orbis
2863 2773 3044 2831 terrae,
3076 2777 3127 2821 et
3151 2768 3412 2839 plenitudo

1826 2849 1960 2920 ejus.
2011 2849 2264 2923 Nunquid
2286 2852 2610 2908 manducabo
2638 2870 2820 2909 carnes
2849 2865 3133 2923 taurorum,
3170 2868 3260 2913 aut
3286 2876 3415 2915 sats-

1825 2940 2032 3010 guinem
2076 2941 2337 2997 hircorum
2380 2942 2609 3013 potabo?
2663 2944 2888 3001 Immola
2947 2947 3056 3003 Deo
3093 2950 3411 3021 sacriﬁcium

1819 3030 2014 3098 laudis,
2042 3042 2091 3087 et
2107 3033 2261 3088 redde
2273 3034 2539 3089 Altissimo
2561 3045 2676 3089 rota
2705 3046 2810 3090 tua.
2844 3036 2916 3092 Et
2944 3039 3123 3094 invoca
3150 3057 3232 3095 me
3254 3040 3310 3096 in
3331 3040 3419 3096 die

1823 3121 2197 3188 tribulationis,
2229 3141 2406 3178 eruam
2429 3135 2475 3180 te
2513 3132 2563 3179 et
2587 3125 2955 3197 honori/icabis
2984 3147 3082 3184 me.
3141 3130 3410 3190 Peccators

154 3210 341 3277 inferni,
367 3214 646 3281 accrpiens
672 3229 778 3270 me.
810 3214 927 3270 Non
969 3230 1098 3284 ergo
1130 3217 1319 3271 timeas
1346 3226 1719 3288 paupertatem

1825 3218 1997 3265 autem
2024 3212 2159 3267 dixit
2183 3211 2343 3279 Deus,
2383 3212 2556 3278 Quare
2584 3224 2637 3269 tu
2666 3234 2883 3272 enarras
2902 3220 3138 3290 justitias
3171 3239 3330 3289 meas,
3359 3232 3411 3279 et

153 3308 296 3363 tuam,
325 3318 445 3357 cum
476 3303 699 3359 divitias
735 3305 968 3361 attendis
1008 3306 1240 3371 alienas,
1289 3322 1425 3376 quas
1453 3309 1591 3364 bene
1620 3326 1720 3366 no-

152 3392 207 3445 sti
231 3392 309 3447 bic
348 3410 378 3448 a
416 3394 688 3449 moriente
709 3395 1172 3467 derelinquendas.
1196 3396 1313 3453 Non
1334 3399 1475 3453 enim
1503 3401 1719 3470 quando

153 3485 370 3549 moritur,
404 3501 596 3541 secum
635 3487 775 3540 tollit
802 3487 1002 3553 omnia,
1043 3503 1220 3557 neque
1245 3489 1405 3544 simul
1442 3489 1720 3546 descendit

152 3588 253 3629 cum
294 3593 358 3631 eo
404 3578 581 3646 gloria
627 3577 817 3632 domus
847 3579 982 3648 ejus.
1034 3578 1225 3633 Anima
1247 3578 1478 3649 denique
1505 3580 1624 3650 ejus
1648 3580 1716 3635 ab

152 3666 494 3723 adulatoribus
539 3669 592 3722 in
638 3669 748 3723 vita
796 3669 962 3739 ipsius
1004 3670 1370 3726 benedicetnr.
1430 3670 1558 3728 Post
1601 3672 1716 3730 lucc

153 3760 473 3816 conﬁtebitur
522 3762 635 3818 Deo
672 3762 897 3829 invitus,
929 3762 1071 3831 quod
1118 3763 1236 3829 ejus
1280 3764 1520 3820 bonitate
1547 3765 1714 3820 multa

151 3848 388 3918 habuerit,
421 3854 593 3908 multa
622 3853 882 3924 potuerit,
928 3855 1194 3924 paenitens
1217 3855 1359 3925 quod
1384 3871 1504 3911 cum
1530 3832 1716 3927 posset

151 3937 315 4010 inopes
336 3942 561 4011 juvare,
610 3943 860 3998 noluerit.
895 3941 959 3996 Et
987 3943 1113 4012 quia
1152 3959 1270 3999 sera
1301 3944 1569 4000 confessio
1597 3944 1710 4000 l'ru-

147 4040 272 4087 ctum
302 4027 644 4104 indulgentim
670 4051 776 4091 non
805 4036 981 4105 capit,
1021 4044 1264 4106 tempore
1290 4051 1398 4105 quo
1427 4038 1712 4107 progenies

149 4122 425 4191 ingreditur
448 4129 592 4179 viam
615 4135 827 4195 patrum
850 4126 1222 4195 suorum,jam
1245 4125 1432 4194 utique
1452 4126 1706 4195 deposito

150 4229 376 4284 corpore,
390 4234 570 4287 usque
582 4219 636 4273 in
654 4226 920 4273 mternum
934 4233 1043 4272 non
1059 4217 1267 4272 videbit
1286 4216 1706 4287 lumen.Quare?

147 4297 258 4362 Quia
284 4317 400 4355 cum
430 4311 578 4357 esset
607 4304 658 4357 in
689 4319 937 4373 corpore,
970 4304 1071 4359 ista
1102 4312 1207 4359 n‘on
1230 4306 1513 4373 intellexit,
1545 4308 1708 4366 modo

144 4404 463 4463 comparatus
486 4395 750 4463 jumentis
774 4395 1181 4465 insipientibus,
1215 4397 1402 4453 similis
1428 4376 1723 4461 lactusest.

144 4479 246 4535 illis.
284 4482 338 4538 In
368 4501 478 4553 quo
510 4495 688 4541 tamen
728 4487 935 4541 honore
964 4487 1150 4553 fuerit,
1198 4488 1244 4542 si
1273 4487 1411 4543 forte
1441 4491 1692 4561 requiris,

1824 3303 2046 3357 assumis
2088 3311 2445 3358 testamentum
2480 3321 2649 3359 meum
2693 3323 2786 3377 per
2831 3325 2888 3363 os
2933 3311 3115 3364 tuum?
3173 3312 3249 3366 Tu
3293 3329 3409 3369 vers

1821 3392 1979 3447 odisti
2005 3392 2353 3462 disciplinam,
2395 3401 2445 3447 et
2465 3395 2732 3464 projecisti
2758 3414 3021 3455 sermones
3047 3417 3187 3455 meos
3216 3412 3408 3458 retror-

1820 3499 1953 3541 sum.
1986 3482 2049 3537 Si
2070 3482 2273 3537 videbas
2304 3485 2488 3555 furem,
2515 3485 2754 3540 currebas
2787 3503 2902 3540 cum
2928 3505 3007 3553 eo,
3036 3500 3087 3543 et
3114 3507 3230 3545 cum
3254 3493 3406 3548 adul-

1820 3573 1942 3627 teris
1970 3573 2256 3644 portionem
2285 3582 2427 3628 tuam
2449 3574 2696 3645 ponebas.
2725 3576 2798 3630 0s
2820 3585 2963 3633 tuum
2986 3578 3265 3641 abundarit
3290 3601 3405 3639 nta-

1817 3662 1952 3727 litia,
1976 3673 2026 3717 et
2052 3662 2230 3734 lingua
2246 3672 2335 3716 tua
2360 3663 2704 3719 concinnabat
2730 3665 2896 3720 dolos.
2930 3665 3130 3724 Sedens
3158 3671 3404 3729 adversus

1817 3753 2034 3823 fratrem
2053 3762 2195 3807 tuum
2218 3753 2530 3825 loquebaris,
2549 3764 2599 3809 et
2625 3756 2869 3813 adversus
2896 3759 3064 3830 ﬁlium
3090 3764 3273 3820 matris
3302 3775 3406 3823 tua

1815 3841 2041 3913 ponebas
2082 3844 2422 3903 scandalum:
2472 3846 2582 3900 hac
2608 3847 2778 3918 fecisti
2797 3859 2848 3903 et
2880 3852 3036 3906 tacui.
3069 3851 3404 3923 Existimasti

1813 3932 1988 4005 inique
2010 3934 2146 4006 quod
2163 3951 2251 3989 ero
2275 3934 2347 3987 tui
2370 3934 2577 4002 similis,
2610 3954 2826 4009 arguam
2857 3949 2904 3995 te
2922 3950 2972 3997 et
3000 3952 3229 4000 statuam
3265 3962 3395 4002 con-

1815 4032 1895 4077 tra
1910 4026 2096 4097 faciem
2117 4036 2277 4080 tuam.
2298 4025 2582 4099 Intelligite
2599 4028 2717 4084 [nec
2731 4031 2820 4101 qui
2840 4030 3397 4104 oblivisciminiDeum,

1811 4130 1877 4170 ne
1902 4117 2108 4187 quando
2136 4118 2328 4187 rapiat,
2358 4126 2410 4171 et
2446 4134 2551 4173 non
2586 4118 2658 4173 sit
2695 4121 2784 4190 qui
2825 4122 3032 4191 eripiat.
3062 4122 3397 4195 Sacriﬁcium

1812 4206 1981 4261 laudis
2024 4207 2391 4278 honoriﬁcabit
2412 4225 2512 4276 me,
2534 4218 2591 4264 et
2623 4210 2733 4264 illic
2770 4211 2868 4267 iter
2897 4217 3396 4297 quaeuendam'illi

1810 4296 2040 4351 multare
2060 4294 2181 4351 Dei.

2386 4382 2823 4427 COIIENTARIUI.

1876 4478 2021 4534 Deus
2047 4494 2156 4535 non
2185 4493 2385 4535 nomen
2413 4487 2500 4535 est
2520 4479 2637 4547 Dei,
2666 4480 2763 4536 sed
2799 4481 3053 4549 indicium
3088 4499 3205 4557 quo.
3227 4502 3389 4561 supe-

143 4571 306 4627 similis
350 4574 463 4630 Deo
509 4573 642 4638 luit,
675 4583 731 4631 et
774 4591 920 4631 nunc
957 4576 1146 4632 similis
1175 4585 1258 4632 est
1279 4577 1537 4646 iumentis
1564 4580 1689 4636 insi-
1722 4577 1780 4639 D
1801 4570 1916 4627 Υίυε
1939 4570 2139 4641 aliquid
2161 4570 2386 4628 indicari
2408 4571 2643 4629 humana
2670 4572 2849 4642 1111811³
2873 4590 2980 4633 ιιοη
3010 4577 3200 4648 Ροεώι.
3231 4578 3388 4647 Quod

143 4660 401 4731 pientibus.
434 4668 553 4724 Non
582 4669 727 4725 enim
754 4669 958 4725 habens
991 4669 1045 4725 in
1071 4684 1131 4725 se
1157 4669 1559 4727 similitudinem
1580 4672 1697 4740 Dei,

139 4767 230 4812 non
258 4759 451 4815 ridebit
479 4761 679 4825 lumen,
710 4760 806 4816 sed
834 4761 1029 4816 amissa
1058 4761 1402 4817 similitudine
1429 4761 1546 4829 Dei,
1570 4763 1721 4820 dum-

135 4853 334 4920 etnperit
370 4853 526 4925 quasi
556 4867 722 4924 pecus
753 4852 929 4908 ventri
957 4860 1012 4907 et
1049 4851 1253 4908 libidini
1292 4852 1551 4909 inservire
1573 4892 1588 4918 ,
1625 4854 1714 4910 si.

136 4941 256 4997 milis
295 4945 578 5015 pecoribus
616 4943 727 5013 jam
760 4943 961 5010 factus,
994 4944 1067 5000 ita
1094 4945 1213 5000 vilis
1239 4945 1342 5000 erit
1365 4945 1499 5011 Deo,
1530 4961 1693 5018 quam

135 5032 223 5086 vile
247 5044 327 5091 est
354 5051 536 5106 pecus.
577 5034 655 5090 Er
679 5035 802 5090 ideo
842 5035 922 5091 sic
946 5035 1110 5091 intrat
1135 5036 1418 5106 progenies
1444 5043 1689 5091 mortuo-

135 5136 234 5177 rum
259 5124 309 5180 in
333 5128 568 5197 peccatis
595 5127 708 5183 suis
727 5166 744 5192 ,
792 5141 930 5196 quos
956 5126 1044 5183 hic
1070 5126 1126 5182 in
1155 5127 1256 5183 ista
1289 5127 1400 5182 vita
1426 5126 1689 5194 imitatus,

133 5216 239 5282 quia
276 5218 353 5273 ibi
396 5227 523 5274 sunt
555 5228 735 5290 patres
777 5233 999 5285 eorum,
1045 5234 1155 5274 non
1195 5233 1424 5291 quorum
1452 5226 1578 5273 sunt
1604 5233 1697 5276 seu

133 5305 258 5360 mine
280 5311 553 5379 propagati
573 5348 589 5374 ,
620 5310 714 5365 sed
742 5323 972 5379 quorum
993 5317 1119 5366 sunt
1146 5324 1311 5380 opera
1340 5309 1551 5369 imitati.
1583 5309 1689 5366 Do-

132 5396 272 5467 nique
307 5398 476 5456 Judaei
520 5416 643 5457 cum
692 5400 785 5456 lilii
824 5400 1052 5457 Abrahze
1072 5409 1282 5465 essent,
1312 5400 1440 5461 dicit
1466 5401 1549 5457 eis
1573 5400 1685 5458 Do-a

130 5488 284 5546 minus
298 5509 314 5544 :
345 5490 406 5547 Si
424 5492 522 5564 ﬁlii
540 5491 767 5548 Abraluz
778 5493 981 5558 essetis,
999 5509 1157 5563 opera
1170 5492 1395 5550 Abrahc
1422 5493 1677 5565 (mntis.

132 5576 242 5638 Vide
282 5591 336 5638 et
379 5583 507 5656 quid
552 5582 750 5652 adjecit
790 5599 806 5637 :
851 5583 952 5640 Vos
997 5599 1063 5639 ex
1099 5591 1253 5655 patre
1286 5581 1493 5644 diabolo
1532 5586 1677 5650 estis,

1803 4678 2001 4720 nomen
2040 4665 2364 4736 participare
2408 4664 2605 4721 volens
2638 4666 2933 4723 cultoribus
2977 4668 3107 4732 suis,
3158 4669 3264 4728 hoe
3288 4684 3387 4728 eos

1799 4754 1929 4813 feeit
1953 4757 2171 4814 nomine
2197 4756 2456 4823 vocitari,
2504 4762 2564 4812 ut
2590 4756 2707 4827 ipse
2736 4755 2955 4826 quidem
2980 4772 3103 4817 eum
3139 4759 3215 4820 sit
3241 4760 3386 4821 Dem
3456 4811 3477 4825 χ

1798 4847 2024 4905 deorum
2048 4886 2064 4915 ,
2113 4848 2205 4919 qui
2250 4847 2539 4905 serviendo
2583 4846 2653 4904 ei.
2681 4846 2789 4905 hoc
2822 4850 3120 4911 meruerint
3164 4854 3384 4918 nomine

1799 4939 2114 5011 nuncupari.
2193 4937 2420 5005 Quando
2473 4952 2604 5008 ergo
2650 4938 2861 4997 locutus
2902 4947 2988 4999 est
3032 4938 3231 5004 Pater?
3275 4944 3383 5010 Aut

1796 5020 2275 5102 quando‘vocavit
2320 5030 2559 5086 mam?
2604 5029 2759 5091 Tunc.
2792 5031 2915 5089 sine
2947 5031 3134 5101 dubio,
3161 5035 3382 5107 quando

1796 5138 1865 5180 ex
1891 5121 2022 5179 Sion
2050 5121 2261 5194 species
2281 5121 2497 5179 decoris
2532 5125 2800 5195 apparuit.
2850 5124 2973 5197 ipse
3000 5134 3130 5187 tunc
3155 5129 3379 5188 manib

1795 5223 1878 5272 ste
1904 5212 2089 5270 veniet
2115 5212 2360 5283 judicare
2404 5213 2660 5270 saxulum
2684 5229 2787 5287 per
2810 5215 3009 5287 ignem.
3050 5216 3193 5288 ignis
3219 5218 3381 5282 doni-

1792 5321 1901 5379 que
1941 5307 1998 5364 in
2045 5313 2338 5379 conspectu
2382 5305 2505 5377 eius
2545 5306 2783 5375 ardebit,
2829 5316 2889 5366 et
2929 5310 3074 5370 circa
3110 5325 3235 5367 eum
3272 5311 3383 5373 erit

1794 5407 2088 5472 tempestas
2111 5399 2307 5456 valida.
2349 5399 2502 5457 Tunc
2538 5402 3009 5472 congresahuntur
3056 5402 3291 5476 apostoli
3318 5410 3373 5463 et

1791 5500 2077 5564 martyres,
2097 5499 2154 5548 et
2172 5489 2459 5549 orthodoxi
2503 5492 2703 5564 quique
2720 5490 2991 5560 doctores,
3008 5492 3372 5564 qniordioall

1788 5589 2164 5640 testamentum
2190 5581 2310 5653 eius
2340 5581 2824 5656 snpersaeriﬂeia,
2851 5582 2907 5642 in
2935 5583 3371 5655 prasendemm

131 5682 264 5737 apem
284 5674 420 5727 mini
449 5674 607 5743 patris
633 5672 795 5729 uestri
816 5674 966 5730 vultis
996 5675 1167 5747 facere
1191 5671 1374 5746 (Joan.
1409 5656 1523 5746 vni)
1543 5721 1558 5737 .
1589 5673 1695 5749 Sic,
1786 5674 2118 5738 monitores,
2168 5672 2425 5730 doctores
2465 5673 2718 5746 apostoli.
2766 5671 2872 5745 ipsi
2916 5680 3055 5731 sunt
3084 5672 3241 5738 cadi.
3274 5676 3369 5748 qui

131 5771 237 5817 orso
260 5763 345 5817 hic
384 5762 545 5817 intrat
572 5765 619 5817 ἱιι
654 5764 938 5832 progenies
968 5774 1180 5837 patrum
1209 5780 1463 5833 suorum,
1504 5780 1679 5838 usque
1786 5773 2009 5825 narrant
2051 5764 2278 5837 gloriam
2319 5765 2436 5825 Dei.
2501 5767 2652 5826 Tunc
2697 5777 2830 5836 ergo
2873 5774 2997 5822 eum
3040 5763 3366 5838 Demimies

380 5863 648 5925 Parnm”
694 5864 854 5926 ΜΠ.

2991 5858 3085 5921 ι13
