3870 6182
497 299 609 357 ωδ

1816 267 2090 341 insonti
2116 282 2425 343 JUNlORlS
3585 296 3662 356 ne

472 434 485 441 ,
501 432 621 470 esse
650 407 906 480 “ppu-it,
945 402 1335 459 annuntnabunt
1363 399 1417 455 hi
1447 412 1635 453 omnes
1650 395 1914 467 justitiam
1945 396 2078 466 ejus,
2113 402 2156 457 Α
2190 399 2367 453 tritum
2385 411 2433 453 et
2458 388 2804 460 limniliutum,
2825 398 2985 466 Deus,
3005 417 3103 454 non
3128 401 3572 481 des;-icies.Bemgne
3584 418 3662 484 fac,

501 522 594 574 qui
642 498 933 572 praedicant
972 508 1115 549 nunc
1142 489 1572 547 misericordiam
1601 487 1737 557 ejus.
1787 487 1924 541 Audi
1954 500 2083 555 ergo

501 597 624 661 hoc,
656 590 885 664 populus
931 600 1114 651 meus,
1143 584 1267 639 audi
1293 591 1357 647 et,
1384 583 1592 652 loquar.
1636 578 1787 635 Tunc
1826 576 2087 634 testiﬁcor

502 697 554 742 te
585 700 668 741 me
694 691 980 738 venturum
1008 692 1128 733 esse
1168 675 1238 731 ad
1262 672 1639 743 judicandum,
1670 670 1763 740 qui
1793 686 1935 724 nunc
1962 669 2082 724 veni

500 778 567 834 ad
593 772 984 832 redimendum.
1025 767 1138 836 Ego
1164 766 1349 834 utique
1375 763 1520 819 Deus
1549 770 1692 829 tuus,
1723 777 1829 815 non
1852 760 2086 815 aestimes

498 866 710 938 quia.in
728 850 1003 919 sacriﬁciis
1028 872 1250 926 arguam
1277 863 1362 923 te;
1386 853 1747 910 obedientiam
1766 852 1889 907 volo
1914 851 2085 920 magis

498 972 663 1028 quam
690 951 1029 1012 sacriﬁcium.
1063 947 1335 1017 Praecepta
1364 960 1484 1000 mea
1522 943 1780 999 custodiri
1807 959 1970 1014 super
1997 958 2084 997 sa-

499 1047 700 1105 criﬁcia
746 1043 932 1101 statui;
972 1041 1088 1095 Non
1118 1039 1262 1093 enim
1300 1035 1635 1090 manducabo
1674 1049 1867 1089 carnes
1894 1040 2081 1088 tauro-

498 1155 638 1205 rum,
671 1144 765 1192 aut
788 1132 1103 1203 sanguinem
1128 1129 1401 1184 hircorum
1428 1126 1659 1196 putabo:
1681 1123 1943 1193 quidquid
1967 1139 2082 1177 am-

496 1232 647 1288 bulat
671 1237 728 1284 et
753 1227 920 1288 volat,
963 1237 1141 1278 meum
1174 1227 1274 1275 est.
1332 1218 1468 1285 Quid
1493 1217 1622 1272 mihi
1651 1231 1829 1271 meum
1856 1231 1957 1287 pro
1988 1224 2079 1270 tuo

495 1318 777 1393 porriges?
807 1315 921 1370 Hoc
950 1320 1095 1368 tuum
1125 1317 1235 1375 est,
1277 1308 1322 1363 si
1362 1323 1497 1377 puro
1538 1306 1700 1361 corde
1735 1304 1868 1359 mihi
1896 1304 2080 1359 laudes

494 1411 768 1474 eﬁ‘undas,
800 1415 856 1464 et
879 1405 1072 1466 reddas
1099 1402 1229 1458 mihi
1258 1408 1473 1463 votum,
1504 1398 1648 1468 quod
1675 1397 1727 1451 in
1756 1396 2080 1467 baptismate

494 1505 703 1578 positus
746 1496 1046 1563 devovisti,
1115 1509 1223 1564 quo
1269 1500 1322 1547 te
1388 1490 1817 1546 renuntiaturum
1862 1486 2079 1542 diabolo

494 1591 869 1665 spopondisti,
915 1593 971 1642 et
1016 1600 1136 1639 mea
1172 1580 1466 1653 promisisti
1508 1585 1845 1635 servaturum
1880 1584 1932 1631 te
1959 1589 2078 1631 esse

494 1685 768 1743 mandata.
809 1681 922 1737 Hoc
948 1678 1074 1733 dum
1105 1676 1292 1731 feceris
1315 1714 1331 1740 ,
1361 1674 1550 1728 invoca
1584 1687 1673 1727 me
1710 1671 1764 1726 in
1791 1670 1878 1727 die
1906 1670 2074 1726 tribu-

495 1779 1017 1847 iationisntempore
1050 1786 1159 1842 quo
1186 1769 1253 1824 de
1281 1769 1385 1823 isto
1412 1780 1642 1835 corpore
1671 1765 1855 1841 exies:
1889 1771 1945 1818 et
1971 1763 2077 1819 eri-

495 1872 641 1944 piam
671 1876 722 1923 te
764 1866 833 1923 de
858 1863 1104 1920 manibus
1130 1861 1460 1923 dazmnnum,
1505 1865 1559 1911 et
1599 1853 1961 1924 magniﬁcabis
1988 1872 2075 1911 me

496 1965 551 2019 in
580 1962 737 2017 donis
764 1958 917 2015 meis.
961 1954 1044 2010 Tu
1070 1960 1248 2008 autem
1278 1950 1368 2019 qui
1396 1949 1543 2003 lucra
1568 1946 1826 2003 scctando
1853 1947 2075 2016 gradum

493 2051 781 2111 sacerdotii
805 2090 820 2115 ,
870 2057 963 2103 aut
1005 2055 1061 2101 tu
1088 2046 1181 2115 qui
1209 2043 1434 2112 gloriam
1463 2042 1750 2096 humanam
1778 2040 2070 2105 desideras,

494 2152 589 2201 aut
615 2142 708 2213 qui
747 2140 802 2194 in
849 2138 994 2193 furto
1022 2131 1393 2206 participaris,
1427 2138 1485 2186 et
1508 2131 1552 2185 si
1581 2131 1696 2199 ipse
1735 2129 1942 2184 adulter
1964 2146 2072 2185 non

493 2253 572 2304 es,
604 2246 782 2291 tamen
811 2247 932 2288 cum
961 2226 1216 2284 adulteris
1251 2226 1414 2292 vivis,
1464 2238 1630 2293 quare
1660 2229 1718 2276 tu
1746 2237 1964 2277 enarras
1986 2221 2074 2291 ju.

489 2328 692 2386 stitiam
720 2338 923 2385 meam,
955 2320 1085 2375 dicit
1110 2317 1399 2382 Dominus,
1425 2330 1546 2370 cum
1572 2313 1828 2368 adversus
1852 2310 2074 2367 fratrem

494 2431 643 2476 tuum
663 2416 940 2478 detrahas,
978 2421 1034 2467 et
1057 2409 1367 2467 scandalum
1398 2407 1601 2477 ponas?
1623 2405 1704 2459 Au
1736 2404 2073 2483 taciturnita-

491 2521 601 2567 tem
628 2523 805 2565 meam
826 2514 1197 2565 contemnens,
1229 2516 1417 2571 speras
1435 2514 1523 2554 me
1545 2498 1639 2554 tibi
1662 2512 1781 2571 esse
1808 2497 2073 2552 similem?

495 2606 607 2672 lego
634 2614 852 2669 arguam
884 2605 963 2661 te,
1012 2604 1067 2651 et
1112 2601 1344 2648 statuam
1386 2592 1502 2645 hzec
1530 2597 1655 2644 ante
1681 2589 1873 2644 faciem
1905 2596 2069 2654 tuam,

495 2692 661 2746 nolite
702 2687 982 2749 oblivisci,
1027 2684 1257 2739 Domino
1302 2681 1445 2751 quod
1495 2680 1819 2752 promisistis
1844 2680 2068 2745 reddite,

492 2797 561 2837 ne
589 2780 765 2849 rapiat
791 2777 930 2831 sicut
961 2776 1073 2839 leo,
1105 2780 1160 2826 et
1190 2787 1295 2827 non
1325 2771 1395 2827 sit
1421 2771 1514 2841 qui
1541 2770 1750 2839 eripiat.
1794 2769 1938 2827 Finis
1966 2771 2071 2824 ita-

482 2886 595 2940 que
636 2882 851 2937 semper
895 2873 1022 2919 ante
1069 2863 1257 2918 oculos
1303 2869 1386 2916 est
1430 2860 1744 2925 habendus,
1792 2868 1849 2915 et
1893 2861 1948 2914 in
1975 2859 2071 2915 Dei

464 2961 737 3017 rlaudibus
782 2954 1223 3030 permanendum.
1284 2952 1361 3007 lbi
1404 2952 1548 3007 enim
1596 2960 1679 3006 est
1724 2951 1827 3005 iter
1871 2951 1922 3005 in
1963 2966 2070 3020 quo

459 3038 789 3123 -,ostenditur
825 3050 1059 3106 salutare
1088 3046 1221 3112 Dei,
1262 3046 1353 3115 qui
1382 3051 1570 3114 regnat
1598 3045 1651 3098 in
1681 3044 1872 3099 saecula
1902 3060 2071 3099 smon-

452 3168 463 3194 :
486 3146 678 3200 torum.
713 3142 904 3199 Amen.

1066 3230 1284 3289 PSALM
1297 3232 1379 3288 US
1419 3230 1477 3287 L.

450 3332 466 3365 ’-
484 3320 726 3387 Ρεῖειιηυε
748 3329 800 3382 in
818 3326 976 3382 ﬁnem
996 3324 1182 3390 David,
1207 3326 1423 3393 quando
1444 3323 1591 3378 venit
1610 3324 1673 3377 ad
1706 3338 1827 3377 eum
1857 3322 2065 3377 Nathan

614 3400 928 3470 propheta,
962 3396 1182 3466 quando
1212 3396 1430 3450 intravit
1457 3395 1522 3449 ad
1548 3393 1896 3448 Bersabeam.

538 3514 799 3568 ‘lliserere
818 3510 947 3574 mei,
978 3506 1147 3568 Deus,
1181 3504 1458 3561 secundum
1485 3521 1733 3576 magnam
1770 3503 2065 3575 misericor-

478 3604 619 3658 diam
650 3611 812 3655 tuam.
855 3598 1233 3654 Etsecundum
1265 3595 1647 3650 multitudinem
1675 3593 2064 3647 miserationum

478 3704 702 3758 tuarum,
748 3691 860 3744 dele
894 3689 1223 3761 iniquitatem
1264 3702 1451 3741 meam.
1491 3685 1727 3756 Amplius
1753 3685 1869 3737 lava
1890 3700 1970 3738 me
1997 3682 2062 3737 ab

475 3783 746 3853 iniquitate
778 3797 929 3843 mea,
963 3788 1011 3833 et
1032 3795 1064 3831 a
1093 3787 1299 3849 peccato
1332 3792 1443 3830 meo
1467 3775 1659 3829 munda
1679 3791 1776 3828 me.
1803 3771 2062 3838 Quoniam

476 3874 796 3945 iniquitatem
838 3886 1005 3925 meam
1048 3862 1145 3941 ego
1181 3883 1466 3938 cognosco,
1515 3875 1564 3919 et
1591 3875 1854 3937 peccatum
1892 3881 2060 3919 meum

471 3973 653 4019 contra
673 3980 756 4017 me
773 3970 849 4017 est
875 3976 1095 4032 semper.
1127 3959 1240 4013 Tibi
1260 3959 1360 4013 soli
1387 3958 1590 4038 peccavi
1608 3997 1622 4022 ,
1653 3967 1703 4012 et
1739 3958 1934 4012 malum
1965 3973 2056 4012 co-

470 4072 585 4112 ram
616 4064 663 4108 te
688 4053 805 4126 feci,
834 4061 891 4106 ut
912 4050 1215 4124 justiﬁceris
1242 4050 1297 4103 in
1326 4049 1643 4103 sermonibus
1667 4049 1785 4115 tuis,
1816 4057 1865 4103 et
1885 4049 2058 4103 vincas

470 4163 585 4200 cum
611 4145 888 4217 judicaris.
949 4140 1084 4196 Ecce
1110 4140 1248 4195 enim
1295 4140 1350 4193 in
1391 4139 1746 4211 iniquitatibus
1785 4147 2056 4210 conceptus

470 4254 603 4299 sum,
633 4246 681 4291 et
701 4235 756 4288 in
784 4234 1007 4306 peccatis
1030 4233 1261 4303 concepit
1280 4247 1362 4285 me
1388 4240 1555 4285 mater
1582 4247 1714 4285 mea.
1764 4229 1901 4284 Ecce
1918 4230 2057 4284 enim

370 4336 381 4351 '
466 4328 732 4383 veritatem
779 4323 1045 4388 dilexisti,
1090 4323 1288 4376 incerta
1334 4331 1384 4375 et
1408 4322 1608 4375 occulta
1646 4322 1916 4392 sapientia:
1955 4331 2056 4376 tute

468 4417 818 4490 manifestasti
836 4416 960 4470 milii
968 4417 1236 4485 .Asperges
1249 4430 1348 4478 me,
1359 4412 1830 4485 Domine,hyssopo
1847 4425 2054 4468 etmun-

2187 487 2411 543 Domine
2430 532 2445 556 ,
2496 490 2549 544 in
2581 490 2715 545 bona
2744 491 3000 546 voluntate
3031 503 3117 546 tua
3154 494 3304 560 Sion,
3340 506 3391 550 ut
3417 500 3667 571 adiﬁcentur

2144 645 2151 651 .
2185 582 2319 635 muri
2344 581 2652 641 Jerusalem.
2700 582 2841 638 Tunc
2868 585 3155 656 acceptabis
3186 588 3467 659 sacriﬁcium
3483 594 3668 665 justitia,

2183 669 2494 728 oblationem
2520 684 2570 728 et
2598 674 2927 740 holocausta,
2963 685 3081 730 tunc
3114 676 3357 747 imponent
3389 698 3518 752 super
3547 688 3671 742 altari

2186 772 2325 818 tuum
2353 765 2556 821 vitulos.
2968 770 2978 780 '

2756 852 3188 894 εοκηκτλιιιυι.

2253 944 2479 1012 Quando
2506 948 2655 1003 venit
2681 948 2892 1004 Nathan
2933 952 3194 1022 pr0pteta
3237 951 3300 1007 ad
3340 969 3496 1023 regem
3528 955 3672 1023 David,

2183 1051 2288 1091 non
2319 1037 2590 1093 inchoavit
2617 1049 2898 1109 peccatum
2927 1056 3172 1110 arguere,
3199 1043 3286 1099 sed
3310 1046 3457 1114 cmpit
3475 1047 3673 1115 judicium

2182 1123 2452 1196 ﬂagitare,
2495 1128 2680 1184 dicens
2708 1148 2720 1183 :
2753 1130 2944 1186 Audivi
2975 1141 3026 1188 te
3054 1133 3328 1190 habentem
3355 1149 3518 1203 greges
3539 1140 3675 1193 ovium

2181 1223 2235 1268 et
2260 1225 2501 1271 armenta
2531 1218 2715 1284 multa,
2747 1220 3010 1275 sublatam
3042 1238 3196 1276 unam
3225 1224 3462 1278 oviculzun
3488 1228 3674 1296 pauperi,

2179 1306 2348 1376 ipsam
2377 1308 2545 1363 solam
2586 1311 2825 1366 habenti.
2876 1311 3106 1378 Questus
3126 1313 3285 1383 judici
3313 1315 3443 1382 regi,
3470 1315 3590 1370 dedit
3608 1333 3677 1372 rex

2190 1401 2517 1457 sententiain
2550 1401 2773 1473 dignum
2812 1419 2932 1459 esse
2965 1418 3140 1461 morte
3169 1423 3289 1461 eum
3315 1411 3399 1476 qui
3437 1410 3545 1463 fecit
3573 1416 3678 1469 hanc

2192 1505 2335 1546 rem.
2356 1489 2761 1546 TuncNatban:
2788 1491 2865 1546 Tu
2882 1509 2957 1557 es,
2986 1495 3185 1564 inquit,
3212 1498 3289 1550 vir
3305 1500 3392 1568 qui
3411 1498 3559 1555 fecisti
3575 1503 3679 1557 hanc

2190 1594 2324 1634 rem.
2358 1578 2542 1635 Uriam
2566 1580 2840 1638 [let/neum
2864 1586 3178 1649 occidisti,ct
3194 1604 3396 1643 uxorem
3410 1590 3508 1656 ejus
3522 1596 3680 1659 acupi-

2186 1671 2278 1720 stl.
2301 1666 2426 1721 Iltec
2449 1669 2576 1722 dicit
2599 1668 2852 1726 Dominus
2871 1687 2891 1725 :
2911 1670 2962 1723 Ν
2966 1689 3030 1725 on
3056 1676 3253 1728 recedet
3273 1676 3468 1745 gladius
3490 1680 3543 1730 dc
3565 1680 3684 1732 domo

2107 1769 2154 1828 Β
2188 1768 2279 1811 tua
2294 1756 2347 1810 in
2371 1760 2962 1832 mternum(lllieg.xn).
2990 1762 3200 1821 Invenit
3218 1782 3360 1821 reum
3382 1769 3625 1833 sententia.
3641 1779 3683 1824 et

2189 1864 2283 1905 rex
2299 1852 2402 1904 sub
2418 1861 2737 1907 accusatore
2757 1855 3239 1925 positus,deposita
3259 1862 3687 1931 p9tcstate,suoju-

2187 1940 2330 1996 dicio
2348 1944 2764 2001 condemnatur.
2775 1944 2915 2001 Deus
2927 1938 3075 2002 enim
3091 1952 3239 2004 venit
3256 1951 3318 2003 ad
3332 1966 3444 2004 eum
3457 1952 3683 2005 abimus-in
3700 1922 3718 1941 ’

2176 2036 2405 2101 Nathan,
2435 2038 2676 2092 occultus
2705 2038 2757 2091 in
2785 2020 3069 2109 propheta,
3102 2046 3161 2093 et
3187 2038 3299 2108 ipse
3324 2051 3414 2106 per
3429 2034 3688 2107 prophetam

2176 2128 2467 2197 postulavit
2504 2127 2763 2197 judicium
2811 2129 3010 2194 homo,
3061 2129 3190 2183 vicit
3230 2128 3381 2183 Deus.
3435 2125 3558 2179 Deus
3579 2124 3688 2178 enim

2168 2217 2489 2288 justiﬁcatus
2517 2227 2599 2274 est
2628 2219 2679 2272 in
2709 2219 3044 2273 sermonibus
3069 2219 3210 2285 suis,
3241 2219 3424 2288 quibus
3446 2213 3693 2270 abbomine

2176 2307 2434 2378 flagitavit
2462 2310 2815 2376 sententiam,
2845 2309 3099 2380 judicavit
3128 2313 3390 2365 sententia
3418 2310 3539 2363 inter
3560 2305 3694 2358 Deum

2176 2401 2495 2456 irascentem
2533 2409 2587 2455 et
2615 2402 2885 2457 hominem
2924 2403 3321 2474 delinquentem
3341 2442 3355 2466 ,
3384 2410 3434 2457 et
3460 2401 3565 2455 vicit
3586 2398 3694 2452 Deus

2169 2491 2438 2561 judicatus
2476 2493 2543 2546 ab
2572 2492 2809 2547 homine.
2849 2491 3166 2560 Dixitenim
3209 2495 3405 2549 homo:
3440 2492 3612 2559 Dignus
3635 2495 3696 2541 est

2175 2591 2350 2638 morte
2395 2584 2477 2637 vir
2520 2584 2612 2654 qui
2661 2584 2783 2639 fecit
2825 2584 2963 2639 hanc
2990 2601 3123 2641 rem.
3182 2586 3323 2641 Deus
3349 2598 3468 2652 ergo
3491 2582 3698 2651 quihanc

2176 2676 2387 2748 volebat
2413 2677 2465 2730 in
2494 2692 2643 2731 reum
2674 2677 3014 2747 promulgare
3041 2680 3387 2742 sententiam,
3412 2676 3541 2731 venit
3564 2672 3617 2726 ad
3630 2673 3697 2739 jn—

2174 2767 2388 2833 dicium,
2422 2774 2501 2831 ut,
2535 2767 2578 2822 si
2603 2766 2898 2836 judicatum
2929 2767 3115 2824 fuisset
3161 2786 3269 2825 non
3314 2768 3498 2822 debere
3531 2765 3616 2819 hoc
3638 2760 3699 2814 fa-
3796 2778 3799 2787 ·

2172 2869 2318 2914 ctum
2348 2860 2526 2916 ulcisci
2552 2900 2566 2924 ,
2615 2876 2721 2915 non
2747 2859 3137 2929 justiﬁearetur
3185 2862 3242 2916 in
3265 2858 3579 2916 sermonibus
3599 2854 3701 2915 suis,
3770 2876 3779 2885 -

2173 2948 2227 3008 et
2257 2970 2364 3008 non
2394 2954 2632 3009 vinceret
2668 2953 2957 3023 judicatus.
3000 2955 3067 3008 At
3098 2956 3189 3010 ubi
3226 2955 3422 3010 dictum
3450 2958 3549 3007 est:
3570 2947 3702 3001 Morte

2172 3046 2364 3115 dignus
2391 3055 2475 3102 est
2501 3047 2582 3102 vir
2608 3049 2700 3117 qui
2730 3048 2855 3103 fecit
2885 3048 3024 3104 lianc
3051 3063 3198 3114 rem,
3240 3047 3382 3102 Deus
3417 3045 3501 3115 qui
3525 3046 3704 3096 venerat
3802 3056 3803 3127 Ε

2096 3138 2139 3201 C
2174 3138 2240 3193 ad
2264 3138 2521 3208 judicium
2547 3138 2865 3210 judicandus
2890 3181 2904 3207 ,
2951 3139 3282 3210 justiﬁeatus
3309 3147 3390 3194 est
3417 3138 3466 3191 in
3489 3130 3703 3191 sermoni-
3802 3138 3803 3145 ‘

2170 3229 2271 3287 bus
2316 3232 2455 3296 suis,
2499 3239 2555 3287 et
2601 3232 2732 3287 vicit
2779 3232 2905 3287 dum
2947 3231 3249 3302 judicatnr.
3304 3228 3574 3285 Videamus
3596 3234 3705 3278 nunc

2167 3322 2297 3392 quid
2320 3323 2427 3393 egit
2449 3323 2673 3379 victoria
2699 3322 2826 3388 Dei,
2858 3324 3028 3379 tenuit
3056 3324 3436 3394 imperatorem
3464 3315 3705 3386 captivum.

2167 3422 2224 3469 et
2253 3412 2466 3468 tradidit
2492 3413 2771 3467 sententia:
2792 3428 2961 3468 reum.
2996 3412 3141 3467 Reus
3168 3413 3241 3467 ad
3272 3407 3592 3467 clemcnliam
3615 3415 3728 3465 cunt

2165 3504 2349 3570 volat,
2382 3513 2437 3558 et
2464 3519 2669 3560 exuens
2696 3518 2754 3558 se
2781 3518 3049 3573 purpura,
3082 3502 3259 3558 induit
3287 3517 3346 3556 se
3374 3498 3535 3555 cilicio
3552 3536 3565 3560 ,
3591 3492 3706 3547 cinc-

2160 3611 2280 3651 rem
2319 3605 2571 3667 tanquam
2617 3606 2812 3668 panem
2858 3595 3233 3664 manducans,
3286 3601 3343 3649 et
3389 3599 3562 3664 potum
3586 3598 3708 3640 suum

2164 3688 2416 3761 lacrymis
2456 3689 2707 3744 miscens.
2749 3686 3012 3753 Ostende,
3042 3688 3253 3756 inquit,
3281 3684 3530 3744 Domine,
3554 3676 3708 3747 quibus

2162 3780 2319 3836 factis
2346 3786 2586 3835 mutetur
2612 3780 2899 3835 sententia.
2941 3777 2998 3834 Si
3027 3779 3173 3833 enim
3205 3778 3341 3832 mihi
3371 3777 3421 3830 in
3453 3774 3547 3828 hac
3570 3765 3711 3824 humi-

2161 3873 2313 3929 litate
2356 3874 2534 3952 posito
2575 3871 2824 3941 dignatus
2857 3870 3021 3927 fueris
3062 3869 3381 3939 indulgere,
3411 3858 3560 3922 etiam
3589 3854 3708 3952 impii

2161 3964 2228 4020 ad
2258 3972 2314 4019 te
2360 3949 2761 4020 convertentur.
2812 3962 3066 4018 Miserere
3088 4001 3104 4028 ,
3135 3962 3372 4017 obsecro
3396 3998 3411 4022 ,
3460 3949 3710 4012 secundum

2160 4070 2410 4125 magnam
2451 4054 2873 4112 misericordiam
2904 4063 3048 4109 tuam
3075 4094 3091 4119 ,
3120 4053 3388 4123 quoniam
3420 4047 3707 4118 iniquitatem

2158 4163 2334 4203 meam
2361 4163 2463 4218 ego
2491 4161 2743 4216 agnosco.
2791 4144 3202 4214 Agnoscojuste
3230 4145 3432 4199 iratum
3461 4150 3528 4204 te,
3557 4134 3711 4203 injuste

2159 4240 2332 4308 egisse
2361 4254 2465 4295 me.
2528 4238 2648 4295 Tibi
2668 4238 2768 4294 soli
2803 4237 3025 4309 peccavi
3050 4254 3063 4290 :
3094 4236 3277 4292 omnis
3304 4235 3398 4306 qui
3428 4232 3525 4289 sub
3544 4222 3709 4298 judicio

2157 4331 2309 4396 vivit,
2340 4345 2464 4386 cum
2491 4328 2814 4399 deliquerit,
2857 4335 3048 4399 peccat
3076 4327 3212 4394 Deo,
3247 4334 3444 4399 peccat
3470 4331 3522 4380 et
3545 4318 3714 4402 legibus

2157 4419 2361 4476 mundi.
2422 4418 2521 4476 ilic
2567 4427 2747 4474 autem
2793 4434 2891 4474 rex
2937 4419 3037 4495 sub
3064 4418 3215 4474 nullo
3245 4419 3357 4473 alio
3386 4415 3488 4471 nisi
3515 4411 3604 4467 sub
3625 4406 3713 4459 Deo

467 4511 649 4572 dabor,
682 4508 878 4563 laeabis
908 4523 1016 4572 me,
1044 4515 1096 4559 et
1129 4521 1283 4575 super
1313 4505 1479 4559 nivem
1499 4503 1796 4560 dealbabor.
1838 4505 2053 4559 Auditui
2080 4506 2132 4566 D
2153 4510 2272 4566 solo
2297 4524 2478 4579 agens,
2513 4510 2685 4580 ipsum
2715 4509 2889 4565 solum
2917 4524 3081 4580 super
3104 4516 3437 4579 potestatem
3466 4516 3605 4561 suam
3626 4510 3717 4551 me-

465 4616 574 4656 meo
625 4597 773 4653 dabis
817 4596 1061 4670 gaudium
1096 4607 1146 4651 et
1183 4596 1452 4658 laetitiam,
1481 4607 1530 4649 et
1553 4595 1884 4651 exsultabant
1922 4615 2045 4653 ossa

465 4690 755 4745 buntiliata.
813 4692 996 4744 Averte
1042 4688 1232 4761 {ariam
1274 4697 1415 4741 tuam
1461 4704 1494 4740 a
1534 4688 1757 4758 peccatis
1794 4690 1950 4755 meis;
1997 4700 2047 4745 et

463 4797 640 4838 omnes
660 4783 959 4852 iniquitates
982 4796 1125 4835 nicas
1147 4780 1275 4835 dele.
1316 4777 1420 4834 Cor
1451 4778 1699 4834 mundum
1719 4795 1837 4834 crea
1864 4781 1917 4833 in
1943 4796 2043 4845 me,

467 4872 630 4937 Deus,
662 4883 711 4925 et
750 4873 988 4943 spiritum
1027 4882 1220 4927 rectum
1248 4872 1437 4926 innova
1488 4872 1543 4926 in
1577 4870 1853 4926 visceribus
1898 4870 2043 4925 nteis.

466 4961 551 5017 Nc
577 4963 826 5034 projicias
847 4978 927 5016 me
946 4980 979 5016 a
1000 4963 1135 5034 facie
1158 4971 1268 5027 tua,
1299 4972 1350 5017 et
1370 4962 1625 5035 Spiritum
1650 4972 1885 5016 sanctum
1907 4971 2047 5016 tuum

463 5073 527 5110 ne
555 5056 765 5127 auferas
794 5069 827 5106 a
852 5070 953 5108 me.
1006 5052 1185 5108 Redde
1222 5054 1349 5108 mihi
1385 5054 1622 5110 laetitiam
1660 5054 1908 5135 salutaris
1950 5055 2045 5118 tui,

462 5146 712 5219 etspiritu
736 5144 1015 5216 principali
1045 5143 1299 5213 conﬁrma
1333 5160 1431 5198 me.
1477 5143 1679 5198 Docebo
1714 5144 1918 5216 iniquos
1938 5145 2047 5199 vias
2076 5180 2079 5183 »

464 5255 599 5306 tuas,
623 5248 672 5293 et
692 5237 839 5309 impii
867 5236 937 5291 ad
977 5247 1024 5290 te
1051 5245 1443 5290 convertentur.
1477 5236 1666 5291 Libera
1710 5254 1790 5292 me
1831 5238 1895 5291 de
1918 5248 2046 5292 san-

461 5332 723 5415 guinibus,
757 5331 917 5398 Deus,
943 5328 1086 5385 Deus
1108 5329 1296 5384 salutis
1316 5347 1465 5394 mea,
1497 5342 1546 5387 et
1572 5333 1849 5387 exsultabit
1870 5333 2045 5405 lingua
2070 5354 2075 5361 π

462 5441 577 5479 mea
598 5424 859 5496 justitiam
880 5432 1040 5477 tuam.
1083 5418 1321 5485 Domine,
1350 5420 1491 5477 labia
1516 5440 1634 5476 mea
1662 5425 1882 5493 aperies,
1913 5432 1963 5477 et
1988 5440 2045 5478 os

461 5531 628 5570 meum
650 5512 981 5569 annuntiabit
1005 5512 1212 5566 laudem
1242 5521 1399 5566 Nam.
1443 5509 1702 5576 Quoniam
1728 5515 1774 5569 si
1801 5516 2046 5571 voluisses
2072 5536 2079 5543 ·

447 5605 775 5675 sacriﬁcium
813 5604 1065 5658 dedissem
1107 5603 1281 5675 utique
1302 5642 1317 5667 ,
1349 5604 1662 5659 holocaustis
1688 5622 1793 5660 non
1828 5607 2047 5661 delecta-

461 5694 613 5749 beris.
656 5693 988 5765 Sacriﬁcium
1017 5691 1127 5749 Deo
1150 5694 1360 5767 spiritus
1386 5695 1780 5762 contribulatus,
1807 5716 1894 5753 cor
1921 5716 2044 5754 con-

2156 4609 2333 4668 tuens,
2361 4601 2476 4657 Deo
2504 4602 2606 4657 soli
2635 4603 2897 4672 peccavit.
2958 4600 3155 4679 Malum
3179 4642 3194 4665 ,
3228 4599 3446 4671 inquit,
3486 4604 3650 4650 coram
3676 4593 3717 4639 ιο

2156 4695 2290 4761 feci,
2326 4710 2433 4750 non
2462 4694 2573 4766 fugi
2601 4712 2632 4751 a
2662 4694 2798 4759 facie
2830 4704 2940 4751 tua.
3008 4695 3167 4751 Volui
3216 4697 3371 4751 enim
3403 4700 3461 4749 ut
3485 4686 3720 4761 judicares

2156 4804 2243 4844 me
2270 4788 2690 4858 delinquentem,
2714 4790 2894 4860 potius
2912 4804 3075 4858 quam
3097 4790 3301 4857 ligares
3324 4804 3413 4844 me
3440 4787 3715 4857 fugientem-

2155 4877 2213 4933 ln
2241 4878 2609 4948 iniquitatibus
2637 4886 2931 4950 conceptus
2970 4894 3107 4936 sum.
3167 4879 3427 4935 Servavit
3466 4879 3518 4933 in
3543 4869 3722 4931 confes-

2154 4971 2308 5027 sione
2353 4988 2448 5026 sua
2499 4972 2772 5028 Creatoris
2818 4974 3039 5027 bonum.
3098 4972 3216 5027 Non
3240 4974 3396 5028 enim
3437 4970 3587 5035 dixit,
3612 4963 3723 5019 Cum

2154 5044 2563 5132 iniquitatibus,
2616 5071 2709 5117 aut
2757 5079 2882 5118 cum
2928 5065 3163 5134 peccatis
3207 5065 3408 5134 genuit
3452 5077 3539 5118 me
3582 5063 3727 5112 mater

2155 5170 2295 5219 mea,
2327 5155 2442 5221 sed,
2474 5154 2532 5208 ln
2563 5155 2934 5224 iniquitatibus
2961 5165 3259 5227 conceptus
3289 5173 3436 5225 sum,
3467 5164 3520 5211 et
3548 5155 3598 5207 in
3619 5161 3726 5220 pec-

2154 5245 2289 5300 catis
2315 5245 2500 5315 genuit
2526 5260 2613 5301 me
2643 5254 2816 5301 mater
2838 5261 2978 5301 mea.
3051 5246 3297 5303 Dicendo
3339 5248 3491 5305 enim
3529 5250 3732 5301 matrem

2153 5339 2207 5394 in
2235 5340 2349 5396 suis
2377 5340 2748 5410 iniquitatibus
2790 5356 2913 5408 eum
2959 5338 3319 5413 concepisse,
3350 5349 3409 5396 et
3437 5341 3493 5396 in
3520 5331 3731 5409 peccati!

2151 5429 2332 5486 sreculi
2381 5429 2686 5499 peperisse,
2746 5430 2978 5498 signavit
3079 5431 3202 5502 quia
3252 5445 3426 5486 omne
3476 5431 3751 5500 peceatum.

2153 5520 2316 5577 corde
2356 5521 2675 5591 concipitur,
2724 5530 2780 5578 et
2818 5537 2913 5578 ore
2956 5530 3393 5578 consummatur.
3447 5521 3547 5576 Hic
3573 5523 3732 5572 autem

2153 5612 2245 5681 qui
2267 5613 2525 5679 nascitur,
2555 5613 2878 5668 sententiam
2916 5613 3047 5669 Adae
3072 5615 3234 5670 habet
3252 5653 3271 5679 ,
3307 5620 3597 5685 peccatum
3622 5618 3735 5662 vero

2154 5721 2307 5795 ευριπ
2354 5723 2463 5763 non
2511 5707 2690 5763 habet.
2733 5706 2832 5773 Tu,
2864 5706 3114 5772 Domine.
3155 5707 3457 5763 veritatem
3502 5700 3733 5760 dilexisti.
