3908 6176
169 443 262 502 7.97

1109 435 1578 498 COMMENTABII
1614 437 1682 494 IN
1721 435 2047 495 PSALMOS.
2095 437 2282 495 PSAL.
2327 439 2408 495 Lf.

3311 445 3417 501 398

171 563 421 631 Tempore
463 571 569 628 quo
615 567 716 623 ego
767 554 1048 610 falsitatem
1078 556 1394 626 composui,
1441 565 1500 610 ut
1529 556 1582 610 in
1611 569 1732 623 gra-
1763 559 1807 616 A
1836 557 1963 610 mihi
2012 558 2090 612 sic
2137 558 2264 613 fecit
2308 557 2488 612 Deus?
2537 557 2713 624 Quare
2762 559 2904 614 hoc?
2952 559 3091 616 Ecce
3132 560 3302 629 iniqui
3331 577 3418 616 re-

172 654 295 708 viori
326 663 494 720 pugna
541 654 834 718 poneretur
916 645 1103 710 Urias,
1135 648 1238 702 hoc
1270 647 1532 702 incertum
1562 654 1618 700 et
1642 662 1734 701 oc-

171 744 358 800 cultum
409 743 457 795 in
502 741 740 811 peccatis
782 739 952 806 meis,
1001 740 1146 808 quod
1189 748 1304 794 erat
1339 741 1392 793 in
1421 739 1584 794 corde
1612 755 1734 794 meo

172 832 509 890 manifestasti
559 831 723 896 mihi,
760 841 829 884 δεῖ
858 831 930 884 ita
959 829 1310 884 manifestasti
1340 829 1506 894 mihi,
1548 836 1605 882 ut
1626 826 1737 896 ego

175 935 345 980 contra
375 925 635 993 meipsum
667 921 959 992 proferrem
998 922 1338 976 sententiam.
1379 919 1578 974 Verum
1609 919 1736 987 quia

172 1018 466 1088 aspersione
490 1015 709 1086 hyssopi
741 1012 1164 1083 puriﬁcationem
1198 1012 1312 1067 fieri
1341 1011 1575 1066 sordium
1603 1026 1739 1081 prae-

172 1110 365 1180 cepisti,
399 1108 664 1177 Asperges
689 1124 774 1162 me
808 1107 1058 1177 hyssopo,
1085 1114 1138 1160 et
1166 1105 1502 1169 mundabor;
1538 1103 1740 1158 lavabis

172 1217 248 1255 me
275 1209 326 1254 et
373 1215 534 1268 super
581 1199 758 1252 nivem
805 1197 1114 1252 dealhabor.
1155 1196 1269 1250 lloc
1299 1194 1428 1260 fiet,
1469 1197 1514 1250 si
1537 1195 1743 1249 auditui

177 1307 286 1345 meo
313 1289 524 1344 dederis
553 1289 790 1341 lmtitiam
815 1325 828 1350 ,
875 1302 995 1340 cum
1025 1286 1223 1338 dictum
1257 1283 1413 1338 fuerit
1441 1285 1569 1337 mihi
1595 1301 1607 1335 :
1641 1282 1742 1336 Pa-

174 1389 277 1434 stor
299 1380 498 1441 ovium,
535 1377 735 1431 Nuntio
769 1377 857 1430 tibi
880 1376 1122 1448 gaudium
1144 1392 1404 1446 magnam,
1437 1376 1554 1445 quia
1592 1383 1740 1428 natus

175 1481 242 1523 est
269 1470 415 1522 hodie
452 1467 710 1522 Dominus
739 1484 819 1521 ea:
865 1468 1060 1522 semine
1105 1467 1275 1521 David
1313 1466 1588 1519 secundum
1629 1483 1745 1518 car-

175 1579 278 1615 nem
307 1559 453 1625 (Luc.
488 1577 523 1614 ιι
555 1578 569 1625 ;
604 1559 757 1614 Rom.
790 1560 852 1629 ι).
894 1555 1033 1614 Ecce
1075 1559 1323 1628 gaudium
1363 1574 1460 1628 per
1487 1557 1628 1625 quod
1651 1572 1741 1611 ex-
1784 1546 1796 1557 ’

176 1653 364 1706 sultent
394 1667 515 1705 ossa
549 1651 820 1704 humiliata
840 1691 854 1714 ,
909 1666 1006 1720 per
1052 1649 1196 1718 quod
1225 1650 1440 1711 avertis,
1472 1647 1634 1710 Deus,
1666 1647 1746 1700 fa-

176 1745 296 1800 ciem
327 1754 469 1798 tuam
500 1759 530 1797 a
561 1744 797 1813 peccatis
826 1743 996 1808 meis;
1029 1757 1124 1812 per
1151 1741 1297 1810 quod
1337 1754 1522 1794 omnes
1552 1737 1747 1806 iniqui-

177 1845 302 1891 tates
339 1852 487 1891 meas
537 1837 684 1890 deles
708 1877 722 1901 ,
774 1851 870 1905 per
907 1837 1079 1905 ipsum
1107 1851 1202 1889 cor
1234 1832 1488 1887 mundum
1518 1847 1668 1887 creas
1691 1831 1742 1885 in

177 1942 273 1992 me,
318 1926 486 1990 Deus,
541 1942 637 1996 per
683 1928 856 1995 ipsum
903 1927 1148 1996 Spiritum
1196 1933 1401 1979 rectum
1435 1923 1660 1977 innovas
1688 1923 1742 1976 in

180 2017 455 2071 visceribus
502 2017 680 2080 meis,
731 2024 790 2070 ut
833 2016 1101 2070 desiderio
1146 2015 1374 2085 spiritali
1420 2013 1743 2068 desiderium

179 2110 378 2164 carnale
407 2108 712 2171 excludam,
745 2117 799 2162 et
828 2109 899 2161 ita
928 2105 1186 2175 quidquid
1213 2120 1522 2175 perversum
1552 2111 1634 2158 est
1660 2119 1748 2158 ex-

179 2214 362 2265 secrer,
395 2208 451 2253 ut
478 2198 739 2267 quidquid
786 2207 990 2252 rectum
1039 2213 1222 2252 coram
1262 2203 1316 2250 te
1343 2196 1604 2265 probatur
1632 2210 1747 2247 am-

179 2290 385 2359 plectar.
425 2290 553 2344 ll.ec
580 2290 958 2359 deprecantem
1007 2304 1114 2343 non
1160 2303 1245 2342 me
1276 2287 1528 2357 projicias
1554 2301 1584 2339 a
1614 2285 1748 2340 facie

181 2389 297 2446 tua,
343 2391 394 2435 et
422 2382 685 2451 Spiritum
735 2389 980 2435 sanctum
1028 2389 1178 2434 tuum
1218 2396 1287 2434 ne
1329 2378 1540 2434 auferas
1581 2393 1610 2432 a
1640 2393 1743 2431 me.

183 2469 274 2525 Sed
302 2472 462 2526 redde
492 2474 625 2527 mihi
655 2473 895 2526 lmtitiam
923 2487 1083 2542 quam
1111 2471 1357 2541 perdidi,
1413 2477 1467 2524 et
1503 2470 1748 2539 spiritum

183 2577 324 2632 quem
362 2565 428 2620 ad
476 2563 901 2620 confirmandam
939 2563 1326 2632 indulgentiam
1372 2562 1600 2624 tribuis,
1652 2575 1748 2630 per

183 2657 338 2725 ipsum
364 2654 629 2710 confirma
659 2670 766 2710 me.
829 2654 1010 2708 Tertio
1059 2663 1238 2708 autem
1287 2653 1532 2722 spiritum
1574 2651 1750 2704 nomi-

184 2748 362 2814 nando,
421 2747 748 2802 Trinitatem
796 2748 845 2801 in
877 2747 1083 2800 unitate
1111 2761 1231 2801 esse
1261 2743 1560 2814 perdocuit.
1617 2739 1751 2795 Cum

183 2855 316 2909 ergo,
344 2841 554 2909 inquit,
584 2855 669 2894 me
696 2837 1118 2901 confirmaveris,
1149 2833 1340 2890 deinde
1370 2832 1754 2901 indulgentiam

185 2942 314 2987 tuam
341 2933 560 3000 docebo
575 2941 629 2986 et
651 2946 750 2999 ego
777 2931 1001 2998 iniquos,
1034 2929 1158 3000 quia
1190 2927 1462 2981 misereris
1490 2935 1544 2978 et
1574 2922 1752 2977 indul-

186 3038 266 3092 ges
312 3025 488 3094 impiis
543 2996 965 3093 paenitentibus:
999 2996 1219 3073 eti/haec
1267 3017 1544 3071 audientes
1587 3013 1752 3083 impii,

188 3129 268 3182 per
293 3114 663 3184 pcenitentiam
694 3112 759 3165 ad
807 3120 859 3165 te
907 3115 1307 3164 convertentur.
1361 3107 1548 3160 Libera
1577 3120 1662 3159 me
1691 3104 1758 3158 de

188 3205 544 3272 sanguinibus.
594 3202 671 3255 De
717 3201 818 3254 hac
865 3200 1047 3268 utique
1095 3198 1360 3252 sententia
1402 3211 1504 3264 qua
1535 3193 1753 3248 dixisti:

1838 659 2040 719 gnant,
2087 650 2216 720 justi
2265 651 2586 720 afﬂiguntur,
2637 653 2802 707 vincit
2848 669 2968 708 cum
3013 653 3298 722 judicatur.
3349 652 3420 707 Ut

1839 741 2079 795 medicus
2124 742 2214 810 qui
2260 742 2558 811 desperatis
2599 741 2752 810 jubet
2797 743 2864 796 ad
2908 743 3044 797 velle
3093 744 3310 806 serviri,
3363 751 3420 798 et

1842 831 2019 885 omnia
2068 846 2187 900 qum
2232 831 2584 902 desiderant.
2626 833 2867 902 prmcipit
2905 847 3009 887 non
3039 835 3241 901 negari.
3274 835 3420 900 Quos

1843 931 2021 975 autem
2068 923 2169 976 scit
2215 937 2374 992 posse
2402 924 2632 990 salvari,
2673 925 2826 993 jubet
2855 940 2949 978 eos
2977 927 3192 990 arctari,
3225 928 3421 981 amaris

1840 1013 2149 1083 potionibus
2177 1015 2354 1084 potari
2377 1056 2392 1080 ,
2442 1015 2586 1070 ferro
2616 1017 2817 1083 secari,
2850 1017 3154 1071 cauteriari.
3188 1018 3276 1072 Sic
3305 1017 3416 1082 fiet,

1843 1113 1902 1158 ut
1928 1105 2053 1159 dum
2082 1106 2272 1159 salvati
2303 1105 2499 1160 fuerint
2527 1107 2886 1173 abstinentes,
2919 1116 2973 1162 et
3000 1111 3196 1163 mortui
3228 1108 3422 1164 fuerint

1842 1195 2120 1251 desideriis
2148 1199 2378 1266 pr0priis
2416 1199 2816 1266 acquiescen‘tcs
2840 1239 2855 1263 ,
2899 1199 3276 1268 justificabitur
3304 1216 3420 1255 me-

1844 1285 1996 1340 dicus
2026 1287 2076 1340 in
2107 1288 2448 1341 sermonibus
2483 1289 2613 1342 suis.
2661 1287 2863 1343 Dicitur
2891 1291 2974 1344 ei:
3007 1289 3115 1344 Nos
3146 1298 3197 1344 te
3227 1290 3423 1359 injuste

1844 1377 2213 1447 culpahamus,
2246 1378 2371 1432 dum
2401 1379 2594 1447 ligarcs
2613 1420 2628 1445 ,
2660 1381 2785 1434 dum
2813 1395 3026 1435 secares
3055 1381 3298 1435 homines
3325 1383 3421 1436 bo-

1846 1484 1978 1534 nos,
2035 1476 2089 1523 et
2135 1468 2306 1523 malos
2357 1485 2455 1524 nec
2483 1485 2727 1535 sccares,
2761 1486 2860 1524 nec
2889 1470 3173 1539 afﬂigercs,
3207 1471 3423 1540 insuper

1847 1559 2006 1613 etiam
2059 1561 2399 1629 permitteres
2441 1561 2552 1614 suis
2602 1561 2881 1614 desideriis
2919 1560 3042 1614 frui.
3075 1560 3188 1614 lluc
3218 1561 3424 1615 accedit

1845 1660 1902 1706 ut
1933 1652 2171 1707 dicamus
2199 1653 2265 1708 de
2295 1652 2406 1708 Deo
2429 1694 2443 1719 ,
2492 1655 2616 1723 quia
2645 1671 2791 1724 quem
2818 1654 2986 1725 diligit
3017 1638 3270 1707 Dominus
3310 1669 3425 1706 cor-

1847 1747 1968 1815 ripit
1997 1745 2173 1814 (Prov.
2203 1745 2301 1816 ιιι).
2351 1747 2457 1801 Sed
2486 1761 2734 1815 rogemus
2762 1754 2820 1800 ut
2848 1746 3102 1814 corripiat
3131 1760 3227 1798 nos
3250 1744 3426 1812 justus

1847 1835 1900 1888 in
1949 1836 2315 1891 misericordia
2363 1852 2494 1902 sua,
2547 1845 2603 1891 ut
2627 1837 2825 1906 judicia
2870 1836 2986 1905 ejus
3025 1835 3279 1904 adjuvent
3308 1850 3424 1897 nos,

1847 1940 1944 1995 per
1971 1925 2257 1980 Dominum
2288 1936 2532 1980 nostrum
2561 1925 2742 1982 Jesum
2771 1926 3044 1982 Christum
3067 1968 3083 1994 ,
3123 1927 3214 1996 qui
3243 1934 3428 1995 regnat

1847 2015 1900 2068 in
1928 2015 2122 2070 szecula
2151 2016 2484 2071 smculorum.
2512 2015 2700 2071 Amen.

2418 2127 2732 2196 PSAIML’S
2772 2129 2854 2183 ιι.

1847 2221 1904 2276 ln
1939 2222 2095 2276 finem
2130 2222 2431 2276 intellectus
2462 2221 2648 2283 David,
2681 2238 2801 2275 cum
2836 2223 2982 2275 venit
3006 2221 3072 2276 ad
3101 2237 3224 2275 eum
3249 2221 3431 2276 Doech

1918 2292 2196 2356 lduuiacus,
2212 2302 2265 2345 et
2285 2292 2547 2346 nuntiavit
2567 2291 2714 2346 Sauli
2740 2308 2753 2345 :
2772 2291 2930 2346 Venit
2946 2291 3113 2345 David
3134 2293 3186 2345 in
3213 2291 3434 2346 domum

1923 2361 2288 2417 Achimelech.

1923 2474 2060 2540 Quid
2074 2476 2314 2546 gloriaris
2338 2477 2392 2529 in
2409 2474 2625 2540 malitia,
2646 2476 2729 2546 qui
2751 2483 2932 2545 potens
2971 2491 3024 2528 es
3047 2475 3100 2528 in
3129 2472 3434 2546 iniquitate?

1853 2569 1981 2625 Tota
2003 2570 2084 2622 die
2103 2570 2153 2621 in
2153 2568 2408 2638 justitiam
2438 2569 2676 2638 cogitavit
2699 2568 2874 2638 lingua
2901 2576 3004 2630 tua,
3027 2568 3160 2620 sicut
3182 2565 3435 2618 novacula

1852 2671 2003 2715 acuta
2034 2663 2198 2732 fecisti
2229 2660 2420 2715 dolum.
2456 2659 2695 2712 Dilexisti
2740 2658 2992 2711 malitiam
3019 2673 3172 2727 super
3201 2655 3436 2726 benigni-

1855 2763 2028 2818 tatem,
2060 2755 2378 2824 iniquitatem
2417 2753 2581 2821 magis
2617 2767 2769 2821 quam
2816 2749 2952 2820 loqui
2999 2750 3308 2818 atquitatem.
3343 2745 3439 2798 Di-

1855 2846 2024 2900 lexisti
2051 2846 2222 2899 omnia
2245 2843 2392 2898 verba
2413 2829 2858 2913 prwcipitationis,
2882 2840 3058 2910 lingua
3089 2838 3286 2891 dolosa.
3307 2835 3440 2890 Pro-

1856 2947 2028 3007 pterea
2059 2937 2196 2992 Deus
2227 2937 2449 2991 destruet
2485 2945 2528 2988 te
2558 2937 2610 2988 in
2637 2935 2813 3003 ﬁnem,
2846 2934 3023 2986 evellet
3045 2940 3092 2984 te
3128 2939 3175 2983 et
3217 2931 3441 3001 emigra-

1859 3028 1929 3082 bit
1972 3037 2018 3082 te
2047 3028 2108 3081 de
2155 3025 2486 3080 tabernaculo
2530 3035 2641 3088 tuo,
2684 3033 2732 3076 et
2768 3022 2995 3076 radicem
3032 3029 3172 3074 tuam
3212 3019 3274 3072 de
3307 3030 3441 3072 terra

1859 3121 2146 3175 viventium.
2184 3116 2437 3172 Videbunt
2453 3117 2582 3188 justi
2603 3125 2650 3168 et
2681 3113 2942 3180 timebunt,
2973 3122 3022 3167 et
3049 3129 3204 3183 super
3231 3127 3346 3166 eam
3374 3113 3444 3164 ri-

1862 3209 2048 3264 debttnt
2073 3218 2122 3263 et
2166 3209 2354 3271 dicent,
2387 3205 2523 3259 Ecce
2550 3206 2699 3259 homo
2728 3207 2812 3276 qui
2835 3222 2936 3258 non
2968 3205 3134 3273 posuit
3157 3201 3318 3256 Deum
3349 3201 3442 3254 ad-

191 3259 301 3349 Νοῆ
327 3295 532 3349 "cedet
557 3291 762 3364 gladius
784 3291 846 3343 de
876 3259 1026 3344 dmi”
1058 3301 1145 3341 1"“
1186 3287 1250 3358 (11
1285 3259 1558 3356 Βι’ἔ1·-³ί¹¹)ν
1591 3284 1758 3337 libera
1785 3259 1831 3322 Ο
2302 3259 2417 3351 νέαι
2443 3298 2664 3366 speravit
2703 3259 2758 3347 id
2797 3259 3124 3348 multititdine
3151 3293 3446 3344 divitiarum

191 3401 263 3438 me
289 3387 351 3440 ab
395 3388 495 3440 hac
551 3383 814 3438 sententia
840 3423 854 3447 ,
905 3389 964 3435 ut
992 3379 1225 3435 exsultet
1254 3378 1432 3444 lingua
1462 3391 1580 3430 mea
1603 3374 1760 3443 justi-

193 3475 302 3529 tiam
327 3485 487 3530 tuam.
513 3474 686 3528 Lahia
714 3482 890 3526 autem
914 3487 1030 3526 mea
1060 3485 1178 3538 quce
1207 3483 1237 3522 a
1258 3476 1409 3521 reatu
1436 3482 1557 3519 meo
1579 3467 1762 3520 clausa

193 3575 318 3629 sunt,
349 3575 401 3619 tu
431 3582 495 3620 ea
527 3567 746 3634 aperies
776 3563 1102 3629 indulgentia
1133 3569 1222 3613 tua
1250 3599 1264 3623 ,
1306 3559 1500 3629 quibus
1539 3556 1760 3626 apertis,

196 3671 246 3712 os
285 3673 454 3712 meum
503 3654 1074 3710 annuntiabitlaudem
1101 3661 1265 3706 tuam.
1321 3651 1519 3706 Verum
1559 3649 1683 3717 quia
1710 3648 1764 3701 in

196 3748 294 3816 lege
320 3758 405 3804 tua
435 3752 706 3819 scriptum
744 3756 828 3802 est
869 3747 1011 3817 quod
1041 3744 1364 3801 sacrificium
1394 3759 1491 3813 pro
1521 3756 1767 3810 unoquo-

199 3857 285 3912 que
310 3853 533 3914 peccato
572 3841 751 3896 offerri
782 3841 1011 3904 debeat,
1045 3855 1189 3894 nunc
1214 3853 1344 3892 vero
1374 3835 1574 3906 placari
1602 3833 1769 3888 sacri-

198 3934 316 3992 ﬁciis
343 3953 448 3990 non
479 3937 592 3997 vis,
625 3933 770 4004 quod
820 3933 1003 4000 utique
1047 3932 1093 3986 si
1122 3931 1289 3984 velles
1326 3927 1613 3991 oﬂ‘errem;
1643 3924 1768 3993 quia

199 4037 309 4092 ergo
336 4025 416 4079 his
445 4041 557 4078 non
583 4023 882 4087 delectaris,
917 4019 1084 4076 offero
1114 4020 1207 4074 tibi
1237 4020 1289 4073 in
1319 4015 1584 4073 sacriﬁcio
1614 4015 1770 4085 spiri—

201 4120 295 4166 tum
315 4113 758 4177 contribulatum,
790 4127 884 4166 cor
911 4111 1200 4166 contritum
1228 4117 1284 4163 et
1312 4107 1650 4162 humiliatum
1668 4143 1682 4168 ,
1712 4111 1773 4158 ut

201 4201 407 4273 benigne
453 4204 628 4259 facias
671 4205 723 4257 in
753 4203 893 4256 bona
923 4202 1196 4256 voluntate
1218 4210 1306 4254 tua
1335 4213 1498 4268 super
1524 4196 1684 4260 Sion,
1715 4201 1774 4248 ut

202 4295 390 4352 auferas
418 4298 663 4366 gladium
695 4298 761 4350 ab
790 4311 850 4350 ea
868 4334 883 4359 ,
914 4309 1074 4364 quem
1103 4309 1202 4364 pro
1231 4299 1457 4363 peccato
1487 4306 1608 4345 meo
1637 4305 1772 4344 con-

206 4387 401 4442 stituisti
424 4431 439 4454 ,
473 4385 672 4443 utnon
709 4387 1074 4452 destruantur,
1105 4387 1201 4440 sed
1237 4386 1412 4456 magis
1446 4383 1776 4440 aedificentur

205 4480 323 4533 muri
349 4479 676 4534 Jerusalem.
727 4477 876 4531 Tunc
921 4477 993 4530 ibi
1041 4484 1260 4545 accepta
1308 4483 1466 4530 erunt
1513 4471 1775 4528 sacrificia

208 4567 400 4634 iustitia:
445 4571 498 4625 in
554 4569 920 4625 oblationibus
965 4568 1184 4637 Spiritus
1232 4566 1604 4633 contribulati,
1637 4573 1692 4620 et
1720 4565 1774 4618 in

212 4659 521 4718 holocaustis
571 4662 753 4717 cordis
793 4661 1075 4714 humil'a'i.
1141 4658 1207 4713 Et
1235 4675 1397 4730 super
1425 4660 1594 4714 altare
1624 4667 1773 4712 tuum

216 4750 544 4820 imponentur
570 4753 764 4818 vituli,
807 4752 858 4805 id
887 4760 970 4805 est
997 4791 1011 4816 ,
1047 4750 1272 4819 juvenes
1318 4749 1409 4818 qui
1451 4756 1781 4818 cognoscunt

213 4843 292 4897 tibi
319 4845 586 4899 luxuriam
616 4846 688 4899 ita
717 4845 1019 4914 displicere,
1052 4851 1112 4898 ut
1141 4844 1364 4912 punias,
1397 4849 1451 4896 et
1481 4857 1576 4911 per
1604 4842 1778 4912 lacry-

210 4948 312 4988 mas
353 4938 579 5005 spiritus
625 4938 970 4992 contribulati
1016 4937 1268 4991 delictum
1317 4935 1433 5004 ejus
1479 4935 1775 5004 indulgeas.

211 5020 266 5078 lii
289 5027 436 5082 vituli
483 5029 581 5097 qui
629 5026 911 5082 inferiores
956 5027 1102 5080 vitiis
1147 5027 1369 5080 luxurize
1417 5033 1600 5088 erant,
1633 5041 1663 5079 a
1693 5040 1780 5079 se-

212 5117 436 5186 metipsis
481 5118 764 5172 voluntate
811 5133 974 5185 super
1018 5117 1188 5172 altare
1237 5125 1422 5181 tuum,
1474 5115 1526 5170 id
1557 5123 1675 5180 est,
1727 5115 1778 5168 in

214 5203 470 5263 altitudine
531 5209 672 5263 casti
722 5208 933 5264 consilii
985 5209 1348 5277 imponentur.
1400 5205 1553 5274 Quod
1600 5213 1782 5260 autem

215 5296 365 5351 solam
391 5300 676 5353 historiam
708 5300 1054 5352 tractavimus
1101 5297 1218 5366 ejus
1262 5297 1511 5352 versiculi
1552 5311 1660 5366 quo
1697 5295 1783 5363 ju-

215 5383 454 5443 stiﬁcatur
503 5389 652 5444 Deus
697 5389 747 5442 in
795 5390 1136 5444 sermonibus
1182 5389 1331 5454 suis,
1375 5397 1430 5443 et
1458 5388 1623 5442 vineit
1651 5387 1778 5441 dum

217 5473 458 5541 iudicatur
483 5502 494 5532 .
530 5480 650 5535 haec
675 5494 762 5535 res
792 5480 842 5533 in
869 5480 1071 5549 judicio
1095 5479 1394 5534 Salvatoris
1424 5479 1641 5548 impleta
1673 5487 1776 5542 est,

219 5566 324 5621 Vicit
350 5570 488 5624 enim
519 5585 646 5625 cum
689 5570 959 5639 judicatus
987 5579 1070 5627 est
1099 5572 1149 5624 in
1182 5570 1431 5641 passione
1459 5585 1589 5633 sua,
1622 5578 1676 5623 et
1702 5570 1780 5623 sic

221 5657 326 5713 vicit
347 5697 364 5727 ,
392 5671 450 5716 ut
478 5663 749 5718 obtineret
787 5679 1002 5719 omnem
1031 5665 1426 5734 principatum,
1459 5670 1513 5716 et
1541 5669 1781 5731 potesta-

224 5755 331 5819 lem,
359 5763 412 5809 et
439 5756 726 5811 virtutem:
761 5765 938 5814 tamen
985 5764 1042 5812 et
1087 5757 1326 5825 quotidie
1363 5754 1651 5825 judicatur,
1685 5751 1782 5808 sed

227 5838 329 5895 llum
351 5844 618 5913 iudicatur
645 5849 823 5906 vincit.
863 5848 1054 5905 Dicere
1083 5849 1225 5903 enim
1256 5847 1519 5914 solemus,
1557 5843 1626 5900 Ut
1653 5845 1782 5914 quid

1861 3409 2091 3454 suarum,
2123 3401 2171 3444 et
2190 3389 2459 3459 prwvaluit
2487 3389 2539 3439 in
2572 3388 2796 3440 vanitate
2818 3402 2928 3438 sua.
2962 3383 3075 3454 Ego
3105 3392 3275 3436 autem
3321 3385 3448 3435 sicut

1863 3484 1996 3537 oliva
2025 3482 2292 3552 fructifera
2318 3479 2371 3531 iu
2410 3471 2560 3531 domo
2601 3477 2719 3539 Dei,
2759 3476 2961 3545 speravi
2998 3476 3052 3527 in
3091 3472 3448 3526 misericordia

1865 3573 1965 3628 Dei
1984 3573 2037 3624 iu
2061 3579 2325 3632 retentum,
2353 3577 2402 3621 et
2429 3569 2481 3621 in
2512 3567 2754 3620 saxulum
2795 3565 2994 3618 saeculi.
3031 3562 3330 3632 Conﬁtebor
3360 3560 3449 3614 tibi

1864 3664 1920 3717 in
1957 3660 2220 3721 saxulum,
2263 3659 2383 3730 quia
2423 3659 2610 3730 fecisti,
2649 3666 2698 3709 et
2725 3653 3032 3725 ert-spectabo
3061 3669 3248 3706 nomen
3290 3661 3448 3717 tuum,

1867 3755 2110 3828 quoniam
2137 3750 2322 3806 bonum
2341 3752 2394 3804 in
2423 3755 2692 3820 conspectu
2723 3755 3016 3800 sanctorum
3049 3753 3270 3798 tuorum.

2437 3888 2874 3938 cauuesuuwu.

1942 4017 2174 4087 Fugiens
2201 4015 2368 4072 David
2396 4031 2426 4069 a
2450 4013 2582 4070 facie
2603 4013 2800 4078 Saulis,
2829 4012 2976 4068 venit
3009 4011 3077 4066 ad
3108 4009 3452 4065 Achimeleeh

1873 4110 2230 4172 sacerdotem,
2283 4115 2337 4161 et
2381 4121 2548 4176 panes
2587 4114 2803 4159 sanctos
2832 4104 3128 4164 inveniens,
3164 4101 3457 4168 assumpsit

1843 4201 1856 4211 ‘
1875 4202 1990 4271 ipse
2019 4207 2074 4254 et
2101 4197 2193 4267 qui
2221 4211 2344 4252 cum
2372 4210 2438 4249 eo
2477 4201 2650 4249 erant.
2683 4194 2853 4259 Quem
2882 4208 3003 4246 cum
3034 4191 3347 4260 prohiberet
3376 4204 3472 4246 sa-,

1877 4291 2086 4353 cerdos,
2130 4285 2450 4358 prohibendi
2478 4299 2693 4339 causam
2723 4282 2889 4336 David
2932 4281 3184 4351 prodidit,
3228 4280 3414 4335 dicens
3444 4297 3458 4333 :

1879 4382 2067 4437 Mundi
2090 4397 2263 4434 sumus
2284 4395 2376 4449 ego
2399 4386 2447 4432 et
2468 4376 2611 4447 pueri
2632 4375 2728 4428 mei
2752 4391 2782 4427 a
2802 4373 3099 4427 mulieribus
3119 4371 3158 4442 (l
3178 4371 3304 4444 Reg.
3326 4371 3459 4440 χιιι).

1879 4470 2013 4528 Cum
2044 4485 2172 4540 ergo
2203 4469 2400 4538 fugeris
2436 4466 2668 4535 gladium
2696 4464 2950 4535 principis
2976 4462 3180 4527 mundi,
3211 4471 3264 4516 et
3293 4461 3357 4515 ad
3389 4461 3466 4514 al-

1881 4572 1996 4619 tare
2023 4560 2410 4624 convolaveris,
2444 4567 2497 4612 et
2519 4556 2746 4612 mundus
2769 4570 2966 4625 panem
2985 4544 3238 4608 sanctum
3261 4567 3467 4606 assum-

1883 4659 2068 4730 pseris,
2102 4672 2208 4710 non
2235 4653 2408 4709 deerit
2435 4651 2524 4720 qui
2570 4658 2620 4704 te
2658 4648 2856 4703 diaboli
2896 4646 3215 4716 impulsione
3245 4643 3466 4712 afﬂigat,

1880 4756 2255 4828 persequatur,
2287 4746 2522 4814 detegat.
2553 4742 2621 4796 Et
2661 4742 2785 4810 quia
2832 4740 2936 4794 hoc
2964 4740 3136 4808 ipsum
3185 4754 3292 4793 non
3336 4738 3471 4792 alius

1883 4842 1984 4896 nisi
2015 4827 2259 4894 diabolus
2286 4843 2560 4908 operatur,
2605 4833 2704 4903 ipsi
2734 4829 2949 4886 diabolo
2984 4836 3096 4883 tota
3124 4829 3282 4883 verba
3313 4827 3473 4897 hujus

1884 4933 2073 5006 psalmi
2103 4940 2252 4989 stans
2280 4930 2334 4985 in
2365 4929 2609 4984 oratione
2639 4923 2900 4987 cantabis,
2929 4921 3111 4977 dicens
3140 4939 3152 4974 :
3179 4921 3317 4989 Quid
3357 4921 3461 4989 glo-

1884 5025 2043 5082 riaris
2065 5025 2122 5078 in’
2144 5023 2366 5084 malitia,
2392 5019 2482 5089 qui
2512 5023 2706 5087 potens
2733 5030 2791 5070 es
2819 5014 2873 5068 in
2895 5015 3333 5085 iniquitate?tota
3363 5012 3468 5073 die,

1886 5118 1934 5171 id
1948 5122 2212 5181 est,omnt
2229 5117 2333 5177 die,
2349 5108 2664 5181 injustitiam
2683 5109 2736 5162 in
2748 5107 3158 5175 cogitationibus
3180 5107 3310 5176 agis.
3343 5104 3471 5159 Lin-

1886 5221 1987 5274 gua
2030 5215 2121 5257 tua
2168 5216 2274 5254 non
2312 5208 2486 5253 cessat
2526 5205 2712 5252 contra
2748 5197 3012 5266 justitiam
3056 5196 3473 5264 cogitationibus

1888 5298 2194 5354 ministrare
2223 5291 2464 5348 consilia.
2498 5289 2647 5346 Sicut
2675 5290 2931 5345 novacula
2963 5296 3119 5344 acuta
3151 5287 3348 5342 faciens
3376 5287 3474 5341 do-

1886 5391 2016 5453 lum,
2046 5393 2198 5441 tanto
2219 5382 2464 5438 acumine
2485 5380 2776 5435 concinnas
2799 5379 2971 5443 dolos,
2997 5385 3056 5434 ut
3076 5379 3240 5433 homo
3262 5378 3376 5447 ipse
3395 5376 3477 5429 sui

1894 5481 1947 5534 in
1987 5474 2284 5547 perniciem
2328 5471 2597 5533 elaboret,
2637 5477 2691 5523 et
2730 5483 2894 5535 agens
2929 5468 3280 5538 przecipitium
3321 5481 3477 5521 suum

1889 5568 2137 5639 gaudeat.
2163 5563 2393 5634 Propter
2417 5562 2520 5617 hoc
2547 5560 2684 5615 Deus
2710 5559 2952 5614 destruet
2973 5567 3024 5612 te
3054 5558 3105 5612 in
3137 5555 3316 5611 ﬁnem.
3342 5555 3476 5610 Cum

1891 5661 2032 5716 enim
2063 5657 2223 5711 tinem
2255 5653 2442 5710 fecerit
2462 5653 2624 5707 homo
2652 5649 2889 5721 peccatis
2917 5647 3024 5702 suis
3051 5663 3080 5700 a
3113 5655 3163 5701 te
3186 5647 3479 5717 persuasis,

1890 5753 2031 5807 Deus
2059 5750 2298 5804 destruet
2318 5754 2390 5809 te,
2411 5755 2464 5798 et
2491 5743 2689 5798 evellet
2721 5749 2770 5794 te
2791 5739 2857 5794 de
2885 5737 3048 5794 corde
3069 5737 3202 5808 ejus,
3234 5739 3357 5808 quia
3380 5739 3483 5794 hoc

1892 5854 1969 5900 est
2013 5837 2413 5895 tabernaculum
2443 5834 2556 5896 Dei,
2603 5839 2654 5886 et
2685 5829 2921 5885 radicem
2952 5837 3098 5884 tuam
3127 5830 3193 5887 de
3223 5838 3365 5885 terra
3398 5829 3476 5882 vi-
