3908 6176
436 387 537 443 5‘39
1752 366 2026 426 ARNOBII

2159 364 2367 423 nonis
3276 336 3283 339 “
3559 362 3646 420 too

440 496 691 565 ventiutb,
726 498 776 553 id
802 504 904 561 est,
938 495 1002 550 de
1027 506 1253 563 corpore
1277 488 1568 547 viventium
1591 486 1721 542 Deo.
1745 482 2016 539 Videbunt
2044 485 2093 543 Α
2189 481 2395 565 nissent
2432 478 2668 565 Cypbaci,
2699 477 3133 565 et_nunti_asseut
3165 476 3327 544 Sauli,
3365 478 3534 535 Nonne
3567 480 3651 536 οι.

438 594 563 665 justi
600 591 822 646 astutias
862 595 997 652 tuas,
1045 592 1101 640 et
1140 583 1402 638 timebunt
1429 578 1735 639 Dominum,
1764 582 1819 630 et
1857 586 2019 643 super

437 663 804 751 suggestiones
832 688 949 733 tuas
983 675 1250 742 ridebunt,
1297 679 1353 727 et
1391 670 1608 724 dicent:
1642 666 1748 721 Nos
1776 665 1829 720 in
1871 663 2018 718 omni

439 789 600 846 Opere
612 773 777 828 Deum
796 771 847 825 in
864 769 1117 823 auxilium
1134 760 1571 836 postulamus.'l‘u
1583 773 1710 813 vero
1726 772 1861 826 opus
1876 752 2021 822 quod

438 842 749 937 perpetrare
777 860 988 924 suades,
1013 873 1120 911 non
1148 855 1366 926 ponitur
1388 852 1459 906 ibi
1488 850 1628 905 Deus
1657 847 1709 901 in
1732 842 2020 915 adjutorio;

439 953 535 1010 sed
560 953 649 1023 qui
676 957 969 1021 operantur
988 948 1124 1011 haec,
1151 946 1267 1000 sine
1296 942 1406 997 Deo
1435 947 1577 1004 sunt,
1609 950 1760 1006 spem
1782 948 1934 989 suam
1969 931 2024 985 in

442 1021 641 1099 divitiis
681 1039 865 1095 mundi
894 1044 1186 1109 ponentes;
1227 1036 1272 1090 si
1299 1033 1490 1089 divites
1532 1036 1675 1093 sunt,
1720 1026 1789 1082 de
1827 1021 2025 1079 divitiis

443 1132 627 1188 mundi
672 1137 1086 1202 priesumentes;
1133 1127 1178 1183 si
1225 1137 1490 1195 pauperes
1525 1126 1676 1185 sunt,
1708 1133 1739 1172 a
1777 1114 2028 1170 divitibus

445 1222 649 1287 mundi,
673 1229 729 1277 et
749 1237 854 1276 non
876 1236 907 1275 a
928 1220 1038 1275 Deo
1060 1217 1311 1273 auxilium
1341 1213 1691 1285 postulantes.
1731 1206 2030 1262 Prtevalent

446 1316 501 1371 in
533 1314 767 1369 vanitate
795 1329 918 1379 sua;
963 1311 1057 1366 sed
1086 1310 1168 1364 bis
1195 1305 1581 1366 deficientibus,
1622 1300 1722 1367 Qui
1767 1305 1947 1369 sperat
1974 1297 2030 1351 in

447 1404 814 1461 misericordia
845 1403 959 1468 Dei,
993 1402 1096 1457 erit
1137 1399 1275 1454 sicut
1303 1397 1443 1452 oliva
1473 1390 1747 1448 fructifera
1785 1389 1840 1443 in
1869 1387 2032 1443 domo

450 1497 563 1563 Dei,
587 1510 810 1566 sperans
835 1495 889 1548 in
909 1490 1271 1548 misericordia
1291 1488 1407 1556 ejus
1429 1486 1481 1540 in
1503 1492 1761 1539 aeternum
1783 1497 1799 1546 ;
1821 1486 1876 1534 et
1898 1492 2033 1533 con-

450 1587 682 1642 fitebitur
703 1585 930 1639 Domino
953 1584 1003 1637 in
1026 1581 1279 1637 saaculum
1302 1574 1561 1633 beneficia
1590 1572 1707 1643 ejus
1728 1571 1780 1625 in
1807 1581 2036 1638 conspe-

452 1687 541 1733 ctu
564 1678 800 1733 omnium
825 1680 1132 1731 sanctorum
1162 1671 1277 1739 Dei,
1301 1669 1390 1740 qui
1413 1673 1599 1737 regnat
1627 1666 1682 1720 in
1710 1660 1903 1717 secula
1932 1662 2045 1715 sae-l

456 1769 721 1824 culorum.
767 1767 954 1821 Amen.

1014 1829 1331 1888 PSALMUS
1360 1828 1466 1883 Lll.

622 1928 683 1985 lu
722 1928 881 1983 linem
920 1926 1222 1982 intellectus
1260 1922 1426 1977 David
1453 1935 1553 1991 pro
1592 1915 1866 1972 Amalech.

392 2116 397 2119 1
528 2045 678 2100 Dixit
702 2043 951 2113 insipiens
973 2042 1026 2094 in
1056 2036 1211 2092 corde
1231 2053 1342 2100 suo,
1362 2033 1479 2089 Non
1509 2039 1584 2085 est
1610 2031 1763 2083 Deus.
1797 2023 2038 2094 Corrupti

453 2145 577 2192 sunt
593 2146 642 2191 et
668 2132 1032 2189 abominabiles
1055 2131 1180 2203 facti
1205 2137 1323 2182 sunt
1350 2128 1404 2180 in
1431 2123 1816 2197 iniquitatibus:
1839 2134 1942 2205 non
1963 2124 2041 2169 est

453 2228 542 2292 qui
571 2226 730 2299 faciat
760 2223 963 2279 bonum.
996 2220 1132 2275 Deus
1162 2218 1225 2272 de
1269 2217 1392 2271 cado
1422 2213 1683 2286 prospexit
1707 2226 1859 2280 super
1903 2207 2040 2277 ﬁlios

457 2318 742 2380 hominum,
787 2326 844 2368 ut
882 2314 1051 2367 videat
1098 2313 1142 2365 si
1190 2317 1265 2364 est
1308 2306 1599 2377 intelligens
1648 2310 1738 2355 aut
1778 2299 2041 2368 requirens

458 2408 642 2476 Deum.
670 2406 858 2461 Omnes
887 2403 1291 2464 declinaverunt,
1323 2395 1473 2451 simul
1492 2394 1720 2449 inutiles
1750 2390 1875 2462 facti
1902 2393 2039 2450 sunt,

424 2516 562 2555 [non
607 2508 682 2554 est
728 2498 814 2569 qui
857 2497 1020 2568 faciat
1066 2493 1284 2555 bonum,
1326 2504 1430 2541 non
1467 2495 1544 2538 est
1584 2498 1740 2552 usque
1767 2478 1836 2532 ad
1864 2492 2040 2531 unum.

464 2591 654 2647 Nonne
680 2593 838 2646 scient
867 2578 1047 2643 omnes
1071 2586 1154 2657 qui
1184 2590 1469 2653 operantur
1491 2577 1832 2653 iniquitatem,
1858 2570 1941 2642 qui
1964 2569 2046 2621 de-

458 2695 644 2740 vorant
663 2683 856 2755 plebem
879 2696 1044 2734 meam
1071 2687 1128 2731 ut
1154 2676 1318 2729 cibum
1344 2669 1534 2744 panis?
1572 2667 1733 2720 Deum
1762 2679 1867 2717 non
1909 2662 2048 2716 invo-

412 2754 419 2767 1
464 2782 723 2837 caverunt,
748 2772 854 2825 illic
877 2769 1257 2839 trepidaverunt
1279 2766 1477 2824 timore,
1510 2758 1594 2814 ubi
1619 2773 1721 2811 non
1746 2755 1842 2827 fuit
1873 2754 2044 2806 timor.

460 2864 724 2930 Quoniam
770 2862 909 2915 Deus
940 2859 1208 2930 dissipavit
1245 2872 1365 2911 ossa
1412 2868 1584 2907 eorum
1629 2849 1713 2921 qui
1761 2842 2047 2899 hominibus

468 2958 694 3027 placent;
714 2954 1090 3026 confusi-sunt,
1122 2948 1364 3021 quoniam
1398 2943 1533 2997 Deus
1565 2940 1759 3012 sprevit
1784 2952 1890 2990 eos.
1922 2930 2049 2997 Quis

468 3022 612 3103 dabit
643 3062 707 3101 ex
750 3022 880 3100 Sion
920 3042 1149 3097 salutare
1192 3035 1389 3092 Israel!
1410 3050 1523 3087 cum
1569 3027 1869 3085 converterit
1909 3022 2049 3085 Deus

470 3139 813 3210 captivitatem
849 3134 1010 3207 plebis
1048 3148 1174 3195 sucu,
1219 3125 1494 3184 exsultabit
1533 3121 1718 3187 Jacob,
1758 3128 1807 3173 et
1849 3119 2051 3172 laetetur

454 3228 663 3284 ,ΙΝ-(εει.

1038 3303 1476 3348 ΟΟᾺΙΜΕΝΤΑΗῙΕΜ.

522 3408 766 3479 Ωιιιιῐιᾶο
790 3408 1048 3463 Dominus
1069 3406 1135 3460 de
1166 3405 1303 3459 creto
1333 3400 1608 3473 prospexit
1634 3412 1730 3469 per
1756 3394 1937 3450 Iesum
1966 3410 2055 3450 su-

462 3520 570 3575 per
598 3500 733 3557 filios
761 3500 1061 3564 hominum,
1091 3495 1281 3552 videns
1319 3509 1442 3548 eum
1483 3491 1676 3547 stultus
1702 3486 1934 3558 populus
1960 3482 2056 3538 Ju-

475 3596 731 3650 dmorum.
762 3590 892 3646 dicit
931 3589 985 3643 in
1014 3587 1176 3643 cerde
1214 3601 1313 3640 suo
1346 3603 1359 3637 :
1392 3583 1509 3638 Non
1540 3588 1623 3637 est
1662 3579 1823 3634 Deus.
1861 3576 2060 3631 Omnes

463 3683 736 3752 corrupti,
763 3694 950 3735 omnes
978 3675 1365 3732 abominabiles
1396 3672 1516 3726 facti
1545 3677 1688 3734 sunt,
1730 3677 1839 3722 nan
1864 3665 2058 3721 volun-

479 3782 588 3828 tate
610 3772 724 3834 Dei,
756 3769 848 3824 sed
878 3769 932 3822 in
961 3762 1480 3827 voluntatibussuis,
1513 3761 1585 3814 ita
1610 3767 1671 3812 ut
1699 3748 1807 3812 non
1835 3763 1979 3810 esset
2006 3754 2063 3807 in

480 3862 578 3927 cis,
601 3860 693 3931 qui
714 3858 950 3912 lacerent
970 3856 1114 3910 bona
1140 3867 1309 3923 usque
1331 3851 1397 3906 ad
1428 3864 1611 3906 unum.
1632 3845 1871 3917 Dicendo
1896 3859 2065 3914 usque

481 3951 550 4006 ad
578 3963 761 4014 unum,
791 3947 858 4002 de
885 3946 969 4002 his
996 3944 1129 3999 dixit
1156 3944 1244 4014 qui
1277 3942 1460 3997 dicunt
1485 3938 1552 3995 de
1578 3937 1813 4003 Christo,
1847 3936 1962 3990 Non
1984 3943 2068 3990 est

481 4044 646 4099 Deus.
696 4039 831 4095 Nam
890 4039 935 4093 si
982 4037 1049 4092 de
1103 4035 1351 4092 omnibus
1392 4032 1700 4088 hominibus
1747 4028 2068 4099 generaliter

483 4134 725 4199 dixisset,
749 4147 855 4188 non
879 4131 1084 4186 diceret
1110 4142 1232 4182 esse
1260 4125 1470 4196 plebem
1499 4139 1672 4197 suam,
1697 4137 1816 4192 qua:
1844 4106 2068 4175 deverb-

486 4238 574 4282 tur
600 4225 667 4279 ab
694 4224 772 4279 eis
798 4224 936 4278 sicut
963 4235 1087 4275 esca
1113 4218 1284 4289 panis.
1320 4217 1400 4271 Al)
1444 4216 1527 4272 bis
1556 4216 1739 4285 utique
1780 4213 1871 4284 qui
1901 4212 2068 4266 Deum

486 4332 609 4373 eum
650 4330 759 4373 non
799 4314 1201 4375 invocaverunt,
1233 4308 1325 4380 qui
1364 4308 1436 4361 ibi
1475 4305 1814 4377 trepidabant
1853 4302 2069 4365 timore,

488 4410 580 4464 ubi
605 4423 713 4462 non
737 4414 823 4461 est
851 4405 1030 4466 timor,
1056 4401 1109 4455 id
1137 4408 1238 4465 est,
1272 4400 1324 4452 in
1354 4398 1593 4467 custodia
1636 4394 1865 4460 sabbati,
1896 4393 1950 4447 in
1976 4392 2074 4447 ba-

490 4500 826 4574 ptismatibus
841 4496 1085 4561 calicum,
1101 4501 1155 4548 et
1171 4505 1473 4547 urceorum.
1489 4490 1633 4545 Deus
1654 4496 1833 4542 autem
1852 4485 2076 4557 dissipat

2191 551 2280 606 vid
2317 549 2663 606 absconditus
2699 558 2782 605 est
2820 549 2961 620 apud
2996 549 3133 604 nos?

2192 662 2353 727 Deus,
2383 663 2439 717 in
2466 662 2673 717 nomine
2702 672 2785 716 tuo
2814 659 3009 714 salvum
3037 675 3115 717 me
3137 661 3241 730 fac,
3262 668 3310 712 et
3333 660 3384 712 in
3404 661 3567 713 virtute
3585 667 3659 714 tua

2098 750 2283 809 ‘libera
2312 769 2409 806 me.
2436 751 2575 806 Deus
2603 752 2793 805 exaudi
2820 751 3108 805 orationem
3134 764 3315 812 meam,
3344 747 3537 803 auribus
3561 767 3660 818 per-

2124 846 2236 915 cipe
2257 843 2408 899 rerba
2440 845 2546 897 oris
2580 844 2698 896 mei.
2732 839 2989 906 Quoniam
3017 839 3171 894 alieni
3197 841 3558 893 insurrexerunt
3579 839 3662 892 tul-

2124 951 2324 990 rersum
2352 951 2450 1000 me,
2474 943 2523 986 et
2550 935 2708 1005 fortes
2728 934 3043 1005 quaesierunt
3067 932 3293 989 animam
3312 946 3485 995 meam,
3509 938 3553 982 et
3578 946 3664 983 non

2127 1033 2502 1096 proposuerunt
2531 1022 2695 1078 Deum
2723 1032 2842 1077 ante
2869 1030 3194 1094 conspectum
3213 1037 3375 1075 suum.
3405 1019 3529 1074 Ecce
3553 1022 3666 1074 enim

2128 1116 2269 1172 Deus
2290 1117 2501 1188 adjuvat
2521 1133 2620 1180 me,
2636 1126 2683 1170 et
2707 1115 2959 1170 Dominus
2982 1122 3244 1184 susceptor
3261 1122 3333 1167 est
3353 1113 3526 1166 animat
3543 1126 3665 1165 ntere.

2127 1210 2309 1262 Averte
2335 1208 2475 1261 mala
2503 1207 2725 1260 inimicis
2754 1207 2905 1271 meis,
2932 1216 2981 1258 et
3020 1206 3073 1258 in
3107 1205 3315 1257 veritate
3351 1212 3432 1255 tua
3466 1201 3669 1271 disperde

2129 1298 2267 1352 illos.
2308 1296 2612 1352 Voluntaria
2640 1293 2946 1366 sacriﬁcabo
2975 1294 3086 1359 tibi,
3117 1304 3165 1346 et
3201 1290 3470 1363 conﬁtebor
3504 1291 3670 1346 nomini

2134 1396 2241 1455 tuo,
2272 1385 2510 1452 Domine,
2541 1388 2784 1458 quoniam
2812 1383 3000 1439 bonum
3035 1393 3129 1438 est.
3176 1379 3425 1447 Quoniam
3464 1398 3523 1436 ex
3555 1380 3671 1434 omni

2138 1477 2469 1533 tribulatione
2506 1477 2741 1547 eripuisti
2779 1492 2890 1542 me,
2930 1484 2980 1528 et
3007 1490 3160 1545 super
3185 1475 3415 1528 inimicos
3450 1486 3571 1526 meas
3596 1471 3670 1525 de-

2135 1572 2304 1643 spexit
2339 1570 2515 1626 oculus
2543 1585 2706 1624 meus.

2709 1674 3148 1716 COMMENTARIUI.

2210 1755 2373 1821 Deus,
2405 1755 2459 1808 in
2501 1746 2719 1807 nomine
2762 1761 2855 1808 tuo
2892 1752 3099 1806 salvum
3142 1764 3231 1803 me
3270 1747 3369 1803 fac.
3399 1744 3498 1804 iste
3530 1760 3680 1801 sermo

2067 1855 2113 1914 Β
2139 1846 2398 1901 orationis
2432 1859 2624 1900 causas
2653 1858 2778 1898 suas
2806 1842 3133 1911 exsequitur.
3169 1839 3360 1897 Libera
3390 1854 3487 1905 me,
3515 1837 3680 1908 inquit,

2140 1939 2265 2009 quia
2296 1939 2458 1993 alieni
2488 1938 2896 1993 insurrexerunt
2923 1936 2976 1990 in
3007 1951 3114 2002 me,
3139 1943 3193 1990 et
3221 1934 3383 1989 fortes
3400 1931 3685 2001 Quasierunt

2142 2030 2377 2084 animam
2423 2045 2633 2095 meam;
2665 2029 2719 2083 hi
2747 2029 2842 2099 qui
2881 2044 2987 2084 non
3035 2033 3343 2098 proponunt
3386 2025 3537 2080 Deum
3579 2028 3688 2076 ante

2142 2120 2329 2175 oculos
2348 2135 2494 2175 suos.
2520 2119 2659 2175 Dicit
2688 2119 2890 2184 titulus,
2919 2126 2973 2172 et
2993 2118 3082 2186 qui
3105 2117 3286 2178 alieni.
3311 2123 3364 2169 et
3386 2113 3471 2183 qui
3496 2112 3592 2167 sint
3610 2110 3687 2180 qui

2141 2218 2388 2281 quatrunt
2428 2210 2661 2265 animam
2701 2209 2836 2278 ejus.
2877 2207 2980 2275 Qui
3020 2207 3323 2263 ostenditur
3363 2205 3429 2258 ad
3473 2203 3686 2257 inimicos

2141 2318 2272 2358 suos
2302 2303 2427 2368 isse,
2471 2311 2527 2358 et
2554 2317 2651 2372 per
2679 2317 2773 2357 eos
2799 2300 3029 2356 evadere
3057 2300 3318 2353 voluisse.
3350 2295 3494 2360 Vide,
3523 2294 3688 2356 amice,

2144 2410 2213 2449 ne
2242 2403 2296 2450 te
2321 2394 2510 2450 credas
2538 2393 2765 2448 inimicis
2795 2393 2849 2447 in
2879 2398 3015 2456 toto,
3047 2389 3168 2444 vide
3209 2403 3275 2443 ne
3315 2389 3367 2442 in
3409 2385 3692 2442 necessitate

2144 2486 2353 2557 positus
2382 2484 2579 2540 furtum
2624 2483 2811 2548 facias,
2841 2491 2897 2537 et
2925 2497 2991 2537 eo
3022 2489 3074 2535 te
3104 2488 3261 2550 putes
3284 2493 3438 2549 posse
3464 2475 3613 2537 refici,
3637 2487 3694 2528 ne

2145 2579 2292 2637 dicas
2334 2577 2402 2632 de
2444 2576 2589 2631 bono
2626 2577 2753 2645 quia
2791 2575 2965 2628 malus
3007 2579 3118 2638 est,
3148 2570 3277 2627 dum
3322 2570 3400 2623 vis
3426 2565 3695 2622 hominibus

2147 2668 2507 2739 complacere,
2540 2682 2607 2722 ne
2637 2681 2666 2720 a
2696 2665 2986 2720 virtutibus
3009 2678 3203 2734 pergas
3224 2662 3291 2739 ad
3323 2662 3467 2725 vitia,
3495 2658 3695 2715 faciente

2149 2736 2327 2831 aliqua
2357 2762 2700 2826 necessitate,
2732 2760 2844 2813 noli
2882 2767 2935 2813 te
2964 2759 3044 2813 eis
3072 2736 3317 2812 credere.
3357 2753 3478 2809 Ideo
3503 2750 3628 2806 enim
3654 2755 3698 2802 te

2149 2855 2466 2924 suscipiunt,
2499 2860 2559 2907 ut
2585 2852 2839 2907 simulent
2868 2850 2963 2905 tibi
3000 2848 3302 2903 latibulum.
3331 2844 3579 2901 Caeterum
3599 2848 3699 2895 tra-

2149 2945 2279 3005 dere
2308 2954 2361 2998 te
2387 2944 2577 2999 volunt
2616 2943 2668 2998 in
2698 2941 2892 3012 gaudio
2924 2941 2972 2995 ei
2998 2940 3087 3010 qui
3117 2947 3173 2994 te
3204 2936 3547 3009 persequitur.
3575 2930 3701 2986 Felix

2151 3036 2197 3091 si
2222 3052 2328 3091 non
2360 3047 2411 3091 te
2436 3035 2728 3093 credideris
2757 3035 2855 3090 eis.
2888 3033 2944 3088 Si
2974 3048 3104 3087 vero
3136 3031 3448 3095 credideris,
3477 3028 3629 3084 clama
3653 3029 3703 3078 ut

2154 3135 2378 3199 propter
2405 3142 2602 3182 nomen
2648 3141 2805 3181 suum
2834 3125 3039 3180 salvum
3068 3131 3123 3177 te
3166 3121 3332 3178 faciat
3382 3119 3636 3179 Dominus,
3656 3117 3704 3166 ut

2078 3209 2122 3270 C
2154 3220 2485 3275 voluntatem
2526 3226 2672 3272 tuam
2729 3212 2953 3271 liberam
2996 3213 3173 3269 faciat.
3221 3212 3358 3280 Quia
3403 3207 3619 3281 quandiu
3658 3203 3701 3258 in

2152 3310 2404 3365 vitiorum
2436 3322 2704 3363 consensu
2729 3305 2895 3376 jacet,
2926 3305 3098 3360 libera
3122 3320 3232 3359 non
3258 3311 3369 3359 est.
3401 3300 3527 3356 Cum
3551 3303 3704 3350 autem

2156 3400 2415 3455 Dominus
2443 3397 2778 3467 adjuvaverit
2807 3406 2880 3461 te,
2909 3395 3157 3451 inimicos
3200 3402 3324 3448 tuos
3348 3385 3705 3460 disperdiderit,

2158 3499 2286 3546 tunc
2311 3489 2616 3545 voluntarie
2637 3487 2966 3544 sacrificabis
2993 3487 3063 3553 ei,
3093 3500 3219 3541 cum
3247 3500 3315 3540 ex
3352 3480 3495 3539 omni
3520 3475 3710 3533 tribula-

2160 3585 2306 3641 tione
2327 3582 2603 3654 eripuerit,
2633 3589 2696 3640 et.
2708 3578 2954 3636 inimicos
2973 3586 3097 3634 tuos
3115 3579 3380 3650 despiciet
3398 3574 3576 3633 oculus
3594 3568 3707 3638 eius.

2160 3675 2252 3744 qui
2279 3681 2470 3744 regnat
2499 3674 2552 3728 in
2572 3671 2767 3729 saecula
2788 3670 3127 3727 mulorum.
3159 3669 3357 3724 Amen;

2712 3803 3030 3862 PSALMUS
3068 3802 3202 3858 LIV.
3570 3858 3575 3864 ,

2321 3919 2380 3975 lu
2420 3919 2581 3973 linem
2621 3918 2675 3973 in
2713 3916 3041 3973 carminibus
3080 3913 3388 3972 intellectus
3424 3904 3595 3964 David.

2241 4032 2471 4097 Exaudi,
2522 4029 2680 4095 Deus,
2726 4030 3014 4084 orationem
3053 4016 3238 4088 meam,
3271 4031 3324 4077 et
3362 4036 3427 4079 ne
3461 4010 3716 4086 despexerit

2172 4123 2583 4194 deprecationem
2605 4136 2791 4185 meam,
2815 4118 3023 4173 intende
3052 4115 3177 4170 mihi
3197 4119 3246 4168 α
3276 4111 3465 4169 exaudi
3485 4122 3575 4162 me.
3600 4099 3715 4156 Cos-

2175 4217 2265 4271 tris
2272 4224 2404 4270 tatus
2417 4233 2530 4272 sum
2544 4217 2597 4273 in
2610 4212 2981 4271 eiercitatioue
2993 4223 3126 4273 mea,
3139 4216 3185 4260 et
3199 4205 3530 4260 conturbatus
3568 4209 3665 4251 sum
3692 4203 3718 4241 α

2172 4322 2292 4363 uoce
2316 4306 2532 4370 inimici,
2557 4314 2605 4358 et
2632 4321 2664 4357 a
2695 4302 3022 4357 tribulatione
3049 4298 3352 4370 peccatoris.
3386 4292 3627 4358 Quoniam
3649 4282 3720 4335 ἀο-

2176 4398 2497 4461 clinaverunt
2532 4396 2586 4449 in
2623 4410 2705 4448 me
2729 4394 3044 4463 iniquitates,
3077 4399 3126 4443 et
3165 4391 3221 4443 in
3249 4391 3336 4443 ira
3371 4383 3563 4441 molesti
3599 4378 3723 4431 erant

2179 4488 2326 4545 mihi.
2369 4486 2470 4542 Cor
2510 4502 2679 4541 meum
2714 4483 3076 4539 conturbatum
3101 4490 3178 4535 est
3218 4480 3274 4533 in
3317 4494 3417 4545 me,
3457 4485 3505 4531 et
3531 4463 3723 4541 farmido

490 4609 613 4650 ossa
658 4606 846 4649 eorum
893 4587 986 4660 qui
1030 4585 1335 4643 hominibus
1372 4583 1605 4655 placent.
1640 4579 1793 4637 Unde
1821 4579 2077 4648 magister
2103 4571 2163 4630 1).
2179 4577 2360 4633 mortis
2396 4574 2580 4631 cecidit
2606 4589 2758 4643 super
2780 4588 2877 4626 me.
2913 4570 3089 4625 Timor
3115 4579 3162 4623 et
3192 4580 3383 4624 tremor
3409 4568 3726 4621 venerunt”

492 4693 678 4749 noster
704 4679 901 4736 Paulus
928 4678 1058 4734 dicit
1080 4696 1103 4749 αι
1136 4673 1249 4747 Ego
1278 4674 1323 4729 si
1364 4674 1532 4727 adhuc
1567 4671 1745 4726 vellem
1785 4666 2076 4725 hominibus

494 4778 713 4849 placere,
744 4774 934 4831 Christi
965 4786 1138 4831 servus
1168 4785 1271 4824 non
1308 4782 1468 4822 essent
1499 4762 1640 4838 (Gal.
1672 4766 1736 4834 ι).
1777 4761 1930 4830 Ergo,
1951 4760 2080 4815 dum

495 4866 670 4922 aibuc
708 4858 923 4920 Iudaeus
959 4871 1131 4929 esset,
1175 4857 1412 4925 ostendit
1450 4855 1754 4911 hominibus
1791 4850 2075 4924 placuisse.

496 4956 600 5027 Qui
620 4964 799 5027 autem
830 4955 935 5011 illis
949 4954 1165 5025 placere
1191 4951 1400 5014 volunt,
1434 4948 1626 5019 inquit,
1665 4943 2078 5009 confundentur,

497 5053 621 5122 quia
650 5048 792 5105 Deus
819 5047 1020 5117 sprevit
1048 5061 1162 5101 eos.
1203 5043 1306 5114 Qui
1336 5043 1513 5099 Deus?
1540 5038 1641 5109 Qui
1679 5038 1825 5094 dedit
1854 5052 1921 5091 ex
1949 5034 2081 5093 Sion

499 5143 727 5200 salutem
782 5138 977 5206 lsrael;
1033 5135 1200 5195 Jacob
1246 5134 1635 5205 supplantator,
1684 5128 1847 5185 Israel
1895 5125 2083 5185 videns

500 5237 669 5293 Deum
693 5234 1092 5302 interpretatur.
1119 5227 1261 5297 Ergo
1289 5234 1344 5283 et
1362 5224 1529 5283 Jacob
1551 5224 1777 5288 lauetur,
1802 5220 1926 5293 quia
1958 5232 2084 5288 sup-

501 5318 747 5399 plantant
791 5323 1100 5390 inimicum;
1147 5329 1201 5378 et
1230 5318 1392 5374 Israel
1421 5317 1671 5379 exsultet,
1718 5313 1847 5384 quia
1873 5311 2087 5367 videtur

504 5416 782 5485 invisibilis
818 5414 958 5470 Deus
996 5413 1051 5467 in
1090 5400 1286 5481 genere
1326 5408 1442 5476 ejus
1481 5406 1616 5462 facie
1657 5404 1725 5459 ad
1755 5403 1963 5467 faciem,
1993 5400 2103 5477 qui.

504 5516 692 5578 regnat
713 5508 766 5563 in
790 5506 981 5577 saecula
1004 5503 1340 5575 szeculorum.
1367 5499 1557 5553 Amen.

1042 5631 1358 5709 ps.thth
1396 5630 1525 5686 Llll.

510 5773 567 5825 In
608 5772 764 5824 linem
804 5770 855 5824 in
895 5766 1221 5824 carminibus
1258 5765 1557 5821 intellectus
1598 5759 1794 5829 David,
1836 5775 1958 5813 cum
1997 5774 2086 5814 ve-

2183 4686 2274 4741 per
2301 4685 2399 4732 me.
2431 4676 2481 4723 et
2508 4675 2843 4722 contexet-unt
2870 4680 2952 4719 me
2980 4663 3216 4717 tenebrat.
3240 4660 3312 4715 Et
3339 4659 3484 4726 dixi,
3512 4647 3729 4720 Quis‘da'

2183 4740 2259 4816 bit
2292 4761 2417 4817 mihi
2442 4774 2642 4831 pennas
2675 4758 2805 4813 sicut
2832 4756 3099 4823 columbae,
3139 4763 3190 4809 et
3224 4751 3424 4817 volabo,
3469 4756 3516 4803 et
3558 4740 3729 4814 requie-

2185 4869 2348 4915 scam.
2382 4852 2517 4907 Ecce
2543 4852 2783 4922 elongari
2809 4851 3030 4923 fugiens,
3073 4857 3123 4903 et
3164 4847 3335 4915 mansi
3373 4846 3429 4899 in
3466 4834 3728 4898 solitudini-

2185 4942 2568 5016 Exspectabam
2587 4958 2702 4997 eum
2721 4942 2806 5014 qui
2828 4940 3026 4995 salvum
3045 4953 3128 4993 me
3147 4937 3272 5010 facit
3291 4953 3324 4989 α
3346 4924 3734 5016 ptuillanimittttt

2184 5009 2395 5111 spiritus
2426 5045 2475 5090 et
2517 5009 2834 5106 tempestate.
2869 5009 3171 5099 Prwcipita,
3199 5024 3442 5089 Domine,
3479 5015 3637 5111 divide
3656 5009 3736 5111 litt-

2185 5096 2315 5199 έναι
2341 5141 2539 5189 eorum,
2570 5096 2817 5195 quoniam
2842 5120 2945 5174 uidi
2974 5096 3295 5191 iniquitatem
3323 5122 3373 5168 et
3412 5096 3739 5167 contradictio-

2186 5194 2303 5271 nem
2343 5216 2397 5269 in
2426 5194 2648 5269 civitate.
2674 5210 2774 5265 Die
2800 5225 2863 5264 ac
2889 5217 3037 5263 nocte
3069 5203 3407 5262 circumdabit
3436 5214 3546 5255 eam
3609 5194 3749 5259 super

2187 5322 2363 5361 muros
2386 5306 2499 5376 ejus
2532 5300 2797 5375 iniquitas,
2827 5311 2876 5355 et
2903 5299 3050 5354 labor
3077 5299 3131 5351 in
3159 5295 3326 5352 medio
3351 5294 3465 5367 ejus
3489 5299 3535 5342 et
3561 5275 3741 5376 iniu“?

2186 5398 2282 5453 tia.
2318 5396 2385 5451 Et
2408 5368 2516 5457 itan
2543 5368 2728 5466 defecit
2753 5392 2819 5446 de
2837 5391 3021 5462 plateis
3046 5389 3160 5461 ejus
3186 5401 3343 5441 usura
3369 5391 3419 5439 et
3437 5377 3600 5435 dolus.
3618 5368 3743 5466 Quo-

2193 5489 2335 5551 niam
2360 5487 2404 5540 si
2434 5484 2671 5538 inimicus
2706 5496 2846 5536 meus
2872 5478 3224 5533 maledixisset
3246 5476 3392 5539 mihi,
3419 5462 3744 5549 sustian

2195 5578 2383 5648 utique.
2416 5573 2485 5628 Et
2517 5575 2563 5639 si
2591 5573 2677 5644 qui
2706 5570 2886 5625 oderat
2913 5584 3013 5630 me,
3044 5583 3196 5640 super
3232 5582 3311 5621 me
3348 5575 3535 5632 magna
3572 5554 3744 5607 locum

2195 5667 2393 5739 fuisset,
2421 5640 2801 5715 abscondisscm
2828 5675 2909 5713 me
2937 5659 3161 5730 forsitan
3190 5654 3254 5709 ab
3275 5671 3353 5708 eo.
3383 5649 3455 5705 Tu
3487 5640 3745 5701 vero/101110

2196 5757 2475 5819 unanimis,
2511 5757 2615 5808 dux
2644 5769 2804 5819 meus,
2826 5760 2875 5806 et
2904 5759 3056 5806 notus
3090 5765 3253 5805 meus.
3289 5744 3382 5812 Qui
3409 5738 3558 5796 simul
3576 5736 3748 5789 nucum
