3908 6176
269 363 362 419 601

1235 357 1702 418 COMMENTARII
1743 357 1808 414 IN
1847 357 2178 416 PSALMOS.
2222 358 2412 416 PSAL.
2457 359 2564 414 LV.
2632 411 2638 415 .

3430 357 3532 411 80!

266 481 435 534 dulces
462 476 694 549 cupiebas
737 474 896 537 cibos,
935 475 987 528 in
1017 458 1168 530 domo
1199 471 1294 529 Dei
1326 473 1695 530 ambulavimus
1729 489 1844 526 cum
1875 475 1920 532 A
1949 475 2316 529 contaminant
2358 489 2454 544 per
2495 487 2813 529 consensum
2855 479 3096 527 nostrum
3153 479 3530 527 testamentum

265 586 532 625 consensu.
584 566 770 620 Veniat
809 583 947 619 mors
989 582 1140 636 super
1179 567 1314 630 illos,
1358 575 1408 618 et
1451 565 1764 619 descendant
1791 567 1847 620 in

263 663 522 728 infernum
542 661 773 711 viventes.
803 658 1058 723 Quoniam
1089 659 1314 728 nequitia
1343 659 1396 711 in
1421 657 1726 710 habitaculis
1753 673 1843 711 eo-

262 761 393 813 rum,
429 749 486 802 in
514 749 682 802 medio
722 765 919 802 eorum.
959 747 1074 819 Ego
1103 749 1172 801 ad
1202 747 1483 802 Dominum
1518 749 1758 809 clamaui,
1796 755 1846 800 et

261 839 514 895 Dominus
554 837 770 892 salvabil
811 855 908 892 me.
956 838 1192 908 Vespere,
1226 849 1272 891 et
1308 854 1478 903 mane,
1521 847 1568 892 et
1607 839 1839 902 meridie,

261 930 484 984 narrabo
517 938 560 984 et
595 929 939 992 annuntiabo,
971 938 1019 982 et
1051 931 1291 984 exaudiet
1322 945 1492 984 vocem
1520 947 1707 983 meam.
1739 929 1843 982 Re-

259 1021 412 1074 dimet
433 1021 489 1074 in
518 1037 645 1090 pace
673 1021 901 1074 animant
929 1037 1094 1073 meam
1120 1019 1185 1073 ab
1217 1021 1297 1073 his
1320 1021 1405 1091 qui
1427 1021 1844 1091 appropinquant

259 1113 400 1178 mi.’.i,
441 1115 690 1179 quoniam
727 1114 860 1166 inter
899 1114 1086 1167 multos
1136 1122 1283 1166 erant
1321 1131 1537 1167 merum.
1580 1113 1842 1168 Exaudiet

257 1202 412 1261 Deus,
439 1213 486 1255 et
510 1204 800 1257 humiliabit
822 1204 957 1265 illos,
984 1204 1070 1274 qui
1090 1212 1162 1257 est
1185 1212 1305 1256 ante
1324 1205 1532 1258 stecula.
1561 1203 1684 1260 Non
1705 1205 1842 1258 enim

257 1301 326 1346 est
353 1293 457 1346 illis
487 1295 838 1356 commutatio,
872 1301 920 1346 et
950 1311 1053 1346 non
1083 1294 1360 1347 timuerunt
1394 1293 1587 1358 Deum;
1611 1294 1840 1348 extendit

258 1402 463 1438 manum
503 1403 652 1439 suam
681 1387 734 1439 in
774 1385 1120 1440 retribuendo.
1155 1384 1646 1440 Contaminarerunt
1684 1393 1842 1439 testa-

256 1487 474 1532 mentum
515 1479 646 1549 ejus,
680 1478 830 1532 divisi
853 1488 974 1532 sunt
1010 1477 1073 1530 ab
1097 1479 1177 1531 ira
1217 1478 1384 1532 uultus
1407 1479 1538 1548 ejus,
1568 1486 1613 1530 et
1647 1495 1840 1548 appro~

257 1569 517 1641 piaquarit
549 1587 642 1625 cor
683 1571 846 1625 illius.
889 1569 1080 1624 Molliti
1113 1579 1230 1624 sunt
1258 1586 1518 1624 sermones
1548 1571 1658 1641 ejus
1687 1587 1840 1641 super

255 1661 434 1726 oleum,
459 1669 508 1714 et
531 1661 636 1732 ipsi
657 1671 774 1716 sunt
788 1663 988 1734 jacula.
1011 1663 1165 1716 Jacta
1187 1678 1338 1732 super
1358 1662 1640 1716 Dominum
1661 1679 1838 1716 curam

256 1762 410 1817 tuam,
454 1763 503 1808 et
543 1756 652 1825 ipse
690 1765 738 1809 te
777 1757 1016 1822 enutriet,
1048 1773 1151 1811 non
1183 1755 1326 1810 dabit
1365 1758 1418 1811 in
1461 1765 1708 1812 (rternum
1736 1759 1837 1826 flu-

1950 568 2087 636 ejus,
2119 575 2173 622 et
2200 567 2444 635 quamvis
2480 565 2634 620 divisi
2677 566 2784 619 sint
2827 564 2894 618 ab
2935 564 3012 618 ira
3043 564 3220 619 vultus
3247 563 3382 632 ejus,
3404 566 3531 633 quia

1949 661 2292 730 impassibilis
2327 668 2428 724 est,
2457 668 2633 714 tamen
2661 659 2943 728 appropiat
2971 674 3066 712 cor
3096 657 3230 728 ejus.
3263 658 3378 713 Non
3409 674 3531 713 eum

1947 753 2096 816 latet,
2125 755 2248 821 quia
2279 754 2525 832 molliunt
2563 752 2962 819 suggestionum
2993 767 3208 805 suarum
3253 766 3534 806 sermones

1947 861 2109 916 super
2131 845 2328 906 oleum,
2355 853 2407 898 et
2439 845 2538 912 ipsi
2568 852 2690 898 sunt
2707 843 2904 910 jacula.
2930 842 3008 895 Tu
3028 857 3176 906 vero,
3202 841 3527 903 Christiane.

1941 935 2085 1003 jacta
2108 935 2160 989 in
2186 935 2352 989 Deum
2375 934 2753 1002 cogitationem
2783 949 2953 995 suam,
2987 941 3038 985 et
3063 934 3173 1002 ipse
3196 941 3248 986 te
3275 935 3526 988 enutriet.

1945 1026 2065 1080 Noli
2087 1027 2285 1086 dicere,
2315 1026 2451 1092 Quid
2478 1023 2819 1090 manducabo,
2843 1024 2966 1095 quid
2989 1022 3176 1086 bibam,
3206 1040 3304 1094 quo
3325 1026 3529 1094 operiar

1946 1115 2402 1188 (Matt/1.")?Pcr
2430 1118 2558 1170 istas
2587 1115 2726 1169 enim
2757 1115 3113 1182 cogitationes
3141 1113 3528 1183 dtemonesipsi

1943 1215 2067 1262 snnt
2087 1206 2282 1276 jacula,
2307 1222 2443 1275 quos
2467 1205 2700 1260 deducet
2727 1206 2984 1260 Dominus
3013 1205 3064 1258 in
3093 1211 3314 1274 puteum
3344 1205 3529 1259 interi-

1943 1308 2047 1365 tus,
2080 1300 2123 1353 si
2156 1307 2210 1352 tu
2242 1299 2292 1354 in
2323 1300 2434 1352 Deo
2455 1299 2745 1366 jactavcris
2771 1300 3062 1366 cogitatum
3094 1307 3243 1353 tuum
3287 1316 3298 1349 :
3342 1306 3396 1352 et
3433 1298 3527 1352 tibi

1941 1391 2156 1461 quidem
2196 1391 2346 1444 tollet
2384 1390 2802 1453 ﬂuctuationem,
2838 1390 2956 1444 illos
2983 1405 3113 1444 vero
3141 1390 3286 1445 viros
3311 1390 3527 1469 sangui-

1943 1498 2068 1536 num
2117 1491 2171 1536 et
2216 1481 2433 1537 dolosos
2480 1498 2586 1534 non
2637 1481 2911 1550 permittet
2951 1495 3052 1534 nec
3091 1479 3370 1534 dimidiare
3411 1479 3528 1535 dies

1939 1587 2084 1638 suos,
2126 1572 2176 1626 id
2219 1581 2320 1635 est,
2367 1570 2430 1625 ad
2475 1578 2733 1640 quantum
2777 1571 3104 1624 tentationes
3143 1577 3367 1638 parant,
3417 1586 3526 1625 non

1938 1663 2214 1733 permittet
2231 1678 2342 1728 eos,
2386 1679 2484 1718 nec
2520 1662 2801 1717 dimidiare
2830 1662 2881 1714 in
2913 1669 2984 1726 te,
3016 1662 3060 1716 si
3095 1661 3296 1716 dixeris
3324 1662 3378 1715 in
3407 1669 3522 1716 toto

1938 1754 2101 1811 corde
2127 1773 2139 1807 :
2164 1753 2278 1822 Ego
2299 1755 2350 1808 in
2381 1763 2433 1809 te
2455 1770 2634 1824 spero,
2663 1754 2904 1819 Domine,
2928 1754 3020 1822 qui
3039 1768 3232 1823 regnas
3255 1753 3309 1809 in
3329 1753 3532 1809 szecula.

254 1849 561 1903 ctuationem
580 1849 744 1920 justo.
767 1849 841 1902 Tu
862 1866 998 1913 vero,
1022 1848 1180 1912 Deus,
1205 1849 1420 1903 deduces
1441 1866 1524 1904 eos
1549 1851 1602 1904 in
1629 1859 1834 1920 puteum
1870 1832 1910 1890 Β
1939 1847 2276 1904 szcculorum.
2303 1847 2490 1903 Amen.

255 1940 507 1996 interitus.
551 1939 666 1994 Viri
696 1941 1011 2012 sanguinum
1053 1947 1099 1992 et
1136 1939 1303 1994 dolosi
1342 1956 1446 1993 non
1487 1938 1834 1993 dimidiabunt

254 2033 357 2087 dies
385 2050 528 2099 suos,
559 2049 653 2106 ego
683 2041 853 2086 autem
877 2030 1092 2102 sperabo
1128 2033 1180 2085 in
1215 2039 1282 2094 te,
1309 2031 1544 2088 Domine.

823 2184 1258 2224 COIMENTAMUI.

321 2301 532 2357 Primus
576 2302 1004 2358 conversationis
1047 2310 1218 2356 status
1263 2308 1366 2363 est,
1399 2309 1455 2355 ut
1493 2301 1838 2356 contristetur

253 2391 408 2447 homo
437 2393 491 2446 in
519 2394 906 2446 exercitatione
927 2392 1265 2455 delictorum,
1291 2399 1344 2445 ct
1367 2391 1718 2446 conturbetur
1740 2407 1837 2461 po-

255 2484 354 2538 tius
394 2498 556 2552 quam
589 2483 883 2538 delectetur
913 2499 940 2536 a
972 2499 1104 2537 voce
1152 2482 1370 2543 inimici,
1404 2489 1458 2536 et
1490 2481 1836 2536 tribulatione

253 2584 614 2644 peccatorum.
654 2574 843 2630 Veniat
883 2573 1113 2629 formido
1157 2574 1346 2628 mortis
1391 2588 1557 2643 super
1593 2588 1734 2637 eum,
1767 2588 1835 2627 ne

255 2665 302 2719 in
325 2667 558 2734 peccatis
591 2665 867 2729 moriatur,
901 2673 954 2719 et
983 2673 1271 2733 contegant
1299 2680 1420 2719 eum
1460 2664 1680 2720 tenebrat
1703 2673 1836 2719 exte-

254 2756 424 2812 riores.
443 2755 532 2808 ubi
555 2764 630 2809 est
647 2757 794 2825 ﬂetus
816 2763 861 2808 et
877 2755 1070 2809 stridor
1084 2755 1309 2809 dentium
1329 2755 1476 2828 (Luc.
1495 2773 1615 2821 xm;
1643 2754 1829 2810 Matth.

248 2839 388 2906 xxii).
408 2840 511 2895 Sed
531 2844 702 2902 sitieri
733 2856 924 2917 potest,
952 2849 1180 2918 accipiat
1209 2854 1412 2919 pennas
1440 2851 1604 2904 animi
1633 2850 1685 2904 in
1715 2849 1834 2920 Spi-

251 2941 347 2996 ritu
373 2952 589 3007 sancto,
613 2945 751 3000 sicut
781 2945 1041 3000 coltunbae
1069 2945 1443 3000 descendentis
1480 2945 1548 3000 de
1588 2947 1746 3012 cmlo,
1780 2954 1835 3001 et

250 3034 431 3112 cvolet.
446 3033 659 3103 fugiens
688 3034 1023 3090 inimicorum
1053 3046 1262 3100 manUs,
1283 3035 1439 3104 longe
1466 3037 1642 3102 vadat,
1668 3035 1834 3105 fugiat

250 3139 277 3178 a
305 3136 554 3195 peccatu,
587 3135 641 3180 et
667 3127 820 3197 quasi
865 3127 918 3181 in
961 3127 1249 3182 solitudine
1291 3129 1517 3197 positus,
1557 3129 1635 3184 sic
1673 3129 1832 3184 nullis

2509 1937 2824 1994 PSALMUS
2862 1937 2970 1992 LV.

1936 2053 1992 2108 In
2021 2051 2181 2108 ﬁnem
2213 2069 2311 2122 pro
2341 2053 2560 2122 populo,
2602 2052 2694 2122 qui
2725 2067 2752 2105 a
2783 2053 2981 2106 sanctis
3005 2027 3168 2121 longe
3207 2050 3377 2106 factus
3415 2060 3528 2115 est,

2009 2125 2060 2178 in
2094 2123 2230 2177 tituli
2260 2123 2609 2192 inscriptione
2639 2123 2738 2192 ipsi
2761 2122 2947 2188 David,
2979 2137 3097 2177 cum
3129 2129 3372 2177 tenerent
3400 2137 3522 2176 eum

2009 2193 2277 2264 Allophyli
2307 2194 2359 2246 in
2397 2192 2554 2248 Geth.

2010 2304 2261 2359 Miserere
2289 2305 2408 2368 mei,
2432 2302 2588 2368 Deus,
2615 2305 2858 2374 quoniam
2888 2305 3208 2359 conculcavit
3238 2321 3319 2358 me
3347 2305 3518 2368 homo,

1936 2406 2044 2452 tota
2084 2397 2166 2450 die
2197 2397 2510 2466 impugnans
2541 2395 2803 2449 tribulavit
2833 2412 2931 2450 me.
2965 2393 3408 2450 Conculcaverunt
3442 2413 3520 2450 ms

1935 2490 2134 2544 inimici
2155 2491 2254 2543 mei
2276 2496 2382 2543 tota
2406 2487 2505 2551 die,
2525 2488 2768 2560 quoniam
2798 2488 2949 2541 multi
2980 2486 3224 2541 bellantes
3254 2487 3519 2543 adversum

1937 2598 2034 2636 me.
2067 2579 2142 2634 Ab
2171 2580 2443 2634 altitudine
2473 2579 2574 2632 diei
2603 2576 2807 2642 timebo,
2837 2594 2930 2650 ego
2965 2594 3082 2633 vero
3113 2578 3166 2631 in
3205 2586 3254 2631 te
3280 2577 3517 2649 sperabo.

1940 2667 2006 2723 In
2049 2669 2158 2724 Deo
2188 2667 2411 2722 laudabo
2439 2683 2700 2722 sermones
2729 2684 2886 2729 meos,
2919 2667 2971 2720 in
3014 2666 3124 2720 Deo
3163 2663 3384 2736 speravi,
3417 2684 3520 2723 non

1936 2760 2120 2816 timebo
2149 2761 2272 2833 quid
2310 2761 2473 2832 faciat
2503 2759 2628 2813 mihi
2658 2776 2801 2814 caro.
2837 2758 2968 2812 Tota
2995 2757 3081 2812 die
3104 2758 3254 2812 verba
3285 2775 3398 2812 mea
3424 2775 3519 2812 ea:-

1935 2853 2292 2916 secrabantur,
2337 2850 2607 2905 adversum
2647 2866 2726 2904 me
2767 2866 2942 2904 omnes
2973 2849 3311 2920 cogitationes
3344 2867 3519 2904 eorum

1935 2947 1990 3000 in
2019 2945 2232 3000 malum.
2269 2943 2640 2998 Inhabitabunt
2661 2952 2708 2997 et
2737 2943 3072 3008 abscondent,
3098 2943 3198 3014 ipsi
3219 2945 3520 2999 calcaneum

1935 3054 2103 3091 meum
2134 3035 2495 3092 observabant.
2531 3037 2678 3090 Sicut
2701 3037 3050 3090 sustinuerunt
3079 3038 3308 3090 animum
3331 3054 3518 3103 meam,

1934 3145 2028 3197 pro
2056 3128 2218 3183 nihilo
2239 3129 2412 3182 salvos
2434 3128 2594 3199 facies
2623 3127 2762 3192 illos,
2788 3127 2840 3180 in
2863 3127 2944 3180 ira
2965 3126 3181 3196 populos
3202 3129 3516 3199 eonfringes.

250 3220 383 3274 curis
405 3220 719 3274 involvatur
738 3221 1003 3274 humanis.
1023 3219 1171 3275 Tunc
1191 3221 1332 3274 enim
1365 3228 1643 3294 exspectat
1666 3221 1833 3276 Deum
1859 3205 1905 3266 ί)
1936 3216 2098 3283 Deus,
2133 3220 2289 3272 vitam
2318 3234 2485 3272 meam
2525 3219 2830 3271 annuntiuui
2865 3218 2974 3280 tibi,
3009 3218 3227 3288 posuisti
3262 3218 3521 3290 lacrymas

249 3312 333 3380 qui
368 3312 549 3366 salvat
589 3327 710 3366 eum
755 3327 785 3365 a
830 3312 1270 3381 pusillahimitate
1321 3321 1378 3366 et
1407 3319 1746 3382 tempestate,
1778 3319 1836 3368 ut

249 3404 544 3473 praecipitet
574 3404 847 3468 Dominus,
882 3413 936 3458 et
977 3403 1180 3458 dividat
1210 3404 1419 3473 linguas
1447 3419 1656 3460 eorum.
1691 3404 1835 3471 Quo-

249 3492 384 3546 niam
408 3494 550 3547 vidit
578 3493 934 3561 iniquitatem,
969 3502 1022 3548 et
1051 3493 1533 3548 contradictionem
1564 3493 1615 3546 in
1643 3493 1833 3548 civita-

250 3589 516 3653 tcm;qu:c
553 3583 828 3653 iniquitas,
863 3593 918 3638 et
955 3585 1042 3639 die
1075 3592 1141 3640 'et
1183 3593 1342 3640 nocte
1381 3585 1676 3640 circumdat
1715 3600 1833 3639 eam

251 3687 401 3743 super
421 3691 612 3730 muros
636 3676 772 3744 ejus,
800 3676 850 3730 id
880 3684 980 3742 est,
1007 3677 1250 3732 diabolus
1276 3677 1574 3732 circumdat
1601 3677 1835 3732 animam

251 3777 399 3834 super
421 3781 611 3822 muros
640 3766 777 3834 ejus,
802 3767 1103 3837 ubicunque
1149 3782 1208 3822 se
1239 3769 1384 3823 vitiis
1411 3782 1708 3838 repugnare
1736 3783 1834 3838 po-

250 3859 423 3911 suerit.
451 3856 519 3911 Et
553 3874 658 3912 non
699 3857 892 3913 defecit
920 3859 985 3913 de
1007 3861 1201 3928 plateis
1222 3859 1357 3929 ejus,
1389 3859 1440 3914 id
1463 3870 1564 3923 est,
1600 3861 1652 3914 in
1683 3862 1831 3929 cogi-

252 3951 541 4006 tationibus
569 3950 685 4021 ejus
719 3967 877 4006 usura
910 3953 1175 4024 et_dolus.
1210 3952 1474 4019 Quoniam
1502 3952 1546 4008 si
1588 3953 1834 4008 inimicus

252 4043 613 4099 maledix'sset
633 4043 782 4108 mihi,
810 4044 858 4098 id
885 4053 986 4108 est,
1011 4045 1053 4099 si
1082 4045 1194 4113 ipse
1224 4044 1470 4099 diabolus
1488 4059 1586 4114 per
1606 4060 1664 4100 se
1693 4045 1832 4099 mala

253 4131 558 4200 loqueretur
580 4134 863 4188 adversum
904 4151 1010 4200 me,
1042 4136 1170 4204 quia
1198 4145 1377 4190 certus
1407 4151 1524 4188 sum
1575 4137 1717 4206 quod
1749 4151 1834 4189 me

253 4224 434 4290 odiret,
467 4227 858 4282 absconderem
891 4243 977 4282 me
1007 4229 1074 4282 ab
1105 4244 1190 4283 eo.
1217 4228 1371 4283 Nunc
1391 4244 1519 4284 vero
1549 4237 1606 4283 tu
1636 4231 1831 4285 unani-
1864 4288 1867 4290 _

253 4320 363 4384 mis,
389 4320 492 4375 dux
527 4336 702 4384 meus,
737 4328 790 4374 et
822 4330 980 4376 notus
1008 4337 1181 4387 meus,
1227 4321 1278 4376 id
1315 4329 1414 4387 est,
1457 4321 1623 4376 homo
1658 4337 1828 4389 meus,

255 4413 479 4466 exterior
508 4413 697 4478 homo,
732 4413 916 4482 utique
952 4414 1274 4484 corporalis,
1303 4414 1396 4484 qui
1435 4414 1591 4468 simul
1622 4429 1830 4468 mecum

256 4497 424 4556 dulces
443 4503 814 4556 communicas
835 4503 984 4557 cibos
1009 4503 1062 4557 in
1084 4518 1270 4557 mensa
1293 4503 1552 4574 mysterii,
1572 4511 1630 4572 tu
1643 4512 1829 4558 contra

1936 3324 2078 3364 meas
2115 3312 2168 3364 in
2205 3319 2478 3380 conspectu
2515 3319 2622 3364 tuo.
2667 3311 2816 3365 Sicut
2853 3319 2900 3364 et
2935 3313 2990 3364 in
3028 3312 3372 3381 promissione
3407 3321 3516 3377 tua,

1937 3411 2057 3456 tunc
2081 3410 2439 3456 convertentur
2466 3402 2664 3455 inimici
2691 3403 2792 3456 mei
2814 3411 3112 3456 retrorsum.
3134 3401 3200 3456 In
3221 3419 3518 3475 quacunque

1937 3494 2020 3548 die
2039 3495 2340 3549 introcavero
2369 3502 2436 3558 te,
2465 3509 2578 3547 ecce
2604 3494 2820 3564 cognovi
2847 3495 3089 3564 quoniam
3111 3492 3252 3546 Deus
3272 3510 3414 3548 meus
3439 3511 3513 3548 es.

1939 3583 2004 3638 In
2051 3584 2158 3639 Deo
2202 3583 2425 3640 laudabo
2476 3582 2714 3648 verbum,
2762 3585 2817 3638 in
2859 3583 3086 3638 Domino
3135 3583 3357 3638 laudabo
3405 3601 3515 3639 ser-

1935 3692 2132 3739 mones,
2165 3677 2218 3729 in
2260 3674 2370 3730 Deo
2415 3675 2638 3745 speravi,
2673 3690 2775 3727 non
2819 3670 3002 3726 timebo
3037 3671 3162 3744 quid
3195 3672 3357 3743 faciat
3391 3673 3520 3727 mihi

1935 3765 2104 3820 homo.
2133 3765 2197 3819 In
2223 3781 2303 3820 me
2327 3773 2467 3829 sunt,
2491 3763 2655 3828 Deus,
2691 3771 2808 3818 uota
2831 3771 2938 3826 tua,
2961 3779 3074 3834 quae
3094 3763 3308 3818 reddam
3331 3764 3518 3818 lauda-

1934 3860 2099 3913 tiones
2129 3857 2239 3912 tibi.
2273 3859 2531 3926 Quoniam
2549 3857 2784 3928 eripuisti
2808 3858 3037 3912 animam
3060 3871 3228 3910 meam
3251 3855 3314 3908 de
3335 3863 3516 3910 morte.

1933 3957 1981 4001 et
2010 3949 2160 4018 pedes
2189 3965 2329 4003 meos
2366 3949 2428 4002 de
2459 3949 2630 4020 lapsu,
2660 3955 2716 4000 ut
2743 3948 2973 4019 placeant
3003 3961 3180 4002 coram
3206 3945 3315 4000 Deo
3350 3948 3403 4000 in
3437 3947 3518 4001 lu-

1933 4041 2072 4094 mine
2096 4040 2383 4094 viventium.

2510 4125 2944 4164 COMMENTARIUH.

2005 4222 2062 4277 Si
2094 4221 2362 4274 tenuerint
2390 4229 2442 4274 te
2472 4219 2757 4291 Allophyli,
2791 4228 2847 4273 et
2875 4235 2905 4273 a
2945 4221 3148 4274 sanctis
3175 4220 3518 4288 cogitationi-

1934 4318 2031 4371 bus
2060 4315 2216 4382 longe
2243 4311 2486 4374 fecerint,
2506 4311 2675 4365 clama
2706 4309 2774 4364 ad
2796 4310 2984 4369 Deum,
3012 4309 3196 4364 dicens
3230 4327 3242 4363 :
3268 4308 3522 4364 Miserere

1933 4408 2057 4471 mei,
2093 4407 2335 4470 Domine,
2359 4405 2610 4473 quoniam
2641 4403 2974 4459 conculcavit
2997 4419 3082 4458 me
3121 4404 3302 4468 homo,
3336 4403 3520 4472 utique

1936 4502 2191 4558 citerior.
2217 4497 2320 4554 Per
2340 4507 2392 4553 te
2422 4497 2564 4578 enim
2595 4504 2757 4566 agunt
2786 4503 2972 4551 contra
3004 4503 3075 4557 te,
3098 4511 3192 4564 per
3213 4495 3385 4565 ipsum
3409 4503 3521 4549 tota

256 4601 334 4642 me
361 4590 490 4657 agis,
523 4597 581 4644 tu
612 4605 733 4644 cum
764 4591 995 4646 inimicis
1024 4591 1161 4645 meis
1190 4567 1478 4646 delectaris
1510 4592 1561 4646 in
1593 4594 1832 4648 consiliis
1863 4567 1909 4627 ί)
1935 4593 2022 4647 die
2046 4598 2287 4662 pugnant
2315 4574 2596 4644 adversum
2631 4596 2682 4642 te
2712 4586 2910 4641 inimici
2941 4587 3036 4640 tui.
3068 4585 3173 4640 Sed
3202 4585 3256 4639 hi
3287 4586 3378 4655 qui
3407 4585 3524 4642 bel-

258 4695 452 4746 eorum,
481 4698 579 4752 per
597 4690 652 4736 te
683 4684 903 4737 veniunt
923 4683 989 4738 ad
1019 4684 1329 4742 me.Veniat
1357 4700 1502 4739 mors
1528 4699 1692 4754 super
1714 4699 1826 4738 eos.

257 4766 318 4823 Et
342 4772 462 4839 quia
495 4781 685 4826 natura
708 4772 1038 4826 immortales
1067 4773 1559 4835 sunt,descendant
1587 4774 1639 4828 in
1671 4773 1832 4828 infer-

261 4874 374 4915 num
402 4863 663 4927 viventes,
696 4863 822 4931 quia
863 4864 1098 4932 nequitia
1140 4864 1191 4917 in
1235 4864 1478 4933 hospitiis
1507 4880 1693 4919 eorum
1726 4883 1738 4916 :
1779 4865 1885 4920 in-

261 4951 423 5007 medio
444 4969 652 5018 eorum,
677 4953 727 5008 id
758 4960 859 5017 est,
893 4954 944 5008 in
971 4955 1400 5024 suggestionibus
1420 4971 1628 5020 eorum,
1654 4957 1706 5011 id
1727 4963 1829 5016 est.

263 5041 308 5094 in
335 5044 508 5099 medio
536 5047 936 5115 suggestionum
967 5062 1174 5102 eorum.
1206 5047 1262 5101 Si
1292 5061 1420 5116 ergo
1448 5049 1514 5102 ad
1545 5049 1828 5104 Dominum

263 5130 583 5200 clamaveris,
608 5146 663 5191 et
690 5137 770 5192 vis
798 5146 856 5191 ut
890 5137 1145 5193 Dominus
1173 5137 1328 5193 Jcsus
1355 5140 1608 5193 eXaudiat
1637 5148 1706 5204 te,
1741 5157 1832 5195 vc-

264 5235 426 5290 spere,
458 5235 513 5280 et
545 5243 722 5291 mane,
754 5237 808 5282 et
837 5229 1077 5294 meridie,
1101 5229 1201 5298 ipsi
1231 5229 1497 5293 narrabis,
1531 5231 1629 5300 ipsi
1661 5231 1798 5285 conti
1819 5264 1831 5272 υ

267 5313 470 5380 teberis,
499 5317 596 5387 ipsi
628 5334 816 5387 preces
843 5317 1102 5383 eilundes,
1134 5328 1188 5373 et
1229 5319 1344 5373 sine
1373 5321 1536 5374 dubio
1566 5321 1638 5374 ita
1668 5335 1805 5374 exat.

267 5401 367 5456 dict
393 5423 576 5462 vocem
619 5417 785 5470 tuam,
815 5418 873 5463 ut
913 5410 1102 5464 liberet
1129 5425 1157 5464 a
1203 5411 1346 5465 bello
1373 5425 1560 5464 eorum
1597 5413 1832 5465 animam

270 5501 421 5561 luam,
446 5501 512 5554 ab
535 5501 615 5554 bis
634 5502 726 5571 qui
748 5489 1127 5572 approximant
1147 5503 1214 5556 ei.
1237 5502 1301 5555 Et
1323 5502 1463 5556 inter
1491 5504 1688 5558 multos
1711 5505 1826 5569 hos,

273 5585 374 5652 ipse
409 5591 509 5643 erit
547 5600 721 5647 tecum
758 5593 849 5662 qui
889 5594 1132 5653 humiliet
1171 5609 1298 5655 eos,
1335 5595 1424 5661 qui
1467 5610 1524 5648 se
1561 5610 1832 5665 nunquam

272 5690 486 5742 mutant,
505 5687 591 5752 qui
617 5683 886 5755 nunﬁuam
911 5687 1098 5741 timeat
1120 5687 1306 5741 Deum.
1337 5686 1588 5742 Extendit
1619 5703 1831 5741 manum

271 5787 406 5827 suam
449 5784 598 5843 Unus,
645 5780 692 5832 in
739 5781 1079 5834 rctrilmendo
1119 5781 1223 5844 eis,
1269 5779 1391 5848 quia
1439 5782 1535 5848 ipsi
1577 5789 1696 5833 sunt
1742 5784 1830 5847 qui

1935 4686 2048 4739 lant
2076 4685 2357 4738 adversum
2390 4689 2462 4746 te,
2489 4679 2768 4742 timebunt,
2795 4679 2838 4732 si
2861 4678 3061 4732 dixeris
3089 4677 3200 4731 Deo
3221 4695 3232 4728 :
3252 4675 3386 4745 Ego,
3411 4675 3519 4731 Do-

1936 4779 2098 4842 mine,
2133 4778 2270 4832 inte
2315 4775 2566 4846 sperabo,
2619 4787 2727 4827 non
2781 4769 2984 4825 timebo
3037 4768 3164 4837 quid
3203 4767 3364 4823 faciat
3391 4769 3524 4824 mihi

1935 4884 2081 4925 caro.
2110 4868 2315 4922 Inimici
2347 4865 2450 4921 mei
2479 4864 2640 4928 verba
2672 4877 2788 4916 mea
2820 4867 3196 4925 exsecrantur,
3239 4859 3479 4917 dicentes
3507 4879 3518 4912 :
3607 4887 3620 4896 ο

1935 4963 2012 5017 lta
2034 4963 2133 5017 iste
2155 4960 2452 5015 castitatem
2483 4956 2660 5017 docet,
2693 4954 3017 5009 seminemus
3046 4953 3096 5007 ei
3126 4953 3410 5008 libidines:
3435 4929 3540 5008 liic‘

1908 5053 2028 5122 ,qui
2057 5057 2422 5120 contemptum
2467 5046 2648 5101 mundi
2695 5046 2972 5117 prcedicat,
3006 5060 3244 5100 amorem
3283 5045 3523 5116 pecuniae

1939 5144 2286 5198 immittamus
2315 5140 2384 5193 ei.
2413 5138 2701 5192 Adversum
2733 5145 2784 5190 te
2813 5149 2941 5204 ergo
2969 5143 3093 5190 sunt
3118 5135 3268 5205 justi,
3301 5135 3521 5192 consilia

1937 5251 2123 5291 eorum
2154 5235 2206 5288 in
2236 5233 2373 5287 mala
2393 5273 2407 5297 ,
2438 5241 2587 5286 tanta
2621 5230 2916 5285 subtilitate
2945 5237 3182 5297 agentes,
3211 5236 3270 5283 ut
3298 5228 3520 5282 abscon-

1937 5327 2033 5381 diti
2065 5325 2158 5379 tibi
2185 5325 2317 5389 sint;
2347 5323 2492 5393 quod
2520 5322 2790 5376 dremones
2810 5321 2936 5386 sint,
2963 5329 3120 5392 putas
3147 5328 3326 5374 autem
3355 5321 3542 5388 παῦε

1939 5418 2020 5473 los
2049 5419 2142 5472 Dei
2171 5417 2476 5472 ministrare
2522 5415 2823 5471 consilium.
2858 5414 2936 5468 llli
2975 5422 3151 5467 autem
3200 5411 3399 5466 inimici
3447 5411 3522 5467 tui

1937 5519 2095 5572 sunt,
2127 5508 2438 5563 calcaneum
2485 5514 2633 5560 tuum
2685 5505 3064 5567 observantes,
3118 5501 3170 5555 id
3209 5507 3328 5565 est,
3360 5498 3522 5558 ﬁnem

1939 5606 2088 5655 tuum
2132 5607 2526 5667 exspectantes.
2558 5596 2800 5652 Sustinet
2849 5594 3082 5648 animam
3126 5599 3271 5644 tuam
3308 5607 3408 5661 pro
3439 5593 3520 5646 ni—

1936 5692 2046 5745 hilo
2071 5728 2084 5751 ,
2116 5697 2173 5745 ut
2202 5689 2328 5745 dum
2368 5703 2426 5742 se
2477 5688 2632 5742 vilem
2671 5687 2916 5744 mstimat,
2956 5694 3055 5752 pro
3083 5682 3234 5752 parvi
3263 5683 3524 5753 temporis

1936 5783 2348 5844 delectamento,
2373 5788 2552 5847 pereat
2579 5779 2629 5833 in
2657 5787 2932 5831 aeternum.
2970 5774 3155 5828 Anima
3189 5786 3366 5828 autem
3394 5774 3520 5828 dum
