3870 6182
272 266 286 289 ‘
408 282 512 337 tos

1747 252 2017 330 annosi]
2053 274 2353 335 JUNIORIS
2390 326 2411 341 ,
2742 328 2755 331 -
3534 294 3615 353 l0l

403 398 716 452 vulneratur
742 394 1033 467 pro'nihilo
1056 436 1070 461 ,
1115 394 1190 449 illi
1228 395 1321 465 qui
1348 364 1469 449 eam
1500 393 1812 457 vulnerant,
1841 389 1975 445 salvi
2004 394 2046 449 Α
2080 392 2315 463 alioquin
2358 395 2414 450 in
2438 395 2557 451 aliis
2583 394 2884 466 conﬁdens,
2907 400 3162 456 mentitur
3181 386 3313 469 Deo,
3344 401 3510 462 dicens
3537 408 3633 487 ιιι),

403 490 482 542 sic
510 503 629 543 esse
658 487 939 543 videntur:
972 486 1196 541 victoria
1227 488 1369 541 enim
1425 486 1662 541 hostium
1712 486 1855 541 salus
1895 494 1975 541 est

2082 493 2134 540 te
2156 486 2389 541 conﬁdet
2411 488 2587 541 anima
2617 503 2757 543 mea.
2781 487 2839 543 Si
2862 506 2987 545 vero
3010 490 3064 544 in
3094 492 3211 561 ipso
3231 490 3460 570 conﬁdit,
3482 497 3620 566 eripit

403 580 655 635 hostium.
686 580 763 634 Ne
790 593 918 647 ergo
947 578 1185 643 eveniat,
1208 578 1381 633 clama
1407 577 1474 632 ad
1502 577 1690 643 Deum,
1720 578 1905 632 nuntia
1926 588 1983 634 et
2077 575 2308 629 animam
2331 574 2441 644 ejus
2489 576 2557 630 de
2583 578 2759 633 medio
2779 572 3097 634 catulorum
3134 581 3374 648 leonum,
3407 585 3487 639 ubi
3511 586 3620 641 dor-

400 670 565 722 vitam
593 677 766 734 tuam,
820 684 964 739 pone
1003 669 1265 738 lacrymas
1291 675 1411 722 tuas
1440 668 1491 721 in
1519 675 1808 737 conspectu
1838 667 1973 736 ejus,

399 766 455 812 ct
481 758 616 813 sicut
641 757 904 828 promisit,
935 746 1189 837 quoniam
1207 757 1298 827 qui
1322 764 1501 826 sperat
1521 756 1573 811 in
1601 773 1704 821 me,
1737 757 1976 813 liberabo

399 864 540 903 eum.
572 847 722 903 Sicut
748 849 803 903 in
831 848 1187 918 promissione
1211 864 1305 902 sua
1333 848 1601 918 pollicitus
1628 856 1727 912 est,
1747 849 1818 903 ita
1840 866 1973 905 con-

397 947 573 993 vertat
601 939 847 993 inimicos
867 946 991 993 tuos
1010 949 1156 993 retro
1188 957 1200 990 :
1233 946 1292 992 ut
1319 952 1614 1006 cognoscas
1640 941 1766 1009 quia
1796 949 1973 995 tecum

398 1038 480 1082 est
501 1028 642 1082 Deus
672 1036 812 1092 tuus,
858 1037 915 1082 et
963 1028 1186 1098 incipias
1214 1029 1269 1082 in
1317 1029 1426 1083 Deo
1457 1030 1641 1086 laudes
1679 1047 1892 1097 canere,
1918 1042 1973 1088 ct

397 1136 506 1174 non
555 1109 746 1174 timere
791 1120 920 1188 quid
965 1118 1125 1175 faciat
1164 1121 1258 1176 tibi
1295 1118 1487 1188 homo,
1515 1122 1627 1177 sive
1654 1138 1812 1187 caro,
1860 1125 2007 1179 sive’

396 1214 512 1280 ipse
539 1214 628 1280 qui
666 1210 910 1268 inimicus
961 1214 1123 1269 homo
1160 1215 1212 1268 in
1256 1214 1570 1283 Evangeliis
1596 1216 1793 1273 Christi
1822 1217 1973 1272 dete-

396 1304 539 1368 gitur
566 1303 743 1358 tritico
787 1305 1419 1379 supersevisse'zizanias
1451 1324 1464 1360 :
1499 1316 1623 1364 tunc
1669 1323 1798 1376 ergo
1844 1320 1968 1366 vota

396 1402 485 1446 tua
511 1393 704 1448 reddes
739 1393 986 1460 Domino,
1014 1409 1130 1464 qua:
1157 1396 1211 1450 in
1239 1397 1506 1467 baptismo
1534 1398 1739 1468 positus
1765 1400 1967 1469 promi-

393 1486 536 1550 sisti,
579 1488 888 1542 renuntiare
916 1496 969 1542 te
996 1488 1244 1555 diabolo,
1286 1498 1340 1543 et
1368 1491 1617 1546 omnibus
1654 1492 1880 1569 pompis,
1912 1500 1969 1547 et

391 1579 706 1636 criminibus
732 1580 866 1649 ejus.
894 1580 1061 1647 Tunc,
1090 1580 1325 1651 inquam,
1358 1597 1479 1637 cum
1507 1583 1763 1653 eripuerit
1793 1578 1969 1639 Domi-

394 1685 495 1723 nus
519 1670 752 1724 animam
780 1678 926 1725 tuam
971 1671 1040 1725 de
1067 1680 1242 1727 morte
1267 1672 1517 1739 luxuriaa,
1550 1664 1607 1728 ei
1631 1674 1816 1729 oculos
1845 1682 1967 1729 tuos

2075 666 2267 721 mierat
2293 666 2659 721 conturbatus.
2700 666 3010 739 Ubicunque
3038 671 3342 741 desperatio
3382 684 3460 728 est
3484 691 3618 730 recu-

2074 759 2403 827 perationis,
2456 774 2675 814 somnus
2738 762 2927 815 mortis
2988 762 3276 826 incumbit;
3353 766 3621 821 nominavit

2073 848 2279 903 catulos
2308 848 2540 913 leonum,
2569 864 2797 917 quorum
2824 850 3013 905 dentes
3040 854 3266 907 asseruit
3293 869 3436 908 arma
3463 864 3514 909 et
3540 871 3617 910 sa-

2070 935 2249 1006 gittas,
2276 939 2571 1006 etlinguam
2594 939 2824 1008 gladium
2851 949 3064 997 acutum
3089 943 3187 996 #Et
3209 945 3261 997 in
3283 944 3366 998 his
3395 945 3618 1014 dormivi,

2069 1028 2163 1095 ait,
2212 1030 2576 1084 conturbatus.
2608 1028 2652 1084 Ο
2675 1032 2948 1085 somnum!
2980 1032 3154 1088 Credo
3183 1035 3270 1090 hic
3299 1035 3388 1091 ille
3425 1052 3621 1092 somnus

2070 1127 2152 1172 est
2177 1118 2244 1173 de
2282 1135 2388 1188 quo
2425 1119 2568 1173 idem
2599 1120 2877 1175 Psalmista
2905 1122 3034 1177 dicit
3065 1141 3077 1175 :
3111 1122 3415 1178 Dormitavit
3466 1128 3620 1180 anima

2068 1226 2181 1263 mea
2209 1227 2319 1281 pra:
2347 1211 2643 1282 twdiolPs.
2673 1212 2875 1283 cxvm).
2906 1212 2964 1267 Si
2998 1228 3127 1282 ergo
3154 1225 3340 1270 contra
3366 1224 3621 1286 paraturas

2067 1297 2367 1354 dremonum
2403 1304 2647 1370 paratum
2688 1317 2783 1358 cor
2826 1304 3058 1371 habeas,
3108 1313 3164 1359 et
3226 1305 3334 1360 Deo
3379 1306 3620 1376 psalmum

2065 1389 2230 1455 dicas,
2256 1391 2476 1459 laqueos
2496 1407 2632 1460 quos
2652 1401 2978 1461 paraverunt
3006 1394 3197 1449 anima:
3215 1402 3318 1448 tua:
3337 1395 3460 1465 ipsi,
3482 1410 3542 1449 ex
3555 1396 3620 1449 eis

2066 1480 2386 1549 ligabuntur,
2407 1490 2461 1536 et
2491 1483 2543 1535 in
2572 1481 2753 1537 foveas
2788 1498 2922 1551 quas
2960 1482 3207 1539 foderunt
3233 1485 3328 1539 tibi
3368 1485 3471 1554 ipsi
3501 1485 3619 1539 inci-

2064 1569 2200 1625 dunt
2231 1571 2313 1625 :si
2334 1580 2513 1626 tamen
2536 1572 2588 1626 in
2618 1573 2872 1641 psalterio
2904 1582 2959 1627 et
2985 1574 3187 1628 cithara
3219 1589 3478 1642 cxsurgas
3502 1575 3621 1629 dilu—

2065 1661 2207 1728 culo,
2239 1660 2291 1715 id
2319 1669 2420 1725 est,
2451 1661 2698 1733 abjiciens
2714 1680 2869 1734 opera
2892 1664 3229 1729 tenebrarum,
3241 1665 3479 1719 induaris
3492 1680 3621 1719 anna

392 1761 461 1815 de
488 1761 707 1815 interitu
744 1762 1191 1831 concupiscentiae
1215 1801 1230 1825 ,
1282 1771 1338 1818 et
1388 1763 1552 1832 pedes
1582 1772 1701 1818 tuos
1729 1779 1759 1818 a
1789 1764 1962 1834 lapsu,
1996 1740 2039 1798 Β
2066 1750 2191 1805 luds
2220 1748 2538 1819 (Rom-1"").
2573 1759 2700 1807 tunc
2745 1752 2983 1807 invenies
3028 1752 3385 1808 abundantem
3424 1754 3621 1809 miseri-

391 1851 777 1921 tunc‘placebis
807 1852 861 1906 in
889 1852 1087 1907 lumine
1126 1854 1418 1908 viventium
1439 1892 1453 1918 ,
1486 1852 1712 1909 faciente
1740 1855 1966 1911 Domino

390 1941 518 1997 Iesu
544 1941 776 2010 Christo,
798 1958 896 2012 per
921 1958 1081 2011 quem
1098 1984 1113 2010 ,
1145 1954 1201 1999 et
1227 1959 1348 1999 cum
1398 1959 1509 2013 quo
1556 1944 1651 1999 tibi
1679 1945 1790 2000 Deo
1820 1944 1967 2000 Patri

388 2047 513 2086 cum
540 2030 740 2102 Spiritu
778 2039 964 2087 sancto
992 2042 1073 2088 est
1101 2050 1205 2089 una
1228 2034 1507 2101 divinitas,
1538 2043 1663 2091 ante
1691 2038 1870 2092 omnia
1911 2046 1966 2094 et

389 2139 549 2187 nunc,
582 2130 638 2178 et
662 2124 716 2177 in
744 2132 934 2179 cuncta
956 2125 1149 2180 saecula
1179 2125 1513 2181 saeculorum.
1540 2125 1728 2182 Amen.

918 2238 1140 2295 PSALM
1151 2238 1234 2295 US
1296 2239 1429 2294 LVI.

387 2330 443 2384 In
476 2331 661 2393 linem,
695 2347 761 2385 ne
789 2330 1061 2400 disperdas
1084 2330 1279 2396 David,
1323 2332 1376 2386 in
1418 2332 1557 2386 tituli
1581 2332 1959 2399 inscriptione,

455 2417 576 2455 cum
616 2402 823 2469 fugeret
868 2399 898 2454 a
949 2399 1083 2455 facie
1123 2399 1251 2455 Saul
1291 2402 1432 2471 regis
1458 2401 1620 2456 Israel
1651 2403 1703 2456 in
1742 2405 1961 2472 spelun—

456 2486 596 2524 cam.

457 2582 705 2638 Miserere
750 2586 867 2649 mei,
914 2585 1071 2651 Deus,
1124 2587 1365 2641 miserere
1408 2588 1534 2654 mei,
1571 2587 1890 2657 quoniamin
1914 2595 1962 2641 te

385 2676 600 2745 confidit
627 2676 799 2729 animo
820 2694 951 2730 mea.
980 2676 1045 2730 Et
1074 2678 1127 2731 in
1145 2678 1327 2732 umbra
1354 2680 1557 2733 alarum
1600 2688 1801 2733 tuarum
1843 2696 1960 2750 spe-

386 2765 531 2830 rabo,
560 2764 723 2818 donec
751 2774 982 2818 transeat
1010 2766 1275 2838 iniquitas.
1306 2766 1552 2823 Clamabo
1581 2769 1650 2822 ad
1673 2769 1838 2823 Deum
1875 2769 1959 2823 al-

384 2855 657 2919 tissimum,
706 2854 874 2908 Deum
915 2857 1003 2926 qui
1041 2856 1286 2930 benefecit
1332 2859 1476 2911 mihi.
1503 2858 1649 2912 Misit
1668 2859 1732 2912 de
1759 2860 1881 2914 caelo
1908 2867 1958 2913 et

385 2947 619 3001 liberavit
638 2964 736 3011 me,
760 2946 903 3000 dedit
926 2948 980 3000 in
1005 2947 1332 3019 opprobrium
1357 2950 1713 3005 conculcantes
1740 2967 1836 3005 me.
1852 2950 1959 3004 Mi-

384 3037 451 3089 sit
494 3036 629 3091 Deus
671 3037 1077 3091 misericordiam
1117 3055 1280 3104 sitam,
1329 3048 1378 3092 et
1424 3040 1684 3093 veritatem
1709 3056 1876 3106 suam,
1906 3050 1957 3094 et

2070 1842 2306 1897 cordiam
2348 1842 2464 1912 ejus
2518 1859 2549 1897 a
2590 1852 2731 1898 terra
2784 1859 2949 1913 usque
2978 1845 3045 1899 ad
3078 1846 3261 1910 cmlos,
3293 1854 3349 1899 et
3373 1846 3445 1900 ad
3475 1847 3623 1901 nubes

2068 1932 2452 1998 conscendens,
2496 1934 2735 1989 invenies
2779 1935 3059 1989 veritatem
3090 1936 3232 2004 ejus;
3263 1944 3389 1990 tunc
3436 1936 3624 1990 culta-

2067 2029 2180 2075 tum
2226 2037 2387 2090 super
2432 2023 2597 2078 caelos
2649 2022 2887 2078 invenies
2914 2022 3111 2087 Deum,
3142 2024 3285 2093 quod
3311 2025 3549 2080 ascendit
3577 2025 3624 2078 in

2065 2112 2203 2167 curio
2243 2111 2407 2167 Filius
2427 2111 2543 2178 Dei,
2575 2121 2631 2168 et
2658 2128 2818 2182 super
2844 2129 3058 2169 omnem
3084 2123 3282 2170 terram
3311 2124 3505 2183 regnat
3522 2115 3621 2184 glo-

2066 2202 2142 2259 ria
2163 2201 2278 2271 ejus
2293 2194 2413 2258 cum
2428 2201 2587 2257 Patre
2608 2212 2664 2259 et
2690 2203 2891 2275 Spiritu
2905 2214 3111 2272 sancto,
3124 2220 3222 2276 per
3243 2207 3422 2261 omnia
3446 2205 3624 2262 saecula

2063 2295 2397 2352 saeculorum.
2428 2294 2618 2350 Amen.
3163 2350 3168 2355 ,

2597 2364 2817 2420 PSALM
2826 2364 2911 2421 US
2948 2364 3099 2420 LVII.

2096 2454 2155 2509 In
2182 2454 2338 2511 ﬁnem
2355 2494 2371 2520 ,
2401 2470 2467 2511 ne
2490 2454 2765 2525 disperdas
2786 2454 2972 2520 David,
2996 2455 3051 2509 in
3071 2455 3208 2510 tituli
3229 2456 3591 2526 inscriptione.

2134 2566 2197 2622 Si
2223 2584 2335 2622 vere
2355 2569 2525 2641 utique
2536 2568 2791 2640 justitiam
2808 2568 3091 2640 loquimini,
3119 2578 3248 2623 recte
3266 2566 3519 2642 judicat‘e,
3540 2569 3627 2640 ﬁli

2060 2658 2343 2713 hominum.
2386 2657 2592 2712 Etenim
2630 2659 2685 2712 in
2731 2659 2883 2713 corde
2926 2659 3222 2731 iniquitates
3262 2662 3551 2729 operamini
3580 2663 3629 2714 in

2061 2759 2218 2812 terra,
2271 2748 2553 2820 injuslitias
2589 2765 2770 2803 manus
2815 2759 2993 2804 vestrm
3039 2752 3369 2805 concinnant.
3410 2753 3628 2806 Alienati
3696 2800 3710 2811 ,

2060 2850 2179 2896 sunt
2214 2850 2506 2910 peccatores
2553 2857 2584 2893 a
2630 2840 2792 2906 vulva,
2836 2851 3134 2895 erraverunt
3173 2841 3238 2894 ab
3271 2852 3437 2907 utero,
3483 2843 3629 2898 locuti

2058 2942 2179 2986 sunt
2221 2932 2374 3004 falsa.
2408 2929 2581 2985 Furor
2628 2932 2730 2985 illis
2768 2933 3046 2987 secundum
3091 2934 3483 2990 similitudinem
3531 2954 3628 2990 ser-

2060 3025 2245 3096 pentis,
2262 3026 2392 3077 sicut
2413 3024 2607 3094 aspidis
2622 3024 2794 3078 surda:
2811 3034 2860 3078 et
2873 3025 3158 3080 obturantis
3183 3043 3331 3120 au‘res
3352 3038 3495 3083 suas'.
3514 3026 3630 3093 Qua

383 3130 571 3199 ενίρηει
619 3130 848 3183 animum
892 3146 1057 3203 meum
1104 3131 1167 3184 de
1208 3132 1374 3185 ,ηεάίο
1409 3131 1693 3186 catulorum
1730 3132 1956 3194 leonum,-
1982 3103 2026 3166 C
2060 3130 2165 3169 non
2192 3114 2432 3168 exaudiet
2459 3131 2627 3168 vocem
2656 3115 3049 3182 incantantium,
3096 3127 3145 3171 et
3195 3103 3405 3189 ueneﬁci
3457 3122 3629 3174 incan-

385 3218 599 3273 dormivi
618 3218 965 3274 conturbatus.
990 3218 1118 3273 Filii
1135 3222 1399 3275 hominum
1420 3221 1594 3297 dentes
1615 3238 1791 3275 eorum
1809 3239 1956 3275 arma

340 3365 345 3370 ,
383 3319 434 3362 et
470 3311 692 3381 sagittae,
720 3320 771 3364 et
807 3311 987 3381 lingua
1013 3327 1187 3365 eorum
1227 3312 1432 3382 gladius
1476 3320 1677 3365 acutus.
1708 3310 1960 3366 Exaltare

384 3417 537 3471 super
563 3402 733 3467 caelos,
767 3402 921 3469 Deus,
956 3413 1005 3456 et
1029 3420 1183 3474 super
1210 3420 1409 3458 omnem
1439 3413 1628 3459 terram
1653 3405 1821 3476 gloria
1849 3415 1955 3458 tua.

383 3491 646 3563 Laqueum
691 3504 1005 3565 parauerunt
1043 3494 1254 3566 pedibus
1292 3497 1439 3562 meis,
1479 3506 1530 3550 et
1571 3498 1960 3550 incurvaverunl

382 3584 610 3637 animam
630 3601 810 3639 meam.
868 3584 1137 3639 Foderunt
1164 3596 1285 3641 ante
1305 3588 1488 3659 [aciem
1535 3603 1700 3640 meam
1738 3590 1956 3659 foveam,

381 3686 431 3727 et
460 3675 749 3730 inciderunt
767 3677 823 3730 in
849 3691 982 3731 eam.
1008 3677 1264 3731 Paratum
1292 3695 1381 3732 cor
1407 3695 1591 3745 meum,
1617 3677 1774 3743 Deus,
1804 3696 1962 3750 para-

385 3776 493 3817 tum
520 3782 608 3818 cor
643 3783 811 3821 meum
830 3782 848 3830 ;
879 3766 1096 3821 cantabo
1136 3777 1186 3821 et
1228 3769 1483 3839 psalmum
1509 3769 1679 3822 dicam
1712 3768 1955 3825 Domino.

382 3852 623 3923 Exsurge
659 3854 826 3924 gloria
876 3863 979 3921 tua,
1028 3871 1245 3925 exsurge
1291 3857 1591 3927 psalterium
1638 3866 1688 3913 el
1738 3859 1958 3923 cithara,

380 3961 656 4015 “surgam
695 3944 942 4001 diluculo.
982 3944 1280 4018 Conﬁtebor
1328 3946 1416 4002 tibi
1463 3951 1685 4020 populis,
1717 3949 1958 4015 Domine,

379 4047 429 4089 et
457 4037 711 4108 psalmum
736 4038 904 4093 dicam
942 4039 1030 4093 (ibi
1076 4041 1131 4094 in
1177 4040 1428 4112 gentibus.
1463 4039 1720 4105 Quoniam
1756 4043 1963 4113 magni-

381 4129 537 4198 ﬁcam
565 4138 639 4183 est
661 4146 818 4201 usque
836 4130 906 4183 ad
923 4133 1072 4186 caelos
1101 4133 1452 4187 misericordia
1482 4142 1567 4186 tua
1581 4142 1631 4187 et
1659 4135 1844 4187 veritas
1873 4141 1961 4186 tua

370 4234 537 4291 usque
556 4220 625 4274 ad
661 4221 838 4276 nubes.
872 4220 1122 4277 Exaltare
1162 4240 1314 4295 super
1333 4225 1505 4290 caelos,
1530 4223 1689 4289 Deus,
1723 4232 1772 4277 et
1810 4216 1961 4294 super

381 4325 581 4363 omnem
607 4319 796 4365 terram
823 4312 992 4381 gloria
1017 4322 1122 4366 tua.

956 4462 1385 4502 COHMENTARIUM.

452 4576 584 4632 Cum
624 4577 820 4647 fugeris
859 4592 888 4631 a
917 4576 1053 4632 facie
1090 4578 1346 4649 principis
1372 4577 1530 4646 hujus
1560 4576 1742 4633 mundi
1773 4594 1954 4648 perse-

382 4668 596 4735 quentis
623 4676 695 4733 te,
726 4669 865 4724 sicut
890 4668 1018 4723 Saul
1047 4669 1465 4737 persequebatur
1502 4669 1698 4734 David,
1740 4672 1954 4740 spelun-

382 4772 500 4814 cam
525 4766 649 4826 petc
668 4796 682 4822 ,
706 4758 758 4812 id
778 4767 890 4824 est,
922 4758 994 4812 ita
1025 4765 1078 4813 te
1117 4759 1402 4823 constitue,
1434 4766 1492 4813 ut
1514 4761 1581 4815 ab
1609 4760 1824 4815 inimico
1861 4770 1953 4817 tuo

382 4847 607 4901 inveniri
628 4862 734 4900 non
757 4850 948 4917 possis.
979 4849 1048 4903 Et
1070 4857 1129 4904 tu
1156 4850 1368 4918 quidem
1398 4849 1668 4906 inimicum
1699 4859 1845 4906 tuum
1873 4852 1957 4906 in-

382 4945 465 4989 ter
490 4950 679 4990 manus
702 4937 927 5002 habeas,
958 4939 1047 4992 ille
1074 4954 1203 4994 vero
1233 4947 1285 4994 te
1310 4955 1409 4995 nec
1438 4939 1630 4994 videat.
1664 4939 1779 4996 Hoc
1808 4941 1951 4995 enim

379 5026 620 5091 eveniet,
646 5026 692 5081 si
728 5042 795 5081 ex
825 5035 940 5083 toto
987 5029 1149 5084 corde
1201 5030 1349 5085 dicas
1402 5032 1551 5086 Deo:
1583 5030 1651 5085 Et
1679 5033 1731 5087 in
1761 5034 1951 5088 umbra

358 5117 584 5174 alarum
635 5124 843 5170 tuarum
883 5132 1060 5185 spero,
1105 5117 1278 5173 donec
1314 5128 1552 5175 transeat
1596 5122 1865 5190 iniquitas,
1899 5130 1955 5176 et

377 5206 580 5260 clames
600 5205 665 5260 ad
678 5204 844 5275 Deum
864 5206 1175 5261 altissimum
1211 5226 1224 5261 :
1255 5210 1370 5279 ipse
1407 5211 1571 5266 mittit
1597 5211 1663 5267 de
1692 5213 1858 5279 oculo,
1898 5220 1953 5266 et

379 5296 569 5350 liberat
589 5304 642 5351 te
664 5336 678 5361 ,
709 5303 764 5350 et
796 5295 889 5350 dat
928 5296 978 5350 in
1008 5299 1351 5367 opprobrium
1391 5304 1764 5360 conculcantes
1793 5313 1861 5359 te.
1894 5304 1952 5359 Si

378 5384 521 5453 quod
549 5385 681 5440 dicis
708 5385 819 5440 Deo
851 5403 864 5438 :
896 5383 953 5438 In
984 5392 1038 5440 te
1065 5385 1299 5442 conﬁdet
1328 5391 1503 5444 anima
1528 5407 1676 5459 mea,
1710 5409 1817 5448 non
1846 5394 1947 5448 fal-

380 5474 474 5537 lat,
497 5475 543 5530 si
569 5490 695 5531 vere
714 5476 932 5557 quodin
962 5477 1079 5546 ipso
1107 5476 1346 5533 conﬁdas
1374 5482 1528 5536 factis
1555 5485 1812 5541 ostendis.
1846 5485 1947 5552 Qui

381 5565 524 5618 enim
566 5566 618 5621 in
659 5567 775 5636 ipso
818 5569 1054 5636 conﬁdit,
1095 5585 1203 5625 nou
1237 5569 1470 5626 conﬁdet
1505 5573 1559 5627 in
1598 5574 1724 5640 alio,
1756 5590 1872 5630 non.
1894 5575 1948 5630 in

380 5670 540 5722 auro,
572 5672 676 5711 non
707 5659 757 5712 in
788 5664 984 5730 praedio
1008 5706 1022 5733 ,
1056 5679 1161 5719 non
1194 5664 1243 5718 in
1267 5664 1441 5734 aliqua
1473 5665 1666 5728 virtute
1699 5674 1942 5734 terrena;

2064 3206 2221 3259 tantis
2272 3204 2549 3273 sapienter.
2583 3206 2721 3262 Deus
2765 3218 2988 3264 conteret
3044 3210 3219 3264 dentes
3238 3222 3429 3265 ‘eorum
3471 3213 3525 3265 in
3550 3227 3629 3265 ore

2059 3300 2307 3370 ipsorum,
2340 3304 2504 3354 molas
2529 3298 2730 3354 leonum
2759 3301 3049 3372 confringet
3085 3299 3360 3355 Dominus.
3392 3301 3478 3354 Ad
3510 3302 3630 3354 nihi-

2059 3392 2164 3445 lum
2193 3391 2453 3445 devenient
2474 3400 2714 3462 tanquam
2738 3404 2871 3462 dqua
2887 3391 3195 3456 decurrens;
3224 3391 3443 3444 intendit
3464 3406 3630 3444 arcum

2058 3497 2205 3535 suum
2226 3482 2388 3535 donec
2416 3470 2759 3551 inﬁrmentur.
2784 3482 2931 3537 Sicut
2950 3499 3066 3536 cera
3094 3498 3208 3554 qua:
3236 3483 3367 3550 ﬂuit,
3391 3484 3629 3552 auferen-

2060 3580 2172 3628 tur:
2201 3572 2541 3637 supercecidit
2569 3573 2706 3644 ignis
2729 3614 2743 3638 ,
2771 3583 2820 3626 el
2859 3590 2963 3628 non
2996 3574 3230 3627 viderunt
3253 3573 3430 3627 solem.
3462 3572 3628 3625 Prius-

2052 3679 2205 3727 quam
2236 3645 2580 3733 intelligerent
2610 3664 2774 3734 spina:
2794 3674 2985 3717 nostra:
3005 3663 3309 3728 rhamnum;
3331 3665 3655 3738 sicutrivem.

2060 3761 2164 3818 tes,
2222 3760 2299 3810 sic
2349 3756 2404 3809 in
2455 3757 2536 3809 ira
2575 3753 2811 3809 absorbet
2855 3772 2961 3809 eos.
2993 3754 3278 3809 Laetabitur
3295 3755 3466 3825 justus
3519 3769 3626 3806 cum

2064 3846 2247 3900 viderit
2274 3846 2572 3909 vindictam,
2604 3858 2789 3929 manus
2806 3862 2925 3899 suas
2948 3843 3137 3899 levabit
3165 3846 3219 3898 in
3245 3846 3494 3915 sanguine
3516 3858 3626 3914 pec-

2060 3943 2270 3996 catoris.
2294 3939 2366 3994 Et
2393 3940 2526 3994 dicet
2556 3941 2723 4004 homo,
2753 3941 2801 3994 si
2825 3942 2996 4006 utique
3014 3949 3090 3994 est
3118 3941 3316 4012 fructus
3346 3939 3506 4010 justo,
3529 3937 3623 3992 uti-

2063 4048 2157 4103 que
2181 4043 2257 4086 est
2277 4032 2419 4086 Deus
2438 4031 2680 4101 judicans
2709 4032 2763 4084 in
2790 4039 2946 4085 terra.

2626 4177 3059 4220 COMMENTARIUII.

2130 4300 2299 4356 Judaei
2339 4297 2581 4353 videntes
2624 4295 2909 4350 Dominum
2939 4293 3139 4348 Jesum»
3166 4292 3437 4348 Christum
3474 4291 3620 4346 ferias

2062 4407 2230 4447 vanas
2258 4396 2598 4461 respuentem
2621 4427 2636 4453 ,
2666 4392 2719 4441 et
2745 4385 2932 4440 diebus
2958 4384 3303 4438 sabbatorum
3332 4382 3621 4438 hominibus

1983 4460 2032 4520 D
2057 4481 2489 4544 subvenientem,
2532 4478 2616 4531 ira
2653 4483 2768 4531 erat
2805 4476 2856 4528 in
2890 4475 2993 4529 illis
3037 4475 3174 4529 sicut
3199 4473 3485 4529 similitudo
3509 4486 3618 4526 ser-

2055 4570 2252 4642 pentis,
2302 4577 2356 4625 et
2383 4569 2520 4623 sicut
2548 4565 2743 4637 aspidis
2788 4566 2981 4630 surdze,
3030 4572 3084 4619 et
3132 4566 3432 4619 obturantis
3474 4576 3617 4617 aures

2056 4679 2199 4719 suas.
2230 4661 2454 4732 Aspides
2486 4660 2606 4714 ideo
2646 4658 2712 4712 ab
2750 4655 3142 4711 incantantibus
3181 4672 3288 4710 non
3332 4656 3614 4727 capiuntur,

2056 4755 2183 4824 quia
2209 4759 2417 4823 ponunt
2443 4766 2605 4806 unam
2633 4763 2815 4804 aurem
2842 4749 2895 4803 in
2918 4757 3113 4802 terram
3136 4787 3153 4814 ,
3193 4755 3248 4803 et
3286 4748 3499 4802 alteram
3526 4756 3625 4798 ξιιμ

2057 4863 2172 4901 rem
2203 4846 2269 4901 de
2297 4844 2478 4900 caudae
2504 4856 2614 4897 suae
2641 4839 2888 4895 acumine
2925 4840 3175 4893 obturant
3192 4877 3206 4902 ,
3233 4845 3294 4893 ut
3326 4854 3430 4893 non
3457 4849 3614 4889 exau-

2058 4940 2210 4994 diant
2229 4952 2420 4992 vocem
2447 4933 2770 4990 incantantis
2797 4932 3086 5002 sapienter.
3114 4930 3228 4986 Hoc
3255 4931 3396 5002 quod
3422 4928 3615 4997 sapien-

2058 5038 2143 5084 ter
2169 5027 2403 5090 addidit,
2437 5034 2679 5081 nostrum
2713 5025 3099 5078 incantatorem
3122 5022 3371 5087 ostendit,
3399 5019 3483 5088 qui
3509 5031 3611 5071 non

2058 5119 2287 5175 cessavit
2306 5116 2503 5171 Iudaeis
2527 5116 2800 5169 incantare
2824 5113 3112 5181 sapienter.
3134 5111 3215 5165 Illi
3243 5120 3417 5164 autem
3430 5106 3610 5164 clausis

2057 5210 2293 5274 auribus,
2316 5208 2452 5263 sicut
2472 5205 2682 5275 aspides
2704 5202 2874 5258 surdzc
2901 5218 3023 5256 eum
3047 5218 3151 5257 non
3168 5186 3610 5256 attendcruntJiis

2059 5301 2186 5371 dicit
2213 5300 2442 5370 Spiritus
2470 5306 2724 5353 sanctus:
2751 5293 2808 5348 Si
2854 5308 2982 5348 vcrc
3019 5288 3204 5362 utique
3242 5291 3490 5361 justitiam
3531 5285 3608 5338 lo-

2058 5392 2302 5462 quimini,
2324 5390 2502 5450 idest,
2534 5387 2579 5441 si
2612 5400 2733 5440 vere
2761 5384 3051 5439 secundum
3082 5384 3255 5450 legem
3280 5383 3453 5450 agitis,
3475 5378 3604 5449 justo

2048 5482 2302 5551 judicatc,
2322 5478 2411 5532 ﬁlii
2434 5477 2728 5538 hominum,
2756 5474 2918 5529 dicite
2934 5475 3164 5543 culpam,
3179 5481 3234 5527 et
3260 5474 3331 5527 ita
3356 5473 3469 5525 date
3491 5482 3601 5522 sen-

2053 5573 2295 5628 tentiam.
2329 5569 2399 5624 Ut‘
2434 5568 2565 5637 quid
2615 5564 2926 5634 injustitiam
2957 5577 3147 5617 manus
3177 5574 3365 5617 vestra:
3404 5559 3599 5615 concin-

2055 5664 2216 5719 nant?
2259 5659 2577 5717 Alienamini
2622 5657 2689 5710 ab
2737 5663 2891 5710 utero
2937 5654 3123 5708 matris
3161 5651 3345 5718 Sarni,
3373 5644 3545 5705 erratis
3571 5660 3629 5696 .r
