3908 6176
208 405 300 462 ιοδ

1124 397 1591 459 ΟΟΜΜΕΝΤΑΒῙῘ
1626 397 1697 456 ΙΝ
1732 398 2063 459 PSALMOS.
2105 402 2296 461 PSAL.
2340 407 2525 465 ῐΧῐίῐ..

3347 411 3451 467 ιω

208 526 378 576 ventre
398 513 562 586 patris
582 513 742 568 vestri
766 512 1028 568 Abrahae?
1051 509 1169 568 Hoc
1191 512 1456 567 Abraham
1488 526 1594 566 non
1623 509 1763 565 fecit.
1804 515 1845 574 Α
1877 512 2016 568 debis
2045 527 2211 582 eos,et
2252 512 2335 571 ad
2360 514 2577 573 nihilum
2608 512 2821 572 deduces
2852 534 3024 573 omnes
3052 528 3244 591 gentes.
3272 518 3451 576 Forti-

207 611 261 667 Si
286 607 380 680 ﬁlii
414 603 633 660 Abrahae
663 605 841 659 essetis
861 644 875 670 ,
911 603 1085 675 utique
1108 619 1267 674 opera
1288 601 1512 656 Abralne
1533 602 1772 673 faceretis

208 698 374 772 (toan.
421 698 550 769 vin).
589 695 741 751 Nunc
776 709 906 749 vero
949 694 1167 749 alienati
1208 694 1339 749 estis
1376 693 1443 747 ab
1466 700 1638 758 utero,
1665 706 1773 745 non

206 788 324 846 estis
346 786 438 841 lilii
458 786 593 855 ejus,
614 785 836 841 errastis
865 800 896 839 a
915 793 1121 840 ventre.
1137 784 1248 842 Vos
1272 784 1414 839 enim
1440 784 1591 852 cujus
1609 797 1774 853 opera

206 882 352 936 vultis
364 879 558 942 facere,
572 876 733 947 hujus
756 876 851 932 lilii
878 876 1031 943 estis;
1046 870 1133 931 vos
1152 892 1218 931 ea:
1233 885 1380 947 patre
1401 874 1607 930 diabolo
1627 874 1771 937 estis,

204 973 473 1042 loquentes
491 970 645 1025 falsa.
678 968 779 1024 Ille
803 968 946 1024 enim
971 974 1037 1022 ab
1064 969 1214 1022 initio
1242 966 1470 1022 mendax
1501 968 1620 1038 fuit,
1645 973 1693 1019 et
1718 966 1773 1018 in

205 1064 399 1118 ueritate
422 1077 523 1115 non
562 1061 701 1114 stetit
731 1057 941 1131 (Ibid.).
974 1056 1152 1125 Quare
1181 1057 1471 1113 excaecavit
1493 1072 1590 1111 vos
1617 1055 1775 1109 mali-

206 1154 271 1209 tia
296 1152 509 1207 vestra?
557 1150 751 1206 cecidit
797 1150 940 1205 enim
980 1164 1143 1220 super
1169 1164 1268 1204 vos
1293 1148 1433 1216 ignis
1456 1147 1693 1210 malitiae,
1722 1153 1778 1201 et

207 1245 437 1301 videntes
464 1260 572 1300 non
607 1243 800 1312 videtis
824 1242 994 1298 solem
1032 1241 1271 1312 iustitiae,
1303 1242 1400 1297 sed
1426 1242 1566 1297 sicut
1590 1240 1778 1295 leones

209 1355 294 1395 ora
311 1344 489 1393 vestra
518 1337 574 1392 in
601 1336 790 1391 mortis
811 1333 927 1404 ejus
951 1333 1168 1389 fremitu
1196 1333 1432 1405 aperitis.
1472 1331 1570 1387 lllo
1598 1338 1778 1387 autem

208 1437 516 1500 exsurgente
538 1444 568 1483 a
589 1427 838 1492 mortuis,
861 1426 1004 1481 Deus
1018 1433 1266 1481 conteret
1297 1424 1490 1479 dentes
1513 1437 1699 1477 eorum
1724 1420 1778 1477 in

207 1538 291 1580 ore
310 1523 576 1592 ipsorum;
599 1518 771 1573 molas
799 1517 1018 1572 leonum
1042 1515 1345 1585 confringet
1374 1514 1634 1569 Dominus
1656 1553 1670 1578 ,
1703 1511 1778 1565 ita

175 1654 178 1657 λ
208 1622 260 1669 ut
285 1612 346 1667 ad
372 1612 600 1667 nihilum
620 1612 936 1677 devenient,
968 1610 1116 1665 velut
1145 1623 1282 1678 aqua
1308 1607 1620 1668 decurrens,
1650 1620 1780 1661 con-

206 1712 280 1758 tra
306 1718 439 1773 quos
467 1702 700 1757 intendit
726 1717 912 1757 arcum
935 1700 1215 1761 Dominus,
1231 1685 1774 1755 donecinlirmentur.
1813 1734 1826 1744 .

207 1795 343 1851 Sicut
369 1811 494 1851 cera
521 1791 810 1865 liquefacta
836 1792 1166 1847 auferentur.
1217 1788 1353 1845 Cera
1395 1788 1683 1856 liquefacta
1712 1784 1777 1838 ad

1874 605 2098 660 tudinem
2126 624 2292 661 meam
2332 609 2401 662 ad
2442 620 2485 662 te
2528 609 2829 675 custodiam,
2864 612 2984 682 quia
3013 609 3150 665 Deus
3191 622 3454 683 susceptor

1872 712 2012 751 meus
2033 714 2085 750 es
2106 696 2839 765 ;.Deusmens,misericordia
2881 704 2993 773 ejus
3043 705 3318 773 prazreniet
3351 722 3453 770 me,

1872 786 2014 842 Deus
2038 789 2262 842 ostendit
2276 790 2400 843 mihi
2414 807 2565 860 super
2584 793 2819 847 inimicos
2842 810 3001 858 meos,
3018 812 3081 847 ne
3100 795 3305 850 occidas
3323 813 3412 850 eos
3436 814 3453 855 ξ

1873 878 2145 951 nequando
2192 880 2556 934 obliviscantur
2596 883 2772 953 populi
2808 885 2926 937 mei.
2968 883 3211 956 Dispcrge
3239 886 3355 941 illos
3400 889 3456 941 in

1874 971 2058 1023 virtute
2086 978 2173 1024 tua
2191 1009 2205 1034 ,
2232 980 2280 1024 et
2300 970 2496 1042 depone
2516 989 2600 1028 eos
2622 981 2877 1043 protector
2898 991 3040 1028 meus
3052 974 3289 1030 Domine.
3315 976 3459 1031 Deli-

1874 1071 2010 1114 ctum
2041 1062 2143 1115 oris
2165 1078 2339 1116 eorum
2365 1070 2648 1117 sermonem
2679 1061 2930 1117 labiorum
2955 1065 3179 1135 ipsorum
3198 1107 3212 1131 ,
3244 1074 3294 1120 et
3322 1083 3460 1120 com-
3528 1084 3541 1089 '

1874 1153 2258 1224 pre/tendantur
2283 1155 2337 1208 in
2365 1153 2601 1225 superbia
2629 1172 2742 1209 sua.
2769 1154 2837 1209 Et
2862 1155 2925 1210 de
2951 1159 3303 1211 exsecratione
3330 1156 3461 1211 etde

1875 1243 2143 1298 mendacio
2183 1245 2645 1310 annuntiabuntur,
2692 1247 2745 1299 in
2788 1240 3256 1314 consummatione,
3297 1249 3350 1302 in
3380 1249 3475 1303 ira.

1879 1335 2332 1389 consummationis
2351 1376 2365 1401 ,
2393 1344 2442 1390 et
2465 1352 2570 1389 non
2592 1346 2760 1389 erunt.
2788 1334 2856 1388 Et
2877 1338 3039 1390 scient
3065 1339 3184 1409 quia
3208 1336 3347 1391 Deus
3377 1337 3471 1391 do.

1876 1426 2157 1481 minabitur
2184 1424 2346 1479 Iacob
2382 1434 2432 1479 et
2469 1426 2651 1496 ﬁnium
2684 1434 2851 1481 teme.
2891 1426 3256 1480 Conrertentur
3280 1427 3350 1480 ad
3374 1443 3461 1480 ve-

1877 1526 2151 1590 speram,et
2174 1520 2362 1590 {amem
2394 1520 2656 1589 patientur
2676 1528 2730 1571 ut
2756 1528 2996 1585 canes,et
3024 1518 3311 1574 circuibunt
3340 1521 3461 1573 ciui-

1882 1620 2054 1665 tatem.
2090 1610 2201 1681 lpsi
2222 1611 2576 1682 dispergentur
2595 1610 2664 1664 ad
2687 1608 3122 1676 manducandum,
3149 1614 3194 1667 si
3222 1629 3337 1667 vero
3357 1628 3461 1667 non

1881 1703 2073 1774 fuerint
2100 1702 2318 1755 saturati
2364 1709 2412 1755 et
2441 1702 2852 1755 murmurabunt.
2891 1700 3003 1774 Ego
3042 1712 3211 1757 autem
3244 1702 3473 1757 cantabo

1883 1792 2239 1860 fortitudinem
2288 1801 2425 1845 tuam
2450 1834 2462 1856 ,
2514 1800 2562 1845 et
2590 1791 2832 1846 exultabo
2881 1810 3033 1847 mane
3058 1794 3463 1849 misericordiam

209 1896 438 1943 naturam
467 1903 624 1943 suam
644 1886 953 1952 revertitur,
983 1890 1039 1939 et
1065 1884 1118 1938 in
1142 1890 1286 1939 statu
1315 1896 1414 1937 suo
1436 1879 1628 1935 iterum
1657 1876 1779 1932 red-
1812 1878 1856 1937 Β
1886 1891 2042 1935 tuam.
2064 1877 2198 1945 Quia
2220 1884 2387 1953 {actus
2413 1899 2466 1937 es
2510 1891 2774 1953 susceptor
2794 1901 2934 1938 meus
2961 1893 3008 1938 et
3025 1886 3279 1956 refugium
3296 1902 3464 1941 meum

207 1979 509 2048 integratur.
558 1977 640 2031 Ita
670 1976 784 2032 vult
826 1991 923 2031 eos
965 1972 1128 2044 afﬂigi
1165 1972 1456 2036 Dominus,
1486 1977 1546 2024 ut
1570 1969 1637 2024 ad
1664 1975 1780 2022 sta-

208 2076 310 2124 tum
355 2068 641 2139 pristinum
703 2073 1064 2123 revertantur.
1126 2062 1442 2133 Priusquam
1483 2059 1784 2131 producant

207 2160 362 2247 spinae
389 2168 587 2214 vestrae
608 2159 883 2213 rhamnos.
916 2156 1097 2227 Spina:
1122 2161 1368 2209 naturam
1390 2152 1534 2205 hanc
1559 2148 1781 2215 habent,

208 2244 260 2306 ut
283 2253 331 2305 in
360 2251 599 2319 virgulto
625 2249 800 2318 magis
824 2262 985 2317 quam
1007 2247 1061 2301 in
1092 2244 1377 2299 arboribus
1402 2247 1778 2312 prorumpant.

207 2342 471 2396 Rhamnus
505 2348 686 2396 autem
707 2341 868 2395 arbor
888 2345 972 2395 est
994 2337 1201 2409 spinea,
1231 2334 1434 2390 nullum
1457 2330 1678 2389 omnino
1705 2329 1777 2384 af-

206 2432 375 2488 lcrens
418 2447 666 2502 pomum.
718 2429 861 2499 Ergo
915 2430 1228 2501 priusquam
1277 2426 1447 2496 Spinae
1484 2432 1698 2487 vestrae,
1729 2424 1781 2477 in

207 2505 442 2581 arborum
464 2525 722 2580 duritiam
743 2520 1305 2587 conversm,radicitus
1329 2510 1559 2573 fundatae
1578 2530 1786 2587 perma-

206 2626 375 2684 neant,
387 2628 443 2672 et
455 2616 619 2672 elieta
637 2616 910 2677 rhamnus,
935 2613 1089 2685 quasi
1108 2612 1353 2667 viventes
1374 2609 1659 2664 absorbeat
1685 2623 1783 2664 vos

206 2710 410 2781 spinosa
457 2716 520 2764 et
561 2707 825 2764 obdurata
863 2705 1117 2774 iniquitas
1145 2711 1347 2758 vestra.
1394 2699 1595 2755 Verum
1647 2714 1783 2769 quo-

207 2803 335 2857 niam
357 2801 637 2858 clamastis
662 2817 674 2853 :
709 2798 939 2871 Sanguis
959 2798 1113 2869 hujus
1136 2812 1290 2866 super
1318 2810 1415 2849 nos
1432 2834 1446 2860 ,
1474 2802 1524 2846 et
1544 2808 1696 2862 super
1716 2792 1783 2862 fi-

207 2894 291 2947 lios
310 2900 519 2947 nostros
546 2891 759 2963 (Matth.
792 2886 984 2959 xxvn),
1008 2886 1277 2942 laetabitur
1295 2900 1417 2940 cum
1444 2883 1638 2939 viderit
1666 2882 1783 2936 vina

205 2983 386 3039 dictam
427 2983 742 3053 impiorum,
789 2995 912 3037 cum
954 2976 1269 3047 religaverit
1314 2976 1464 3031 illum
1504 2976 1557 3029 in
1605 2973 1782 3030 crucis

207 3074 513 3145 patibulum,
542 3073 614 3126 ita
642 3079 701 3126 ut
721 3070 876 3125 tollat
900 3077 954 3125 et
982 3070 1268 3135 latronem,
1301 3074 1356 3122 et
1379 3080 1560 3122 secum
1584 3063 1651 3119 ad
1684 3079 1781 3135 pa-

207 3165 427 3220 radisum
478 3163 674 3229 ducat;
726 3170 855 3218 tunc
900 3161 1166 3216 laetabitur
1214 3162 1268 3215 in
1307 3160 1450 3215 hanc
1487 3157 1780 3213 vindictam

1881 1974 1937 2026 in
1988 1973 2069 2026 die
2118 1971 2465 2029 tribulationis
2493 1991 2635 2029 mete.
2669 1975 2891 2046 Adjutor
2917 1992 3078 2043 meus,
3112 1976 3199 2031 tibi
3223 1976 3463 2047 psallam,

1883 2064 2002 2135 quia
2032 2061 2171 2118 Deus
2191 2072 2453 2135 susceptor
2479 2082 2620 2120 mcus
2640 2081 2694 2120 es
2714 2109 2728 2133 ,
2770 2064 2905 2120 Deus
2948 2083 3088 2122 meus
3114 2069 3464 2123 misericordia

1884 2173 2017 2209 mea.

2453 2246 2889 2287 COIIEN‘I‘ARIUI.

1958 2339 2182 2407 Quando
2201 2341 2391 2398 domus
2419 2345 2663 2414 corporis
2691 2345 2768 2399 tui
2796 2360 2825 2399 a
2848 2344 3089 2415 principe
3113 2344 3270 2414 hujus
3283 2346 3466 2403 mundi

1884 2432 2140 2488 custodiri
2169 2435 2501 2504 praecipitur,
2534 2444 2594 2491 ut
2620 2436 2853 2506 capiaris
2891 2444 2947 2491 et
2986 2434 3324 2492 interﬁciaris
3350 2436 3465 2506 gla-

1884 2523 1974 2578 dio
1994 2523 2355 2594 cujuscunque
2372 2526 2595 2595 peccati,
2627 2542 2695 2581 ex
2723 2527 2850 2582 totis
2872 2526 3162 2582 visceribus
3184 2527 3424 2583 exclama
3448 2546 3464 2581 :

1885 2614 2046 2685 Eripe
2071 2631 2158 2671 me
2185 2615 2254 2671 de
2280 2617 2510 2673 inimicis
2528 2606 2682 2683 meis,
2713 2616 2854 2673 Deus
2881 2633 3032 2673 meus
3049 2657 3067 2684 ,
3094 2618 3346 2687 quoniam
3375 2631 3469 2673 occ

1884 2713 2218 2777 cupaverunt
2244 2708 2475 2762 animam
2504 2723 2701 2775 meam,
2734 2709 3012 2764 irruerunt
3038 2724 3199 2779 super
3223 2724 3310 2764 me
3357 2707 3467 2763 fur-

1883 2796 1983 2851 tcs.
2013 2794 2128 2866 Ego
2153 2798 2295 2851 enim
2323 2813 2451 2854 caro
2479 2814 2617 2865 sum,
2651 2799 2727 2853 illi
2757 2814 2886 2855 vero
2914 2799 3130 2869 spiritus
3155 2806 3298 2855 sunt.
3317 2797 3469 2855 Unde

1884 2895 2064 2943 autem
2108 2888 2309 2958 patitur
2334 2890 2737 2959 persecutiones
2764 2890 3066 2944 daemonum
3106 2888 3463 2957 Christianus,

1883 2976 1986 3030 nisi
2014 2976 2139 3046 quia
2166 2977 2281 3031 sine
2301 2977 2581 3046 iniquitate
2603 2976 2717 3031 vult
2740 2993 2952 3033 cursum
2974 2992 3129 3031 suum
3150 2992 3384 3043 currere,
3414 2987 3469 3036 ct

1883 3066 1985 3122 iter
2012 3082 2168 3121 suum
2192 3067 2460 3136 dirigere?
2489 3065 2557 3122 Et
2584 3068 2705 3124 ideo
2729 3083 2975 3138 exsurge,
3007 3068 3260 3136 Domine,
3294 3070 3345 3124 in
3374 3085 3467 3126 oc-

1881 3174 2094 3213 cursum
2123 3157 2275 3224 mihi,
2306 3167 2361 3213 et
2388 3158 2509 3214 vide
2537 3159 2661 3230 quia
2689 3160 2848 3230 cupio
2877 3161 2992 3215 sine
3038 3160 3317 3231 iniquitate
3344 3176 3466 3217 cur-

206 3253 685 3325 impiorum,_hunc
727 3252 932 3323 justum
973 3251 1213 3306 vindicat
1249 3249 1509 3305 Dominus
1538 3264 1699 3303 orans
1727 3256 1781 3304 et
1808 3249 1853 3313 C
1883 3266 2021 3306 rere.
2055 3250 2145 3306 isti
2193 3258 2372 3305 autem
2422 3251 2513 3322 qui
2560 3259 2958 3323 persequuntur
2983 3268 3102 3318 me,
3135 3254 3189 3308 hi
3217 3262 3340 3310 sunt
3372 3256 3465 3325 qui

205 3343 374 3400 dicens
406 3362 418 3396 :
451 3342 641 3407 Pater,
663 3344 866 3396 remitte
892 3341 1020 3395 illis.
1048 3339 1160 3395 Vos
1189 3346 1368 3394 autem
1394 3339 1545 3409 impii
1583 3339 1782 3394 daemo-

205 3448 307 3501 nes,
333 3442 460 3489 tunc
490 3433 741 3487 videbitis
769 3433 895 3503 quia
916 3437 1000 3486 est
1031 3429 1234 3486 fructus
1257 3428 1404 3498 justo
1428 3468 1441 3494 ,
1474 3443 1593 3485 cum
1634 3427 1782 3483 vide-

170 3556 179 3565 κ
206 3525 311 3578 ritis
332 3523 528 3579 Filium
543 3522 639 3577 Dei
661 3534 851 3576 manus
875 3536 1001 3577 suas
1029 3521 1209 3575 lavare
1232 3520 1286 3573 in
1306 3519 1566 3588 sanguine
1585 3532 1781 3589 pecca-

208 3622 387 3670 torum.
418 3614 559 3670 Cum
588 3614 728 3669 enim
757 3613 833 3667 illi
876 3612 1151 3677 dicerent,
1187 3610 1395 3665 incitati
1422 3610 1488 3665 ab
1508 3610 1783 3679 spiritibus

207 3705 502 3782 immundis,
532 3723 648 3760 reus
684 3715 759 3759 est
787 3706 987 3771 mortis,
1013 3703 1269 3774 expandit
1300 3704 1353 3757 in
1392 3717 1609 3758 crucem
1635 3701 1785 3757 Chri-

207 3802 309 3849 stus
334 3811 532 3851 manus
550 3811 699 3861 suas,
720 3802 776 3849 et
790 3795 970 3851 lavare
995 3809 1090 3851 eas
1111 3795 1273 3865 coepit
1293 3795 1345 3850 in
1374 3795 1633 3862 sanguine
1654 3810 1781 3865 pec-

206 3893 455 3953 catorum,
487 3888 720 3943 fundens
748 3903 814 3943 ex
841 3889 920 3944 eis
940 3888 1253 3957 sanguinem
1280 3896 1336 3944 et
1363 3888 1546 3944 lavans
1566 3896 1785 3958 peccata

207 3993 380 4033 eorum
415 3998 427 4033 :
456 3989 591 4035 tunc
617 3979 753 4034 dixit
780 3981 955 4035 omnis
981 3981 1168 4047 homo,
1199 3980 1324 4051 quia
1351 3987 1435 4036 est
1463 3980 1649 4049 utique
1670 3978 1783 4033 fru-

207 4077 313 4124 ctus
325 4070 509 4139 justo,
541 4069 921 4126 Domino‘Jesu
962 4069 1198 4137 Christo,
1229 4077 1283 4126 et
1309 4071 1494 4141 utique
1521 4069 1662 4125 Deus
1692 4085 1786 4125 cu-

208 4174 310 4220 ram
338 4163 524 4217 mundi
554 4177 749 4231 gerens
772 4162 977 4233 judicat
1002 4178 1099 4218 eos
1128 4165 1181 4219 in
1208 4174 1350 4219 terra
1374 4204 1388 4229 ,
1440 4162 1643 4233 judicio
1684 4177 1784 4218 suo

211 4249 458 4321 adjuvans
486 4268 619 4319 eos,
653 4254 743 4323 qui
786 4262 870 4308 est
911 4253 1223 4309 benedictus
1249 4254 1301 4309 in
1329 4253 1522 4309 stecula
1561 4252 1787 4310 saeculo-

209 4357 334 4397 rum.
367 4343 561 4400 Amen.

724 4436 1035 4493 PSALMUS
1076 4436 1250 4493 LVIII.

213 4548 260 4605 in
288 4552 443 4608 linem
463 4595 478 4618 ,
510 4569 581 4607 ne
612 4551 892 4618 disperdas
917 4550 1085 4605 David
1129 4551 1180 4604 in
1225 4550 1365 4604 tituli
1404 4550 1781 4619 inscriptione,

1870 3349 2175 3419 .operantur
2217 3342 2569 3411 iniquitatem,
2601 3343 2691 3411 qui
2723 3351 3110 3398 convertuntur
3160 3345 3228 3400 ad
3272 3361 3465 3417 vespe—

1881 3446 2018 3497 rum,
2049 3438 2105 3485 et
2139 3430 2336 3485 famem
2379 3431 2653 3501 patientur
2704 3439 2761 3486 ut
2802 3448 2996 3500 canes,
3028 3442 3082 3489 et
3110 3436 3465 3493 circumibunt

1882 3523 2172 3578 civitatem.
2194 3521 2335 3578 Ecce
2358 3523 2392 3577 ii
2422 3522 2712 3592 loquuntur
2732 3523 2783 3578 in
2814 3539 2907 3579 ore
2929 3540 3027 3579 suo
3048 3526 3198 3595 quasi
3228 3526 3430 3595 pacifici
3446 3566 3463 3592 .

1883 3614 1974 3670 sed
2004 3612 2164 3683 gladii
2192 3621 2317 3669 sunt
2349 3614 2403 3668 in
2432 3613 2588 3669 labiis
2619 3629 2826 3673 eorum.
2858 3604 2963 3668 Sed
2990 3625 3464 3686 quantumcunque

1883 3720 1942 3760 se
1969 3704 2240 3776 sapientes
2286 3704 2593 3759 existiment
2619 3702 2674 3769 hi
2703 3703 2919 3774 spiritus
2948 3704 3237 3781 immundi,
3268 3714 3323 3761 tu
3350 3688 3463 3762 Do.-

1883 3795 2046 3861 mine,
2079 3793 2324 3849 irridebis
2351 3808 2464 3849 eos.
2497 3792 2603 3849 Pro
2650 3793 2818 3849 nihilo
2859 3794 3001 3850 enim
3054 3796 3196 3867 apud
3241 3804 3297 3852 te
3342 3807 3467 3853 sunt

1885 3900 2073 3942 omnes
2094 3892 2281 3955 gentes
2303 3927 2317 3951 ,
2348 3885 2460 3941 sive
2488 3884 2555 3940 de
2582 3885 2782 3941 virtute
2809 3894 3223 3957 prazsumentes,
3252 3888 3366 3945 sive
3397 3890 3467 3950 de

1885 3976 2084 4032 astutia
2130 3974 2482 4031 confidentes.
2530 3975 2812 4033 Fortitudo
2840 3993 2991 4045 mea,
3023 3994 3051 4032 a
3084 3987 3138 4034 te
3165 3979 3466 4045 custodiae,

1885 4067 2010 4137 quia
2039 4073 2097 4123 tu
2125 4073 2406 4137 susceptor
2432 4081 2585 4123 meus
2613 4082 2701 4133 es,
2731 4075 2790 4122 ut
2834 4077 2888 4123 te
2941 4069 3237 4139 susciperet
3279 4069 3464 4126 homo.

1887 4160 1967 4216 Tu
1994 4160 2278 4231 suscepisti
2305 4160 2597 4226 hominem,
2625 4168 2683 4215 ut
2710 4161 3075 4217 misericordia
3103 4169 3191 4216 tua
3210 4164 3471 4231 praeveni-

1884 4257 1969 4307 ret
1996 4266 2101 4317 me,
2131 4258 2188 4306 et
2208 4249 2520 4307 ostenderes
2538 4251 2669 4305 mihi
2697 4266 2860 4321 super
2879 4251 3123 4306 inimicos
3140 4266 3320 4331 ‘meos.
3342 4251 3468 4339 ideo

1886 4343 2027 4398 enim
2058 4342 2512 4397 immortalitatem
2538 4342 2618 4397 eis
2644 4358 2752 4398 non
2781 4341 2937 4398 tolles
2955 4383 2970 4409 ,
3000 4349 3063 4396 ut
3102 4343 3340 4399 humano
3372 4357 3469 4414 ge-

1886 4434 2001 4489 neri
2056 4431 2281 4509 subjecti
2315 4440 2545 4489 reternas
2586 4449 2774 4504 pmnas
2799 4433 2983 4500 luant,
3012 4432 3255 4489 videntes
3283 4449 3479 4492 omnes

1887 4524 2104 4593 angelos
2132 4522 2415 4580 adorantes
2466 4524 2659 4580 Filium
2686 4526 2919 4582 hominis
2947 4525 3220 4581 sedentem
3242 4525 3309 4581 ad
3334 4525 3471 4581 dex-

270 4612 487 4691 quando
518 4622 663 4676 misit
689 4612 840 4688 Sani,
870 4630 924 4676 et
953 4620 1241 4676 custodivit
1279 4619 1497 4675 domum
1546 4612 1662 4689 ejus
1681 4660 1695 4685 ,
1726 4612 1785 4674 ut
1815 4615 1860 4675 l)
1890 4622 2058 4669 teram
2087 4612 2382 4685 majestatis
2414 4634 2426 4669 :
2458 4624 2513 4670 et
2541 4617 2656 4687 ipse
2676 4616 2918 4672 destruet
2961 4631 3087 4682 eos,
3116 4615 3208 4686 qui
3236 4623 3320 4671 est
3344 4631 3472 4686 ιιι-ο·

273 4691 599 4747 interﬁceret
626 4708 770 4746 eum.

273 4801 429 4875 Eripe
458 4822 537 4858 me
558 4804 621 4857 de
635 4806 858 4861 inimicis
880 4806 1026 4872 meis,
1046 4803 1183 4859 Deus
1201 4821 1360 4871 meus,
1377 4814 1426 4859 et
1444 4804 1508 4857 ab
1528 4808 1788 4875 insurgen-

210 4891 331 4947 tibus
344 4895 398 4947 in
424 4911 508 4949 me
534 4892 695 4948 libera
722 4912 820 4949 me.
840 4895 998 4966 Eripe
1020 4913 1100 4950 me
1121 4895 1185 4950 de
1203 4893 1529 4965 operantibus
1547 4895 1789 4966 iniquita-

213 4996 320 5048 tem,
350 4994 399 5039 et
427 4985 493 5040 de
520 4988 643 5040 viris
671 4989 978 5057 sanguinum
1006 4988 1151 5041 salva
1193 5005 1293 5041 me.
1326 4985 1460 5051 Quia
1491 5003 1605 5041 ecce
1636 5003 1784 5057 cepe—

213 5084 322 5128 runt
368 5078 601 5131 animum
637 5094 838 5141 meum,
878 5078 1138 5131 irruerunt
1184 5080 1237 5131 in
1274 5094 1355 5132 me
1400 5078 1580 5149 fortes.
1606 5075 1787 5148 Neque

213 5166 449 5239 iniquitas
488 5187 633 5236 mea,
680 5185 840 5241 neque
874 5177 1138 5240 peccatum
1184 5186 1371 5235 meum,
1405 5167 1625 5223 Domine
1638 5169 1827 5233 nine»

214 5255 479 5326 iniquitate
498 5259 700 5312 cucurri
720 5268 769 5312 et
784 5259 970 5313 direxi.
984 5257 1224 5331 Exsurge
1243 5260 1299 5313 in
1314 5276 1579 5313 occursum
1599 5275 1787 5323 meum,

213 5355 257 5401 et
282 5349 427 5414 uide:
453 5360 503 5404 et
531 5362 603 5416 tu,
636 5349 856 5405 Domine
884 5349 1022 5404 Deus
1047 5351 1307 5412 virtutum,
1324 5348 1461 5403 Deus
1492 5348 1678 5414 Israel,
1702 5351 1787 5405 in-

215 5438 354 5493 tende
379 5441 449 5493 ud
471 5441 749 5495 visitandas
777 5458 951 5495 omnes
981 5449 1189 5513 gentes;
1223 5456 1328 5493 non
1356 5441 1646 5493 miserearis
1674 5456 1787 5493 om-

216 5527 352 5582 nibus
399 5531 487 5601 qui
532 5540 811 5602 operantur
845 5532 1184 5603 iniquitatem.
1228 5529 1594 5585 Convertentur
1620 5528 1687 5582 ad
1706 5546 1789 5583 ue-

217 5633 439 5681 speram,
499 5630 545 5674 et
595 5625 785 5693 famem
830 5623 1093 5693 patientur
1118 5630 1175 5675 ut
1202 5637 1357 5675 canes
1382 5663 1396 5687 ,
1426 5629 1475 5674 et
1502 5620 1791 5674 circuibunt

218 5711 480 5765 rit-itidem.
506 5710 633 5767 Ecce
662 5714 929 5785 loquentur
953 5731 1009 5768 in
1037 5730 1125 5769 ore
1151 5730 1243 5768 suo
1262 5754 1278 5778 ,
1306 5721 1356 5767 et
1394 5712 1597 5785 gladius
1625 5713 1679 5765 in
1710 5712 1789 5765 la-

217 5792 303 5849 biis
328 5807 757 5874 corum,quont'ttm
782 5807 896 5877 quis
926 5805 1120 5861 audiuit
1140 5805 1163 5858 ?
1186 5803 1256 5859 Et
1285 5812 1356 5871 tu,
1388 5802 1619 5869 Domine,
1651 5803 1787 5858 deri-

1887 4716 2063 4765 tcctor
2084 4725 2262 4776 meus;
2290 4709 2485 4765 delicta
2508 4711 2616 4766 oris
2636 4726 2822 4766 eorum
2843 4725 3021 4766 sermo
3043 4710 3308 4766 labiorum
3335 4711 3472 4782 ipso-

1889 4817 2035 4866 rum,
2067 4802 2182 4857 sive
2214 4810 2339 4859 tunc
2358 4800 2572 4870 quando
2601 4799 2769 4855 Adam
2796 4800 3050 4857 seductus
3077 4809 3178 4868 est,
3202 4802 3315 4858 sive
3332 4817 3476 4859 nunc

1890 4889 2114 4959 quando
2156 4890 2588 4960 suggestionibus
2625 4889 2766 4945 fmda
2807 4891 3030 4946 consilia
3059 4891 3297 4963 pulchris
3323 4907 3475 4948 men-

1891 4980 2031 5035 tibus
2054 4980 2476 5045 subministrant,
2506 4987 2566 5035 ut
2589 4981 3114 5051 comprehendantur
3142 4967 3195 5038 in
3223 4984 3476 5055 superbia

1891 5073 2138 5128 homines
2155 5114 2189 5149 ,ί
2221 5080 2629 5129 contemnentes
2655 5083 2923 5146 praecepta
2951 5075 3163 5133 Domini
3193 5079 3295 5144 sui,
3327 5086 3382 5134 et
3408 5078 3480 5136 de

1891 5165 2264 5221 exsecratione
2299 5172 2355 5219 et
2399 5164 2680 5221 mendacio
2726 5166 3056 5236 daemonum,
3086 5170 3479 5240 compellantur

1892 5257 1958 5312 ad
1980 5257 2201 5321 malum,
2231 5256 2323 5312 ﬁat
2348 5273 2510 5327 super
2538 5273 2633 5315 eos
2654 5257 2733 5314 ira
2755 5259 3136 5331 indignationis
3154 5271 3259 5318 tuae
3285 5269 3341 5317 et
3366 5278 3477 5319 non

1892 5356 2071 5404 erunt.
2101 5348 2169 5403 Et
2188 5349 2361 5404 scient
2387 5350 2523 5419 quia
2541 5357 2619 5416 tu,
2649 5349 2812 5419 Deus,
2843 5351 3136 5409 dominaris
3162 5354 3216 5408 in
3238 5351 3403 5409 Jaeob
3422 5362 3479 5410 et

1892 5441 1946 5495 in
1979 5438 2111 5495 lines
2139 5448 2316 5494 terrae.
2351 5439 2427 5495 lhi
2471 5441 2615 5495 enim
2644 5440 2950 5497 dominatur
2973 5442 3386 5509 Dominus,.uhi
3415 5442 3479 5497 li-

1892 5547 1990 5588 nes
2027 5531 2229 5588 faciunt
2274 5537 2504 5588 terrena:
2558 5533 2890 5604 voluptates:
2926 5541 3055 5589 tunc
3092 5540 3479 5591 convertentur

1892 5621 1957 5677 ad
1987 5636 2270 5693 vesperum
2301 5622 2561 5678 immundi
2589 5624 2829 5694 spiritus,
2854 5620 2944 5677 ubi
2975 5622 3207 5679 viderint
3229 5623 3353 5695 quin
3385 5624 3475 5682 lus

1890 5714 2158 5770 mentibus
2202 5716 2403 5771 nostris
2455 5713 2667 5782 deﬁcit,
2700 5725 2756 5772 et
2783 5714 3017 5771 tenebrae
3044 5724 3324 5784 crescunt;
3350 5725 3477 5779 tunc

1890 5806 2129 5861 esui-inut
2168 5820 2267 5863 nos
2295 5805 2447 5877 quasi
2468 5820 2670 5883 canes,
2712 5815 2764 5861 et
2794 5804 3123 5861 circumeunt
3166 5806 3474 5873 civitatem,
