3908 6176
386 304 564 392 κω

1782 331 2054 388 ARNOBII
2091 262 2395 390 JIENIOBIS

3565 294 3680 402 ’ωδ

462 458 697 505 mentem
725 446 970 503 videlicet
998 452 1255 501 nostram.
1287 442 1392 515 Ipsi
1442 450 1619 499 autem
1668 443 2117 527 dispergenturqA
2143 458 2258 499 cus.
2284 441 2355 499 Ut
2380 444 2472 513 qui
2489 440 2734 500 vastabat
2752 446 3125 515 primogenita,
3160 446 3444 517 respiciens
3461 449 3685 519 signiﬁca.

464 536 533 593 ad
558 536 919 593 devorandum
950 537 1281 599 festinantes,
1314 550 1483 605 usque
1519 534 1586 589 ad
1615 535 2071 590 interfectionem‘

466 628 677 682 animm.
709 627 833 688 Ilaec
871 635 953 682 est
1004 628 1146 682 enim
1191 627 1445 682 saturitas
1490 641 1699 691 eorum,
1729 633 1788 680 ut
1834 626 2051 680 videant

464 718 684 772 interire
714 727 1058 787 pugnantem.
1093 717 1199 773 Sed
1239 718 1329 787 qui
1369 732 1555 772 servus
1583 716 1779 771 Christi
1810 724 1892 771 est
1920 716 2052 771 dicit

374 804 379 809 ’
464 809 694 865 Domino
727 828 741 862 :
774 808 883 879 Ego
911 812 1140 865 cantabo
1167 810 1392 864 virtutes
1423 818 1559 873 tuas,
1591 808 1765 863 dicam
1793 807 2043 862 adversa-

465 901 560 955 riis
610 902 783 956 meis:
815 901 931 957 Non
975 917 1076 971 ego
1123 903 1191 957 de
1231 904 1427 959 virtute
1478 918 1595 956 mea
1634 901 1913 957 adversum
1953 918 2048 958 vos

467 1006 617 1045 arma
674 993 943 1062 corripio,
994 993 1089 1048 sed
1126 993 1193 1048 de
1237 993 1523 1048 virtutibus
1549 993 1645 1048 Dei
1688 994 1790 1049 mei
1833 992 2047 1049 conﬁdo

464 1081 739 1136 exsultans
785 1098 942 1137 mane
998 1082 1465 1138 iii-misericordia
1514 1084 1646 1150 ejus.
1702 1081 1857 1137 Mane
1903 1083 2047 1137 enim

469 1173 800 1228 exsultantius
836 1173 1284 1229 iri-misericordia
1314 1174 1449 1243 ejus,
1476 1189 1595 1228 cum
1625 1173 1876 1229 tenebras
1905 1190 1935 1228 a
1957 1189 2051 1228 no-

464 1260 550 1318 bis
578 1273 922 1331 peccatorum
950 1265 1267 1331 abstulerit,
1299 1273 1355 1319 et
1382 1264 1589 1319 dederit
1615 1264 1788 1320 lucem
1818 1280 1967 1320 suam
1994 1265 2047 1319 in

466 1353 720 1409 cordibus
757 1355 972 1409 nostris.
1004 1354 1347 1411 Exsultamus
1384 1355 1438 1409 in
1486 1354 1854 1410 misericordia
1909 1354 2046 1423 ejus,

465 1444 591 1511 quia
619 1442 789 1499 factus
817 1452 900 1499 est
918 1454 1200 1516 susceptor
1221 1454 1402 1501 noster
1429 1453 1484 1502 et
1511 1446 1774 1516 refugium
1805 1454 2049 1502 nostrum

466 1530 522 1583 iu
572 1530 661 1586 die
705 1532 1085 1589 tribulationis.
1147 1534 1375 1604 Adjutor
1427 1551 1610 1602 meus,
1658 1535 1753 1590 tibi
1798 1536 2043 1607 psallam.

463 1618 651 1676 Psallit
666 1621 796 1689 Deo,
811 1625 909 1693 qui
928 1626 1117 1694 spiritu
1141 1635 1196 1682 et
1216 1642 1311 1682 ore
1334 1628 1530 1698 psallit.
1545 1626 1850 1685 PsallitDeo
1870 1631 1961 1700 qui
1980 1646 2046 1687 ea

464 1727 586 1785 qute
611 1716 754 1770 canit
781 1716 942 1770 mittit
963 1716 1016 1771 in
1041 1732 1225 1787 opera,
1243 1727 1297 1773 et
1324 1718 1440 1774 sine
1466 1722 1766 1776 cessatione
1792 1720 1921 1775 dicit
1935 1721 2047 1779 Deo

2155 535 2352 588 tionem
2374 534 2645 602 sanguinis
2665 535 2806 604 agni,
2823 551 2930 590 non
2950 537 3283 605 contingeret
3302 552 3412 594 eos.
3425 537 3561 597 Nunc
3574 557 3686 621 ergo

2152 622 2446 691 quia~idem
2475 639 2532 678 es
2554 624 2699 679 Deus
2724 626 2813 692 qui
2846 626 3369 692 tuncfuisti,salvum
3395 645 3476 685 me
3501 630 3574 687 lac
3597 649 3686 689 non

2151 721 2270 760 mea
2299 708 2526 773 virtute,
2570 709 2664 763 sed
2718 718 2809 762 tua
2838 709 3058 764 dextera
3078 752 3093 775 ,
3141 722 3196 765 et
3223 716 3409 768 exaudi
3438 732 3535 770 me.
3572 717 3688 776 Deus

2152 799 2293 852 enim
2328 799 2539 854 locutus
2567 810 2650 855 est
2677 801 2728 855 in
2761 813 2950 856 sancto
2979 818 3076 857 suo
3106 802 3303 858 famulo
3331 804 3519 878 Moyse.
3543 806 3687 863 Lana-

2149 887 2251 942 bor
2283 897 2338 943 et
2364 888 2594 946 dividam
2620 892 2928 956 Sichimam,
2961 896 3323 949 etconvallem
3342 894 3691 955 Tabernaculo-

2151 995 2271 1033 rum
2301 981 2549 1036 metibor.
2573 982 2691 1053 Ipse
2712 984 2864 1062 dixit,
2897 985 3041 1040 Meus
3066 996 3147 1040 est
3168 984 3386 1051 Galaad,
3402 997 3453 1042 ct
3472 1004 3605 1044 meus
3622 999 3689 1045 est

2151 1070 2443 1139 Manasses,
2480 1082 2535 1128 et
2556 1073 2810 1144 prraim
2837 1074 3094 1131 fortitudo
3123 1078 3311 1146 capitis
3343 1080 3474 1154 mei;
3504 1080 3603 1149 ipse
3622 1081 3690 1136 di-

2150 1163 2229 1216 xit
2262 1180 2274 1215 :
2311 1161 2445 1218 Juda
2485 1181 2582 1220 rex
2605 1181 2776 1221 meus.
2809 1166 2933 1222 Hmc
2955 1168 3135 1231 omnia
3168 1168 3311 1223 Deus
3333 1169 3529 1239 locutus
3551 1182 3623 1225 est
3649 1173 3692 1226 in

2150 1261 2336 1308 sancto
2361 1269 2460 1308 suo
2482 1255 2769 1325 implenda,
2801 1258 2853 1312 id
2883 1268 2984 1323 est,
3028 1260 3080 1313 in
3113 1260 3341 1315 Domino
3387 1271 3557 1316 no.~tro
3588 1261 3692 1319 Iesu

2151 1342 2603 1416 Cbristo.Triplici
2620 1348 2779 1403 modo
2796 1349 2846 1403 in
2864 1359 3049 1405 sancto
3065 1350 3275 1406 locutus
3290 1363 3386 1407 est.
3403 1352 3615 1407 Locutus
3626 1361 3692 1409 est

2150 1431 2204 1487 in
2226 1442 2412 1489 sancto
2431 1450 2548 1502 suo,
2582 1437 2633 1490 id
2658 1447 2760 1500 est,
2780 1438 2832 1493 in
2862 1438 3029 1495 Jacob
3051 1442 3264 1497 locutus
3291 1451 3372 1497 est
3396 1444 3460 1498 de
3479 1442 3692 1515 prraim

2149 1528 2204 1576 et
2220 1521 2478 1588 Mauasse,
2505 1533 2560 1578 et
2587 1525 2655 1580 de
2680 1526 2834 1582 Juda.
2854 1528 2978 1585 Hinc
2997 1530 3108 1601 ipsa
3133 1533 3342 1588 locutus
3365 1536 3512 1589 estin
3539 1543 3695 1591 sancto

2148 1627 2267 1681 suo,
2286 1613 2586 1671 utdiximus
2602 1619 2653 1672 in
2668 1617 2876 1691 Moyse;
2906 1622 2998 1677 sed
3015 1624 3065 1678 in
3081 1623 3163 1678 his
3174 1624 3392 1679 abusive
3409 1625 3599 1681 locutus
3609 1624 3694 1690 est,

2148 1711 2209 1757 ut
2234 1704 2291 1758 in
2322 1703 2452 1760 Jesu
2483 1705 2698 1762 Christo
2726 1725 2833 1764 non
2864 1711 3104 1780 abusive,
3136 1715 3232 1769 sed
3259 1717 3469 1785 proprie
3493 1716 3696 1786 comple-

464 1818 621 1860 mens
649 1807 765 1875 ejus
798 1825 809 1859 ε
836 1807 914 1862 Tu
943 1823 1002 1863 es
1029 1810 1396 1865 misericordia
1429 1826 1548 1866 mea
1571 1854 1586 1879 ,
1617 1804 1715 1883 per
1738 1828 1897 1882 quam
1923 1829 2046 1884 per.
2078 1813 2122 1871 Β
2148 1798 2355 1850 rentu’r.
2387 1794 2445 1850 In
2469 1797 2584 1866 ipso
2617 1799 2759 1854 enim
2788 1800 2949 1857 Judas
2978 1818 3201 1872 regnum
3233 1806 3478 1871 obtinuit,
3502 1816 3552 1861 et
3572 1806 3695 1875 regni

464 1896 691 1963 venitur_
717 1897 785 1953 ad
813 1898 977 1953 vitam
996 1939 1012 1966 ,
1043 1902 1218 1956 evasis
1244 1903 1494 1959 omnibus
1518 1903 1776 1972 inimicis,
1808 1907 1901 1975 qui
1948 1922 2048 1963 nos

465 1993 735 2041 conantur
780 1988 1039 2045 occidcre'
1061 1990 1241 2059 gladio
1278 1994 1449 2047 nostri
1479 2008 1794 2062 consensus,
1817 1996 1886 2051 de
1913 2010 2050 2065 quo-

463 2086 586 2129 rum
616 2090 714 2131 nos
737 2078 974 2133 consiliis
999 2087 1054 2133 et
1081 2081 1352 2137 violentiis
1390 2082 1584 2139 liberat
1609 2083 1867 2140 Dominus
1893 2084 2050 2142 Jesus

465 2164 727 2232 Christus,
755 2169 848 2238 qui
869 2180 1056 2240 regnat
1077 2188 1199 2227 cum
1225 2172 1339 2231 Deo
1363 2173 1523 2231 Patre
1550 2184 1606 2232 et
1631 2177 1834 2248 Spiritu
1860 2188 2049 2236 sancto

462 2272 564 2331 per
591 2262 770 2316 omnia
798 2264 992 2320 saecula
1012 2252 1353 2322 szeculorum.
1386 2268 1579 2325 Amen.

1012 2396 1330 2458 PSALMUS
1366 2400 1502 2457 LIX.

462 2504 523 2562 in
546 2505 705 2584 tinem
730 2523 833 2584 pro
854 2509 954 2584 bis
979 2513 1581 2584 quicommutabuntur,
1611 2518 1666 2573 in
1692 2519 1830 2575 tituli
1859 2521 2049 2576 inscri-

575 2580 721 2650 tione
767 2580 868 2650 ipsi
921 2581 1085 2637 David
1124 2584 1179 2638 in
1224 2580 1727 2644 doctrinam.’Cum
1769 2592 2049 2646 succendit

588 2650 989 2723 esopotantiam
1009 2650 1177 2723 Syria:
1205 2663 1260 2709 et
1279 2653 1461 2720 Sobal,
1495 2666 1549 2711 et
1568 2660 1833 2714 convertit
1865 2658 2002 2715 Joab
2030 2680 2042 2715 :

534 2721 890 2840 ﬁngit-euasit
916 2718 1086 2777 Edoni
1124 2723 1180 2778 in
1222 2726 1361 2781 valle
1408 2718 1714 2784 salinarum
1762 2730 2047 2787 duodecim

533 2802 723 2842 millia.

534 2883 705 2964 Deus,
752 2901 986 2972 repulisti
1013 2920 1109 2959 nos
1146 2913 1195 2959 et
1237 2905 1535 2964 destruxisti
1563 2925 1685 2975 nos,
1717 2912 1881 2968 iratus
1906 2928 1962 2969 es
1997 2922 2047 2969 et

464 2990 703 3044 misertus
748 3006 803 3045 es
843 2991 1009 3047 nobis.
1041 2992 1371 3051 Commovisti
1402 3008 1591 3054 terram
1610 3041 1625 3067 ,
1655 3008 1704 3054 et
1731 3002 2047 3059 conturbasti

463 3086 595 3145 eam,
627 3098 759 3136 sana
787 3085 1117 3140 contritiones
1144 3088 1279 3158 ejus;
1308 3090 1428 3161 quia
1456 3103 1709 3146 commota
1727 3101 1823 3148 est.
1858 3096 2046 3150 Osten-

464 3173 585 3229 disti
614 3175 801 3247 populo
826 3185 911 3231 tuo
940 3176 1090 3244 dura,
1131 3183 1319 3250 potasti
1348 3198 1443 3238 nos
1471 3184 1588 3239 vino
1617 3188 2040 3257 communionis,
2073 3171 2118 3234 C
2148 3177 2371 3252 implere
2400 3192 2560 3248 posse
2588 3178 2849 3235 conﬁdas.
2881 3177 3063 3235 Gloria
3093 3182 3237 3235 enim
3263 3181 3491 3236 hominis
3515 3196 3608 3234 non
3631 3183 3699 3231 est
3776 3178 3789 3187 ’

463 3262 666 3349 Dedisti
694 3266 1026 3322 metuentibus
1078 3280 1126 3323 te
1164 3271 1621 3343 signiﬁcationem,
1657 3286 1714 3330 ut
1761 3279 1964 3349 fugiant
2012 3297 2045 3335 a

465 3334 601 3428 facie
628 3372 798 3411 arcus.
823 3356 895 3411 Et
931 3334 1231 3415 liberentur.
1249 3334 1421 3418 dilecti
1442 3365 1551 3433 tui,
1580 3334 1777 3423 salvum
1800 3334 1885 3441 [ac
1924 3370 2045 3425 dex-

464 3455 576 3501 tera
607 3456 695 3501 tua
732 3456 782 3502 et
815 3450 1003 3504 exaudi
1027 3468 1126 3507 me.
1152 3450 1289 3509 Deus
1313 3455 1512 3512 locutus
1530 3469 1606 3513 est
1631 3460 1687 3514 in
1713 3471 1893 3517 sancto
1925 3480 2038 3530 suo,

462 3536 679 3594 laetabor
698 3548 750 3594 et
781 3543 1015 3612 partibor
1055 3542 1419 3613 Sichimam,et
1442 3552 1721 3607 convallem
1748 3553 2045 3611 tabernacu-

461 3629 629 3684 lorum
648 3633 878 3687 metibor.
896 3631 1054 3712 Meus
1076 3645 1152 3690 est
1173 3633 1397 3703 Galaad,
1418 3649 1469 3693 et
1488 3657 1629 3697 meus
1641 3653 1719 3698 est
1745 3643 2039 3712 Manasses,

462 3725 514 3773 et
546 3717 798 3788 Epitraim
851 3706 1098 3794 {drtitudo
1149 3728 1331 3797 capitis
1376 3730 1496 3784 mei.
1556 3730 1697 3786 Juda
1740 3751 1834 3789 rex
1876 3706 2038 3801 meus,

461 3805 623 3862 Moab
652 3811 757 3863 olla
786 3814 894 3883 spei
920 3830 1065 3868 mete.
1096 3813 1163 3870 In
1200 3814 1487 3874 Idumaaam
1516 3823 1791 3878 extendam
1836 3827 2042 3882 calcea-

462 3910 687 3955 mentum
715 3918 900 3968 meum,
932 3906 1059 3959 mihi
1078 3907 1385 3980 alienigenas
1411 3910 1602 3968 subditi
1627 3925 1763 3970 sunt.
1791 3914 1917 3981 Quis
1946 3920 2039 3975 de-

462 3988 612 4043 ducet
639 4007 719 4045 me
738 4008 896 4065 usque
920 3995 975 4048 in
1002 3996 1258 4051 civitatem
1279 4002 1530 4056 munitam
1547 4044 1561 4069 ,
1593 4006 1708 4075 quis
1729 4006 1943 4063 deducet
1959 4027 2042 4065 me

462 4092 618 4152 usque
647 4079 974 4139 Idumaeam?
1001 4083 1193 4142 Nonne
1221 4099 1294 4157 tu,
1326 4088 1496 4158 Deus,
1526 4097 1615 4166 qui
1654 4098 1886 4169 repulisti
1913 4118 2037 4170 nos,

461 4179 512 4224 et
539 4186 642 4226 non
670 4175 968 4245 egredieris,
999 4176 1171 4246 Deus,
1202 4179 1254 4234 in
1283 4182 1554 4241 virtutibus
1590 4191 1817 4246 nostris?
1836 4191 1917 4246 Da
1944 4210 2040 4249 no-

462 4262 539 4316 bis
564 4265 814 4321 auxilium
837 4266 900 4323 de
922 4267 1281 4341 tribulatione,
1321 4277 1443 4348 quia
1467 4294 1599 4332 vana
1624 4281 1767 4336 salus
1793 4282 2034 4341 hominis.

461 4355 530 4411 In
559 4356 938 4432 Ded'faciemus
962 4365 1214 4435 virtutem,
1245 4377 1296 4425 et
1322 4370 1431 4441 ipse
1466 4373 1538 4427 ad
1572 4375 1789 4432 nihilum
1827 4378 2040 4435 deducet

462 4446 761 4505 tribulantes
779 4468 892 4507 nos.

1035 4539 1468 4585 COIIIENTARIUI.
1666 4577 1703 4606 ο

531 4607 822 4668 Prostratls
858 4613 1117 4682 hostibus,
1146 4618 1427 4677 victoriam
1475 4637 1576 4680 nos
1602 4625 1783 4682 docuit
1810 4627 2038 4689 Domino

461 4710 712 4771 reputare
726 4721 740 4763 :
754 4719 866 4773 quo
878 4708 1017 4763 irato
1035 4710 1316 4779 vincimur,
1334 4728 1441 4783 quo
1455 4716 1743 4775 miserante
1755 4721 2033 4779 vincimus.

462 4790 582 4861 Ipse
608 4804 790 4850 movet
807 4804 1002 4854 terram
1024 4803 1267 4873 corporis
1299 4806 1495 4872 nostri,
1512 4814 1566 4862 et
1589 4811 1873 4867 conturbat
1895 4829 2034 4881 eam,

463 4883 578 4938 sive
615 4888 1029 4946 comminatione
1069 4893 1230 4950 futuri
1271 4895 1477 4966 judicii,
1518 4901 1631 4957 sive
1674 4903 1829 4974 plaga
1859 4888 2047 4978 aliqua

464 4976 741 5045 praesentis
761 4978 927 5044 exitii,
942 4996 1041 5052 pro
1060 4998 1163 5053 qua
1175 5000 1421 5056 rogamus
1441 4999 1500 5046 ut
1517 5001 1672 5048 sanet
1690 4976 2041 5055 contritiones

404 5058 423 5077 ‘
461 5064 597 5133 ejus.
648 5068 939 5126 Ostendisti
980 5075 1126 5129 enim
1155 5079 1353 5147 populo
1398 5088 1492 5138 tuo
1520 5083 1671 5139 dura.
1716 5085 1916 5142 Durum
1945 5105 2041 5145 cor

462 5156 758 5214 Pharaonis
778 5161 830 5215 in
860 5178 1024 5234 opere
1048 5166 1201 5224 duro.
1234 5166 1434 5228 Potasti
1478 5190 1579 5231 nos
1626 5177 1752 5232 vino
1780 5194 2039 5251 compun-

460 5251 670 5306 ctionis.
721 5250 1032 5326 Ubicunque
1064 5258 1140 5313 ira
1170 5260 1381 5318 Domini
1406 5272 1463 5319 et
1484 5266 1659 5335 passio
1678 5250 2040 5340 cujuscunque

461 5339 630 5411 plagae
653 5350 858 5410 est,aut
883 5346 1021 5402 calix
1039 5348 1149 5417 inc,
1166 5360 1259 5407 aut
1284 5354 1462 5410 vinum
1483 5356 1759 5414 ebrietatis
1779 5339 2041 5416 memora-

463 5438 568 5495 tur,
616 5433 752 5488 sicut
794 5434 1199 5499 dicitJeremias
1224 5441 1292 5498 ad
1316 5442 1613 5501 Jerusalem
1645 5466 1657 5501 .
1686 5447 1950 5505 Inebriata
1977 5465 2039 5506 es

462 5521 630 5577 cutim
654 5523 747 5579 ira:
773 5533 828 5580 et
852 5524 1047 5585 furoris
1062 5528 1293 5587 Domini.
1313 5531 1577 5603 Tempore
1600 5548 1728 5607 ergo
1747 5552 1855 5608 quo
1882 5547 2037 5612 pota-

461 5610 533 5666 stt
576 5625 674 5670 nos
708 5618 837 5673 vino
882 5622 1310 5697 compunctlonis
1334 5623 1389 5683 in
1417 5624 1672 5700 Egypto,
1700 5610 1899 5691 dedisti
1918 5645 2036 5687 me-

466 5704 836 5766 tuentibus‘te
880 5712 1341 5785 signiﬁcationem,
1366 5724 1426 5774 ut
1453 5714 1696 5788 fugerent
1723 5736 1752 5775 a
1781 5716 1915 5778 facie
1945 5737 2033 5778 ar-

1384 5926 1409 5937 κ

2150 1886 2267 1956 ejus
2296 1904 2403 1943 non
2423 1890 2527 1943 erit
2555 1890 2674 1947 linis
2695 1910 2707 1946 :
2730 1891 2894 1949 Judas
2918 1910 3046 1965 ergo
3074 1914 3173 1952 rex
3202 1913 3371 1965 meus,
3402 1898 3546 1953 Moab
3571 1899 3695 1954 lebes

2149 1980 2262 2049 spei
2290 1995 2442 2035 mea).
2478 1982 2665 2048 Lebes,
2689 1983 2742 2038 id
2762 1992 2864 2049 est,
2883 1985 3009 2040 olla.
3034 1984 3168 2053 Quia
3193 1987 3349 2043 Moab
3374 1989 3534 2059 stupri
3561 1987 3694 2054 ﬁlius,

2149 2076 2205 2133 in
2258 2078 2365 2133 olla
2411 2081 2777 2137 succensionis
2823 2080 2990 2138 libido
3036 2082 3170 2153 ejus,
3205 2096 3261 2139 et
3286 2085 3408 2153 quia
3452 2084 3697 2139 Idumaeam

2149 2179 2551 2240 occupaverunt
2594 2170 2858 2239 Moabitae,
2901 2173 3145 2244 Ejiciam,
3178 2175 3369 2245 inquit,
3412 2176 3526 2230 inde
3550 2175 3696 2241 Moab,

2149 2268 2205 2314 et
2228 2273 2331 2327 ego
2359 2260 2432 2315 ibi
2461 2262 2746 2317 extendam
2793 2264 3217 2320 calceamentum
3266 2281 3461 2321 meum.
3499 2265 3623 2334 Ergo
3655 2273 3698 2321 et

2149 2357 2227 2415 tu,
2261 2367 2295 2406 ο
2323 2349 2646 2420 Christiane,
2679 2355 2725 2410 si
2754 2355 2979 2426 ejeceris
3007 2356 3074 2412 de
3103 2366 3247 2413 terra
3284 2373 3441 2428 quam
3471 2358 3699 2413 invaserat

2148 2440 2327 2506 Moab,
2360 2452 2415 2500 et
2442 2447 2711 2516 captivato
2738 2456 2828 2502 aut
2858 2450 3079 2505 incenso
3108 2452 3250 2506 sicut
3278 2452 3381 2507 olla
3417 2464 3535 2520 rege.
3555 2450 3699 2505 libidi-

2146 2534 2251 2600 nis,
2281 2536 2593 2608 Allophylos
2620 2540 2848 2608 cmperis
2876 2540 3075 2596 habere
3103 2542 3401 2612 subjectos,
3430 2542 3636 2597 deducet
3659 2549 3700 2594 te

2148 2628 2405 2684 Dominus
2433 2631 2486 2685 in
2506 2631 2778 2686 civitatem
2816 2632 3300 2697 circumstantium,
3326 2636 3377 2689 in
3415 2641 3553 2705 petra
3581 2630 3700 2687 refu-

2147 2720 2218 2789 gii
2249 2721 2302 2775 in
2333 2722 2535 2776 auxilio
2564 2739 2683 2789 suo,
2714 2720 2802 2777 ubi
2832 2732 2885 2779 te
2930 2724 3281 2781 circumstant
3325 2726 3492 2796 angeli
3531 2734 3581 2779 et
3617 2737 3700 2792 gu-

2146 2811 2394 2876 bernant,
2427 2828 2706 2883 quousque
2733 2816 3020 2885 pervenias
3048 2816 3114 2870 ad
3150 2817 3428 2872 civitatem
3454 2814 3698 2870 munitam.

2146 2900 2288 2958 Cum
2318 2917 2539 2972 regnum
2569 2904 2866 2960 obtinueris
2888 2921 3051 2976 super
3070 2905 3376 2973 Idummmn,
3399 2922 3514 2961 cum
3540 2906 3584 2959 in
3607 2918 3700 2958 cor.

2145 3009 2281 3065 pore
2308 3003 2402 3049 tuo
2424 2993 2511 3048 ubi
2540 2995 2820 3050 abundavit
2864 2997 3130 3069 iniquitas,
3156 2996 3534 3069 superabundat
3557 2996 3700 3067 gratia

2151 3086 2327 3159 (Rom.
2352 3085 2442 3158 v),
2469 3087 2590 3143 vide
2620 3103 2707 3153 ne,
2738 3088 2806 3143 de
2835 3096 2923 3143 tua
2954 3090 3152 3144 virtute
3181 3106 3522 3160 pncsumens,
3552 3089 3637 3142 ista
3656 3094 3700 3140 te

2146 3278 2316 3334 certa,
2359 3269 2457 3325 sed
2483 3285 2650 3336 vana;
2680 3270 2773 3325 sed
2804 3270 3041 3327 clamans
3069 3272 3135 3327 ad
3171 3271 3471 3330 Dominum.
3496 3271 3575 3326 dic
3598 3282 3699 3325 cum

2145 3362 2392 3418 omnibus
2420 3360 2619 3416 sanctis
2646 3379 2660 3415 :
2686 3359 2763 3416 Da
2796 3362 2952 3418 uobi’s
2977 3362 3237 3417 auxilium
3281 3363 3348 3418 de
3371 3361 3697 3424 tribulatione,

2143 3452 2269 3520 quia
2290 3466 2424 3506 vana
2453 3451 2599 3506 salus
2642 3451 2695 3506 in
2738 3451 2975 3507 homine.
3008 3451 3065 3507 In
3093 3460 3164 3517 te,
3192 3453 3440 3517 Domine,
3476 3452 3697 3507 faciemus

2144 3543 2417 3608 virtutem,
2440 3543 2564 3613 quia
2596 3551 2651 3598 tu
2680 3543 2747 3599 ad
2769 3544 2997 3598 nihilum
3023 3545 3233 3614 rediges
3260 3561 3448 3601 omnes
3477 3544 3698 3599 tribulati-

2143 3642 2226 3689 tes
2245 3649 2362 3699 nos,
2388 3635 2479 3702 qui
2507 3648 2699 3704 regnas
2725 3635 2778 3690 in
2815 3636 3008 3691 smcnla
3036 3634 3373 3693 surculorum.
3398 3637 3575 3691 Amen.

2715 3767 2935 3824 PSALM
2944 3767 3029 3825 US
3066 3768 3178 3825 LX.

2381 3857 2451 3915 'In
2474 3858 2634 3915 linem
2660 3861 2714 3917 in
2739 3861 2978 3942 hymnis,
3011 3863 3249 3933 psalmus
3274 3860 3458 3918 David.

2210 3986 2451 4055 Exaudi,
2482 3988 2648 4055 Deus,
2682 3990 3091 4062 deprecationem
3122 4009 3325 4056 meam,
3366 3990 3563 4046 intende
3591 4001 3695 4042 θνα·
3766 4036 3773 4041 ,

2141 4081 2270 4135 tioni
2288 4097 2431 4136 meae.
2463 4081 2504 4134 Α
2525 4082 2716 4153 ﬁnibus
2745 4092 2897 4138 terra!
2916 4082 2984 4135 ad
3005 4093 3051 4136 te
3068 4082 3306 4145 clamari,
3330 4084 3448 4136 dum
3476 4078 3691 4133 anxiam-

2136 4179 2222 4225 tur
2248 4189 2337 4226 cor
2356 4189 2540 4238 meum,
2570 4174 2626 4226 in
2646 4183 2791 4244 petra
2811 4173 3053 4227 exaltain
3072 4189 3168 4227 me.
3196 4171 3470 4228 Deduxiin
3482 4187 3570 4228 me.
3592 4165 3690 4239 quia

2141 4265 2307 4334 factus
2332 4280 2384 4317 es
2412 4280 2528 4334 spes
2565 4280 2697 4327 mea,
2728 4264 2884 4318 turris
2914 4265 3232 4335 fortitudinis
3270 4283 3304 4319 a
3330 4265 3462 4337 facie
3500 4255 3686 4358 inimici.

2090 4352 2101 4363 ’
2140 4352 2451 4408 Inhabitabo
2488 4354 2542 4407 in
2572 4352 2903 4407 tabernaculo
2933 4363 3017 4409 tuo
3063 4355 3117 4408 in
3145 4356 3355 4421 saecula,
3396 4362 3619 4425 protegar
3645 4352 3690 4401 in

2138 4446 2421 4500 uelamento
2466 4444 2670 4498 alarum
2713 4454 2933 4500 tuarum.
2986 4442 3240 4509 Quoniam
3282 4456 3355 4511 tu,
3382 4445 3518 4499 Dens
3551 4453 3687 4502 me”:

2062 4533 2114 4595 D
2138 4536 2396 4590 exaudiui
2424 4537 2707 4591 orationem
2733 4552 2920 4600 meam,
2945 4537 3131 4592 dedisti
3158 4538 3507 4592 [nereditatem
3534 4534 3691 4588 timen-

2143 4624 2276 4681 tibus
2303 4643 2485 4681 nomen
2509 4637 2665 4681 tuum.
2690 4627 2814 4682 Dies
2833 4645 2984 4699 super
3011 4629 3118 4684 dies
3140 4630 3272 4701 regis
3295 4628 3524 4701 adﬁcies,
3546 4636 3690 4678 anno:

2142 4721 2252 4791 ejus
2279 4722 2436 4791 iisque
2470 4720 2525 4773 in
2559 4719 2694 4773 diem
2731 4721 3075 4791 generationis
3101 4730 3150 4775 et
3194 4720 3552 4793 generationis.
3576 4716 3686 4769 Per-
3722 4746 3739 4769 ι

2142 4813 2386 4867 ma‘netiu
2409 4821 2653 4866 wternum
2693 4812 2746 4865 in
2778 4822 3048 4884 conspectu
3086 4810 3203 4877 Dei,
3232 4809 3692 4867 misericordiane!
3742 4856 3747 4865 .

2141 4905 2402 4958 ueritatem
2425 4902 2535 4973 ejus
2564 4903 2674 4975 quis
2716 4903 2971 4974 requiret?
3014 4903 3103 4958 Sic
3131 4903 3383 4974 psalmum
3427 4900 3586 4955 dicam
3610 4909 3688 4947 n0-

2141 4994 2271 5049 mini
2300 5005 2385 5048 tuo
2411 4996 2465 5048 in
2489 4995 2733 5049 saeculum
2779 4996 2972 5061 sweuli,
3013 5004 3069 5049 ut
3096 4995 3307 5048 reddam
3354 5003 3467 5048 tota
3504 5003 3607 5046 mea
3636 4982 3691 5037 ἀι

2141 5086 2225 5141 die
2249 5086 2303 5138 in
2331 5084 2483 5139 diem.
2676 5098 2679 5101 ‘

2700 5169 3132 5213 COIIENTAIIIUII.

2212 5267 2506 5325 Ecclesium
2552 5283 2713 5339 supra
2754 5277 2920 5340 petrae
2964 5269 3287 5325 soliditatem
3327 5266 3617 5328 fundatam,
3642 5265 3690 5315 et

2140 5367 2344 5415 turrem
2374 5358 2700 5415 fortitudinis
2728 5360 2919 5417 factam
2946 5361 2998 5416 in
3020 5375 3125 5431 qua
3148 5361 3438 5417 redduntur
3454 5366 3571 5414 vota
3593 5354 3688 5407 Deo

2139 5447 2209 5503 de
2235 5448 2322 5503 die
2346 5450 2399 5504 in
2429 5449 2592 5514 diem,
2621 5448 2797 5505 nullus
2819 5450 3046 5520 ignorat.
3078 5451 3183 5507 Sed
3205 5459 3281 5516 tu,
3306 5466 3338 5505 ο
3357 5457 3559 5505 amator
3580 5443 3688 5498 vitae

2137 5551 2371 5609 aeterna),
2403 5544 2449 5599 si
2498 5543 2577 5599 vis
2620 5544 2861 5599 exaudiri
2899 5544 3328 5615 deprecationem
3357 5551 3524 5604 tuam,
3552 5537 3592 5593 si
3616 5531 3688 5587 vis

2137 5640 2199 5688 ut
2216 5632 2341 5690 dum
2369 5633 2641 5690 anxiatum
2671 5632 2829 5691 fuerit
2845 5651 2940 5691 cor
2960 5645 3128 5704 tuum,
3149 5635 3275 5691 dum
3295 5633 3483 5692 exieris
3501 5631 3564 5687 de
3581 5639 3686 5684 cor.

2134 5732 2287 5791 pore,
2320 5722 2364 5780 si
2394 5724 2473 5781 vis
2511 5734 2567 5781 ut
2594 5724 2757 5781 turris
2791 5726 2884 5783 tibi
2913 5720 3235 5783 fortitudinis
3265 5726 3513 5782 Dominus
3540 5730 3683 5785 θυι*
