3908 6176
201 386 300 445 ιω
1128 374 1595 434 COMMENTARII
1631 372 1699 429 IN
1737 373 2063 429 PSALMOS.
2106 373 2295 429 PSAL.
2338 373 2488 428 LIII.
3188 372 3213 376 ⁷
3339 373 3442 429 MO

201 510 357 558 reatu
376 496 513 553 facie
532 493 745 559 inimici,
776 490 821 547 si
848 491 926 545 vis
955 496 1014 544 ut
1040 489 1305 544 inhabites
1332 489 1385 543 in
1412 486 1760 543 tabernaculo
1791 498 1837 551 Α
1865 487 2062 543 scimus
2080 488 2210 557 quid
2237 489 2466 544 eveniat.
2499 485 2569 541 Et
2590 485 2700 541 hoc
2727 485 2926 540 bonum
2952 484 3180 551 videtur,
3211 485 3305 540 sed
3332 502 3442 542 non

198 592 306 662 ejus
331 590 381 644 in
420 596 696 651 aeternum,
719 584 765 640 si
800 584 883 638 vis
902 582 1111 652 protegi
1134 581 1185 634 in
1223 581 1527 634 velamento
1555 580 1762 633 alarum
1814 617 1823 625 -
1866 578 1995 634 facit
2040 578 2237 634 Christi
2284 580 2619 649 discipulum.
2650 578 2780 633 ltem
2810 577 2884 632 illi
2931 577 3104 632 vidua:
3142 577 3440 646 juveneulm

197 684 321 750 ejus.
350 681 395 734 si
422 679 503 732 vis
523 677 764 745 accipere
786 673 1149 729 luereditatem
1169 686 1330 740 quam
1359 679 1760 739 consequuntur

200 772 445 829 timentes
476 785 668 824 nomen
712 766 849 835 ejus,
891 766 936 820 si
963 766 1043 819 vis
1068 773 1126 820 ut
1152 765 1266 819 dies
1292 779 1453 834 super
1478 764 1591 817 dies
1620 764 1760 831 regis

199 866 398 931 adjiciat
424 877 595 916 annos
640 869 779 919 tuos,
814 868 871 912 ut
900 858 1061 911 vitam
1095 857 1188 910 tibi
1208 865 1464 911 mternam
1494 854 1755 919 conferat,

197 967 244 1013 et
269 970 575 1026 permaneas
617 954 669 1007 in
706 961 961 1007 :eternum
992 950 1043 1004 in
1091 957 1376 1018 conspectu
1413 948 1528 1011 Dei,
1549 947 1752 1001 miseri-

194 1048 412 1103 cordiam
428 1055 483 1100 et
510 1046 787 1099 veritatem
809 1045 1067 1098 instanter
1086 1032 1309 1110 inquire.
1332 1040 1397 1093 Et
1410 1049 1757 1111 posteaquam

194 1156 273 1195 eas
293 1139 478 1193 charas
506 1137 724 1199 amicas,
752 1144 807 1190 et
834 1135 986 1204 quasi
1014 1149 1163 1203 spem
1192 1133 1315 1186 vitae
1363 1141 1464 1185 tua:
1503 1130 1759 1200 possede-

192 1231 274 1292 ris,
300 1230 374 1283 sic
400 1229 568 1296 psalle
611 1226 834 1281 Domino
880 1226 989 1279 Deo
1010 1226 1060 1279 in
1094 1225 1289 1279 smculo
1335 1232 1390 1278 et
1421 1223 1756 1277 miseriarum

191 1322 313 1375 valle
338 1320 557 1389 positus.
584 1318 651 1371 Et
688 1317 839 1387 quasi
866 1316 1104 1387 quotidie
1158 1316 1365 1369 initium
1392 1314 1589 1370 faciens
1636 1313 1755 1368 dili-

190 1413 331 1478 gendi
356 1394 466 1473 eas.
498 1410 662 1467 redde
684 1420 805 1465 vota
829 1419 915 1463 tua
937 1410 1003 1464 de
1025 1407 1110 1463 die
1138 1409 1190 1462 in
1219 1408 1359 1462 diem
1379 1407 1603 1461 Domino
1626 1405 1753 1462 Jesu

189 1502 400 1567 Christo,
431 1503 525 1571 qui
574 1511 760 1569 regnat
802 1517 923 1556 cum
954 1499 1109 1556 Patre
1136 1508 1193 1554 et
1238 1498 1439 1571 Spiritu
1487 1507 1672 1555 sancto
1698 1499 1754 1554 in

188 1593 360 1649 secula
386 1593 725 1649 saeculorum.
759 1592 948 1647 Amen.

717 1720 938 1793 PSALM
949 1722 1033 1779 us
1070 1721 1208 1777 LXI.

409 1835 470 1891 In
502 1833 661 1889 ﬁnem
690 1851 788 1905 pro
804 1828 1033 1905 idythun
1062 1835 1298 1904 psalmus
1325 1833 1511 1888 David.

243 1947 423 2004 Nonne
451 1948 565 2004 Deo
605 1947 834 2018 subjecta
870 1947 967 2001 erit
1011 1948 1187 2001 anima
1225 1964 1336 2001 mea
1349 1946 1443 2006 θαι)
1471 1948 1582 2013 ipso
1611 1946 1746 2001 enim

183 2043 389 2095 salutare
425 2056 612 2094 meum.
662 2036 803 2092 Nam
846 2048 896 2091 et
934 2037 1044 2108 ipse
1090 2036 1225 2091 Deus
1263 2053 1401 2090 meus
1429 2046 1476 2089 ct
1502 2037 1748 2091 salutaris

180 2148 324 2194 utens,
345 2140 610 2201 susceptor
638 2145 796 2191 meus,
821 2145 923 2182 non
945 2127 1179 2181 movebar
1206 2128 1443 2196 amplius.
1479 2125 1749 2199 Quousque

180 2222 355 2275 irruifis
380 2223 434 2274 in
472 2221 728 2274 Immineat
750 2221 774 2274 Ζ)
800 2219 1023 2289 interﬁci
1046 2218 1089 2271 is
1111 2218 1329 2271 universi
1358 2224 1461 2282 vos,
1505 2227 1748 2288 tanquam

179 2311 348 2379 parieti
393 2310 646 2364 inclinato
707 2320 757 2363 et
808 2311 1047 2363 maceria:
1087 2307 1353 2376 depulste?
1388 2307 1746 2361 Verumtamen

178 2404 379 2471 pre'ium
420 2418 591 2455 meum
631 2400 977 2471 cogitaverunt
1028 2398 1284 2468 repellere,
1309 2398 1511 2450 cucurri
1548 2399 1600 2451 in
1639 2397 1751 2456 siti;

179 2505 257 2542 ore
285 2507 371 2543 suo
410 2480 867 2551 benedicebant,et
908 2489 1062 2542 corde
1099 2506 1190 2542 suo
1222 2486 1609 2541 maledicebant.
1645 2487 1746 2541 Ve-

177 2590 441 2633 rumtamen
472 2578 579 2633 Deo
607 2578 834 2649 subjecta
862 2588 988 2637 esto,
1021 2594 1194 2631 anima
1229 2595 1371 2638 mea,
1412 2578 1653 2648 quoniam
1682 2575 1746 2629 ab

176 2669 275 2740 ipso
308 2671 560 2741 patientia
608 2687 739 2724 mea.
775 2669 909 2734 Quia
949 2672 1058 2740 ipse
1089 2670 1227 2723 Deus
1256 2687 1394 2723 meus
1430 2679 1480 2723 et
1518 2670 1746 2724 salvator

176 2778 317 2826 iners,
366 2763 581 2832 adjator
627 2778 800 2825 meus,
834 2778 934 2814 non
960 2757 1237 2830 emigrabo'.
1283 2760 1345 2814 In
1374 2760 1493 2819 Deo.
1517 2761 1746 2815 salutare

146 2866 324 2913 ,meum
346 2859 392 2903 et
430 2850 605 2922 gloria
632 2868 765 2912 mea,
806 2849 945 2903 Deus
975 2851 1155 2903 auxilii
1182 2850 1301 2914 mei,
1334 2860 1380 2903 et
1408 2867 1521 2918 spes
1549 2866 1661 2903 mea
1690 2850 1742 2921 in

176 2940 271 2997 Deo
289 2954 381 2997 est.
412 2945 637 3013 Sperate
660 2946 715 2996 in
746 2942 853 2997 Deo
881 2943 1048 2996 omnis
1080 2942 1405 3013 congregatio
1434 2942 1630 3012 populi,
1662 2944 1743 3012 ef~

177 3034 356 3103 fundite
391 3051 573 3088 coram
595 3034 683 3087 illo
705 3033 859 3086 corda
880 3043 1073 3100 vestra;
1093 3032 1226 3086 Deus
1252 3031 1459 3102 adjutor
1492 3044 1662 3086 noster
1686 3035 1742 3087 in
1796 3034 1818 3047 "

177 3135 420 3177 aeternum.
481 3123 837 3178 Verumtamen
869 3126 984 3178 vani
1023 3124 1123 3193 ﬁlii
1156 3125 1447 3189 ltom'num,
1476 3125 1745 3182 mendaces

176 3215 259 3284 filii
286 3216 568 3276 hominum.
587 3217 639 3268 in
662 3216 883 3279 steteris,
929 3224 985 3268 ut
1013 3217 1268 3285 decipiant
1298 3218 1393 3285 ipsi
1426 3216 1486 3269 de
1515 3219 1738 3270 vanitate
1764 3199 1811 3263 ο

176 3307 220 3360 iu
240 3308 476 3376 idips'm.
497 3305 673 3361 Nolite
687 3325 894 3376 sperare
920 3309 970 3360 in
996 3307 1259 3378 iniquitate
1279 3317 1326 3359 et
1348 3310 1559 3377 rapinas
1583 3309 1740 3362 nolite

176 3398 546 3466 concupiscere;
578 3397 769 3452 dixiin:
806 3399 851 3451 si
881 3396 1121 3468 afﬂuant,
1156 3398 1315 3450 nolite
1352 3414 1440 3451 cor
1462 3414 1735 3468 apponere.

177 3487 329 3543 Semel
348 3470 549 3544 loﬁttus
578 3502 651 3543 es!
686 3489 822 3544 Deus
840 3530 852 3549 ,
887 3491 986 3544 (luo
1012 3491 1120 3546 [nec
1149 3491 1337 3554 audivi,
1369 3493 1488 3563 quia
1516 3502 1740 3562 potestas

176 3575 258 3630 Dei
279 3590 368 3632 est.
390 3579 463 3633 Et
495 3579 605 3643 tibi,
651 3579 887 3639 Domine.
922 3582 1296 3646 misericordia,
1327 3583 1447 3654 quia
1479 3592 1529 3635 tu
1556 3581 1739 3637 reddes

175 3671 424 3740 unicuique
447 3671 606 3742 juxta
635 3687 790 3742 Opera
812 3687 924 3723 sua.

729 3776 1011 3814 (ΖΟΜῊΕΝΤΑ
1022 3776 1168 3815 RIUM.

234 3845 287 3900 in
330 3848 581 3904 omnibus
609 3850 829 3918 psalmis
858 3853 1110 3922 mysticus
1138 3853 1396 3906 exuberat
1419 3869 1622 3920 sensus,
1648 3852 1742 3910 sed

175 3935 287 3989 mihi
310 3954 433 3992 cura
471 3940 791 4008 propensior
819 3940 882 3994 ad
915 3942 1168 3995 moralem
1205 3943 1631 4013 explanationem
1661 3942 1743 4000 in-

175 4027 376 4091 cumbit,
400 4030 453 4082 in
484 4044 587 4097 qua
615 4030 807 4097 agitur,
842 4039 898 4084 ut
936 4032 985 4086 id
1011 4034 1151 4102 quod
1182 4034 1442 4100 canimus,
1467 4034 1735 4090 faciamus.

176 4113 234 4173 Ut
260 4120 305 4171 in
333 4122 611 4189 proposito
636 4122 686 4174 in
718 4136 825 4189 quo
850 4122 957 4177 Deo
985 4124 1191 4178 subdita
1215 4135 1298 4180 est
1322 4126 1496 4180 anima
1525 4136 1635 4189 tua,
1670 4128 1742 4181 ita

178 4205 300 4263 ﬁxus
319 4220 372 4264 et
399 4211 603 4265 solidus
632 4228 867 4276 maneas,
902 4222 956 4267 ut
978 4231 1081 4269 non
1105 4218 1370 4271 movearis
1398 4219 1653 4287 amplius,
1687 4227 1744 4272 ut

175 4296 285 4351 du:n
311 4302 553 4354 venerint
575 4303 638 4354 ad
666 4314 716 4357 te
737 4304 951 4372 spiritus
976 4304 1321 4361 immundi.et
1340 4308 1600 4361 voluerint
1632 4316 1685 4362 te
1713 4323 1744 4363 a

175 4392 375 4444 servitio
406 4391 613 4445 Domini
645 4408 929 4460 separare,
981 4395 1282 4462 ingerentes
1314 4397 1404 4450 tibi
1431 4398 1744 4452 occasiones

176 4481 343 4545 malas,
374 4484 726 4550 cogitationes
752 4487 1028 4554 pessimus,
1054 4487 1201 4543 dicas
1228 4489 1305 4542 eis
1332 4506 1345 4540 :
1374 4489 1514 4543 Deus
1534 4488 1747 4559 adjutor

1862 669 2054 724 melius
2099 685 2199 724 nos
2234 684 2395 738 quam
2448 670 2537 723 alii
2565 670 2897 740 prmbeamus
2942 669 3211 723 solatium.
3243 667 3307 720 Et
3338 669 3438 722 hoc

1860 762 2060 817 bonum
2091 770 2175 817 cst
2196 804 2210 828 ,
2242 763 2335 817 sed
2372 762 2509 817 dolis
2536 762 2731 817 diaboli
2758 762 2991 831 plenum.
3023 761 3147 815 llaec
3190 768 3245 814 et
3274 759 3438 812 multa

1859 856 1942 909 his
1969 856 2161 925 similia
2189 871 2310 909 cum
2356 870 2450 909 ore
2478 872 2576 908 suo
2606 855 2700 908 tibi
2729 854 3097 909 beueilixerint
3141 853 3434 916 daemones,

1859 947 2021 1001 corde
2043 962 2143 1001 suo
2172 946 2512 1010 maledicunt,
2545 955 2600 999 et
2640 947 2758 1000 ideo
2784 946 2871 1001 dic
2902 946 3002 999 illis
3029 963 3040 996 :
3071 944 3127 997 lu
3160 944 3267 997 Deo
3289 944 3435 997 salu-

1860 1038 1960 1091 tari
1992 1053 2111 1091 meo
2140 1046 2223 1092 est
2247 1038 2415 1106 gloria
2465 1053 2612 1101 mea,
2646 1052 2751 1090 non
2797 1036 3036 1103 migrabo
3083 1051 3111 1087 a
3160 1035 3434 1103 proposito

1857 1143 1999 1191 meo,
2031 1143 2139 1197 quo
2169 1144 2265 1183 vos
2301 1129 2463 1182 statui
2510 1125 2948 1182 contemnendos.
2980 1125 3046 1178 Et
3074 1125 3159 1179 dic
3188 1124 3436 1179 fratribus

1856 1222 1992 1275 meis
2022 1239 2035 1273 :
2061 1221 2283 1289 Sperate
2329 1221 2382 1274 in
2411 1235 2499 1283 eo,
2542 1220 2717 1273 omnis
2744 1227 3038 1273 conventus
3084 1217 3254 1285 plebis
3281 1233 3432 1273 meae.

1855 1313 2082 1368 Fundite
2111 1330 2292 1368 coram
2335 1315 2428 1368 illo
2455 1312 2616 1369 corda
2666 1322 2863 1375 vestra,
2894 1313 3015 1380 quia
3048 1313 3184 1366 Deus
3222 1311 3433 1379 adjntnr

1854 1412 2040 1459 noster
2066 1413 2165 1459 est.
2198 1404 2290 1458 liis
2318 1414 2495 1457 autem
2531 1405 2621 1474 qui
2659 1404 2881 1458 audiunt
2916 1404 3136 1457 consilia
3175 1403 3431 1467 maligno-

1852 1510 1971 1548 rum
2002 1494 2303 1564 spirituum,
2333 1493 2438 1548 hoc
2458 1492 2644 1547 ordine
2675 1494 2892 1560 loquere
2924 1511 2936 1545 :
2971 1493 3180 1556 Venite,
3207 1493 3294 1547 lilii
3332 1494 3431 1547 ho-

1852 1585 2075 1651 minum,
2121 1585 2405 1639 mendaces
2443 1585 2496 1639 in
2526 1586 2758 1647 stateris.
2792 1584 2916 1654 quid
2946 1601 3044 1640 vos
3090 1594 3271 1639 mutuo
3302 1602 3429 1642 con-

1828 1666 2064 1732 ~sentiti's
2092 1678 2318 1732 inimicis
2339 1678 2558 1732 vestris?
2581 1677 2753 1731 Nolite
2767 1679 3047 1746 sperarein
3072 1679 3428 1745 iniquitatem,

1850 1769 1975 1837 quia
2004 1768 2201 1837 decipit
2229 1779 2509 1839 sperantes
2544 1770 2596 1823 in
2625 1785 2705 1824 se.
2751 1769 3009 1839 Rapinam
3041 1770 3206 1823 nolite
3234 1785 3430 1825 concu-

1849 1860 2214 1929 piscere,quia
2245 1860 2676 1929 concupiscentia
2714 1859 2920 1913 furandi
2951 1859 3200 1914 interlicit
3220 1868 3428 1913 amato-

1848 1968 1962 2007 rem
2005 1969 2179 2007 suum.
2231 1953 2435 2007 Divitia:
2464 1954 2508 2007 si
2552 1952 2965 2020 aﬂluant,nolite
3003 1968 3097 2006 cor
3136 1967 3429 2021 apponere,

1848 2045 1971 2113 quia
2002 2045 2153 2098 radix.
2181 2047 2409 2100 omnium
2437 2045 2690 2100 malorum
2718 2053 2793 2103 est
2822 2045 3040 2098 auaritia
3081 2044 3133 2111 (1
3166 2044 3297 2097 Tim.
3330 2045 3427 2114 Vi).

1848 2134 1965 2189 Hoc
2013 2137 2211 2207 solum,
2234 2137 2377 2205 quod
2407 2138 2575 2192 semel
2617 2137 2826 2191 locutus
2855 2144 2967 2197 est,
3012 2135 3295 2203 diligenter
3333 2151 3430 2190 au-

1847 2226 2038 2289 sculta,
2055 2227 2177 2293 quia
2195 2235 2436 2294 potestas
2451 2227 2544 2280 Dei
2562 2235 2662 2287 est,
2683 2235 2737 2279 et
2761 2226 2850 2278 Dei
2867 2226 3124 2279 arbitratu
3142 2227 3427 2294 consequi-

1847 2330 1967 2368 mur
2015 2315 2455 2369 miscricordiam.
2485 2314 2616 2381 Quia
2661 2316 2773 2383 ipse
2802 2314 2983 2368 reddet
3027 2315 3312 2382 unicuique
3342 2329 3428 2370 se-

1847 2404 2077 2459 cundum
2108 2420 2271 2472 opera
2302 2419 2417 2458 sua.
2449 2403 2549 2458 Ubi
2580 2412 2756 2458 autem
2788 2404 2902 2458 haec
2930 2404 3039 2472 ipsa
3063 2404 3319 2458 Donainus
3346 2404 3428 2460 ιο·
3505 2418 3508 2422 ’

1847 2501 2002 2548 cutus
2025 2494 2112 2558 sit,
2136 2494 2181 2547 si
2208 2492 2344 2547 forte
2365 2493 2623 2561 requires,
2650 2507 2900 2561 agnosce.
2923 2493 2979 2547 in
3010 2494 3427 2552 Dcuteronomio

1844 2584 2054 2636 canitur
2078 2602 2090 2635 :
2127 2583 2380 2647 Quoniam
2402 2601 2495 2654 ego
2525 2581 2681 2645 Deus,
2713 2600 2804 2653 ego
2834 2584 3064 2638 occidam
3090 2594 3140 2637 et
3159 2585 3320 2638 vivere
3344 2588 3427 2656 {a-

1845 2676 2011 2738 ciam;
2035 2677 2333 2747 percutiam,
2366 2686 2415 2729 et
2434 2693 2527 2747 ego
2566 2676 2780 2739 sanabo,
2803 2686 2852 2729 et
2894 2688 3101 2731 nonest
3129 2679 3213 2749 qui
3241 2679 3427 2747 eripiat

1845 2766 1908 2818 de
1936 2783 2091 2819 manu
2141 2766 2252 2820 mea
2286 2765 2459 2834 (Deut.
2496 2767 2683 2833 xxx").
2712 2767 2833 2821 iiscc
2869 2781 2996 2835 ergo
3043 2777 3280 2837 potestas
3312 2769 3423 2835 Dei,

1844 2864 1946 2917 est,
1978 2864 2034 2909 et
2060 2855 2237 2910 Patris
2259 2865 2313 2911 et
2335 2857 2450 2910 Filii
2475 2866 2528 2910 et
2556 2856 2785 2928 Spiritus
2806 2859 2997 2924 sancti,
3038 2860 3128 2928 qui
3163 2870 3349 2927 regnat
3369 2860 3423 2914 in

1843 2948 2035 3002 siccula
2055 2950 2391 3004 saeculorum.
2418 2949 2605 3004 Amen.

2374 3085 2688 3142 PSALMUS
2728 3086 2881 3141 LXII.

1947 3195 2190 3252 Psalmus
2231 3197 2393 3254 David
2422 3214 2541 3253 cum
2564 3207 2707 3253 esset
2729 3200 2779 3253 in
2809 3200 3024 3255 deserto
3054 3199 3311 3254 idummac.

1911 3307 2069 3372 Deus,
2096 3308 2234 3362 Deus
2261 3326 2420 3373 meus,
2454 3310 2522 3361 ad
2545 3320 2592 3363 te
2632 3309 2694 3363 de
2727 3311 2838 3364 luce
2882 3312 3053 3381 vigilo.
3096 3311 3155 3366 Si
3179 3312 3267 3365 irit
3296 3313 3345 3365 in
3378 3321 3423 3367 te

1839 3400 2012 3452 anima
2052 3416 2182 3458 mea.
2212 3416 2365 3470 quam
2394 3401 2557 3466 multi)
2576 3400 2742 3453 liciter
2781 3401 2871 3453 tibi
2897 3392 3175 3455 curo-mea.
3206 3401 3265 3455 In
3288 3412 3423 3456 terra

1842 3489 2063 3550 deserta,
2093 3490 2229 3542 invia
2251 3500 2299 3542 et
2312 3490 2623 3560 \inaquosa,
2652 3490 2727 3543 sic
2755 3494 2807 3543 in
2847 3502 3025 3545 sancto
3066 3495 3281 3560 apparui
3310 3492 3421 3560 tibi,

1839 3591 1896 3633 ut
1922 3580 2142 3634 uiderem
2170 3582 2402 3634 virtutem
2450 3591 2588 3635 tuam
2616 3591 2665 3647 et
2690 3582 2910 3653 gloriam
2960 3594 3148 3648 tuam,
3167 3582 3420 3647 Quoniam

1843 3672 2026 3725 melior
2053 3682 2127 3726 est
2151 3673 2503 3726 misericordia
2532 3682 2618 3726 tua
2648 3691 2799 3743 super
2828 3676 2976 3737 vites,
3010 3676 3028 3729 ι
3065 3674 3147 3729 bia
3177 3693 3288 3729 mea
3311 3679 3424 3729 lau-

1842 3760 2036 3815 dabunt
2064 3772 2128 3816 te.
2155 3761 2245 3817 Sic
2285 3760 2576 3816 benedicam
2609 3774 2654 3816 te
2680 3764 2733 3816 in
2762 3765 2865 3817 rita
2894 3782 3025 3827 mea,
3057 3776 3105 3819 et
3143 3767 3193 3819 in
3219 3768 3425 3822 nomine

1844 3863 1928 3908 tuo
1957 3854 2132 3909 levabo
2180 3872 2365 3909 manus
2391 3872 2551 3909 meos.
2584 3853 2731 3909 Sicut
2760 3858 2913 3926 adipe
2938 3868 2986 3910 et
3012 3859 3318 3929 pinguedine
3346 3875 3426 3912 re-

1841 3948 2042 4015 pleatur
2068 3947 2242 3998 anima
2287 3961 2420 4009 mea,
2462 3955 2511 3999 et
2539 3946 2690 4000 labiis
2716 3948 3074 4002 exsultationis
3103 3949 3332 4003 laudabit
3370 3966 3425 4005 os

1840 4053 2027 4090 meum.
2055 4036 2115 4089 Si
2172 4052 2363 4090 memor
2385 4038 2459 4108 fui
2496 4039 2569 4090 tui
2596 4056 2747 4109 super
2771 4049 2987 4093 stratum
3017 4058 3201 4102 meum,
3234 4042 3285 4094 in
3311 4059 3425 4094 ma-
3494 4045 3501 4051 ’

1843 4128 2020 4181 tutinis
2048 4127 2332 4181 meditabor
2367 4130 2505 4191 inte,
2536 4131 2656 4200 quia
2685 4131 2828 4198 fuisti
2857 4132 3064 4201 edjutor
3084 4150 3242 4186 meus.
3275 4133 3345 4186 Et
3370 4136 3422 4188 in

1841 4220 2123 4272 velamento
2174 4217 2375 4272 clarum
2424 4228 2623 4272 tuarum
2671 4220 2968 4283 easultabo;
2998 4223 3215 4274 adla’sit
3249 4224 3425 4277 anima

1845 4326 1955 4363 mea
1976 4318 2091 4379 post
2122 4318 2186 4367 te,
2228 4325 2309 4362 me
2334 4310 2559 4375 suscepit
2595 4308 2806 4361 dextera
2842 4319 2947 4361 tua.
2978 4308 3087 4379 Ipsi
3115 4329 3229 4364 vero
3258 4313 3310 4365 in
3338 4330 3424 4366 ea-

1844 4415 1964 4453 num
1986 4399 2294 4473 qumsierunt
2326 4398 2554 4451 animam
2582 4415 2770 4460 meam,
2794 4398 3073 4452 introibant
3096 4401 3146 4453 in
3177 4402 3425 4473 inferiora

1848 4499 2013 4555 terraz,
2047 4490 2311 4543 tradentur
2328 4490 2384 4543 in
2408 4506 2589 4543 manus
2619 4490 2798 4559 gladii,
2816 4499 2986 4560 partes
3014 4492 3234 4561 vulpium
3255 4503 3422 4552 erunt.

177 4582 337 4635 meus,
361 4587 460 4641 ego
488 4589 585 4643 per
607 4575 775 4643 ipsum
799 4592 904 4630 non
944 4579 1200 4633 movebor
1227 4580 1472 4648 amplius.
1508 4579 1615 4635 Vos
1641 4597 1739 4635 au-
1773 4561 1822 4621 Ῑ)
1853 4579 1962 4634 Rea:
2006 4598 2121 4636 vero
2173 4581 2450 4646 lmtabitur,
2493 4581 2547 4635 in
2579 4581 2688 4635 Deo
2737 4581 3081 4635 laudabuntur
3120 4600 3294 4637 οηιηίε
3339 4585 3424 4654 qui

179 4663 272 4711 tem
295 4675 571 4731 quousque
601 4664 799 4718 irruitis
821 4666 872 4719 in
897 4667 1169 4721 homines?
1192 4666 1256 4720 Et
1276 4669 1414 4722 sicut
1434 4670 1612 4738 paries
1633 4670 1741 4724 rui-

179 4748 236 4802 tis
261 4766 416 4820 super
440 4769 472 4806 ιι
513 4754 717 4809 iversos
745 4770 860 4820 nos,
893 4758 983 4825 qui
1011 4755 1065 4811 et
1092 4773 1266 4811 meum
1290 4758 1549 4812 honorem
1580 4759 1743 4814 vultis

177 4851 204 4889 a
232 4855 309 4894 me
329 4844 604 4910 repellere,
631 4845 741 4897 sive
763 4847 1147 4914 pretLositatem
1165 4863 1336 4902 meam
1357 4849 1513 4903 vilem
1546 4848 1739 4905 facere.

179 4920 368 4985 Etcum
399 4934 541 4987 sitim
588 4935 811 4989 habeam
840 4938 1011 4991 sancti
1040 4939 1320 5008 propositi,
1353 4946 1408 4993 et
1429 4939 1670 4995 sitienter
1689 4942 1740 4995 in

179 5028 236 5071 eo
275 5037 502 5087 curram,
553 5039 651 5080 vos
701 5041 795 5079 ore
825 5037 1003 5082 vestro
1048 5028 1392 5095 benedicitis,
1432 5029 1484 5083 id
1514 5037 1614 5093 est,
1646 5030 1745 5084 sub

179 5110 343 5175 specie
371 5113 493 5191 bqni
524 5114 727 5168 consilii
756 5118 1034 5172 sua~ioncs
1061 5117 1280 5173 aﬂ‘ertis.
1313 5118 1419 5173 Sed
1447 5120 1609 5175 corde
1630 5136 1747 5174 ma-

180 5196 412 5269 lctlicitis,
437 5205 612 5268 idest,
654 5206 757 5261 hoc
786 5209 927 5275 quod
956 5209 1154 5264 bonum
1205 5210 1379 5267 dicitis
1427 5227 1522 5267 ore
1566 5221 1745 5268 vestro

181 5290 363 5345 malum
392 5296 518 5349 mihi
544 5305 599 5351 et
620 5298 977 5366 perniciosum
1020 5302 1278 5371 probatis.
1314 5303 1605 5358 Audiamus
1633 5304 1742 5358 sol-

181 5374 312 5435 licite
364 5383 533 5440 locum
583 5389 764 5443 istum.
795 5390 1000 5446 Dantur
1034 5394 1189 5448 nobis
1217 5410 1245 5448 a
1285 5394 1559 5450 dmmoniis
1602 5395 1743 5451 bona

181 5471 387 5527 consilia
399 5468 570 5545 'plena
598 5477 760 5533 dolis:
777 5476 1030 5537 Emamns
1044 5491 1097 5536 et
1124 5485 1493 5550 revendamus,
1517 5494 1572 5540 et
1596 5486 1741 5543 lucra

181 5565 485 5628 pauperibus
510 5582 811 5638 erogemus.
844 5570 1085 5642 Nunquid
1100 5590 1205 5629 non
1232 5577 1382 5645 quasi
1412 5578 1607 5632 bonum
1637 5578 1747 5634 est?

181 5651 265 5741 sed
290 5667 390 5709 non
416 5661 676 5727 permittit
706 5670 757 5717 te
800 5662 904 5718 hoc
942 5679 1105 5735 opere
1146 5665 1346 5723 intrare
1392 5669 1445 5723 in
1472 5672 1739 5741 potentias

185 5736 395 5800 Domini.
444 5746 574 5805 item
603 5761 897 5822 pmentes
943 5756 1196 5823 pecunias
1226 5736 1563 5823 reponamus,
1594 5737 1735 5815 unde

1839 4672 2027 4741 jurant
2064 4672 2118 4724 in
2164 4689 2262 4737 eo,
2322 4673 2440 4744 quia
2479 4670 2792 4726 obstructum
2857 4682 2933 4726 est
2995 4690 3050 4726 os
3114 4673 3424 4746 loquentium

1843 4761 2041 4832 iniqua.

2418 4847 2851 4887 COMMENTARIUI.

1916 4940 1973 4994 in
2002 4948 2117 4994 toto
2143 4941 2397 5010 psalterio
2426 4957 2682 5010 nusquam
2713 4942 2970 5007 invenies,
2994 4942 3171 5001 Orabo
3211 4954 3287 5006 te.
3316 4947 3424 5003 Do-

1848 5033 2010 5097 mine,
2036 5033 2167 5088 bora
2189 5048 2507 5102 quacunque
2536 5034 2633 5087 alia
2655 5075 2669 5098 ,
2696 5035 2794 5088 nisi
2823 5037 3115 5103 matutino,
3159 5056 3315 5096 mane
3344 5041 3425 5096 di-

1847 5123 2045 5178 luculo.
2078 5122 2195 5188 Quo
2225 5124 2368 5178 dicto
2398 5139 2502 5176 non
2535 5132 2743 5194 tempus
2771 5125 3053 5194 significat,
3095 5128 3187 5183 sed
3232 5146 3424 5199 pecca-

1844 5224 2022 5271 torum
2051 5216 2209 5271 nocte
2227 5225 2502 5283 transacta
2522 5260 2535 5283 ,
2566 5227 2621 5273 et
2652 5222 2987 5276 tenebrarum
3019 5226 3235 5279 exclusa
3266 5220 3423 5293 perli-

1845 5304 1932 5362 dia
1980 5316 2154 5362 cessat
2186 5307 2496 5371 dormitare,
2529 5318 2584 5363 et
2605 5312 2825 5379 vigilare
2854 5313 3053 5378 studet,
3094 5324 3149 5368 et
3179 5315 3337 5367 veluti
3368 5316 3422 5369 in

1845 5397 2077 5453 diluculo
2098 5398 2305 5453 initium
2334 5399 2468 5455 lucis
2491 5414 2598 5456 sua:
2623 5404 2910 5482 accipiens,
2935 5405 3120 5474 incipit
3147 5405 3294 5459 sitire
3325 5402 3424 5460 ilo-

1845 5490 2068 5557 minum,
2097 5506 2201 5545 non
2251 5491 2423 5545 solum
2454 5493 2631 5548 animo
2662 5494 2754 5548 sed
2783 5503 2837 5559 et
2865 5511 3110 5565 corpore,
3149 5504 3208 5549 ut
3244 5496 3422 5550 videat

1842 5579 2093 5635 virtutem
2123 5580 2238 5649 ejus
2266 5588 2321 5636 et
2347 5582 2569 5651 gloriam
2615 5582 2749 5652 ejus.
2793 5582 2942 5639 Tunc
2977 5585 3252 5653 cognoscit
3297 5586 3422 5654 quia

1844 5670 2049 5725 melior.
2077 5677 2159 5725 est
2186 5672 2547 5728 misericordia
2597 5672 2714 5742 ejus
2741 5689 2902 5742 super
2936 5674 3121 5728 vitam.
3154 5671 3222 5729 Et
3267 5675 3422 5731 labiis

1842 5760 2051 5818 mundis
2075 5778 2103 5816 a
2133 5762 2258 5818 dolo
2288 5756 2468 5821 laudat
2498 5750 3014 5834 Dominum,rogans
3037 5773 3094 5818 ut
3125 5766 3195 5821 ita
3226 5767 3274 5822 ei
3302 5784 3421 5838 prov
