3870 6182
398 326 404 345 ’
484 368 573 425 ιιι

1801 361 2072 420 annosa
2109 359 2416 446 temonis

3602 382 3681 439 4Ιί

477 483 654 542 veniat
696 480 929 552 quandiu
975 479 1127 545 vivit,
1174 478 1251 535 sic
1291 485 1350 534 ut
1375 477 1659 534 benedth
1685 472 2053 534 Dominum'in
2081 480 2130 537 Α
2159 490 2342 534 contra
2386 499 2471 536 eos
2500 481 2691 553 lingua:
2722 498 2920 535 eorum.
2971 481 3267 537 Conturbuti
3294 496 3404 540 sunt
3434 506 3583 546 omnes
3617 501 3681 568 qui

477 577 583 629 vita
610 590 727 629 sua.
759 572 827 627 Et
845 573 898 626 in
921 569 1267 626 similitudine
1286 570 1461 626 crucis
1488 569 1685 625 Christi
1711 570 1853 625 levet
1871 586 2063 626 manus

475 681 618 731 suas,
643 674 702 719 ut
752 665 890 719 sicut
933 662 1090 732 adipe
1136 669 1192 716 et
1235 661 1559 732 pinguedine
1585 662 1858 732 repleatur
1885 662 2063 717 anima

474 755 620 825 ejus,
662 754 872 826 pinguis
912 753 1004 808 Iiat
1042 754 1098 808 in
1135 768 1322 807 amore
1350 753 1462 817 Dei,
1490 761 1546 808 et
1570 753 1710 807 labia
1739 753 1855 823 ejus
1883 754 2064 809 exsul-

474 848 677 903 tatione
707 849 884 918 plena,
930 864 1038 901 non
1067 847 1387 902 necessitate
1415 856 1623 909 coacta,
1665 847 1760 902 sed
1790 846 2063 904 beneficiis

472 950 764 1012 provorata
804 939 1023 995 laudent
1052 954 1244 993 nomen
1273 937 1410 1007 ejus.
1441 936 1557 993 Hoc
1583 938 1633 992 ei
1660 940 1856 1002 evenit,
1888 939 1935 993 si
1957 955 2064 995 me-

473 1048 594 1087 mor
624 1030 723 1085 fuit
750 1031 844 1084 Dei
874 1045 1038 1099 super
1060 1037 1287 1084 stratum
1319 1028 1455 1098 ejus,
1485 1037 1540 1084 et
1573 1026 1660 1083 ubi
1691 1029 1826 1084 alius
1852 1045 2060 1085 memo-

474 1133 625 1178 ratur
652 1124 895 1188 luxuriaa,
927 1137 1028 1190 ego
1056 1121 1149 1176 Dei
1181 1137 1389 1175 memor
1439 1121 1491 1175 in
1535 1121 1809 1175 matutinis
1836 1121 2062 1176 medita-

472 1215 575 1271 bor
605 1216 656 1270 in
685 1231 771 1282 eo,
797 1216 921 1284 quia
946 1215 1058 1284 ipse
1079 1222 1164 1268 est
1191 1213 1405 1279 adjutor-
1425 1228 1595 1268 meus.
1621 1212 1856 1268 Dicendo
1900 1228 2063 1284 super

470 1316 721 1371 stratum,
768 1314 824 1361 et
871 1305 1113 1360 addendo
1151 1290 1493 1371 adiutorium,
1524 1305 1758 1360 ostendit
1804 1322 1901 1375 per
1943 1306 2062 1376 ejus

475 1398 729 1456 auxilium
758 1396 997 1466 potuisse
1023 1411 1081 1450 se
1123 1396 1491 1450 castimoniam
1522 1396 1839 1451 obtinuisse.
1872 1395 1939 1450 Et
1976 1412 2063 1452 se-

472 1489 656 1558 quitur
681 1503 791 1557 quo
820 1488 1008 1543 ordine
1053 1487 1307 1542 auxilium
1361 1497 1754 1557 consequatur;
1797 1488 2061 1544 dzemonia

474 1580 617 1636 enim
672 1581 907 1634 animam
952 1594 1049 1649 per
1077 1578 1312 1633 libidinis
1350 1579 1532 1633 luxum
1571 1588 1819 1649 quzerunt
1845 1596 2059 1649 capere.

474 1672 578 1728 Sed
609 1673 708 1726 iste
738 1671 862 1726 audi
883 1671 1009 1740 quid
1040 1670 1214 1725 dicat:
1260 1670 1317 1724 In
1347 1687 1564 1733 vanum,
1594 1672 1785 1739 inquit,
1834 1673 2093 1742 quiesieo'

474 1773 602 1818 runt
627 1763 860 1843 animam
889 1777 1085 1816 meam.
1121 1760 1187 1814 Et
1235 1776 1340 1830 qua
1366 1762 1577 1817 ratione
1604 1779 1713 1816 non
1759 1763 1831 1817 sit
1876 1773 2063 1833 captus

2165 573 2522 639 uidebanteos,
2547 584 2596 629 et
2618 577 2786 628 timuit
2810 574 2979 629 omnis
3018 575 3184 630 homo.
3218 575 3286 631 Et
3310 582 3684 644 annuntiaoerunt

2166 683 2323 737 opera
2350 666 2468 734 Dei,
2500 678 2549 721 et
2577 670 2718 739 facta
2743 670 2855 739 ejus
2878 668 3255 722 intellexerunt.
3286 656 3541 728 Latabitur
3551 678 3685 747 justus

2163 758 2220 812 in
2251 757 2495 825 Domino,
2546 769 2593 813 et
2630 758 2855 829 sperabit
2895 760 2948 813 in
2996 776 3074 825 eo,
3106 769 3155 813 et
3203 761 3523 820 laudabuntur
3547 783 3685 826 omnes

2163 851 2287 906 recti
2306 853 2478 905 corde.
2838 860 2843 863 ’
2884 899 2890 909 ,

2735 938 3168 984 εοιιιιειητιιιιωι.

2237 1033 2466 1098 Exaudi,
2494 1034 2652 1100 Deus,
2681 1038 2982 1093 orationem
3013 1055 3187 1095 meam
3216 1055 3334 1095 cum
3363 1043 3581 1111 tribulor,
3599 1047 3685 1103 sire

2163 1140 2285 1181 cum
2311 1126 2590 1197 deprecor.
2624 1125 2796 1194 Quam
2845 1128 3181 1186 orationem?
3208 1131 3251 1186 A
3278 1134 3476 1199 timore,
3503 1137 3583 1197 ait,
3611 1137 3685 1192 iui-

2163 1218 2289 1272 mici
2320 1217 2466 1287 eripe
2487 1218 2719 1272 animam
2749 1234 2949 1284 meam,
2991 1222 3084 1290 qui
3126 1224 3398 1290 protexisti
3424 1239 3501 1279 me
3525 1240 3550 1278 a
3582 1240 3685 1280 con-

2163 1317 2327 1362 ventu
2371 1308 2795 1376 malignantium,
2853 1318 2908 1364 et
2956 1326 2986 1364 a
3024 1312 3360 1369 multitudine
3407 1316 3686 1384 operantium

2164 1390 2522 1468 iniquitatem.
2548 1401 2647 1465 Tu,
2679 1402 2923 1466 Domine,
2952 1418 2981 1456 a
3005 1403 3198 1458 timore
3220 1403 3409 1460 inimici
3427 1406 3573 1460 libera
3598 1407 3686 1461 ani-

2164 1503 2306 1542 mam
2335 1504 2539 1555 meam,
2575 1490 2691 1560 ipsa
2714 1490 2857 1545 enim
2886 1494 3124 1562 suscepit
3154 1492 3207 1547 in
3248 1508 3305 1547 se
3336 1493 3565 1564 Spiritum
3589 1509 3686 1549 san-

2164 1586 2329 1634 ctum.
2363 1578 2454 1633 Isti
2484 1589 2665 1635 autem
2715 1583 2924 1650 sagittis
2966 1585 3019 1638 in
3058 1598 3247 1639 amaro
3293 1599 3415 1639 arcu
3438 1586 3622 1654 paratis,
3647 1586 3691 1640 in

2165 1670 2379 1724 occulto
2408 1672 2708 1726 consistunt
2723 1684 2960 1742 agentes,
2988 1684 3045 1729 ut
3068 1676 3321 1743 sagittent
3348 1676 3397 1729 in
3419 1676 3601 1730 occulto
3614 1676 3689 1729 im-

2165 1754 2511 1814 maculatum.
2546 1760 2748 1817 Tamen
2779 1764 2822 1818 si
2854 1781 2959 1820 non
2999 1768 3336 1821 consenserit
3364 1767 3528 1831 homo,
3563 1768 3689 1822 etiam

479 1858 702 1927 exponit
734 1874 747 1910 :
777 1857 834 1911 In
863 1857 1187 1921 velamento,
1230 1856 1433 1924 inquit,
1464 1856 1668 1911 alarum
1701 1864 1909 1911 tuarum
1940 1872 2063 1927 spe-
2094 1852 2138 1910 B
2164 1852 2209 1905 si
2231 1852 2606 1920 sagittaverint
2632 1869 2774 1919 eum,
2812 1871 2920 1909 non
2960 1856 3192 1922 timebit,
3218 1873 3322 1911 non
3355 1857 3585 1920 abscedit,
3609 1864 3690 1912 stat

477 1952 612 2015 ravi,
645 1950 867 2005 adhmsit
898 1950 1075 2004 anima
1098 1964 1215 2003 mea
1242 1958 1365 2019 post
1393 1956 1465 2015 te,
1483 1965 1569 2004 me
1590 1950 1824 2019 suscepit
1848 1950 2068 2005 dextera

477 2053 589 2097 tua.
615 2040 775 2096 Etsic
797 2040 994 2096 factum
1018 2048 1100 2093 est
1131 2040 1262 2094 utin
1283 2056 1479 2094 vanum
1503 2049 1809 2109 qumrerent
1836 2037 2087 2095 animam'

476 2147 674 2196 meam,
705 2132 804 2200 ipsi
834 2131 1001 2200 magis
1019 2130 1267 2198 fugerunt
1295 2131 1420 2185 dum
1449 2131 2068 2201 mequceruntJngressi

476 2233 602 2279 sunt
629 2225 682 2278 in
714 2224 965 2279 inferiora
996 2232 1170 2289 terra),
1215 2231 1576 2293 pervenerunt
1606 2239 1774 2292 usque
1821 2225 1887 2278 ad
1935 2224 2070 2280 infe-

477 2316 619 2370 riora
646 2314 1246 2385 corporis.lnvenerunt
1271 2316 1341 2369 ibi
1363 2314 1762 2384 gladium'~verbi
1785 2316 1877 2371 Dei
1907 2331 2070 2387 super

475 2398 649 2461 femur
666 2405 1114 2475 potentissimum.
1130 2414 1184 2459 et
1201 2407 1271 2460 ibi
1289 2406 1465 2460 traditi
1477 2414 1599 2459 sunt
1614 2407 1666 2460 in
1686 2422 1872 2462 manus
1888 2407 2064 2476 gladii.

477 2499 642 2554 Natat
684 2499 757 2553 ibi
787 2505 1000 2553 amator
1026 2496 1321 2564 castitatis,
1350 2514 1459 2568 quo
1508 2498 1696 2553 ordine
1733 2499 1953 2553 castitas
1977 2514 2069 2553 cu-

476 2592 728 2648 stoditur.
761 2591 868 2661 Ipsi
900 2592 1042 2646 enim
1067 2592 1157 2661 qui
1184 2600 1434 2659 quaerunt
1460 2592 1695 2644 animam
1726 2599 1870 2645 tuam
1900 2590 1964 2645 ad
1998 2590 2072 2643 in-

476 2685 673 2741 feriora
716 2695 872 2740 terra:
920 2693 1023 2739 tute
1070 2685 1497 2755 perveniunt;tu‘
1522 2685 1703 2738 statim
1742 2685 1785 2738 si
1837 2683 2070 2752 gladium

476 2791 641 2847 super
670 2777 873 2832 femore
902 2778 1108 2832 cinctus
1136 2778 1316 2841 fueris,
1339 2777 1445 2832 hoc
1465 2764 1559 2831 eos
1581 2775 1758 2844 gladio
1789 2780 1950 2831 manu
1979 2785 2070 2830 tua

477 2867 721 2937 partibus
750 2866 937 2921 mittis.
969 2866 1114 2921 Sane
1142 2866 1602 2937 notandumquod
1629 2873 1809 2936 partes
1836 2867 1963 2936 ipsae
1992 2865 2072 2920 fa-

480 2968 582 3015 cta:
609 2959 677 3013 de
713 2959 811 3023 eis,
836 2974 944 3012 non
973 2959 1151 3011 avium
1177 2966 1269 3012 aut
1293 2973 1504 3024 canum,
1530 2957 1627 3012 sed
1655 2958 1914 3027 vulpium,
1946 2957 2071 3025 quia
2107 3001 2134 3024 ,

478 3059 534 3105 et
562 3066 721 3106 canes
751 3060 806 3106 et
834 3066 961 3105 aves
988 3050 1165 3105 solent
1212 3050 1440 3121 perdere
1481 3058 1665 3121 partes
1700 3066 1844 3105 suas.
1872 3049 2073 3119 Vulpes

480 3156 589 3202 tam
618 3151 794 3199 astute
823 3150 1006 3211 agunt,
1039 3150 1099 3196 ut
1145 3158 1249 3197 non
1280 3142 1454 3198 solum
1495 3157 1621 3196 suas
1668 3157 1774 3196 non
1822 3141 2070 3212 perdant,

2170 1945 2416 2008 viriliter,
2465 1953 2523 2000 ut
2569 1955 2850 2017 recuperet
2890 1948 3174 2001 sanitatem
3281 1946 3580 2002 vulneratus.
3631 1946 3691 2001 Illi

2170 2046 2349 2092 autem
2389 2036 2717 2094 affirmantes
2743 2041 2843 2093 sibi
2872 2040 3091 2094 verbum
3123 2032 3468 2108 injustum,'in
3498 2055 3588 2109 quo
3610 2038 3694 2093 dis-

2169 2136 2377 2198 putant,
2411 2137 2469 2182 ut
2499 2129 3091 2201 abscondantlaqueos.
3113 2130 3179 2185 Et
3210 2132 3332 2187 audi
3360 2132 3479 2200 quid
3511 2132 3693 2185 dicant:

2169 2216 2466 2273 [invisibiles
2485 2220 2563 2273 eis
2586 2235 2788 2285 sumus,
2817 2237 2922 2276 non
2949 2222 3205 2277 videbunt
3232 2239 3344 2277 nos.
3376 2222 3437 2275 Et
3458 2222 3694 2277 ideoscru-

2170 2318 2353 2363 tantur
2394 2310 2555 2364 corda
2601 2302 2881 2367 hominum
2932 2313 3128 2381 iniquis
3175 2311 3601 2382 ambagibus,sed
3623 2325 3694 2381 per

2170 2403 2395 2470 gratiam
2431 2403 2525 2459 Dei
2557 2403 2815 2459 delicium
2859 2415 3161 2460 scrutantes
3191 2407 3461 2461 scrutinio.
3493 2404 3694 2458 Videutes

2171 2508 2229 2548 se
2259 2492 2545 2557 defecisse,
2580 2503 2636 2550 et
2685 2496 2959 2550 hominem
3008 2498 3271 2553 accedere
3319 2498 3382 2551 ad
3423 2495 3695 2565 superiorem

2170 2583 2391 2652 gradum
2416 2584 2655 2654 justitize,
2689 2586 2888 2642 faciunt
2917 2588 2966 2642 ei
2994 2603 3089 2643 cor
3115 2588 3304 2652 altum,
3350 2596 3407 2642 ut
3432 2599 3519 2656 per
3549 2583 3696 2638 elatio-

2172 2691 2294 2731 nem
2326 2678 2503 2732 cordis
2524 2678 2658 2748 ejus,
2689 2680 2894 2735 exsulet
2962 2695 3022 2735 se
3048 2679 3192 2734 Deus
3223 2680 3290 2734 ab
3318 2696 3399 2735 eo.
3422 2678 3704 2745 Quantacun-

2173 2784 2279 2838 que
2328 2770 2491 2837 igitur
2537 2770 2590 2824 in
2634 2779 2714 2837 te,
2747 2787 2781 2826 o
2810 2769 3121 2834 Psalmista,
3164 2772 3337 2825 virtus
3380 2756 3696 2825 contemnendi

2172 2862 2492 2926 concrescit,
2524 2870 2676 2916 tanto
2720 2862 2946 2918 altitudo
2991 2862 3144 2919 cordi
3204 2875 3297 2918 tuo
3334 2863 3594 2917 decrescat.
3632 2854 3698 2910 In.

2173 2953 2323 3017 siste,
2354 2954 2471 3025 quia
2501 2954 2667 3007 omnis
2708 2956 2793 3027 qui
2821 2972 2877 3009 se
2920 2955 3119 3009 exultat
3160 2955 3500 3012 humiliabitur
3527 2947 3691 3021 (Matth.

2174 3044 2347 3112 mu).
2379 3044 2529 3100 Tunc
2557 3047 2762 3115 sagittae
2792 3046 3135 3116 parvulorum
3167 3045 3303 3101 fiunt
3340 3046 3496 3114 plaga:
3534 3056 3692 3104 eonun,

2175 3135 2389 3192 dabitur
2425 3145 2666 3206 potestas
2692 3138 2852 3210 etiam
2882 3138 3060 3208 parvis
3098 3136 3377 3193 desideriis
3404 3138 3516 3199 tuis,
3542 3134 3617 3203 qui
3656 3133 3694 3186 in

423 3234 429 3239 ’
479 3237 576 3292 sed
604 3244 659 3291 et
706 3209 914 3290 alienas
964 3242 1019 3289 et
1066 3232 1319 3289 fortiores
1347 3249 1406 3289 se
1451 3241 1795 3303 praesumant.
1825 3209 2068 3301 Denique
2093 3209 2137 3270 (ἶ
2172 3226 2391 3284 Christo
2414 3238 2557 3283 sunt.
2586 3209 2846 3297 Parvulis,
2890 3232 3129 3301 inquam,
3161 3248 3293 3287 mox
3319 3231 3452 3286 natis
3478 3246 3535 3283 ex
3558 3236 3601 3281 te
3629 3224 3687 3279 de

478 3326 824 3401 physiologus
839 3324 1229 3395 refertsemper
1243 3326 1453 3395 vulpem
1477 3325 1529 3379 in
1553 3324 1759 3379 insidiis
1780 3339 1897 3379 esse
1912 3324 2067 3393 lupo;

479 3427 538 3474 ut
563 3419 653 3472 ubi
679 3417 795 3487 ejus
824 3417 1054 3470 senserit
1082 3415 1319 3486 praedam
1361 3415 1656 3481 occultam,
1687 3416 1860 3486 rapiat
1893 3416 1962 3470 ei.
1991 3414 2070 3471 Ita

478 3520 534 3569 et
563 3520 617 3567 tu
646 3511 909 3567 castitatis
936 3518 1166 3587 amator,
1214 3526 1320 3564 non
1369 3509 1544 3563 solum
1588 3516 1734 3565 tuam
1765 3510 2071 3565 castitatem

479 3617 694 3666 serves;
726 3601 821 3656 sed
868 3617 962 3655 eos
1002 3616 1141 3669 quos
1179 3600 1444 3670 praedatus
1471 3607 1586 3662 est,
1638 3608 1753 3654 arte
1782 3615 1885 3670 qua
1916 3608 2072 3669 potes

479 3696 634 3765 quasi
663 3703 872 3749 astutus
920 3693 1134 3762 eripias,
1177 3702 1236 3747 ut
1264 3694 1460 3747 astutia
1509 3700 1597 3746 tua
1615 3732 1630 3757 ,
1659 3692 1812 3760 quasi
1841 3693 2028 3762 vulpes
2052 3731 2066 3756 ,

479 3791 661 3855 partes
688 3783 989 3837 daemonum
1036 3782 1241 3849 rapiat,
1280 3782 1500 3835 castitas
1541 3781 1820 3846 comedat,
1851 3790 1905 3836 et
1954 3782 2068 3851 ipsa

480 3880 764 3930 consumat
803 3872 856 3926 in
886 3873 969 3927 bis
1014 3870 1185 3927 factis.
1221 3871 1337 3925 Rex
1359 3879 1481 3925 tuus
1509 3872 1754 3926 Christus
1778 3868 1944 3928 Filius
1974 3874 2070 3928 Dei

480 3963 819 4019 ltetabituriu
868 3961 1024 4017 Patre
1070 3969 1126 4017 et
1164 3961 1366 4031 Spiritu
1402 3971 1617 4025 sancto,
1666 3971 1721 4017 et
1769 3963 2071 4020 laudabitur

480 4054 658 4111 omnis
686 4054 774 4122 qui
802 4052 948 4122 jurat
990 4053 1042 4106 in
1064 4067 1151 4116 eo,
1179 4068 1284 4105 non
1320 4050 1629 4120 juramento
1648 4052 1713 4106 ad
1741 4052 2067 4109 satisfactio-

479 4160 604 4201 nem
636 4144 887 4210 hominis,
920 4143 1014 4199 sed
1037 4142 1161 4212 jura
1200 4158 1319 4212 qum
1355 4143 1406 4197 in
1436 4159 1502 4198 eo
1530 4152 1649 4198 sunt
1679 4145 2064 4200 conservando.

481 4235 601 4306 Quo
629 4237 788 4303 facto,
814 4237 1109 4293 obstruitur
1130 4253 1191 4292 os
1228 4237 1560 4306 loquentium
1591 4237 1791 4308 iniqua.
1824 4237 1939 4292 Non
1971 4253 2069 4292 au-

478 4328 680 4383 debunt
709 4327 981 4383 daemones
1026 4328 1171 4396 loqui
1195 4328 1306 4397 jam
1351 4337 1441 4382 tuo
1471 4328 1620 4384 cordi
1670 4329 1954 4399 superﬂua,
1987 4328 2068 4382 fa-

482 4421 660 4475 ciente
686 4420 886 4474 auxilio
916 4418 1129 4472 Domini
1158 4419 1329 4473 nostri
1348 4418 1475 4473 Jesu
1503 4418 1721 4485 Christi,
1755 4420 1847 4488 qui
1881 4430 2071 4489 regnat
2105 4464 2109 4475 .

477 4526 598 4566 cum
629 4508 788 4565 Patre
829 4518 883 4565 et
929 4507 1133 4579 Spiritu
1170 4518 1357 4564 sancto
1400 4510 1454 4564 in
1501 4510 1696 4565 smcula
1724 4511 2065 4569 saeculorum.

482 4600 673 4657 Arnen.

572 4691 585 4695 ’
996 4667 1313 4725 PSALMUS
1350 4668 1526 4723 LXIII.

903 4761 960 4816 In
997 4762 1155 4817 linem
1186 4763 1423 4833 psalmus
1449 4762 1633 4817 David.

550 4874 779 4940 Exaudi,
807 4876 963 4941 Deus,
987 4878 1271 4932 oralionem
1306 4894 1473 4937 meam
1497 4894 1612 4931 cum
1641 4877 1903 4948 deprecor,
1932 4899 1963 4934 a
1993 4882 2062 4935 ti-

478 4983 620 5022 more
673 4967 868 5021 inimici
913 4970 1053 5039 eripe
1090 4970 1321 5024 animum
1349 4987 1535 5025 nteant.
1589 4968 1879 5025 Protexisti
1919 4988 2001 5025 me
2028 4989 2059 5026 a

474 5064 722 5111 conventu
751 5057 1161 5126 mulignantium,
1186 5076 1217 5111 a
1247 5059 1572 5114 multitudine
1598 5062 1924 5131 aperantium
1954 5064 2058 5117 ini-

473 5148 741 5220 quitatem.
770 5145 905 5211 Quia
950 5162 1259 5205 exacuerunt
1298 5152 1506 5224 linguas
1545 5170 1700 5217 suas,
1731 5155 2066 5210 intenderunt

475 5254 652 5292 arcum
682 5255 787 5291 rem
810 5254 1059 5302 amaram,
1084 5248 1140 5293 ut
1166 5242 1411 5312 sagittent
1437 5245 1493 5297 in
1521 5245 1733 5299 occultis
1762 5246 2066 5301 immacula-

474 5342 599 5386 tum.
626 5330 811 5385 Subito
835 5330 1152 5401 sagittabunt
1179 5350 1292 5388 eum
1319 5345 1369 5388 et
1397 5352 1500 5390 non
1535 5336 1796 5400 timebunt,
1821 5340 2065 5408 ﬁrmave-

473 5433 592 5476 runt
616 5421 714 5477 sibi
733 5439 1019 5477 sermonem
1040 5439 1278 5494 nequam.
1313 5423 1677 5481 Nurraverunt
1704 5438 1758 5480 ut
1781 5427 2066 5484 absconde-

473 5523 585 5566 rent
614 5513 857 5586 laqueos;
880 5514 1145 5579 dixerunt,
1182 5515 1305 5578 Quis
1335 5515 1520 5570 ridebit
1539 5519 1665 5572 eos?
1693 5519 1923 5573 Scrutati
1946 5529 2067 5574 sunt

473 5604 787 5673 iniquitates,
838 5604 1135 5676 defecerunt
1181 5615 1471 5661 scrutantes
1521 5610 1786 5664 scrutinio.
1846 5610 2065 5664 Accedet

473 5691 623 5746 homo
652 5694 719 5746 ad
748 5711 837 5749 cor
866 5695 1057 5759 altum,
1083 5706 1131 5749 et
1160 5695 1474 5751 exn/labitur
1500 5697 1656 5753 Deus.
1692 5701 1908 5771 Sagitta!
1944 5717 2067 5769 par-

472 5783 704 5837 rulortnn
750 5787 903 5855 furtte
946 5798 1065 5842 sunt
1107 5788 1278 5858 plaga:
1316 5806 1512 5853 corum,
1546 5797 1595 5845 et
1635 5792 1916 5857 infirmata?
1943 5803 2065 5845 sunt

2174 3319 2385 3375 sideriis
2428 3322 2763 3390 spiritalibus
2808 3321 3024 3377 dabitur
3059 3324 3268 3387 virtus,
3312 3330 3367 3377 ut
3395 3319 3579 3389 sagittis
3614 3314 3694 3370 suis

2173 3412 2357 3484 plagas
2384 3412 2716 3469 dtemonibus
2745 3413 2961 3479 faciant,
2994 3424 3049 3470 et
3067 3432 3166 3485 pro
3197 3416 3365 3472 nihilo
3387 3416 3694 3483 computaqu

2173 3520 2287 3571 eos,
2319 3514 2506 3560 contra
2555 3506 2700 3576 ipsos
2750 3505 2947 3562 faciant
2988 3496 3199 3575 linguas
3239 3523 3439 3571 eorum,
3486 3503 3531 3559 id
3563 3508 3692 3556 estea

2170 3612 2291 3667 qute
2317 3600 2695 3666 suggesserim,
2720 3610 2906 3655 contra
2937 3615 3033 3655 eos
3053 3600 3254 3655 reverti
3269 3599 3477 3656 faciant.
3497 3592 3693 3664 Quiasic-

2172 3693 2231 3743 ut
2265 3689 2309 3743 si
2338 3690 2791 3756 consenserimus,
2819 3689 2965 3759 ipsos
2987 3689 3350 3745 vulneramus.
3372 3690 3428 3744 In
3448 3689 3535 3742 hac
3555 3681 3694 3751 regula

2172 3779 2348 3834 omnis
2364 3779 2529 3834 homo
2550 3781 2643 3849 qui
2670 3796 2771 3835 nos
2799 3781 3112 3849 cognoverit
3141 3794 3324 3850 agere,
3342 3780 3533 3834 timebit
3549 3777 3692 3836 Deum.

2172 3876 2227 3923 et
2256 3869 2600 3924 annuntiahit
2648 3885 2813 3941 opera
2863 3870 2997 3939 ejus,
3031 3879 3087 3924 et
3140 3870 3282 3927 facta
3324 3871 3434 3940 ejus
3469 3865 3690 3932 intelliget

2168 3957 2351 4015 Justus
2397 3970 2577 4016 autem
2618 3962 2707 4030 qui
2763 3969 2865 4026 est,
2896 3977 3001 4016 non
3046 3962 3345 4017 tristabitur
3391 3961 3442 4015 in
3491 3953 3690 4014 adverSlS.

2169 4049 2265 4105 sed
2310 4050 2576 4107 laetabitur
2603 4053 2657 4107 in
2703 4052 2953 4119 Domino,
2999 4062 3055 4109 et
3091 4054 3331 4123 sperabit
3367 4053 3417 4108 in
3446 4054 3586 4115 eo,et
3618 4040 3692 4097 erit

2171 4140 2288 4195 laus
2309 4142 2559 4197 omnibus
2586 4143 2749 4198 rectis
2770 4144 2935 4199 corde
2964 4145 3015 4199 in
3047 4143 3264 4200 Christo
3295 4142 3508 4198 Domino
3530 4139 3688 4194 nostro.

2170 4232 2263 4300 qui
2284 4242 2471 4301 regnat
2496 4233 2549 4288 iu
2580 4235 2774 4290 saecula
2798 4235 3136 4290 szeculorum.
3166 4236 3357 4291 Amen.

2695 4346 2915 4402 PSALM
2925 4346 3009 4403 US
3048 4347 3232 4403 LXIV.

2170 4433 2226 4490 In
2244 4433 2682 4509 [Inempsalmus
2708 4436 2874 4509 David
2911 4438 3178 4492 canticum
3208 4438 3402 4509 Aggaai,
3426 4436 3634 4509 Ieremia

2244 4496 2560 4570 Ezechielis,
2592 4507 2660 4561 de
2693 4507 2859 4561 verbo
2890 4496 3357 4576 peregrinationis,
3381 4496 3430 4562 et
3453 4506 3515 4561 de
3538 4496 3692 4574 populo

2091 4573 2143 4632 D
2240 4577 2745 4644 transmigrationis,
2776 4573 2902 4632 cum
2927 4573 3228 4649 inciperent
3258 4576 3527 4650 proﬁcisci.

2246 4688 2318 4745 Te
2339 4688 2480 4743 decet
2502 4691 2739 4760 hymnus,
2773 4689 2935 4755 Deus,
2963 4692 3015 4744 in
3038 4691 3193 4756 Sion,
3219 4701 3269 4745 et
3297 4690 3386 4745 tibi
3414 4685 3617 4743 reddetur
3634 4692 3694 4733 so-

2172 4781 2351 4835 tumin
2378 4780 2685 4834 Jerusalem.
2717 4780 2929 4835 Exaudi
2957 4784 3237 4836 orationem
3259 4798 3437 4843 meam,
3460 4779 3523 4832 ad
3553 4785 3693 4830 teora-

2168 4876 2250 4927 nis
2283 4889 2404 4928 caro
2426 4873 2613 4927 veniat.
2655 4871 2824 4927 Verba
2861 4874 3152 4946 iniquorum
3188 4875 3545 4946 prcevaluerunt
3573 4876 3693 4936 supr?

2167 4984 2283 5033 nos,
2320 4977 2368 5021 et
2402 4966 2752 5037 impietatibus
2795 4967 2986 5020 nostris
3016 5014 3019 5017 ,
3045 4960 3096 5019 tu
3141 4963 3505 5037 propitiaberis.
3547 4957 3692 5012 licam

2165 5075 2313 5130 quem
2337 5056 2537 5128 elegisti
2566 5066 2614 5111 et
2660 5056 3007 5127 assumpsisti,
3032 5055 3339 5111 inltabitabit
3364 5046 3582 5109 in'otriis
3599 5047 3690 5099 ait.

2172 5149 2500 5220 Replebimur
2526 5150 2580 5202 in
2610 5148 2755 5204 bonis
2787 5150 2967 5205 domus
3002 5158 3120 5215 tuae,
3148 5160 3377 5204 sanctum
3404 5156 3475 5202 est
3498 5143 3689 5208 templum

2169 5250 2328 5303 tuum,
2353 5239 2590 5294 mirabile
2613 5242 2666 5294 in
2697 5242 2954 5311 (equitate.
2984 5238 3191 5295 Exaudi
3217 5256 3329 5304 nos,
3347 5237 3477 5292 Deus
3493 5226 3689 5289 salutaris

2168 5340 2375 5396 noster,
2416 5348 2532 5401 spes
2580 5331 2808 5385 omnium
2856 5332 3038 5401 ﬁniunt
3068 5341 3236 5394 terra’,
3263 5340 3312 5385 et
3334 5331 3386 5382 in
3410 5324 3532 5382 mari
3554 5322 3685 5388 longe.

2170 5425 2490 5496 Prwparans
2511 5435 2708 5478 montes
2737 5425 2790 5478 in
2812 5425 2996 5479 virtute
3025 5435 3129 5490 tua,
3176 5424 3430 5478 accinctus
3464 5411 3687 5488 potentia:

2169 5521 2255 5589 qui
2284 5515 2558 5572 conturbas
2586 5517 2897 5588 profundum
2922 5518 3101 5583 maris,
3144 5532 3322 5572 sonum
3346 5515 3563 5585 ﬂuctuum
3584 5502 3685 5571 el”-

2164 5609 2531 5664 ‘Turbabuntur
2550 5617 2726 5681 gentes
2749 5617 2799 5660 et
2823 5606 3164 5680 timcbuntqui
3190 5604 3467 5661 inhabitant
3493 5591 3687 5681 terminet

2168 5717 2201 5751 α
2221 5700 2385 5769 signis
2407 5701 2527 5761 tuis;
2552 5677 2722 5750 exitus
2754 5698 2997 5752 matutini
3023 5709 3073 5752 et
3092 5677 3298 5768 uespere
3322 5685 3583 5747 delectabis.
3618 5677 3685 5731 γε·

2167 5792 2336 5845 sitasn'
2367 5800 2553 5844 terram
2582 5800 2629 5849 et
2657 5789 2921 5845 iucbriasti
2969 5808 3080 5845 eam
3104 5809 3122 5857 ;
3152 5782 3486 5857 multiplirnsti
3506 5770 3682 5841 locuple'
