3908 6176
141 391 224 447 us

1055 383 1528 445 COMMENTABII
1564 381 1632 437 ΙΝ
1670 379 1999 439 PSALMOS.
2043 381 2235 438 PSAL.
2276 382 2431 439 LXV.

3290 389 3390 444 ιη

135 519 228 563 tare
250 501 628 559 eam.~Flumn
669 476 775 557 Dei.
795 502 1047 573 repletum
1074 512 1150 556 est
1175 501 1354 570 aquis,
1396 499 1596 569 parasti
1623 499 1700 551 ci-
1728 502 1773 557 A
1802 505 1909 552 tur.
1960 497 2251 553 lnduentur
2292 500 2434 555 enim
2490 500 2686 555 arietes
2738 500 3389 569 mansuetudineovium,

137 608 233 653 tum
270 597 489 660 illorum,
532 594 779 666 quoniam
808 595 883 647 ita
919 602 997 646 est
1016 592 1327 663 prwparatio
1373 590 1501 660 ejus.
1539 587 1696 642 Rivos

135 691 227 761 ejus
251 688 500 741 inebrians
530 684 817 756 multiplica
846 685 1107 755 genimina
1147 683 1279 754 ejus,
1327 682 1380 734 in
1418 677 1696 734 stillicidiis

138 780 229 851 ejus
252 778 496 831 lwtabitur
524 776 841 847 germinans.
875 772 1152 827 Benedices
1174 788 1379 826 corona:
1403 769 1540 847 anni.
1556 767 1697 823 beni-

141 872 322 942 gnitatis
361 878 481 929 tum.
531 878 582 922 et
607 869 775 937 campi
828 870 899 922 tui
930 865 1256 937 replebuntur
1283 863 1531 918 ubertate.
1566 863 1696 916 Pin-

141 972 344 1033 guescent
367 962 596 1029 speciosa
639 960 857 1024 deserti,
896 970 945 1012 et
973 958 1319 1012 exsultatione
1339 957 1494 1011 colles
1522 956 1696 1009 acrin-

140 1064 307 1124 gentar.
334 1051 510 1106 lnduti
540 1063 660 1106 sunt
687 1054 872 1105 arietes
894 1052 1080 1113 arium,
1104 1060 1153 1103 et
1173 1049 1327 1103 valles
1363 1046 1695 1102 abundabunt

139 1148 373 1215 fmmento,
407 1143 703 1198 clamabunt
729 1145 936 1207 e.‘enim,
964 1143 1207 1213 hymnum
1236 1140 1425 1195 dicent.

674 1289 1110 1330 COIMENTABIL‘M.

193 1410 243 1465 In
262 1409 476 1466 Hebraeo
504 1425 611 1464 non
641 1409 804 1464 habet
834 1423 932 1463 nec
950 1406 1261 1471 Jeremiam,
1295 1423 1394 1461 nec
1416 1409 1687 1476 Aggtcum,

136 1503 220 1556 nisi
244 1503 402 1555 solum
440 1500 628 1554 David.
661 1498 766 1554 Sed
796 1499 964 1554 Esdra
1007 1499 1211 1553 habens
1249 1499 1565 1554 charitatetn
1598 1514 1691 1553 eo-

136 1608 251 1655 rum,
280 1592 433 1645 voluit
458 1606 553 1644 eos
577 1605 899 1655 memorare,
951 1605 1199 1644 asserens
1238 1590 1397 1643 istum
1426 1589 1689 1659 psalmum

134 1683 277 1736 David
295 1682 548 1736 cecinisse
576 1697 669 1735 eos
694 1682 744 1734 in
777 1681 1203 1751 prophetationis
1232 1696 1341 1735 sua:
1363 1680 1514 1734 initio
1540 1698 1552 1733 :
1586 1680 1690 1735 hoc

135 1784 225 1839 est,
253 1782 392 1828 extra
442 1782 583 1827 terra
631 1773 804 1826 aliena
844 1782 956 1836 est,
1008 1780 1063 1827 et
1116 1788 1222 1826 non
1261 1780 1440 1842 potest
1468 1780 1689 1826 cantare

1798 607 1907 646 non
1935 595 2277 649 ventilabunt
2304 593 2594 658 cornubus,
2627 600 2681 646 et
2718 593 2990 647 convalles
3045 594 3394 652 abundabunt

1794 682 2064 739 frumento
2117 686 2361 755 corporis
2398 683 2616 739 Christi.
2672 684 2827 750 Quod
2857 682 3072 754 quando
3103 687 3393 761 accipient,

1797 774 2104 828 clamabunt
2152 780 2349 831 arietes
2402 785 2457 831 et
2500 792 2629 830 oves
2663 776 2844 840 simul,
2877 777 3131 847 hymnum
3156 778 3394 835 dicentes

1795 862 2010 920 Christo
2048 865 2185 921 Filio
2236 867 2348 930 Dei,
2400 867 2489 937 qui
2518 875 2707 936 regnat
2756 883 2876 922 cum
2919 866 3080 922 Patre
3110 876 3163 920 et
3189 867 3391 937 Spiritu

1796 965 2002 1024 sancto,
2045 959 2098 1013 in
2140 958 2343 1013 unﬂate
2374 959 2616 1024 Deitatis,
2649 967 2703 1013 et
2725 959 2776 1012 in
2800 957 3062 1013 Trinitate
3091 959 3310 1014 unitatis
3338 960 3392 1014 in

1796 1050 1989 1105 sarcula
2018 1051 2358 1106 saeculorum.
2394 1050 2585 1105 Amen.

2334 1181 2558 1237 PSAMI
2567 1181 2649 1237 US
2687 1182 2846 1237 LXV.

1962 1293 2020 1348 In
2051 1293 2210 1349 linem
2236 1295 2504 1351 canticum
2534 1296 2723 1365 psalmi
2765 1296 3214 1352 Rcsurrectionis.

1861 1427 2089 1482 Jubitate
2132 1427 2264 1493 Deo,
2297 1431 2465 1483 ontuis
2496 1438 2652 1494 terra,
2699 1429 2953 1500 psalmum
2980 1430 3136 1484 dicite
3184 1433 3387 1487 nomini

1791 1518 1921 1589 ejus,
1954 1519 2074 1574 date
2100 1521 2321 1590 gloriam
2348 1520 2489 1574 laudi
2524 1522 2653 1592 ejus.
2700 1520 2869 1575 Dicite
2902 1520 3047 1574 Deo:
3085 1520 3249 1585 Quum
3285 1534 3388 1576 ter-

1791 1610 1966 1664 ribilia
2010 1620 2131 1664 sunt
2156 1628 2313 1681 opera
2360 1620 2465 1674 tua,
2496 1611 2741 1667 Domine!
2761 1614 2811 1665 in
2836 1612 3161 1664 multitudine
3185 1614 3386 1666 virtutis

1793 1709 1893 1753 tua:
1921 1702 2235 1755 mentientur
2259 1702 2349 1756 tibi
2378 1703 2577 1756 inimici
2610 1704 2701 1755 tui.
2741 1700 2925 1756 Omnis
2947 1714 3085 1756 terra
3115 1704 3293 1758 adoret
3321 1714 3385 1769 te,

1793 1791 1954 1857 Deus,
1983 1802 2034 1847 et
2061 1794 2255 1863 psallat
2286 1793 2396 1859 tibi,
2423 1796 2677 1864 psalmum
2701 1794 2837 1847 dicat
2859 1796 3053 1848 nomini
3077 1804 3181 1848 tuo.
3214 1794 3386 1849 Venite

134 1863 332 1934 limites
353 1864 400 1916 in
428 1873 572 1918 terra
600 1863 793 1917 aliena.
826 1861 911 1916 Sit
946 1877 1075 1932 ergo
1104 1861 1233 1917 Sion
1275 1862 1450 1916 anima
1481 1872 1683 1927 nostra,

1793 1894 1843 1938 et
1866 1884 2030 1939 videte
2058 1903 2217 1956 opera
2264 1884 2381 1942 Dei.
2417 1886 2660 1940 terribilis
2698 1889 2752 1940 in
2782 1888 3014 1940 consiliis
3056 1904 3210 1953 super
3249 1888 3386 1957 ﬁlios

133 1963 183 2008 ut
224 1955 400 2010 deceat
429 1956 684 2025 hymnum
714 1955 766 2008 in
796 1970 859 2008 ea
889 1954 1014 2009 dici.
1065 1955 1285 2008 Decebit
1329 1963 1507 2008 autem
1558 1954 1687 2010 Sion

132 2060 232 2098 eam
251 2061 380 2108 esse,
411 2046 455 2100 si
484 2045 774 2099 reddiderit
797 2054 979 2099 votum
1005 2044 1320 2111 Jerusalem,
1348 2045 1392 2100 si
1423 2045 1565 2115 quod
1594 2063 1691 2101 vo-

132 2147 225 2191 tum
270 2138 386 2192 fecit
412 2138 546 2201 Deo,
578 2153 637 2191 se
679 2139 1111 2191 renuntiaturum
1140 2138 1355 2191 diabolo
1398 2146 1452 2191 et
1482 2138 1691 2207 pompis

131 2230 245 2297 ejus,
292 2230 603 2299 impleverit,
655 2239 781 2285 tunc
819 2229 1036 2284 exaudit
1059 2229 1199 2284 Deus
1221 2230 1523 2284 orationem
1551 2227 1686 2297 ejus,

130 2339 229 2376 cum
252 2323 418 2377 omnis
444 2338 573 2377 caro
598 2323 665 2376 ad
694 2338 815 2377 eum
854 2323 1075 2377 venerit.
1132 2321 1248 2375 Non
1277 2330 1360 2376 est
1396 2322 1540 2376 enim
1592 2338 1690 2377 nec

129 2412 292 2475 tribus,
342 2427 435 2466 nec
479 2426 631 2479 gens,
683 2427 749 2466 ex
778 2427 882 2482 qua
914 2428 1019 2465 non
1045 2408 1432 2479 genuﬂectctur
1459 2395 1715 2467 Domino.

128 2499 229 2556 lesu
250 2501 479 2556 Christo.
503 2501 920 2558 Ptmdicantibus
941 2503 1081 2557 enim
1104 2502 1382 2571 apostolis,
1413 2503 1465 2555 in
1488 2520 1688 2558 ontnem

129 2601 297 2646 terram
341 2596 495 2647 exivit
540 2610 697 2648 sonus
726 2610 902 2648 eorum
928 2594 945 2663 (
996 2594 1140 2650 Rom.
1172 2593 1259 2664 ι).
1283 2591 1350 2646 Et
1382 2593 1505 2648 licet
1527 2596 1686 2649 verba

128 2683 420 2753 iniquorum,
447 2684 840 2740 Pharisaeorum
868 2685 1093 2747 scilicet,
1122 2684 1503 2754 przcvaluerint
1525 2701 1689 2756 super

127 2792 219 2837 eos.
248 2786 303 2832 et
329 2779 486 2848 impie
526 2793 621 2833 eos
656 2777 981 2832 afﬂixerint:
1032 2777 1136 2831 Sed
1188 2778 1568 2846 impietatibus,
1602 2779 1686 2832 in-

126 2871 237 2938 quit,
286 2886 414 2940 quas
448 2871 682 2939 patimur
712 2880 766 2923 tu
789 2855 1187 2939 propitiaberis.
1220 2869 1415 2924 Beatus
1443 2878 1524 2923 est
1543 2870 1684 2924 enim

126 2958 353 3015 Dominus
370 2960 525 3016 Jesus
546 2959 808 3028 Christus,
832 2977 990 3030 quem
1021 2963 1225 3029 elegisti
1256 2971 1311 3018 et
1330 2964 1689 3033 assumpsisti;

126 3051 196 3107 hic
225 3053 478 3106 habitavit
506 3054 558 3107 in
588 3054 949 3107 tabernaculis
980 3053 1103 3119 tuis,
1136 3054 1354 3123 quando
1384 3055 1600 3124 replesti
1631 3056 1683 3109 in

124 3143 254 3199 bouis
286 3146 475 3200 domus
526 3154 647 3211 tute,
690 3145 743 3199 in
785 3161 888 3215 qua
932 3155 1178 3201 sanctum
1224 3147 1485 3216 templum
1534 3155 1685 3202 tuum

1792 1976 2075 2030 hominum.
2122 1974 2224 2040 Qui
2274 1978 2524 2031 convertit
2565 1994 2706 2030 mare
2732 1979 2787 2031 in
2828 1978 3053 2041 aridam,
3095 1978 3145 2030 in
3177 1977 3389 2047 [lumine

1790 2068 2175 2139 pertransibunt
2196 2069 2344 2140 pede,
2377 2068 2446 2123 ibi
2470 2070 2761 2124 (tutabimur
2783 2072 2835 2133 in
2861 2072 2992 2138 ipso.
3029 2068 3129 2133 Qui
3153 2070 3387 2125 domina-

1785 2169 1875 2221 tur
1914 2162 1970 2215 in
2022 2170 2207 2215 virtute
2234 2178 2327 2215 sua
2359 2163 2411 2215 in
2436 2171 2702 2226 internum,
2736 2162 2868 2215 oculi
2892 2162 3001 2231 ejus
3032 2178 3185 2230 super
3213 2173 3385 2232 gentes

1791 2251 2097 2319 respiciunt;
2113 2253 2199 2321 qui
2215 2262 2526 2321 exasjrerant
2556 2268 2655 2305 non
2680 2252 2976 2305 exalteutur
3004 2256 3055 2304 in
3074 2252 3382 2322 semetipsis.

1790 2338 2085 2413 Benedicite
2130 2352 2304 2411 gentes
2358 2340 2521 2395 Deum
2568 2350 2822 2406 nostrum,
2874 2352 2922 2394 et
2971 2342 3199 2394 auditam
3232 2344 3387 2411 facile
3478 2354 3483 2359 ‘

1788 2447 1961 2484 vocem
1998 2432 2171 2486 laudis
2191 2434 2323 2503 ejus.
2359 2430 2457 2497 Qui
2479 2435 2650 2503 posuit
2670 2436 2895 2487 animum
2919 2452 3081 2487 meam
3107 2436 3175 2487 ad
3205 2437 3383 2499 vitam,

1789 2530 1838 2593 et
1886 2539 1988 2576 non
2037 2523 2176 2577 dedit
2210 2526 2265 2577 in
2298 2524 2687 2585 commotionem
2727 2526 2879 2595 pedes
2918 2542 3076 2579 meos.
3128 2524 3383 2588 Quoniam

1787 2616 2019 2687 probasti
2047 2634 2160 2682 nos,
2196 2618 2354 2676 Deus.
2381 2619 2499 2689 igne
2521 2635 2614 2672 nos
2636 2621 2947 2672 examinusti
2966 2621 3097 2674 sicut
3124 2620 3400 2672 examino-

1787 2716 1872 2762 tur
1898 2720 2187 2778 argentum.
2234 2708 2497 2762 Induxisti
2542 2726 2634 2763 nos
2675 2710 2729 2761 in
2759 2710 3012 2780 laqueum,
3049 2711 3263 2778 posuisti
3292 2711 3381 2763 tri-

1787 2798 2073 2854 bulationes
2122 2798 2175 2854 ﬁt
2207 2801 2364 2855 dorso
2405 2812 2601 2865 nostro,
2635 2803 2924 2871 imposuisti
2972 2802 3202 2855 homines
3231 2816 3385 2871 super

1785 2893 1959 2961 capita
1988 2903 2186 2947 nostra.
2241 2893 2592 2949 Transirimus
2631 2913 2723 2966 per
2762 2896 2931 2967 ignem
2981 2906 3029 2947 et
3077 2911 3284 2966 aquam,
3326 2904 3377 2948 et

1784 2982 2011 3038 eduxisti
2039 3001 2132 3039 nos
2163 2986 2217 3038 in
2261 2987 2607 3056 refrigerium.
2646 2984 2881 3040 Introibo
2911 2987 2966 3039 in
3016 2985 3218 3039 domum
3244 2994 3381 3039 luant

1783 3074 1836 3127 in
1858 3074 2192 3140 holocaustis,
2215 3076 2427 3129 reddam
2460 3078 2549 3129 tibi
2583 3086 2696 3131 vota
2726 3094 2856 3137 mea,
2889 3094 3003 3147 qua:
3032 3077 3379 3131 distinxerunt

1784 3164 1922 3220 labia
1951 3183 2083 3219 mea.
2109 3165 2176 3219 Et
2199 3170 2422 3245 locutum
2450 3176 2525 3219 est
2552 3183 2610 3220 os
2631 3184 2797 3220 nteant
2819 3168 2869 3219 in
2897 3166 3225 3221 tribulatione
3246 3158 3380 3223 mea.
3426 3234 3427 3237 η

126 3248 284 3305 regnat
324 3255 430 3292 non
459 3235 839 3302 manuiactum,
871 3238 964 3292 sed
1008 3239 1173 3293 verbo
1202 3240 1459 3306 genitum,
1493 3249 1547 3294 et
1575 3240 1679 3294 vir-

1789 3256 2111 3312 Holocausta
2127 3258 2408 3311 medullula
2430 3257 2647 3326 o/feram
2671 3257 2761 3310 tibi
2775 3274 2887 3310 cum
2917 3260 3124 3311 incenso
3145 3260 3383 3327 arietum,

94 3328 258 3394 .ginali
285 3340 433 3384 utere
478 3339 839 3399 procreatum,
881 3331 965 3385 cui
995 3330 1258 3385 dicimus:
1304 3330 1510 3386 Exaudi
1552 3348 1679 3397 nos,

127 3418 240 3474 Deus
261 3421 507 3476 salutaris
537 3429 740 3487 noster,
771 3438 920 3491 spem
973 3423 1114 3476 enim
1156 3423 1302 3476 omni
1350 3425 1532 3490 generi
1580 3426 1681 3478 ltu-

127 3526 258 3566 mano
279 3521 333 3567 tu
355 3513 609 3575 tribuisti,
638 3514 799 3567 etiam
822 3514 907 3568 his
931 3514 1021 3582 qui
1044 3514 1203 3581 longe
1224 3522 1367 3580 sunt,
1409 3523 1463 3569 et
1491 3515 1571 3569 bis
1592 3516 1683 3584 qui

127 3620 281 3674 prope.
312 3605 540 3672 Quando
570 3607 769 3676 parasti
800 3614 1011 3660 montes
1041 3607 1093 3659 in
1117 3608 1312 3660 virtute
1337 3615 1444 3670 tua,
1491 3608 1684 3675 quibus

127 3696 271 3752 dixisti
296 3717 307 3751 :
341 3698 635 3753 Praedicate
662 3698 1002 3770 Evangelium
1023 3700 1165 3753 omni
1191 3707 1442 3754 creatura:
1466 3698 1659 3759 (Marc.

126 3791 234 3853 xu).
261 3784 427 3858 Signa
445 3798 626 3843 autem
655 3789 999 3843 credentibus
1028 3790 1142 3845 hinc
1169 3791 1466 3845 ostendetis
1490 3808 1502 3843 :
1538 3789 1683 3846 inﬁr-

126 3894 219 3939 mos
239 3882 508 3946 curabilis,
541 3897 714 3937 caecos
761 3882 1146 3949 illuminabitis,
1179 3895 1425 3939 mortuos
1452 3886 1679 3941 suscita-

124 3968 243 4025 bitis.
284 3973 362 4027 Ab
408 3973 495 4027 bis
546 3973 712 4041 signis
761 3974 991 4028 turbatae
1019 3982 1143 4029 sunt
1168 3986 1375 4043 gentes,
1408 3984 1463 4031 et
1493 3977 1685 4032 timent

103 4058 265 4119 'Deum
292 4082 478 4121 omnes
523 4067 615 4136 qui
662 4067 905 4121 habitant
935 4065 1067 4122 lines
1094 4076 1281 4134 terrm;
1314 4069 1382 4123 ab
1429 4069 1510 4124 his
1539 4072 1681 4123 enim

123 4153 262 4222 signis
281 4158 435 4211 timor
450 4157 546 4212 Dei
568 4173 730 4226 super
750 4158 941 4213 faciem
966 4166 1121 4213 terra:
1142 4160 1367 4229 sumpsit
1381 4160 1679 4216 exordium.

123 4242 177 4299 Et
201 4248 246 4301 in
271 4251 415 4303 exitu
443 4249 690 4303 matutini
719 4258 775 4303 et
802 4249 1012 4318 vesperi
1034 4250 1391 4305 delectabitur
1438 4251 1598 4317 Deus,
1630 4254 1683 4309 id

125 4345 206 4400 est,
233 4340 282 4393 in
308 4339 527 4397 Oriente
548 4349 603 4396 et
626 4339 914 4396 Occidente
944 4343 997 4396 in
1025 4342 1469 4399 aediﬁcationibus
1492 4344 1681 4401 Eccle-

122 4428 292 4486 tiarnm
315 4433 687 4498 delectaberis,
711 4448 909 4505 exquo
938 4435 1163 4491 visitasti
1208 4446 1406 4492 terram
1448 4440 1683 4495 adventu

124 4525 216 4585 tuo,
259 4535 312 4577 et
339 4524 614 4578 inebriasti
645 4540 764 4579 eam
793 4527 1052 4594 sanguine
1096 4535 1208 4592 tuo,
1240 4529 1458 4597 quando
1485 4527 1682 4585 ﬂumen

1786 3349 2001 3417 offeram
2034 3347 2124 3401 tibi
2150 3347 2295 3402 boves
2320 3366 2433 3402 cum
2455 3350 2633 3403 hircis.
2669 3348 2848 3403 Venite
2871 3359 2921 3404 et
2944 3350 3136 3411 audite,
3161 3360 3209 3403 et
3256 3366 3380 3403 nar-

1785 3437 1910 3492 rabo
1932 3455 2107 3511 omnes
2128 3440 2213 3510 qui
2244 3440 2428 3493 timetis
2453 3438 2633 3502 Deum,
2658 3449 2849 3510 quanta
2873 3441 2994 3509 fecit
3014 3442 3203 3494 anima'
3232 3457 3376 3494 mete.

1782 3529 1866 3582 Ad
1892 3531 2062 3600 ipsum
2091 3546 2179 3583 ore
2207 3546 2319 3583 meo
2369 3531 2607 3594 clamavi,
2649 3538 2699 3583 et
2744 3531 3019 3594 easultavi,
3062 3529 3153 3583 sub
3202 3530 3379 3600 lingua

1781 3635 1919 3673 mea.
1947 3619 2279 3691 Iniquitatem
2307 3621 2351 3674 si
2374 3622 2553 3690 aspexi
2583 3621 2636 3673 in
2666 3620 2819 3674 corde
2847 3637 2977 3683 meo,
3003 3638 3104 3675 non
3141 3621 3379 3676 exaudiet

1784 3707 2061 3766 Dominus.
2110 3709 2397 3782 Propterea
2437 3712 2699 3765 exaudivit
2751 3711 2916 3774 Deus,
2940 3723 2988 3766 et
3025 3712 3241 3766 attendit
3270 3716 3379 3769 voci

1786 3802 2165 3873 deprecationis
2194 3818 2340 3856 meat.
2368 3801 2671 3857 Benedictus
2719 3800 2860 3857 Deus
2906 3804 2991 3874 qui
3040 3820 3144 3857 non
3193 3803 3380 3858 amovit

1785 3894 2072 3948 orationem
2100 3909 2287 3959 nteant,
2321 3902 2370 3947 et
2392 3894 2806 3948 misericordiam
2827 3911 2975 3949 suum
2997 3911 3028 3949 a
3057 3911 3158 3951 me.

2075 3972 2083 3995 ι

2369 4039 2806 4082 οοιιλιεκτλιιιωι.

1856 4157 2158 4214 Iudaeorum
2190 4166 2332 4214 terra
2363 4160 2478 4213 sola
2508 4158 2772 4229 jubilabat
2800 4161 2932 4225 Deo,
2965 4161 3058 4216 sed
3080 4163 3206 4231 quia
3239 4181 3379 4222 nunc

1786 4251 1926 4306 oculi
1956 4250 2090 4315 eius,
2123 4249 2175 4303 id
2204 4240 2428 4313 est,'Dei
2459 4266 2622 4319 super
2648 4261 2838 4320 gentes
2868 4267 2964 4325 per
2992 4250 3263 4307 Christum
3294 4266 3382 4308 at-

1785 4344 2032 4408 tendunt,
2083 4358 2192 4397 non
2230 4342 2342 4409 jam
2368 4343 2483 4397 sola
2504 4341 2686 4397 Judtea
2714 4342 2909 4412 jnbilat
2929 4343 3061 4409 Deo,
3084 4345 3178 4400 sed
3205 4347 3380 4402 omnis

1786 4443 1927 4489 terra
1952 4434 2065 4489 Deo
2089 4435 2354 4504 psalmum
2384 4435 2513 4490 dicit
2543 4436 2746 4490 nomini
2775 4436 2892 4505 ejus
2917 4455 2930 4490 :
2963 4445 3018 4492 et
3045 4438 3135 4491 dat
3153 4439 3380 4507 gloriam

1785 4526 1929 4581 laudi
1959 4526 2096 4595 ejus,
2124 4535 2185 4581 et
2211 4526 2341 4582 dicit
2369 4527 2483 4581 Deo
2513 4544 2525 4580 :
2558 4526 2695 4594 Quia
2745 4529 3001 4583 terribilia
3043 4538 3170 4583 sunt
3211 4545 3378 4598 opera

125 4606 337 4667 lorJanis
366 4615 629 4684 repletum
657 4623 740 4669 est
769 4616 941 4685 aquis,
972 4618 1193 4673 vocibus
1219 4620 1424 4674 scilicet
1448 4622 1681 4691 pt‘Ophe-
1708 4619 1756 4677 D
1786 4623 1876 4670 tua
1898 4617 1950 4671 in
1973 4617 2316 4672 multitudine
2338 4618 2551 4674 virtutis
2569 4631 2689 4683 tute,
2714 4620 2906 4690 quibus
2929 4627 2980 4674 te
3003 4634 3188 4674 verum
3228 4618 3379 4679 Deim

124 4707 289 4757 larunt.
320 4705 470 4760 Tune
500 4708 698 4776 parasti
738 4709 937 4774 cibum,
970 4725 1079 4764 non
1108 4711 1198 4778 qui
1238 4712 1416 4781 periit,
1448 4714 1571 4783 quia
1603 4715 1705 4769 ita.

122 4802 189 4845 est
206 4799 514 4865 praeparatio
546 4807 654 4851 tua.
682 4798 848 4854 Rivos
876 4799 990 4869 ejus
1019 4802 1318 4869 inebriasti,
1352 4803 1423 4857 ita
1455 4812 1513 4859 ut
1555 4819 1678 4859 cum

122 4895 241 4939 esset
262 4888 390 4943 hora
413 4890 519 4944 diei
552 4893 728 4957 tertia,
764 4892 838 4946 illi
868 4893 1000 4947 ebrii
1025 4901 1364 4963 putarentur.
1414 4894 1681 4966 Tempore

121 4985 215 5040 Quo
254 4980 612 5050 multiplicasti
644 4983 1024 5052 generationes
1072 4984 1218 5053 ejus;
1269 4985 1421 5054 cujus
1447 4985 1599 5055 ejus?
1628 4986 1681 5041 id

120 5068 460 5140 estlordanis,
493 5076 635 5143 quod
676 5084 760 5130 est
787 5076 1125 5145 baptismate.
1156 5077 1234 5132 lbi
1262 5086 1434 5144 erant,
1466 5079 1681 5149 quando

122 5158 243 5215 rivos
282 5163 394 5232 ejus
447 5165 753 5233 inebriasti,
792 5165 998 5230 Parthi,
1040 5176 1097 5222 et
1136 5168 1297 5232 Medi,
1333 5180 1387 5224 et
1416 5170 1677 5236 Elamitze,

123 5246 302 5319 Cretes,
347 5255 488 5328 Syri,
537 5257 760 5324 Arabes,
809 5258 1055 5325 Romani,
1104 5258 1368 5331 Cyrenaei.
1428 5260 1495 5314 Et
1541 5276 1680 5331 pene

123 5356 286 5402 omnes
310 5360 524 5419 gentes,
563 5368 634 5408 ex
660 5354 854 5422 quibus
881 5354 1249 5424 multiplicasti
1303 5355 1681 5423 generationes

124 5436 237 5502 eius,
264 5445 471 5510 quando
498 5460 650 5515 quam
695 5446 981 5502 stillicidiis
1021 5446 1330 5502 cmlestibus
1359 5447 1521 5516 coepit
1549 5462 1680 5501 exo-

124 5526 218 5582 tiri.
247 5515 391 5589 Tunc
434 5536 702 5591 inchoavit
731 5554 934 5593 corona
975 5540 1102 5593 anni
1141 5538 1283 5593 diem
1308 5547 1550 5592 sanctum
1576 5535 1679 5591 Pa-

127 5618 262 5686 εειιπο
312 5633 366 5679 et
406 5628 577 5698 campi
606 5629 797 5699 repleti
827 5638 950 5684 sunt
984 5630 1248 5693 ubertate,
1280 5628 1459 5682 omnia
1489 5626 1679 5681 fertili-

128 5716 218 5767 tate
255 5719 604 5786 congaudent,
656 5719 945 5776 festivitate
997 5721 1299 5792 epulantur,
1347 5720 1419 5772 ita
1467 5726 1523 5771 ut
1546 5718 1677 5772 lines

131 5799 294 5859 deserti
314 5810 676 5877 pinguescant,
709 5822 762 5868 et
792 5810 1149 5867 exsultatione
1179 5812 1342 5868 colles
1386 5810 1672 5878 accingun-

1782 4708 1975 4763 Filium
2004 4709 2309 4774 tleclarasti,
2342 4711 2560 4779 quando
2610 4712 2821 4764 mentiti
2862 4718 2985 4764 sunt
3033 4710 3232 4765 inimici
3278 4711 3376 4777 tui,

1782 4800 2023 4855 dicentes
2047 4818 2059 4853 :
2097 4797 2148 4852 Ν
2154 4817 2219 4854 οη
2248 4809 2325 4854 est
2352 4817 2383 4854 a
2414 4799 2523 4854 Deo
2552 4800 2746 4871 (Joan.
2788 4800 2892 4869 ιι),
2918 4809 2971 4856 te
3009 4800 3273 4857 dintnenia
3296 4799 3379 4857 lu-

1782 4900 1963 4962 gante,
1996 4903 2242 4948 mortuos
2261 4893 2574 4956 suscitante,
2604 4892 2849 4962 leprosos
2876 4893 3190 4954 mandante,
3221 4910 3379 4965 para-

1783 4983 1975 5055 lyticos
2000 4992 2245 5045 curante,
2274 4999 2423 5040 mare
2444 4984 2669 5054 pedibus
2715 4985 3043 5051 ambulante,
3076 4989 3250 5042 ventis
3279 4988 3379 5043 im.

1783 5084 2022 5145 perante.
2044 5075 2101 5129 In
2120 5076 2219 5130 hac
2247 5075 2585 5130 multitudine
2608 5076 2819 5131 virtutis
2847 5086 2952 5132 tua:
2982 5079 3378 5134 mentiebantur

1787 5169 1880 5223 tibi
1936 5169 2138 5224 inimici
2188 5150 2304 5232 tui,‘
2332 5168 2573 5223 dicentes
2598 5187 2610 5221 :
2646 5167 2851 5224 Scimus
2881 5172 3001 5243 quia
3031 5189 3061 5224 a
3092 5170 3196 5226 Deo
3224 5189 3299 5236 es,
3328 5180 3378 5226 et

1780 5276 1888 5315 non
1918 5260 2110 5330 accipis
2140 5276 2385 5331 personas
2417 5257 2683 5313 hominum
2706 5258 3177 5329 (Matt.xxn).[’|us
3200 5271 3377 5317 autem

1782 5350 1836 5404 in
1868 5349 2207 5404 multitudine
2237 5350 2448 5405 virtutis
2477 5356 2581 5403 tua:
2607 5360 2732 5405 tunc
2755 5353 2965 5405 mentiti
2994 5361 3138 5413 sunt,
3162 5351 3376 5419 quando

1782 5441 2034 5496 dixerunt
2064 5448 2114 5495 te
2137 5440 2367 5494 furatum
2389 5456 2417 5494 a
2440 5440 2737 5510 discipulis,
2765 5457 2887 5496 eum
2917 5441 3029 5509 jam
3061 5440 3376 5495 resurrexis.

1781 5549 1887 5597 ses,
1939 5542 1995 5589 et
2048 5534 2224 5588 omnis
2254 5541 2415 5598 terra,
2447 5534 2499 5587 in
2526 5534 2680 5603 cujus
2706 5534 2870 5589 corde
2899 5532 3094 5596 fueras,
3126 5530 3380 5587 adoraret

1780 5632 1853 5680 te.
1871 5625 1948 5679 Illi
1978 5625 2228 5679 dicebant
2249 5625 2508 5680 militibus
2531 5644 2542 5677 :
2566 5623 2882 5688 Mentiznini,
2916 5623 3067 5676 dicite
3092 5637 3206 5675 eum
3231 5623 3376 5695 [ura-
3401 5620 3415 5637 ‘

1781 5726 1887 5771 tuin
1934 5716 2071 5772 robis
2102 5717 2471 5773 dormientibus
2505 5716 2719 5789 (Matth.
2772 5714 2975 5783 xxvnt).
3017 5711 3257 5770 Psalmus
3289 5716 3378 5773 hic

1780 5810 2228 5865 resurrectionem
2279 5809 2331 5863 in
2364 5810 2517 5864 titulo
2546 5812 2837 5876 pnenotat;
2866 5804 3033 5859 nolite
3064 5806 3297 5860 mentiri:
3325 5808 3369 5863 si
