3908 6176
499 329 604 386 “5

496 534 703 589 vidistis
731 532 1003 603 rapientes
1045 541 1101 586 et
1129 546 1235 586 non
1261 529 1553 595 dormistis,
1578 535 1671 583 aut
1698 525 1994 589 dormistis,
2024 529 2079 579 et

496 639 603 679 non
635 623 855 677 vidistis.
888 620 1023 688 Quid
1045 622 1379 676 mentimini?
1408 619 1575 689 Magis
1602 618 1782 673 venite
1821 625 1877 671 et
1901 615 2079 671 videte

496 729 658 783 opera
689 711 920 777 Domini,
952 713 1064 782 ipse
1093 720 1174 767 est
1193 713 1336 766 enim
1367 712 1470 765 iste
1515 710 1605 781 qui
1634 708 1901 764 convertit
1928 720 2078 761 mare

494 804 548 860 in
579 805 801 868 aridam,
837 813 895 858 ut
939 805 1231 858 transirent
1254 812 1432 873 patres
1457 802 1617 856 vestri
1641 816 1739 870 per
1760 799 1956 855 siccum
1979 812 2079 869 per

494 897 728 951 medium
757 911 923 949 mare.
958 894 1073 964 Ipse
1103 904 1186 948 est
1218 894 1309 962 qui
1342 892 1529 947 dividit
1557 890 1770 945 ﬂuvium
1802 899 1859 944 ut
1897 898 2076 943 trans-

497 989 635 1043 itent
672 1003 794 1042 eum
828 987 1050 1055 pedibus
1080 995 1261 1056 patres
1302 985 1485 1040 vestri.
1545 984 1711 1052 Magis
1739 982 1990 1037 lzctamini
2023 982 2074 1036 in

424 1081 430 1088 '
496 1093 658 1131 nnnm
689 1094 896 1141 omnes,
940 1078 1063 1147 quia
1096 1079 1209 1145 ipse
1255 1086 1337 1131 est
1364 1076 1455 1145 qui
1476 1075 1781 1129 dominatur
1802 1074 1853 1127 in
1882 1074 2078 1129 virtute

493 1183 589 1222 sua
622 1168 672 1222 in
702 1164 979 1221 aeternum.
1012 1168 1078 1220 Et
1105 1170 1229 1235 quia
1269 1168 1409 1222 oculi
1439 1166 1565 1233 ejus.
1582 1181 1745 1234 super
1771 1173 1958 1233 gentes
1988 1181 2076 1220 re-

464 1259 742 1335 qspiciunt,
778 1276 891 1323 vos,
913 1258 1099 1323 .ludmi,
1128 1259 1374 1328 gaudete,
1398 1257 1537 1326 quod
1564 1257 1879 1325 promissum
1903 1255 2077 1311 Patris

492 1351 655 1405 vestri
677 1352 992 1420 completur.
1019 1350 1159 1405 Deus
1180 1352 1320 1406 enim
1343 1350 1476 1404 dixit
1497 1350 1722 1403 Abralne
1747 1366 1759 1401 :
1794 1348 1858 1403 In
1884 1351 2079 1403 semine

493 1448 578 1495 tuo
608 1442 920 1496 haereditabo
968 1459 1143 1496 omnes
1178 1452 1349 1511 gentes
1376 1440 1527 1511 (Gen.
1560 1441 1712 1508 χχιι).
1737 1438 1873 1506 Quid
1896 1439 1974 1493 eis
1995 1439 2079 1493 in-

490 1531 702 1597 videtis,
735 1545 787 1588 et
819 1549 969 1588 more
990 1536 1151 1589 solito
1181 1534 1466 1589 Dominum
1496 1534 1561 1587 ad
1593 1532 1922 1588 iracundiam
1946 1548 2076 1601 pro-

490 1627 716 1689 vocatis,
748 1625 819 1678 ita
844 1633 901 1679 ut
922 1626 1063 1680 dicat
1092 1625 1246 1680 vobis
1278 1642 1291 1677 :
1326 1622 1462 1689 Quia
1488 1627 1754 1695 auferetur
1781 1639 1813 1676 a
1840 1623 1981 1678 vobis
2003 1640 2079 1677 re-

491 1731 648 1785 gnum
681 1713 793 1780 Dei,
825 1725 874 1769 et
913 1717 1121 1770 dabitur
1168 1715 1399 1788 gentibus
1429 1713 1735 1787 facientibus
1762 1714 2076 1769 voluntatem

1821 319 2093 378 ARNOBII
2129 320 2433 378 JUNIORIS

495 439 841 505 dormivistis,
873 455 980 495 non
1004 438 1209 494 vidistis
1236 438 1328 509 qui
1356 437 1534 507 rapuit
1560 449 1772 505 corpus.
1804 433 1912 487 Aut
1938 431 2082 487 enim
2108 433 2160 494 Α

2755 435 3199 490 conusnrsnwu.‘
3281 451 3293 461 ⁴

2250 543 2308 598 1η
2336 543 2549 615 hymnis
2582 543 2821 613 psalmus
2844 546 3038 601 cantici
3078 554 3178 611 est,
3203 544 3346 616 quod
3376 545 3636 602 canebant
3665 564 3765 606 ιιι--

2178 636 2304 704 geli,
2321 632 2499 690 Gloria
2519 637 2574 689 in
2599 636 2814 690 excelsis
2839 636 2997 708 (Luc.
3075 635 3154 707 tt),
3177 636 3393 705 quando
3413 636 3755 697 illuminanda

2177 727 2383 781 vultum
2437 742 2592 783 suum
2638 742 2802 797 super
2850 743 2947 781 nos
2974 728 3141 792 venit,
3173 736 3228 782 et
3255 726 3527 783 benedixit
3556 746 3672 793 nos,
3702 739 3757 788 ut

2177 832 2625 887 cognosceremus
2655 819 2706 872 in
2738 828 2875 874 terra
2897 820 3037 872 viam
3060 818 3174 883 Dei,
3199 829 3254 874 et
3280 820 3331 873 in
3362 822 3612 875 omnibus
3633 836 3756 891 gen-

2178 911 2321 965 tibus
2372 910 2607 966 salutare
2661 910 2797 983 ejus,
2853 910 3223 966 Conliteantur
3259 913 3361 967 hoc
3402 916 3604 984 populi,
3626 918 3754 988 .qnia

2176 1003 2369 1058 venisti
2429 1013 2488 1059 ut
2560 1004 2807 1059 laetentur
2859 1014 3076 1073 gentes,
3141 1006 3263 1075 quia
3336 1006 3597 1075 incipiunt
3668 1018 3754 1067 tuo
3825 1067 3829 1071 ,

2172 1095 2375 1165 judicio
2405 1096 2489 1164 agi
2536 1097 2589 1151 in
2640 1097 2923 1165 aequitate,
2969 1105 3024 1151 et
3071 1098 3121 1153 in
3169 1105 3310 1153 terra
3361 1101 3604 1168 corporis
3654 1102 3749 1167 sui,

2177 1200 2208 1239 a
2271 1186 2622 1255 perversitate
2702 1196 2853 1241 recto
2930 1197 3118 1244 tenore
3200 1188 3397 1244 auferri
3461 1200 3517 1245 et
3580 1192 3749 1261 dirigi.

2176 1276 2544 1332 Conﬁteantur
2609 1286 2663 1332 et
2717 1279 2821 1333 hoc
2883 1281 3065 1359 populi
3117 1296 3336 1347 omnes,
3394 1282 3515 1352 quia
3594 1282 3751 1337 Maria

2177 1383 2243 1423 ex
2291 1378 2508 1424 terreno
2549 1384 2797 1438 corpore,
2844 1370 2937 1425 sed
2966 1371 3171 1427 cmlesti
3222 1372 3443 1437 semine,
3475 1373 3625 1428 dedit
3654 1374 3754 1428 fru-

2176 1467 2320 1514 ctum
2372 1475 2547 1524 suum,
2598 1468 2658 1514 ut
2702 1459 2987 1516 benedicat
3015 1462 3128 1530 ipse
3157 1461 3359 1518 fruetus
3387 1463 3439 1518 in
3475 1463 3750 1519 Trinitate.

2176 1549 2463 1605 Benedicat
2484 1565 2582 1605 nos
2602 1548 2762 1615 Deus.
2787 1550 2928 1606 Deus
2949 1561 3147 1616 noster,
3180 1553 3460 1608 benedicat
3480 1568 3585 1607 nos
3599 1552 3752 1610 Deus.

2178 1640 2284 1696 Ter
2312 1640 2454 1696 Deus
2479 1641 2671 1704 dictus,
2699 1658 2834 1697 unus
2863 1643 2915 1697 in
2938 1642 3198 1698 Trinitate
3222 1643 3547 1709 nominatus,
3596 1659 3751 1715 quem

2177 1743 2423 1790 metuunt
2450 1750 2638 1791 omnes
2661 1734 2794 1791 lines
2822 1743 2997 1802 terrae,
3027 1750 3124 1807 per
3150 1734 3329 1792 omnia
3370 1728 3566 1791 saecula
3591 1750 3755 1792 szncu-

490 1810 602 1880 ejus
634 1809 846 1879 (Matth.
879 1809 1014 1879 xxx).
1040 1808 1346 1863 Benedicite
1368 1823 1518 1877 ergo,
1548 1816 1755 1874 gentes,
1780 1805 1947 1861 Deum
1973 1821 2075 1861 no-
2111 1798 2151 1857 Β
2180 1828 2375 1883 ιοτιηη,
2408 1827 2599 1884 Amen,

490 1908 680 1964 strum,
731 1907 785 1953 et
833 1898 1049 1954 obedite
1082 1900 1201 1953 voci
1241 1899 1411 1953 laudis
1445 1897 1578 1967 ejus.
1610 1898 1723 1953 Hoc
1751 1896 1989 1952 Beclesia
2019 1898 2072 1951 in

489 1991 737 2045 omnibus
759 1991 1000 2061 sequitur
1021 2002 1139 2045 cum
1156 1990 1417 2060 apostolis
1432 1998 1486 2044 et
1512 1990 1850 2060 martyribus.
1868 1986 2071 2056 Posuit,

489 2079 679 2150 inquit,
704 2082 938 2135 animam
961 2095 1131 2134 meam
1161 2080 1228 2134 ad
1251 2080 1434 2144 vitam,
1460 2088 1515 2135 et
1543 2095 1649 2134 non
1675 2078 1819 2133 dedit
1844 2094 2079 2135 commo-

489 2172 601 2225 veri
631 2172 795 2241 pedes
817 2186 985 2235 meos,
1010 2171 1225 2239 quando
1248 2170 1485 2240 probasti
1517 2185 1633 2234 nos,
1658 2168 1818 2232 Deus,
1845 2177 1901 2224 et
1938 2184 2092 2224 exs-

488 2263 701 2318 minasti
730 2264 849 2331 igne
887 2262 1218 2333 passionum,
1244 2262 1383 2317 sicut
1408 2262 1749 2316 exaniinatur
1769 2268 2068 2329 argentum.

486 2350 746 2410 lnduxisti
777 2354 827 2407 in
853 2353 1125 2423 laqueum,
1169 2354 1393 2423 posuisti
1425 2353 1803 2409 tribulationes
1832 2353 1885 2407 in
1911 2352 2074 2407 dorso

487 2452 692 2506 nostra,
712 2452 767 2498 et
793 2445 1039 2499 homines
1067 2459 1225 2513 supra
1248 2444 1426 2514 capita
1455 2452 1653 2498 nostra.
1674 2442 1875 2497 Tamen
1901 2452 2076 2498 trans-

488 2533 680 2589 ivimus
723 2549 811 2605 per
844 2536 1018 2603 ignem
1044 2534 1283 2607 martyrii
1335 2542 1391 2589 et
1418 2550 1611 2605 aquam
1642 2532 1996 2601 baptismatis,
2021 2539 2077 2587 et

487 2627 741 2684 induxisti
765 2642 861 2682 nos
889 2627 941 2681 in
964 2624 1320 2696 refrigerium.
1346 2625 1476 2679 Nam
1506 2633 1561 2680 et
1585 2626 1637 2679 in
1667 2624 1933 2694 baptismo
1954 2621 2078 2694 Spi-

488 2719 594 2774 ritu
619 2725 805 2773 sancto
826 2725 880 2773 et
911 2718 1030 2787 igne
1058 2717 1250 2772 censili
1279 2732 1482 2780 sumus,
1513 2715 1731 2786 quando
1758 2715 2075 2771 intravimus

488 2808 704 2863 domum
733 2816 876 2862 tuam
907 2808 960 2861 in
983 2808 1330 2871 holocaustis,
1356 2813 1412 2861 et
1431 2805 1759 2860 reddidimus
1786 2814 1930 2869 vota,
1954 2819 2076 2875 qua:

489 2897 725 2954 locutum
745 2907 827 2953 est
847 2914 910 2952 os
939 2908 1177 2952 nostrum
1206 2899 1260 2953 in
1291 2898 1633 2952 tribulatione
1663 2905 1865 2952 nostra.
1905 2896 2074 2952 ποιο-

489 2997 671 3046 causta
727 2989 1012 3043 medullata
1063 2989 1282 3044 oﬂ'eram
1330 2989 1446 3043 tibi.
1472 2987 1795 3049 llolocausta
1824 2988 1940 3042 sine
1964 2996 2077 3041 me-'

488 3082 629 3138 dulla
661 3080 849 3136 oll‘erat
893 3081 1025 3147 Deo,
1059 3083 1150 3153 qui
1179 3082 1343 3138 corde
1383 3082 1576 3147 inanis,
1608 3095 1838 3152 corpore
1863 3080 2076 3136 videtur

2691 1916 3006 1974 PSALMUS
3044 1916 3249 1972 LXVII.

2508 2007 2565 2063 In
2596 2006 2755 2065 linem
2787 2009 2977 2079 psalm.
3010 2010 3203 2065 cantici
3236 2008 3419 2063 David.

2247 2098 2513 2171 Exsurgat
2538 2100 2672 2155 Deus
2693 2109 2742 2154 et
2763 2101 3075 2170 dissipentur
3103 2100 3306 2154 inimici
3334 2099 3469 2170 ejus,
3489 2106 3541 2151 et
3568 2097 3760 2169 fugiant

2175 2191 2260 2264 qui
2281 2190 2497 2246 oderunt
2516 2208 2632 2246 eum
2660 2209 2693 2246 a
2723 2194 2857 2264 facie
2876 2192 3006 2263 ejus.
3040 2193 3187 2247 Sicut
3214 2191 3400 2261 defecit
3426 2193 3604 2295 fumus
3625 2190 3754 2261 deﬁ-

2174 2284 2334 2345 ciant,
2365 2284 2495 2337 sicut
2523 2284 2637 2352 ﬂuit
2665 2300 2781 2338 cera
2810 2300 2844 2336 a
2885 2285 3019 2354 facie
3046 2284 3198 2353 ignis,
3239 2285 3314 2337 sic
3333 2284 3550 2352 pereant
3579 2298 3760 2352 pecca-

2177 2382 2309 2430 tores
2332 2392 2364 2427 a
2386 2376 2519 2447 facie
2545 2373 2663 2428 Dei.
2689 2373 2757 2427 Et
2778 2375 2907 2445 justi
2934 2374 3113 2444 epulen
3124 2384 3202 2427 tur
3221 2384 3269 2428 et
3288 2375 3548 2428 exsultent
3572 2375 3626 2426 in
3646 2389 3762 2427 con-
3828 2391 3835 2399 ο

2174 2474 2347 2533 specta
2391 2452 2606 2528 Dei,‘ct
2651 2464 2964 2518 delectentur
3011 2466 3065 2518 in
3120 2464 3322 2518 laetitia.
3371 2461 3596 2517 Cantale
3638 2461 3760 2527 Deo,

2174 2555 2430 2626 psalmum
2471 2555 2626 2609 dicite
2665 2556 2863 2609 nomini
2888 2556 3021 2625 ejus,
3050 2556 3148 2609 iter
3175 2556 3329 2626 facite
3354 2556 3400 2608 ei
3428 2556 3513 2626 qui
3535 2554 3763 2610 ascendit

2174 2661 2328 2715 super
2355 2662 2611 2708 occasum,
2636 2644 2890 2699 Dominus
2924 2662 3107 2698 nomen
3136 2644 3233 2698 illi.
3268 2643 3544 2697 Exsultate
3572 2646 3626 2698 in
3647 2660 3762 2697 con-

2174 2743 2347 2806 specta
2376 2736 2507 2807 ejus,
2529 2735 2868 2789 turbabuntur
2890 2752 2922 2788 a
2943 2736 3078 2807 facie
3098 2736 3213 2807 ejus
3234 2736 3397 2805 patris
3413 2736 3765 2805 orphanorum

2174 2836 2223 2881 et
2255 2827 2437 2893 iudicis
2460 2826 2749 2889 viduarum,
2777 2825 2916 2881 Deus
2946 2827 2999 2879 in
3026 2825 3143 2880 loco
3170 2836 3348 2879 sancto
3368 2843 3482 2888 suo,
3518 2823 3660 2879 Deus
3684 2825 3762 2897 qui

2172 2917 2465 2971 inhabitare
2494 2918 2621 2986 facit
2647 2918 2800 2991 unius
2825 2918 2983 2971 mOris
3012 2918 3065 2971 in
3098 2917 3270 2972 domo.
3297 2914 3398 2981 Qui
3428 2916 3606 2970 educit
3659 2918 3764 2970 uin~

2175 3017 2281 3062 ctos
2319 3008 2375 3061 in
2423 3006 2744 3077 fortitudine,
2786 3007 3025 3061 similiter
3069 3023 3154 3061 eos
3202 3007 3289 3078 qui
3318 3016 3655 3075 exasperant,
3682 3004 3763 3071 qui

2175 3096 2411 3151 habitant
2437 3098 2491 3150 in
2514 3097 2783 3166 sepulcris.
2818 3094 2957 3151 Deus
2985 3112 3100 3150 cum
3132 3096 3391 3168 egrederis
3412 3096 3465 3148 in
3493 3102 3764 3166 conspectu

488 3188 647 3229 orare
674 3182 730 3229 et
759 3173 1007 3242 psallere.
1041 3172 1153 3243 Ego
1182 3182 1381 3238 autem,
1416 3174 1608 3243 inquit,
1638 3171 1927 3227 medullata
1978 3172 2074 3227 tibi

2177 3188 2351 3259 populi
2380 3188 2470 3251 tui,
2490 3163 2605 3251 cum
2629 3189 2993 3260 pertransiq'is
3016 3188 3070 3241 in
3095 3163 3313 3249 deserto,
3348 3195 3484 3240 terra
3509 3163 3654 3240 mota
3667 3194 3759 3246 est,

488 3261 709 3318 oﬂ'eram
736 3282 748 3316 :
778 3263 952 3319 Urabo
978 3266 1181 3335 spiritu,
1210 3263 1371 3319 orabo
1408 3273 1457 3317 et
1486 3273 1672 3330 mente,
1705 3266 1927 3336 psallam
1964 3267 2074 3336 spi-

488 3354 608 3413 ritu.
638 3353 859 3423 psallam
884 3365 932 3409 et
958 3363 1126 3409 mente
1149 3354 1189 3422 (l
1211 3353 1333 3408 Cor.
1366 3353 1499 3426 χεν),
1531 3354 1752 3411 oll'eram
1799 3355 2075 3410 incensum

487 3445 735 3511 arietum,
762 3447 985 3502 viriliter
1023 3461 1327 3517 repugnans
1354 3448 1471 3501 zelo
1500 3448 1678 3501 ovium
1710 3455 1943 3513 tuarum,
1976 3446 2074 3503 ad-

486 3547 676 3591 versus
702 3551 917 3591 omnem
964 3537 1272 3592 limrezieum
1300 3555 1313 3590 :
1345 3534 1568 3591 nll‘eram
1625 3537 1721 3592 tibi
1761 3537 1925 3591 boves
1953 3552 2075 3591 cum

486 3624 742 3695 νηπίω.
773 3627 953 3682 hircos
981 3643 1100 3682 cum
1149 3628 1429 3697 imperium
1458 3627 1690 3682 libidinis
1717 3627 1966 3695 sulijngo,
1991 3628 2075 3683 vel

462 3716 691 3799 jugulo.
745 3719 938 3775 Venite
991 3727 1046 3775 et
1095 3720 1276 3774 audite
1321 3727 1519 3788 quanta
1558 3718 1701 3774 Deus
1729 3718 1857 3775 fecit
1884 3721 2076 3776 anima:

488 3820 651 3870 meas;
703 3814 762 3860 ut
799 3809 1011 3861 animan
1041 3823 1213 3862 meam
1244 3808 1497 3877 eriperet,
1526 3808 1757 3861 animam
1787 3823 1937 3863 suam
1980 3825 2078 3879 po-

488 3896 629 3961 suit;
660 3905 717 3950 ut
745 3912 832 3951 me
853 3913 884 3951 a
910 3905 1085 3952 morte
1104 3905 1358 3967 eriperet,
1383 3904 1612 3953 mortem
1634 3898 1858 3969 accepit.
1888 3897 2075 3959 Sinon

488 3985 654 4042 credo
674 3996 728 4043 te
757 4003 941 4042 verum
979 3986 1171 4053 Deum,
1204 3997 1259 4045 et
1285 3988 1625 4058 iniquitatem
1652 3990 1899 4059 negantis
1928 3990 2077 4046 vides

444 4062 452 4075 ’
488 4092 606 4134 esse
635 4079 685 4133 in
733 4079 896 4135 corde
945 4096 1086 4146 meo,
1118 4096 1223 4135 non
1253 4095 1341 4135 me
1369 4076 1647 4144 exa’udias,
1681 4078 1844 4135 Deus.
1875 4078 2073 4134 Verum

488 4170 611 4241 quia
641 4170 802 4225 credo
831 4180 883 4225 te
920 4174 1060 4235 esse,
1118 4170 1239 4225 ideo
1278 4169 1542 4226 exaudisti
1585 4184 1691 4225 me.
1724 4167 1991 4227 Benedico
2019 4175 2075 4222 te

488 4261 576 4330 qui
608 4277 714 4315 non
743 4263 987 4317 amovisti
1020 4277 1233 4333 precem
1262 4275 1459 4323 meam,
1505 4275 1606 4315 nec
1651 4257 2073 4313 misericordiam

488 4357 634 4406 tuam
665 4367 694 4405 a
744 4367 848 4416 me,
880 4352 970 4422 qui
1000 4367 1191 4420 regnas
1224 4367 1344 4407 cum
1374 4347 1532 4405 Patre
1552 4356 1608 4405 et
1636 4348 1837 4419 Spiritu
1863 4354 2068 4414 sancto,

486 4443 787 4531 peremnia
812 4443 1005 4498 sazcula
1034 4444 1370 4499 seculorum.
1404 4440 1596 4496 Amen.

1014 4622 1327 4679 PSALMUS
1364 4620 1546 4677 LXVI.

662 4759 721 4815 tn
752 4758 912 4816 linem
941 4759 995 4813 in
1023 4757 1236 4831 hymnis
1263 4757 1451 4827 psalm.
1484 4756 1679 4813 cantici
1705 4755 1891 4812 David.

561 4911 695 4968 Deus
723 4916 1028 4970 misereatur
1073 4915 1236 4969 nostri
1268 4922 1318 4968 et
1337 4913 1784 4977 benedicatnobis,
1815 4913 2073 4969 illuminet

486 5001 676 5058 vultum
702 5019 850 5056 suum
878 5019 1031 5073 super
1076 5020 1189 5067 nos,
1241 5013 1291 5058 et
1331 5004 1634 5058 misereatur
1670 5004 1853 5057 nostri.
1888 5001 1958 5057 Ut
1985 5020 2072 5058 co-

487 5113 791 5169 gnoscamus
832 5098 887 5151 in
928 5108 1063 5152 terra
1084 5101 1214 5154 riam
1232 5111 1392 5165 tuam,
1424 5109 1473 5155 et
1500 5103 1555 5155 in
1577 5100 1811 5155 omnibus
1833 5097 2068 5172 gentibus

486 5187 713 5243 salutare
740 5197 902 5243 tuum.
935 5188 1290 5260 Conﬁteantur
1329 5191 1417 5246 tibi
1463 5194 1668 5263 populi,
1700 5190 1870 5257 Deus,
1904 5190 2070 5260 confi-

487 5288 688 5333 teantur
709 5278 798 5333 tibi
825 5280 999 5351 populi
1026 5298 1220 5335 omnes.
1252 5280 1514 5336 Lcetentur
1532 5283 1856 5347 etexsultent
1875 5291 2068 5353 gentes,

485 5370 725 5443 quoniam
737 5370 946 5442 judicas
970 5371 1183 5442 populos
1205 5374 1258 5425 in
1289 5374 1546 5445 arquitate,
1579 5384 1628 5427 et
1656 5382 1829 5446 gentes
1857 5375 1909 5427 in
1934 5382 2071 5426 terra

483 5461 684 5533 dirigis.
732 5459 1090 5532 Confiteantur
1136 5461 1226 5516 tibi
1273 5464 1470 5533 populi,
1522 5462 1683 5527 Deus,
1729 5464 2072 5534 conﬁteantur

483 5551 574 5603 tibi
593 5553 767 5623 populi
805 5569 997 5617 omnes,
1023 5562 1161 5607 terra
1184 5553 1322 5607 dedit
1346 5556 1568 5625 fructum
1596 5572 1763 5610 suum.
1790 5555 2067 5610 Benedicut

483 5657 577 5695 nos
601 5641 758 5708 Deus,
784 5642 924 5699 Deus
953 5654 1144 5709 noster,
1177 5644 1442 5700 benedicat
1464 5663 1554 5701 nos
1580 5646 1734 5711 Deus,
1761 5657 1808 5700 ct
1837 5656 2065 5702 metuant

483 5751 595 5788 eum
619 5752 790 5808 omnes
809 5738 942 5802 ﬁnes
968 5748 1116 5792 terra:

2175 3282 2362 3334 etenim
2403 3279 2516 3335 caeli
2564 3279 2944 3333 distillarerunt
2994 3296 3028 3332 a
3069 3280 3205 3350 facie
3243 3277 3415 3337 Sinui.
3445 3296 3478 3331 a
3509 3280 3646 3348 facie
3674 3276 3764 3331 Dei

2179 3368 2367 3425 Israel.
2401 3369 2639 3424 Pluriam
2669 3370 3013 3424 voluntariam
3056 3368 3368 3440 segregabis,
3410 3367 3567 3432 Deus,
3606 3370 3765 3423 luere-

2177 3461 2323 3515 dilati
2357 3470 2495 3527 tuas;
2539 3471 2589 3515 et
2629 3462 2897 3532 inﬁrmata
2943 3469 3039 3525 est,
3084 3469 3137 3513 tu
3163 3476 3283 3513 vero
3330 3460 3597 3529 perfecisti
3634 3442 3760 3512 eain.

2174 3553 2437 3608 Animalia
2478 3564 2566 3607 tua
2612 3553 2916 3607 Itabitabunt
2952 3553 3005 3606 in
3035 3568 3117 3615 ea,
3147 3550 3347 3621 parasti
3388 3550 3440 3603 in
3495 3550 3765 3603 dulcedine

2176 3655 2263 3700 tua
2282 3647 2512 3716 pauperi,
2543 3644 2700 3699 Deus.
2736 3644 2985 3700 Dominus
3011 3643 3156 3697 dabit
3180 3641 3382 3719 verbum
3407 3643 3761 3711 euangelizan-

2179 3736 2310 3791 tibus
2339 3739 2523 3791 virtute
2539 3736 2718 3790 multa.
2743 3734 2855 3789 lica:
2892 3737 3132 3789 virtutum
3156 3733 3325 3787 dilecti
3354 3732 3550 3795 dilecti,
3576 3742 3761 3801 elspe-

2175 3830 2269 3881 cici
2290 3827 2468 3882 domus
2487 3826 2711 3882 dividere
2730 3828 2916 3896 spolia.
2938 3825 2998 3881 Si
3029 3825 3298 3880 dormiatis
3316 3825 3447 3876 inter
3460 3824 3659 3876 medios
3676 3823 3765 3876 cle-

2177 3937 2465 3989 rosspennae
2481 3918 2729 3983 columba:
2743 3918 3106 3990 deargentatte,
3123 3929 3171 3971 et
3198 3917 3482 3987 posteriora
3496 3915 3642 3969 dorsi
3658 3914 3765 3985 ejus

2172 4013 2227 4066 in
2253 4012 2451 4083 pallore
2463 4013 2596 4066 auri.
2621 4010 2755 4064 Dum
2779 4010 3026 4065 discernit
3051 4010 3266 4065 cwlestis
3293 4026 3435 4079 reges
3456 4025 3614 4079 super
3629 4022 3756 4070 eam,

2174 4105 2288 4158 nire
2316 4102 2688 4157 dealbobuntur
2707 4104 2758 4157 in
2794 4101 3035 4165 Sclmon;
3068 4101 3342 4157 mons‘Dei
3365 4118 3514 4157 mons
3539 4101 3761 4172 pinguis.

2176 4192 2331 4249 Mons
2359 4194 2677 4265 coagulatus,
2717 4210 2863 4247 mons
2893 4194 3136 4263 pinguis;
3178 4201 3235 4246 ut
3258 4193 3382 4265 quid
3425 4188 3760 4260 suspicamini

2173 4293 2371 4337 montes
2397 4282 2736 4353 coagulatos?
2765 4281 2917 4337 Mons
2945 4283 2997 4335 in
3022 4299 3119 4353 quo
3150 4282 3519 4352 beneplacitum
3548 4288 3629 4334 est
3654 4278 3761 4334 Do-

2174 4375 2315 4427 mino
2337 4372 2569 4426 habitare
2587 4374 2641 4426 in
2665 4389 2744 4433 eo,
2764 4373 2947 4425 etenim
2971 4370 3222 4426 Dominus
3244 4370 3490 4425 Iubitarit
3511 4372 3564 4424 in
3586 4371 3759 4441 ﬁnem.

2176 4461 2369 4517 Curras
2397 4461 2490 4516 Dei
2516 4462 2691 4516 decem
2721 4461 2947 4517 millibus
2974 4462 3426 4533 nutltiplea',millia
3456 4463 3763 4527 latentium;

2097 4523 2149 4598 Ῐ)
2177 4554 2432 4609 Dominus
2461 4554 2514 4607 in
2540 4555 2685 4608 eisin
2708 4554 2841 4609 Sina
2870 4555 2924 4607 in
2940 4564 3141 4609 sancto.
3175 4554 3465 4608 Ascendisti
3492 4557 3545 4608 in
3577 4555 3757 4618 altrim.

2177 4647 2359 4717 cepisti
2395 4647 2739 4716 captivitatem
2759 4686 2775 4711 ,
2809 4648 3048 4715 accepisti
3081 4647 3218 4701 dona
3246 4648 3300 4699 in
3328 4646 3640 4700 hominibus.
3673 4644 3763 4699 Et-

2150 4737 2314 4789 enim
2352 4751 2453 4789 non
2480 4735 2741 4790 credentes
2770 4734 3061 4789 inhabitare
3086 4734 3361 4790 Dominum
3391 4734 3575 4790 Deum.
3611 4735 3765 4790 Bene.

2177 4826 2343 4881 dictus
2377 4824 2628 4881 Dominus
2657 4827 2742 4880 die
2762 4824 3005 4899 quotidie,
3039 4844 3339 4897 prosperum
3361 4816 3458 4881 iter
3483 4829 3640 4898 faciet
3668 4844 3764 4881 no-

2177 4919 2253 4972 bis
2308 4916 2447 4972 Deus
2493 4917 2803 4971 salutarium
2858 4928 3171 4971 nostrorum.
3219 4916 3358 4972 Deus
3399 4928 3590 4980 noster,
3623 4916 3763 4972 Deus

2176 5008 2344 5062 salvos
2374 5006 2630 5080 faciendi;
2658 5017 2707 5061 et
2735 5005 2950 5063 Domini
2989 5005 3201 5062 Domini
3225 5009 3394 5063 exitus
3426 5010 3625 5063 mortis.
3664 5007 3763 5063 Ven

2178 5109 2465 5153 rumtamen
2486 5097 2624 5151 Deus
2647 5099 2937 5169 confringet
2959 5100 3134 5168 capita
3161 5097 3489 5151 inimicorum
3530 5113 3757 5158 suorum,

2174 5193 2409 5247 verticem
2448 5191 2625 5261 capilli
2651 5191 3119 5261 perambulantium
3146 5191 3199 5243 in
3228 5189 3429 5243 delictis
3457 5192 3583 5244 suis.
3611 5187 3763 5242 Dixit

2175 5284 2451 5339 Dominus:
2466 5282 2550 5336 Ea:
2568 5282 2739 5336 Busan
2758 5293 3066 5345 convertam,
3086 5290 3376 5336 convertam
3387 5284 3441 5335 in
3452 5280 3763 5353 profundunt

2178 5376 2357 5429 maris.
2395 5372 2461 5428 Ut
2489 5375 2776 5444 intingatur
2805 5389 2893 5443 pes
2923 5382 3038 5426 tuus
3067 5374 3122 5426 in
3147 5373 3417 5443 sanguine,
3463 5373 3640 5442 lingua
3682 5384 3764 5422 co-

2176 5480 2298 5517 num
2329 5470 2532 5516 tuorum
2569 5477 2635 5515 ea;
2673 5463 2897 5531 inimicis
2928 5461 2991 5515 ab
3036 5463 3167 5533 ipso.
3226 5460 3478 5516 Viderunt
3503 5463 3764 5533 ingressus

2176 5567 2305 5619 (nos,
2336 5552 2493 5618 Deus,
2540 5555 2800 5624 ingressus
2828 5552 2926 5607 Dei
2971 5556 3089 5619 mei,
3124 5555 3258 5625 regis
3302 5555 3422 5618 mei,
3467 5555 3552 5626 qui
3594 5552 3760 5606 estin

2169 5656 2368 5700 sancto.
2404 5643 2769 5699 Pra’venerunt
2798 5646 3058 5715 principes
3108 5645 3371 5715 conjuncti
3417 5642 3755 5713 psallentibus

2170 5740 2221 5792 in
2246 5736 2412 5791 medio
2445 5720 2829 5798 iut'cncularnm
2868 5738 3360 5805 tympanistriarum.
3396 5736 3458 5791 In
3512 5734 3754 5790 Ecclesiis
