3870 6182
139 366 216 420 ιιι
256 311 261 316 ,
294 376 299 383 ‘
1021 345 1489 407 COMMENTARII
1527 344 1595 399 IN
1631 342 1963 399 PSALMOS.
2009 345 2199 402 PSAL.
2245 346 2446 404 LXVII.

3286 361 3388 415 sit

138 475 384 533 Mediam
401 469 513 525 Deo
530 467 756 523 υοηιίηο
777 465 841 519 de
862 464 1086 536 [auribus
1112 460 1302 516 Israel.
1324 460 1403 514 lbi
1421 456 1696 529 Benjamin
1723 458 1773 515 Α
1801 455 2139 512 sacrificium.
2192 458 2319 516 Hice
2372 463 2600 532 captivae
2646 478 2932 536 synagoga:
2987 468 3194 524 sublata
3244 450 3395 528 velut

137 564 509 627 adolescentulus
530 564 584 616 in
601 561 785 614 mentis
805 573 1034 612 excessu.
1057 554 1330 624 Principes
1349 551 1511 613 Juda,
1536 550 1691 603 duces

138 675 312 721 eorum;
357 655 615 726 principes
663 648 899 704 Zabulou
953 656 1001 701 et
1055 647 1314 715 principes
1365 641 1688 713 Neplttalim.

139 749 329 813 Mando,
358 746 515 809 Deus,
548 744 722 797 rirtuti
752 740 1167 809 tamenn/irrita
1195 738 1310 801 hoc,
1358 735 1517 799 Deus,
1559 733 1694 807 quod

140 852 347 915 operatus
375 858 426 895 es
456 842 509 893 in
540 838 708 892 nobis.
740 838 782 888 Α
814 836 1000 904 templo
1032 843 1117 887 tuo
1167 832 1219 884 in
1263 829 1554 883 Jerusalem
1603 826 1693 880 libi

141 936 330 1006 aferant
379 947 523 1001 reges
563 944 798 982 munera.
832 925 1056 994 Increpa
1085 926 1224 995 feras
1251 920 1543 983 arundinis,
1572 934 1696 972 con-

140 1024 340 1100 gregatio
370 1033 636 1074 taurorum
681 1020 738 1070 in
779 1014 946 1070 vaccis
974 1013 1303 1085 populorum,
1332 1019 1387 1063 ut
1413 1007 1697 1100 excludant

141 1097 302 1186 eosqui
323 1110 526 1183 probati
544 1118 663 1163 sunt
692 1118 927 1179 argento.
961 1104 1175 1173 Dissipa
1204 1108 1378 1173 gentes
1407 1116 1520 1172 quae
1564 1097 1696 1157 bella

142 1208 286 1266 colunt
300 1222 317 1271 ;
334 1203 535 1258 venient
564 1202 721 1273 legati
742 1216 807 1253 ex
830 1197 1084 1271 zEgypto,
1108 1193 1384 1264 ίΕιΙιὶορία
1423 1192 1698 1263 prleceniel

143 1313 298 1355 manus
325 1295 434 1365 ejus
482 1291 614 1346 Deo.
659 1289 837 1361 Regna
886 1300 1055 1353 terrm,
1087 1297 1293 1342 cantate
1332 1286 1462 1347 Deo,
1494 1285 1699 1355 psallite

142 1386 356 1441 Domino.
388 1384 607 1438 Psallite
626 1382 732 1436 Deo
757 1382 843 1452 qui
865 1380 1097 1433 ascendit
1117 1394 1270 1448 super
1288 1377 1470 1432 ctelum
1497 1376 1607 1429 creti
1629 1374 1699 1429 ad

142 1476 380 1530 orientem.
410 1472 549 1529 Ecce
575 1471 718 1525 dabit
747 1472 854 1524 roci
883 1486 992 1524 sua:
1020 1485 1191 1524 vocem
1212 1466 1576 1533 virtutis;date
1594 1467 1700 1535 glo-

140 1568 253 1620 riam
263 1564 365 1618 Deo
392 1581 547 1634 super
568 1562 759 1627 Israel,
780 1560 1169 1631 magniﬁcentia
1201 1560 1311 1628 ejus
1332 1568 1381 1611 et
1410 1558 1571 1611 virtus
1588 1558 1701 1626 ejus

141 1657 183 1712 in
208 1655 431 1709 nubibus.
460 1652 723 1707 Mirubilis
757 1650 893 1706 Deus
921 1653 976 1703 in
1003 1651 1195 1703 sanctis
1220 1649 1346 1712 suis,
1369 1646 1509 1700 Deus
1533 1644 1701 1700 Israel

139 1746 231 1816 ipse
256 1744 390 1798 dabit
406 1736 641 1799 uirtutem
672 1753 720 1797 et
748 1741 1106 1814 [ortitudinem
1151 1740 1286 1811 plebi
1329 1755 1464 1806 suae;
1494 1738 1702 1793 benedi-

140 1848 234 1890 ctus
254 1834 409 1889 Deus.

686 1916 1120 1958 COMSENTARIIJI.

192 2021 315 2077 Item
335 2019 572 2089 psalmus
591 2017 785 2072 cantici
819 2016 873 2070 in
898 2030 1005 2084 quo
1034 2012 1273 2082 exsurgit
1301 2028 1331 2066 a
1361 2011 1607 2073 mortuis,
1641 2017 1700 2064 ut

135 2113 438 2181 dissipentur
467 2107 665 2162 i..imici
713 2105 848 2175 ejus,
893 2113 949 2158 et
976 2104 1179 2172 fugiant
1201 2102 1293 2172 qui
1321 2101 1700 2156 crucilixerunt

133 2218 239 2261 eum
269 2219 299 2256 a
339 2201 470 2255 facie
498 2201 634 2268 ejus.
666 2198 817 2253 Sicut
846 2195 1025 2251 deﬁcit
1095 2193 1269 2249 fumus
1297 2202 1483 2249 cont'a
1512 2194 1697 2247 altitu-

133 2292 294 2348 dinem
322 2290 519 2354 eundo,
552 2291 629 2344 sic
649 2288 938 2344 deficiant:
971 2296 1026 2341 et
1045 2287 1184 2341 sicut
1210 2284 1325 2339 fluit
1353 2300 1494 2349 cera,
1522 2286 1698 2353 ignem

132 2383 324 2455 quidem
381 2382 637 2441 sentiens,
697 2379 792 2433 sed
820 2379 887 2433 ad
912 2370 1159 2432 naturam
1180 2392 1331 2430 suam
1361 2375 1592 2439 rediens,
1622 2376 1700 2429 sic

132 2482 336 2544 pereant
365 2482 680 2542 peccatores
754 2470 807 2524 in
869 2477 1163 2538 conspectu
1201 2466 1315 2521 Dei.
1345 2466 1436 2520 Isti
1466 2482 1613 2529 vero,
1646 2464 1700 2520 id

131 2571 220 2627 est,
260 2562 492 2632 apostoli
547 2568 871 2629 exsurgenle
916 2557 1146 2612 Domino
1173 2558 1455 2628 epulentur
1474 2566 1529 2612 et
1550 2557 1739 2625 dele-7'

129 2665 326 2710 cientur
354 2656 405 2709 in
457 2654 659 2719 laetitia,
700 2661 756 2709 et
782 2666 1064 2723 quousque
1083 2651 1338 2706 ascendat
1362 2666 1524 2721 super
1552 2667 1704 2707 occa-

127 2761 250 2811 sum,
299 2742 425 2801 iter'
450 2745 648 2799 facia..t
668 2744 763 2809 illi,
792 2753 847 2797 et
871 2743 1140 2812 gaudeant
1161 2742 1212 2795 in
1243 2749 1532 2811 conspectu
1562 2742 1696 2809 ejus.

127 2836 286 2908 Super
323 2853 577 2893 occasum
618 2836 877 2900 ascendit,
927 2835 1050 2904 quia
1076 2834 1228 2903 juxta
1257 2849 1507 2889 occasum
1547 2848 1701 2886 suum

124 2930 272 2998 cepit
300 2928 535 2982 mundus
562 2941 683 2981 esse
721 2926 935 2996 quando
959 2926 1011 2979 in
1043 2926 1210 2980 ccelos
1237 2924 1493 2979 ascendit.
1548 2922 1703 2978 Unde

124 3028 172 3074 et
198 3020 477 3089 apostolus
503 3018 739 3073 Joannes
765 3018 894 3073 dicit
924 3035 936 3071 :
967 3016 1139 3080 Pueri,
1173 3019 1451 3072 novissima
1477 3017 1605 3072 liora
1620 3002 1703 3072 est

124 3107 161 3178 (Ι
177 3107 331 3162 loan.
364 3110 447 3175 ιι).
479 3107 702 3162 Turbati
741 3116 866 3161 sunt
893 3123 924 3160 a
954 3106 1089 3162 lacie
1118 3106 1234 3176 ejus
1279 3105 1463 3172 Judaei,
1488 3109 1702 3176 quando

1795 548 1963 615 spolia
1986 558 2128 608 sunt.
2157 550 2326 606 divisa
2349 567 2469 608 cum
2490 554 2789 611 dormirent
2813 558 2954 613 inter
2982 560 3188 617 medios
3211 564 3389 618 clerus

1797 636 1995 693 Scriba:
2024 648 2079 693 et
2110 638 2381 697 Pharis-aii.
2416 643 2559 699 Inter
2586 646 2812 712 medios,
2845 649 3081 719 inquam,
3110 652 3305 715 cleros,
3339 652 3390 707 id

1801 738 1897 795 est,
1924 730 2064 785 inter
2084 732 2252 788 libros
2279 743 2513 790 sanctos.
2545 735 2734 791 Cieros
2757 740 2898 793 enim
2943 742 3104 797 libros
3131 744 3235 799 hoc
3263 745 3386 800 loco

1798 820 1990 886 dictos,
2039 830 2095 875 et
2126 821 2301 899 Judtcil
2324 825 2506 880 dicunt
2535 836 2591 881 et
2617 829 2787 883 nostri
2810 831 3020 899 plurimi
3042 841 3384 890 tractatoreu.

1797 909 1939 979 Ergo
1977 912 2024 966 si
2069 913 2211 967 inter
2249 914 2414 969 libros
2461 916 2673 973 divinos
2715 922 2874 988 positi
2903 920 3198 989 dormiats,
3225 924 3275 977 id
3302 932 3386 980 est

1798 1005 2098 1074 negligatis,
2127 1016 2181 1060 et
2210 1015 2457 1063 tenentes
2483 1010 2663 1065 claves
2690 1012 2857 1079 regi,
2882 1029 2981 1068 nec
3018 1031 3111 1069 vos
3156 1016 3383 1082 intretis,

1800 1110 1902 1150 nec
1930 1096 2063 1151 alios
2079 1097 2284 1165 ingredi
2307 1100 2655 1167 permittatis,
2676 1106 2773 1174 qui
2792 1120 2897 1157 'vos
2919 1119 3106 1173 penum
3129 1107 3251 1160 colu
3275 1107 3389 1161 nbat

1799 1185 2181 1254 deargentatm,
2211 1186 2263 1241 id
2305 1176 2405 1253 est,
2438 1207 2472 1243 o
2505 1205 2598 1245 vos
2626 1207 2814 1261 perime
2841 1193 3102 1249 columba:
3130 1195 3391 1265 deargen-

1802 1283 1943 1341 take,
1977 1276 2029 1330 id
2056 1286 2158 1341 est,
2190 1279 2505 1335 simulantes
2525 1282 2921 1350 simplicitatem
2952 1284 3228 1352 Columbae,
3272 1288 3383 1342 vel-

1800 1367 1878 1439 uti
1925 1383 2113 1437 penna:
2158 1369 2275 1438 ejus
2321 1387 2414 1427 vos
2442 1375 2774 1428 ostendistis.
2827 1373 2995 1429 Porro
3026 1389 3207 1432 autem
3234 1380 3377 1434 dear-

1801 1469 2031 1531 gentaue
2059 1478 2249 1532 pernice
2304 1465 2464 1525 estis,
2497 1480 2604 1519 non
2636 1481 2819 1522 verum
2851 1456 3159 1534 argentum,
3192 1478 3247 1523 et
3274 1486 3394 1540 spe-

1802 1555 1939 1609 ciem
1969 1555 2105 1618 an:i,
2133 1572 2238 1610 non
2262 1572 2449 1610 aurum
2473 1573 2657 1611 verum
2688 1558 2989 1615 ostendit.s.
3030 1559 3170 1629 Ergo
3198 1564 3242 1616 si
3293 1578 3387 1619 vos

1801 1647 2063 1711 dormitis,
2096 1662 2198 1716 ego
2223 1648 2364 1704 dabo
2408 1651 2693 1719 vigilantes
2719 1652 2969 1708 cmlestes
3000 1667 3171 1721 reges,
3215 1655 3267 1709 id
3307 1664 3384 1711 est

1801 1739 2094 1809 apostolos,
2122 1755 2287 1809 super
2316 1749 2533 1806 terram,
2564 1750 2622 1796 ut
2650 1742 2702 1795 in
2732 1758 2947 1796 omnem
3000 1736 3197 1799 tFrram
3226 1754 3385 1800 exeat

1727 1829 1772 1889 Β
1801 1845 1967 1884 sonus
1994 1846 2201 1885 eorum.
2230 1830 2306 1884 lta
2339 1838 2398 1885 ut
2418 1832 2471 1886 hi
2494 1847 2631 1901 quos
2679 1832 2897 1905 nigrde
2925 1845 3269 1902 peccatorum
3299 1836 3385 1890 ob-

1800 1922 1978 1989 tinuit,
2030 1922 2094 1977 ad
2146 1924 2583 1992 prmdicationem
2630 1939 2816 1979 eorum
2843 1927 2962 1980 nive
2990 1928 3305 1982 dealbentur
3332 1928 3386 1984 in

1799 2012 2036 2070 Seianon.
2068 2014 2287 2069 Selmon
2319 2016 2466 2069 locus
2494 2024 2578 2069 est
2608 2017 2658 2069 in
2685 2031 2793 2084 quo
2825 2017 3242 2086 purificabantur
3261 2035 3387 2089 pro-

1801 2106 1980 2176 selyti,
2012 2105 2092 2159 vel
2136 2106 2187 2158 lii
2216 2106 2307 2175 qui
2346 2105 2651 2160 fatebantur
2683 2109 3019 2174 gravioribus
3047 2124 3106 2163 se
3135 2112 3386 2179 pollutio:

1799 2199 1956 2254 nibus
1988 2198 2315 2265 inquinatos,
2346 2200 2456 2253 κατ’
2488 2202 2804 2277 ἀντιξιρασιν,
2839 2200 3012 2256 locum
3048 2200 3266 2256 Selmon
3296 2219 3388 2259 vo-

1800 2287 1899 2343 luit
1930 2288 2036 2343 dici
2057 2303 2270 2341 omnem
2311 2288 2487 2342 locum
2518 2289 2571 2343 in
2602 2304 2712 2359 quo
2750 2289 2802 2342 lii
2832 2290 2923 2360 qui
2956 2291 3215 2359 nigrilicav
3229 2301 3388 2348 erunt

1800 2388 2142 2449 peccatorum
2191 2380 2473 2443 sordibus,
2514 2379 2851 2435 dealbentur.
2907 2379 3052 2449 Ergo
3097 2398 3218 2436 cum
3279 2383 3388 2439 dis-

1799 2468 1970 2527 cernit
2034 2470 2308 2525 Dominus-
2367 2486 2529 2541 super
2591 2479 2789 2526 terram
2854 2474 3159 2541 apostolos‘
3207 2490 3331 2530 suos
3365 2515 3382 2540 ,

1798 2564 2102 2632 quicunque
2140 2563 2428 2619 audierunt
2471 2578 2566 2617 eos
2619 2574 2675 2618 et
2727 2563 3067 2619 crediderunt
3122 2566 3166 2619 si
3220 2572 3385 2636 super

1800 2653 2106 2710 fenisecium
2139 2653 2352 2708 fuerunt
2376 2654 2531 2722 nigri,
2563 2662 2815 2724 tanquam
2839 2655 2957 2709 lana
2984 2656 3205 2711 candida
3235 2656 3381 2722 facti,

1801 2746 1956 2815 quasi
1987 2746 2077 2801 nix
2097 2747 2329 2801 dealbati
2354 2757 2479 2801 sunt
2500 2748 2553 2801 in
2575 2746 2817 2811 Selmou,
2847 2749 2896 2802 in
2920 2749 3041 2804 loco
3063 2748 3387 2818 purificatio-

1802 2835 1906 2900 nis,
1938 2836 2027 2890 ubi
2067 2838 2247 2891 omnia
2277 2846 2497 2906 peccata
2545 2837 2791 2892 lavantur
2817 2858 2845 2891 ει
2865 2840 2952 2893 ubi
2984 2855 3138 2895 mons
3166 2841 3257 2896 Dei
3286 2854 3388 2908 est,

1803 2941 1960 2979 mons
1996 2926 2236 2995 pinguis,
2269 2926 2443 2980 nullus
2471 2927 2606 2981 alius
2650 2928 2751 2982 nisi
2779 2926 3024 2983 Christus
3057 2927 3244 2995 lesus,
3278 2932 3390 3001 ipse

1805 3016 2046 3085 pinguis,
2077 3016 2275 3070 sudans
2297 3017 2417 3070 oleo
2434 3016 2687 3084 justitim,
2720 3018 2842 3073 oleo
2858 3018 3203 3082 chrismatis,
3236 3036 3390 3077 mons

1805 3109 2116 3175 coagulatus
2143 3117 2242 3162 est.
2276 3106 2373 3175 llic
2402 3108 2515 3177 ipse
2543 3123 2698 3163 mons
2724 3110 2935 3178 pinguis
2962 3110 3015 3164 in
3048 3113 3248 3166 unitate
3266 3111 3389 3167 Dei-

123 3198 347 3252 ostendit
374 3213 433 3252 se
455 3205 663 3267 patrem
691 3197 1051 3266 orphanorum
1074 3205 1127 3251 et
1142 3196 1377 3266 judicem
1402 3199 1695 3255 viduarum.
1728 3186 1771 3246 C
1806 3201 1931 3254 tatis
1959 3198 2273 3254 Trinitatem
2293 3201 2638 3275 coagulatum
2667 3215 2877 3268 gerens.
2913 3202 3099 3258 Videte
3126 3219 3192 3258 ne
3218 3204 3391 3260 susci-

118 3284 247 3343 Deus
292 3291 353 3342 in
409 3288 531 3343 loco
579 3296 766 3343 sancto
813 3303 929 3342 suo.
965 3286 1281 3358 Ubicunque
1309 3289 1565 3344 sanctitas
1594 3298 1695 3355 est,

119 3378 255 3435 locus
282 3379 387 3434 Dei
414 3388 517 3445 est,
549 3387 604 3434 et
632 3380 703 3433 ibi
733 3377 873 3432 Deus
901 3387 1002 3441 est,
1033 3389 1091 3433 et
1112 3380 1226 3450 ipse
1253 3381 1378 3436 facit
1420 3382 1700 3436 unanimes

116 3469 163 3524 in
185 3470 375 3536 domo,
406 3471 462 3525 in
492 3469 730 3525 Ecclesia
753 3472 933 3539 utique
948 3486 1238 3532 sua.unam
1261 3470 1417 3525 fidem
1440 3472 1699 3541 integram

117 3574 393 3632 exercere;
423 3565 538 3633 ipse
566 3561 758 3617 educet
777 3562 986 3617 vinctos
1012 3581 1039 3616 a
1060 3562 1278 3618 diabolo
1309 3564 1363 3618 in
1391 3562 1701 3621 fortitudine

116 3664 222 3714 sua,
273 3661 332 3710 et
380 3654 532 3723 ipsos
558 3653 649 3722 qui
678 3652 746 3708 ad
777 3653 910 3707 iram
931 3664 1247 3723 provocant,
1271 3655 1322 3710 id
1352 3664 1453 3721 est,
1481 3657 1570 3726 qui
1592 3671 1703 3710 ma-

114 3742 234 3809 gicis
261 3745 480 3799 artibus
506 3728 841 3799 serviuntzhi
871 3754 998 3800 sunt
1025 3746 1116 3817 qui
1138 3747 1383 3802 habitant
1435 3748 1487 3802 in
1516 3747 1699 3819 sepul-

112 3832 223 3885 cris.
256 3830 431 3898 Deus,
464 3833 719 3901 egredere
747 3849 929 3889 coram
962 3834 1173 3905 populo‘
1210 3844 1320 3902 tuo,
1344 3837 1470 3893 dum
1518 3846 1697 3893 trans-

111 3919 227 3976 ieris
256 3922 326 3977 ad
376 3925 673 3989 desertum,
706 3931 903 3979 terram
934 3927 1171 3992 mutasti,
1194 3927 1411 3996 quando
1431 3929 1552 3984 coeli
1575 3929 1701 3983 stel-

110 4009 205 4067 lam
251 4015 629 4085 protulerunt,
671 4030 703 4069 a
757 4015 895 4071 facie
937 4016 1033 4072 Dei
1064 4019 1245 4075 Israel.
1289 4019 1439 4077 Tunc
1466 4022 1699 4091 pluviam

108 4105 468 4163 voluntariam
493 4109 806 4176 segregasti,
831 4108 993 4173 Deus,
1017 4111 1316 4167 hmreditati
1340 4120 1462 4179 tum,
1485 4114 1700 4182 quando

108 4198 272 4263 angeli
302 4198 630 4254 cecinerunt
653 4218 666 4252 :
701 4199 893 4254 Pacem
919 4201 1214 4256 hominibus
1242 4201 1393 4261 bona:
1421 4205 1699 4259 voluntatis

108 4285 127 4355 (
144 4282 272 4357 Luc,
349 4293 442 4359 ιι).
475 4288 768 4346 Ηεῐετεόὶιίιε
788 4291 903 4360 ejus
925 4292 977 4346 in
1005 4293 1264 4362 apostolis
1286 4295 1511 4364 sumpsit
1540 4309 1701 4349 exor-

109 4372 266 4445 dium,
300 4380 355 4435 in
378 4381 582 4452 quibus
605 4382 870 4438 infirmata
891 4392 976 4439 est
996 4385 1111 4455 ipsa
1137 4386 1421 4441 haereditas
1437 4400 1452 4450 ;
1471 4388 1561 4441 sed
1585 4387 1699 4456 ipse

105 4464 361 4539 Dominus
391 4470 625 4542 perfecit
667 4489 789 4528 eam
814 4475 1139 4544 resurgendo
1180 4492 1210 4530 a
1240 4478 1482 4540 mortuis,
1509 4483 1695 4532 osten-

1800 3291 1960 3360 piatis
1982 3292 2034 3345 in
2063 3289 2274 3345 Deitate
2300 3290 2461 3344 alium
2486 3290 2721 3345 aliunde.
2756 3291 2886 3346 Nam
2912 3294 3005 3361 qui
3028 3294 3141 3349 hinc
3168 3295 3387 3363 faciunt,

1801 3390 2116 3448 arguuntur,
2158 3389 2213 3435 et
2241 3381 2435 3435 dicitur
2461 3383 2541 3436 eis
2568 3398 2582 3433 :
2620 3380 2812 3450 thuid
2844 3383 2923 3438 sic
2948 3386 3217 3454 suscipitis
3238 3401 3390 3441 mon-

1803 3477 1884 3525 tes
1910 3472 2137 3539 uberes?
2160 3471 2332 3531 idest,
2367 3472 2554 3538 utquid
2596 3470 2768 3526 facitis
2796 3472 3054 3541 pluralem
3085 3474 3389 3532 Deitatem?

1799 3559 2153 3629 Coagulatum
2184 3570 2421 3615 montem
2454 3562 2506 3615 in
2539 3562 2745 3617 unitate
2773 3572 2973 3628 tenete,
2999 3573 3055 3618 et
3082 3560 3297 3621 Patrem
3326 3582 3390 3623 ac

1800 3652 2057 3723 Spiritum
2086 3660 2328 3709 sanctum
2355 3655 2406 3708 ἰ.ι
2434 3671 2540 3709 uno
2565 3655 2793 3709 Domino
2817 3640 3145 3712 nostro'Jesu
3172 3656 3389 3714 Christo

1799 3748 2075 3818 suspicite.
2106 3746 2227 3817 Ipse
2254 3754 2337 3802 est
2366 3746 2508 3801 enim
2535 3762 2691 3802 mons
2720 3748 2771 3802 in
2800 3763 2908 3818 quo
2931 3750 3128 3818 placuit
3160 3749 3270 3805 Deo
3301 3751 3390 3806 ba-

1799 3838 1972 3894 bitare
2011 3840 2062 3894 in
2090 3853 2185 3901 eo,
2218 3842 2275 3893 et
2300 3839 2352 3892 in
2383 3838 2501 3909 ipso
2527 3838 2785 3894 Dominus
2827 3840 3087 3894 habitavit
3116 3842 3168 3895 in
3195 3841 3389 3896 smcula

1800 3930 2137 3984 mulorum.
2167 3929 2335 3999 Hujus
2362 3944 2551 3985 currus
2594 3930 2781 3986 decem
2827 3930 3060 3985 millibus
3111 3932 3405 4002 multiplex.

1792 4018 2125 4087 Curras-ejus
2151 4020 2204 4073 in
2229 4021 2478 4088 passione
2504 4021 2735 4088 agitatus
2760 4030 2863 4085 est,
2886 4020 2976 4075 ubi
3004 4006 3104 4075 sibi
3130 4021 3243 4090 ipse
3270 4022 3390 4091 plus

1798 4108 2019 4173 sufficit,
2051 4122 2211 4176 quam
2240 4108 2428 4163 decem
2470 4109 2635 4163 millia
2680 4108 2919 4176 legiones
2962 4109 3303 4177 angelorum,
3332 4118 3389 4164 et

1798 4202 1963 4257 millia
1995 4200 2287 4255 lietanlium
2326 4216 2445 4269 qua:
2475 4200 2687 4255 fuerunt
2713 4216 2835 4254 cum
2866 4201 3047 4271 Moyse
3092 4202 3145 4254 in
3174 4199 3301 4255 Sura
3328 4202 3384 4256 in

1798 4300 2008 4347 sancto.
2036 4290 2186 4346 Tunc
2212 4291 2453 4345 ascendit
2492 4290 2546 4344 in
2576 4292 2778 4353 altum,
2811 4290 2863 4345 id
2903 4301 3015 4354 est,
3050 4291 3102 4344 in
3146 4282 3383 4354 crucem,

1797 4384 1943 4453 cepit
1988 4381 2383 4450 captivitatem,
2415 4380 2584 4450 ipsam
2612 4381 2980 4450 captivitatem
3030 4380 3157 4449 ligni
3204 4381 3382 4450 primi,

1799 4473 1970 4543 ipsam
2002 4471 2165 4541 cepit,
2197 4479 2254 4525 et
2280 4471 2349 4526 de
2395 4478 2619 4541 peccato
2659 4471 2933 4526 damnavit
2970 4479 3266 4541 peccatum.
3312 4470 3388 4525 De

106 4557 272 4618 dendo
302 4563 534 4620 lissuras
559 4565 834 4621 clavorum
857 4568 910 4622 in
934 4569 1198 4634 manibus,
1222 4568 1459 4624 vulneris
1485 4570 1696 4638 signum

1799 4564 1965 4651 ligno,
1988 4564 2225 4631 inquam,
2255 4563 2431 4618 crucis
2457 4562 2657 4632 lignum
2678 4561 3123 4632 concupiscentia:
3143 4560 3304 4629 cepit,
3332 4566 3388 4615 et

106 4652 153 4707 in
174 4654 380 4722 latere;
414 4667 473 4713 et
502 4658 574 4713 ita
599 4674 719 4713 eam
740 4659 982 4729 perfecit,
1005 4669 1067 4715 ut
1091 4677 1197 4717 non
1217 4661 1389 4717 solum
1408 4662 1692 4731 spiritales,

104 4744 188 4797 sed
216 4755 273 4801 et
300 4748 578 4803 animales
604 4750 848 4805 habitent
869 4751 927 4805 in
953 4767 1037 4816 ea,
1061 4748 1188 4818 quia
1206 4749 1478 4819 paravitin
1495 4766 1556 4807 ea
1578 4751 1697 4807 dul-

102 4835 338 4892 cedinem
360 4852 523 4893 suam
548 4837 710 4905 Deus,
732 4840 948 4911 quando
968 4840 1115 4896 dedit
1136 4842 1356 4897 verbum
1384 4842 1698 4898 mulieribus

100 4918 380 4993 Dominus,
404 4936 470 4981 ut
496 4928 932 4997 evangelizarent
958 4931 1211 4987 virtutem
1235 4932 1477 4989 multam.
1509 4931 1695 4987 Domi-

100 5028 191 5070 nus
210 5031 346 5086 ergo
369 5018 459 5074 eis
478 5016 624 5073 dedit
638 5020 859 5075 verbum
878 5021 1064 5077 dicens
1093 5040 1106 5076 :
1139 5021 1241 5089 Ite,
1264 5023 1419 5081 dicite
1446 5022 1696 5095 fratribus

97 5106 217 5163 meis
252 5118 311 5163 ut
361 5117 496 5163 eant
520 5111 577 5165 in
622 5108 918 5176 Catilinam,
965 5110 1037 5167 ibi
1085 5130 1166 5169 me
1212 5112 1449 5170 uidebunt
1477 5113 1692 5185 (Matth.

96 5200 301 5270 xxvm).
338 5200 488 5267 Quis
523 5201 628 5256 hoc
654 5201 825 5261 dixit?
854 5202 969 5260 Rex
1001 5205 1254 5261 virtutum
1282 5205 1484 5273 dilecti,
1517 5206 1569 5262 id
1590 5215 1693 5273 est,

98 5287 320 5345 interior
347 5290 560 5363 Christi
602 5298 657 5347 et
706 5294 916 5365 species
964 5293 1175 5361 domus,
1220 5297 1406 5366 utique
1454 5299 1701 5368 corporis

99 5384 329 5451 speciosi
380 5381 567 5439 forma
607 5399 719 5455 pra:
766 5384 889 5442 filiis
933 5387 1241 5454 hominum,
1284 5389 1338 5444 in
1376 5405 1481 5460 qua
1509 5389 1696 5446 dividit

97 5474 297 5542 spolia,
350 5483 412 5530 et
455 5476 1154 5550 captivavitsynagogam,
1189 5490 1244 5536 et
1270 5481 1555 5537 thesauros
1578 5481 1698 5552 ejus

97 5563 270 5621 divisit
309 5567 369 5622 in
428 5564 695 5634 Ecclesia,
737 5568 829 5631 alii
856 5568 1005 5625 dedit
1033 5572 1388 5641 praphetiam,
1440 5574 1531 5629 alii
1572 5589 1697 5628 ver-

99 5656 237 5723 bum,
270 5659 367 5713 alii
409 5659 672 5715 virtutem
723 5663 1051 5717 sanitatum:
1084 5663 1315 5733 denique
1359 5666 1494 5720 ultra
1536 5682 1696 5738 syna-

99 5762 224 5819 goga
242 5767 372 5806 non
404 5751 593 5817 habet,
616 5767 716 5809 nec
746 5754 1081 5825 prophetam,
1114 5770 1215 5811 nec
1245 5756 1570 5825 motionem,
1596 5774 1694 5815 nec

1797 4655 1941 4711 dona
1970 4657 2214 4724 erogavit
2241 4655 2565 4712 hominibus.
2600 4655 2798 4709 Passus
2822 4663 2900 4710 est
2943 4654 3127 4720 etiam,
3156 4653 3248 4724 qui
3278 4669 3386 4709 non

1795 4745 2116 4813 credebant,
2147 4746 2309 4802 etiam
2339 4745 2423 4801 his
2449 4745 2589 4800 dona
2623 4743 2770 4799 dedit
2801 4745 2855 4798 in
2882 4758 3042 4798 cruce
3070 4745 3306 4812 positus,
3330 4752 3387 4798 ot

1796 4852 1908 4895 non
1936 4851 2103 4907 parva
2140 4836 2302 4891 dona.
2334 4834 2471 4891 Audi
2499 4849 2659 4903 quam
2700 4846 2910 4901 magna.
2942 4830 3140 4888 Preces
3175 4848 3274 4904 pro
3302 4833 3388 4890 bis

1800 4926 2089 4994 fundebat,
2127 4927 2351 4984 dicens:
2381 4924 2770 4982 Pater.remitte
2816 4924 2952 4989 illis,
2991 4925 3114 4995 quia
3141 4925 3387 4996 ignorant

1802 5019 1962 5093 (Luc.
1993 5018 2168 5090 ιιιιι).
2188 5018 2350 5074 Dedit
2376 5032 2505 5087 ergo
2533 5017 2674 5071 dona
2702 5016 3028 5083 hominibus,
3058 5017 3112 5072 id
3136 5027 3238 5082 est,
3268 5032 3388 5072 cre-

1800 5112 2080 5177 dentibus,
2111 5119 2169 5166 et
2206 5126 2315 5166 non
2343 5108 2517 5165 solum
2542 5107 2916 5174 credentibus,
2964 5110 3059 5165 sed
3101 5111 3262 5165 etiam
3303 5110 3387 5165 bis

1801 5205 1892 5274 qui
1914 5220 2023 5260 non
2043 5203 2271 5260 credunt
2284 5202 2584 5259 inhabitare
2599 5202 2909 5269 Dominum,
2922 5204 3014 5274 qui
3036 5199 3142 5257 non
3163 5200 3386 5259 credunt

1801 5296 1927 5366 quia
1954 5290 2097 5351 Deus
2123 5302 2236 5350 erat
2270 5296 2323 5349 in
2364 5292 2570 5349 Christo
2590 5295 2836 5349 mundum
2863 5297 3146 5350 concilians
3184 5293 3281 5348 sibi
3305 5290 3381 5363 (Ii

1803 5385 1921 5444 Cor.
1944 5386 2019 5459 v).
2064 5385 2384 5443 Benedictus
2409 5385 2666 5442 Dominus
2695 5384 2874 5452 Pater,
2905 5387 3217 5442 benedictus
3240 5382 3382 5437 Deus

1801 5479 1995 5543 Filius,
2025 5479 2341 5535 benedictus
2380 5478 2643 5535 Dominus
2688 5479 2918 5549 Spiritus
2963 5484 3207 5539 sanctus,
3256 5472 3382 5544 quia

1803 5587 2124 5644 prosperum
2151 5572 2255 5626 iter
2280 5572 2458 5627 crucis
2485 5587 2594 5627 sua:
2634 5569 2758 5627 fecit
2800 5570 2951 5625 nobis
2976 5568 3115 5622 Deus
3138 5565 3386 5620 Salvator

1803 5673 2005 5729 noster,
2029 5664 2119 5733 qui
2143 5662 2263 5719 ideo
2289 5664 2518 5717 cruciari
2538 5664 2725 5727 voluit,
2754 5670 2815 5715 ut
2834 5674 2932 5714 nos
2957 5659 3136 5713 salvos
3159 5655 3380 5711 laceret.

1804 5757 1931 5813 Ideo
1954 5757 2144 5812 mortis
2170 5756 2393 5810 exitium
2424 5756 2680 5823 suscepit,
2714 5761 2772 5808 ut
2797 5759 3183 5819 conquassaret
3210 5749 3386 5820 capita

2456 5942 2496 5973 σ
