3908 6176
498 344 599 399 H9

1826 337 2098 395 ARNOBII
2136 336 2438 394 JUNIORIS
3631 353 3715 411 ης,

446 514 449 517 _
494 457 830 512 inimicorum
857 470 1098 521 suorum,
1122 463 1178 510 et
1196 454 1451 510 liberaret
1471 461 1784 524 peccatores
1805 453 1873 509 de
1900 451 2076 507 mani-
2104 453 2157 513 Δ
2182 453 2307 507 stoli
2332 468 2494 522 super
2521 466 2710 507 omnes
2738 450 3067 510 inlirmantes
3084 495 3100 521 ,
3131 463 3185 509 et
3209 471 3369 526 super
3390 456 3648 529 diemones,
3673 479 3718 525 ιιι

493 553 592 604 bus
619 549 937 611 daemonum,
962 547 1101 615 quia
1126 546 1325 601 vertice
1345 545 1525 615 capilli
1548 544 1994 615 perambulabant
2023 543 2076 597 in

493 638 700 693 delictis
739 638 868 691 suis.
902 637 1044 690 Dixit
1081 636 1342 691 Dominus
1372 655 1385 690 :
1414 634 1493 689 Ex
1536 636 1708 689 Basan
1747 642 2076 690 convertam.

420 714 425 718 ’
494 728 664 782 Basan
706 743 801 780 rex
844 726 973 792 fuit,
1018 727 1110 795 qui
1150 742 1249 798 pro
1294 734 1522 797 peccato
1566 726 1870 796 captivabat
1898 724 2075 779 Israel.

474 817 631 885 Ergo
657 818 748 886 qui
778 833 875 887 pro
904 818 1138 887 peccatis
1175 819 1319 881 suis,
1352 833 1382 871 a
1412 816 1587 871 Basan
1616 817 1761 887 capti
1802 824 1953 876 sunt,
1983 831 2082 885 per

492 922 704 962 crucem
733 923 907 962 meam
950 923 1018 962 ex
1061 908 1234 963 Busan
1273 917 1607 963 convertam.
1642 907 1841 961 Verum
1869 907 1993 977 quia
2025 906 2080 961 in

492 998 700 1070 abyssis
738 1007 793 1052 et
835 999 890 1052 in
919 998 1184 1067 profundo
1212 1008 1293 1053 est
1321 1000 1473 1053 locus
1501 998 1717 1062 diaboli,
1751 998 1911 1052 etiam
1958 996 2082 1051 inde

493 1097 825 1154 convertam,
863 1090 1031 1144 diciti
1060 1092 1238 1144 terior
1260 1088 1522 1143 Divinitas
1547 1088 1806 1158 perlecta,
1836 1088 2080 1158 profecto

492 1181 696 1237 homini
738 1198 837 1235 suo
864 1180 989 1235 Jesu
1018 1179 1255 1235 Christo.
1306 1180 1649 1244 Convertam,
1683 1180 1884 1248 inquit,
1916 1179 2079 1233 etiam

492 1273 560 1327 de
587 1272 849 1342 profundo
881 1275 1060 1337 maris,
1084 1274 1259 1328 donec
1290 1273 1581 1341 intingatur
1607 1288 1703 1343 pes
1731 1281 1853 1327 tuus
1877 1272 1929 1326 in
1954 1288 2080 1327 san-

492 1364 651 1430 guine
705 1364 987 1436 passionis.
1037 1364 1113 1419 Ibi
1156 1364 1335 1431 lingua
1384 1364 1576 1419 canum
1624 1373 1857 1423 tuorum.
1887 1380 2079 1419 canum

492 1454 673 1523 utique
702 1454 1010 1507 latranlium
1039 1473 1050 1508 :
1080 1453 1364 1526 Cruciﬁge,
1416 1455 1661 1525 cruciﬁge
1700 1454 1999 1525 (Joan.nx
2035 1455 2074 1524 ).

490 1541 631 1612 Ergo
662 1545 775 1599 hzec
816 1545 993 1612 lingua
1022 1560 1212 1599 canum
1236 1536 1309 1598 'ex
1340 1546 1569 1599 inimicis
1596 1545 1664 1599 ab
1706 1545 1824 1614 ipso
1862 1544 2079 1599 diabolo

491 1637 721 1691 excitata
752 1645 851 1691 est.
885 1634 1011 1691 Post
1052 1637 1358 1705 passionem
1388 1647 1570 1703 autem
1594 1638 1692 1690 visi
1720 1644 1843 1691 sunt
1870 1636 2079 1704 ingres-

490 1743 584 1784 sus
614 1731 722 1793 tui,
754 1728 931 1794 Deus;
979 1730 1263 1799 probatum
1292 1738 1406 1793 est,
1437 1731 1563 1797 quia
1593 1728 1865 1796 ingressus
1905 1736 1987 1783 est
2025 1728 2079 1782 in

491 1819 711 1874 homine
738 1819 898 1883 Deus,
928 1828 983 1874 et
1023 1828 1107 1873 est
1134 1820 1186 1873 in
1228 1828 1435 1874 sancto.
1462 1820 1541 1873 De
1568 1836 1676 1889 quo
1705 1827 2078 1889 praevenerunt
2110 1826 2154 1884 Β
2248 1820 2307 1876 In
2338 1820 2496 1877 ﬁnem
2533 1839 2630 1893 pro
2658 1824 2742 1879 his
2781 1825 2873 1894 qui
2913 1826 3406 1892 conimutabuntur,

492 1911 762 1980 principes
788 1911 1065 1979 propheta:
1107 1910 1380 1979 conjuncti
1426 1911 1789 1981 psallentibus
1814 1911 1868 1965 in
1898 1911 2077 1966 medio

491 1995 915 2067 juvencularum,
940 2015 1058 2068 qua:
1078 2000 1320 2053 exierant
1348 2001 1402 2054 in
1431 2016 1710 2055 occursum
1741 2000 1926 2066 David,
1951 2017 2082 2055 can-

494 2096 669 2143 tantes
695 2107 707 2141 :
751 2088 882 2143 Vicit
913 2089 1082 2143 David
1115 2091 1170 2143 in
1200 2090 1372 2144 decem
1400 2090 1624 2145 millibus
1650 2090 1699 2162 (I
1735 2090 1862 2162 Reg.
1890 2090 2076 2161 ινιιι).

492 2179 711 2249 Dejecto
739 2181 950 2236 Goliath
969 2223 983 2246 ,
1027 2182 1098 2235 ibi
1126 2180 1370 2236 Christus
1399 2183 1451 2236 in
1480 2181 1648 2235 David
1678 2191 1795 2236 erat
1823 2183 1995 2236 victor
2023 2182 2079 2237 in

490 2274 668 2329 medio
710 2268 1117 2342 juvenéularum
1165 2276 1676 2346 tympanistriarum.
1726 2273 1923 2328 Verum
1952 2275 2077 2344 quia

491 2371 564 2425 ibi
594 2368 693 2424 fuit
721 2371 929 2438 imago,
972 2369 1060 2424 hic
1088 2370 1287 2423 veritas
1324 2368 1727 2438 comprobatur.
1759 2366 1934 2421 Nolite
1964 2368 2078 2423 haec

492 2465 547 2519 in
574 2464 856 2536 synagogis
882 2477 1097 2525 canere,
1126 2462 1220 2516 sed
1251 2461 1303 2515 in
1334 2460 1590 2515 Ecclesiis
1617 2468 1959 2525 sanctorum;
2004 2459 2077 2513 ibi

489 2553 791 2611 heuedicite
836 2553 1153 2618 Dominum,
1205 2567 1311 2607 non
1363 2552 1577 2606 aliunde
1603 2552 1938 2616 venientem,
1970 2565 2079 2605 non

490 2646 772 2709 advenam,
798 2662 903 2700 non
934 2660 1145 2709 novum,
1174 2644 1266 2699 sed
1289 2644 1461 2711 ipsum
1481 2643 1572 2711 qui
1592 2657 1808 2711 semper
1834 2649 1942 2706 est,
1966 2640 2078 2696 Do-

490 2738 693 2793 minum
721 2739 788 2792 de
810 2738 1043 2793 fontibus
1068 2736 1250 2791 Israel.
1282 2735 1358 2790 Ibi
1378 2734 1656 2803 Benjamin
1685 2734 2080 2789 adolescentior

490 2829 545 2885 in
577 2844 793 2897 pavore.
821 2826 960 2881 Ubi?
990 2827 1063 2880 Ibi
1086 2828 1138 2880 in
1164 2826 1416 2880 Ecclesiis
1437 2826 1554 2879 sine
1574 2825 1755 2880 dubio.
1776 2824 1852 2879 Ibi
1879 2824 2077 2895 Benja-

490 2922 601 2977 min
634 2922 743 2983 ille,
775 2921 866 2989 qui
897 2920 1025 2974 dicit
1056 2938 1068 2972 :
1100 2918 1211 2990 Ego
1236 2917 1480 2972 Israelita
1506 2934 1619 2971 sum
1641 2934 1706 2971 ea:
1736 2916 1870 2971 tribu
1894 2916 2079 2989 Benja-

430 3060 433 3063 Α
490 3013 597 3068 min
622 3010 796 3082 (Rom.
819 3012 914 3079 xi).
941 3009 1118 3076 Quare
1140 3009 1569 3064 adolescentior?
1590 3007 1723 3074 Quia
1752 3008 2076 3063 novissimus

491 3112 649 3159 natus
676 3102 758 3157 est
785 3103 925 3172 patri
972 3118 1089 3156 suo.
1123 3101 1269 3155 Inter
1316 3102 1436 3155 illos
1466 3101 1709 3156 undecim
1753 3101 1917 3170 ccepit
1954 3116 2074 3156 esse

2182 560 2346 615 super
2372 546 2539 615 ipsam
2563 534 2789 599 mortem
2813 545 3062 600 virtutem
3084 546 3378 617 imperandi
3400 552 3717 628 susciperent;

2183 646 2260 703 ut,
2292 637 2548 693 facientes
2576 638 2691 692 haec
2719 638 2887 705 signa,
2919 639 3160 694 dicerent
3185 642 3460 709 gentibus:
3489 644 3608 701 Date
3637 649 3719 704 ho-

2182 744 2369 784 norem
2390 729 2522 795 Deo,
2543 745 2706 799 super
2731 714 2892 784 Israel
2924 743 3171 798 magnum
3200 748 3392 788 nomen
3418 733 3545 803 ejus,
3568 749 3617 792 et
3639 756 3720 809 per

2182 835 2304 875 eum
2332 822 2424 891 qui
2447 822 2591 877 videt
2619 822 2784 875 Deum
2817 823 2869 877 in
2896 821 3129 890 Christo,
3160 825 3310 893 cujus
3329 827 3491 882 virtus
3518 831 3565 884 in
3595 833 3722 887 nubi.

2180 912 2299 978 bus,
2327 913 2380 967 in
2403 913 2663 983 apostolis
2681 913 2906 978 scilicet,
2929 928 3065 982 quos
3094 915 3310 970 mittens
3331 916 3395 969 ad
3416 928 3606 985 gentes,
3628 937 3723 976 mo-

2182 1002 2298 1056 nuit
2327 1018 2393 1057 ne
2418 1002 2666 1073 pluerent
2694 1003 2747 1056 in
2775 1002 3013 1057 Judazum
3032 1044 3047 1069 ,
3091 1012 3148 1058 ut
3191 1006 3480 1075 compleret
3503 1010 3630 1077 quod
3655 1011 3722 1064 di-

2180 1100 2370 1147 ceret:
2402 1078 2669 1146 Mandabo
2709 1092 2926 1147 nubibus
2972 1095 3098 1148 meis
3137 1111 3202 1147 ne
3231 1094 3415 1166 pluant
3457 1114 3599 1167 super
3631 1117 3722 1155 eam
3780 1150 3781 1153 η

2180 1181 2406 1253 pluviam
2436 1181 2603 1253 (Isai.
2630 1183 2719 1253 v).
2753 1183 2869 1238 Non
2899 1185 3042 1238 enim
3067 1184 3178 1253 jam
3208 1184 3262 1238 in
3292 1187 3565 1243 incredulis
3589 1191 3720 1244 mira-

2178 1271 2302 1325 bilis
2339 1273 2451 1326 vult
2479 1288 2630 1337 esse,
2660 1274 2797 1328 sicut
2835 1274 3181 1344 semper'l'uit
3207 1277 3260 1330 in
3292 1277 3565 1332 incredulis
3588 1281 3723 1334 mira-

2180 1360 2323 1428 bilis,
2346 1364 2438 1417 sed
2463 1364 2882 1418 nuncmirabilis
2898 1364 2950 1418 in
2965 1364 3398 1434 sanctis,'quibus
3422 1369 3723 1424 credentibus

2179 1455 2272 1509 dat
2304 1456 2574 1521 virtutem,
2607 1464 2662 1511 et
2689 1471 2786 1525 per
2806 1456 2950 1525 ipsos
2973 1456 3066 1511 dat
3092 1456 3455 1513 fortitudinem
3485 1460 3612 1529 plebi
3634 1475 3723 1516 sua

2177 1546 2492 1603 benedictus
2522 1548 2705 1615 Deus,
2735 1549 2828 1618 qui
2870 1557 3060 1617 regnat
3099 1550 3154 1603 in
3196 1550 3388 1606 stccula
3425 1554 3722 1609 seculorum.

2184 1637 2373 1693 Amen.
3144 1668 3147 1669 ν

2679 1730 2995 1788 PSALMUS
3032 1732 3260 1789 LXVIII.

3450 1826 3668 1897 psalmus

2887 1895 3071 1950 David.
3454 1895 3469 1897 “
3633 1925 3647 1932 -

2252 2004 2465 2059 Salvum
2478 2022 2559 2059 me
2574 2007 2677 2076 fac,
2694 2004 2849 2071 Deus,
2864 2008 3107 2079 quoniam
3120 2009 3440 2061 intraverunt
3451 2024 3587 2079 aqua:
3598 2023 3727 2079 usque

2179 2095 2251 2149 ad
2268 2097 2496 2149 animam
2516 2113 2701 2149 meam.
2723 2095 2931 2166 Infixus
2952 2113 3065 2151 sum
3084 2099 3139 2150 in
3161 2097 3287 2151 limo
3306 2098 3560 2169 profundi,
3581 2106 3624 2149 ct
3642 2114 3725 2150 non

2184 2199 2258 2243 est
2279 2188 2586 2242 substantia.
2627 2188 2759 2243 Veni
2780 2191 2833 2242 in
2864 2190 3187 2243 altitudinem
3216 2191 3398 2255 maris,
3421 2200 3467 2242 et
3495 2198 3727 2258 tempestas

2181 2277 2420 2331 demersit
2465 2294 2564 2331 me.
2614 2276 2871 2331 Laboravi
2916 2279 3181 2342 clamans,
3231 2295 3408 2334 rauca:
3452 2280 3591 2350 factm
3630 2285 3727 2330 sunt

2181 2370 2355 2438 fauces
2392 2385 2544 2432 meat,
2576 2367 2868 2439 defecerunt
2896 2370 3029 2423 cculi
3058 2371 3157 2423 mei
3183 2370 3306 2423 dum
3337 2386 3481 2439 spero
3515 2370 3565 2421 in
3592 2366 3726 2420 Deum

2178 2474 2365 2511 meum.
2391 2458 2723 2528 Multiplicali
2751 2468 2869 2512 sunt
2896 2476 3049 2531 super
3076 2461 3298 2530 capillos
3326 2461 3503 2529 capitis
3528 2460 3634 2522 mei,
3659 2460 3727 2529 qui

2180 2551 2396 2604 oderunt
2422 2568 2503 2604 me
2531 2553 2711 2621 gratis.
2744 2549 3035 2622 Canfortati
3072 2561 3190 2605 sunt
3234 2554 3326 2622 qui
3371 2552 3607 2623 persecuti
3630 2558 3728 2603 sunt

2179 2657 2261 2693 me
2279 2642 2474 2695 inimici
2488 2643 2588 2695 mei
2610 2642 2829 2713 injuste;
2844 2658 2954 2713 qua?
2974 2658 3077 2695 non
3104 2643 3253 2711 rapui
3278 2652 3400 2696 tunc
3420 2640 3724 2696 exsolvebam.

2180 2729 2342 2796 Deus,
2376 2742 2425 2783 tu
2467 2733 2568 2785 scis
2606 2732 2955 2801 insipientiam
2984 2748 3180 2797 meam,
3211 2743 3258 2785 et
3286 2733 3473 2786 delicta
3511 2749 3613 2786 mea
3639 2748 3667 2784 α
3689 2739 3727 2783 te

2179 2838 2284 2877 non
2313 2831 2433 2876 sunt
2460 2821 2781 2876 abscondita.
2810 2820 2933 2877 Non
2955 2822 3255 2877 erubescunt
3284 2825 3342 2877 in
3369 2840 3447 2876 me
3472 2824 3550 2893 qui
3574 2838 3727 2892 exspe-

2179 2923 2322 2967 ctant
2351 2924 2426 2978 te,
2468 2912 2689 2969 Domine
2727 2916 2987 2968 uirtutum.
3032 2913 3155 2968 Non
3191 2916 3571 2987 confundantur
3602 2931 3729 2985 super

2179 3020 2286 3068 me,
2316 3006 2400 3076 qui
2429 3014 2662 3076 quaerunt
2692 3014 2764 3069 te,
2802 3003 2938 3059 Deus
2978 3004 3165 3059 Israel.
3198 3002 3456 3068 Quoniam
3485 3012 3727 3075 prapterte

2176 3096 2395 3149 sustinui
2425 3093 2781 3165 opprobrium,
2831 3096 3029 3165 operuit
3066 3097 3300 3166 confusio
3347 3098 3523 3167 faciem
3565 3110 3725 3148 meam.

488 3193 858 3257 duodecimus,
886 3192 981 3247 scd
1010 3194 1061 3245 in
1090 3192 1339 3247 convivio
1368 3190 1607 3260 duplices
1635 3200 1817 3262 partes
1844 3193 2070 3262 accepit,
2102 3194 2147 3256 C
2177 3182 2475 3238 Ειτιναηϐιιε
2506 3186 2673 3254 factus
2721 3200 2833 3237 tum
2889 3183 3135 3255 fratribus
3185 3186 3343 3250 meis,
3393 3194 3442 3238 et
3468 3184 3726 3255 peregrinus

490 3285 566 3341 ita
596 3293 651 3338 ut
680 3284 907 3352 amplius
934 3284 1037 3338 illis
1063 3284 1311 3337 omnibus
1340 3282 1606 3347 laborans,
1638 3283 1907 3337 obtineret
1934 3284 2078 3339 hunc

491 3377 664 3448 ipsum
691 3376 929 3431 laborem
960 3391 1065 3429 non
1093 3375 1213 3437 sibi,
1238 3374 1333 3429 sed
1354 3375 1538 3442 gratiae
1560 3373 1653 3427 Dei
1680 3375 1845 3445 patris
1870 3376 1951 3429 sui
1977 3375 2075 3428 im-

490 3476 702 3540 putans.
734 3466 810 3521 Ibi
839 3481 969 3536 ergo
991 3466 1270 3534 Benjamin
1303 3465 1716 3528 adolescentior,
1749 3465 1803 3519 in
1846 3479 2070 3533 pavore,

493 3559 543 3613 id
572 3567 674 3624 est,
706 3558 757 3611 in
781 3573 1003 3612 excessu
1032 3556 1246 3610 mentis.
1276 3555 1401 3608 Ruit
1428 3540 1570 3610 enim
1599 3556 1800 3619 subito,
1827 3562 1883 3608 et
1909 3568 2075 3623 expa-

394 3656 404 3671 ‘
492 3649 599 3712 vit;
624 3648 730 3701 ruit
751 3649 801 3700 in
829 3656 991 3707 terra,
1016 3654 1070 3700 et
1091 3646 1323 3698 surrexit
1343 3645 1395 3697 in
1417 3644 1587 3709 caelo;
1613 3644 1722 3697 ruit
1742 3658 2069 3712 persecutor,

493 3743 549 3791 et
566 3736 796 3790 surrexit
817 3735 1124 3803 apostolus;
1156 3734 1263 3787 ruit
1285 3732 1498 3797 Saulus,
1521 3740 1576 3786 et
1599 3733 1833 3786 surrexit
1854 3730 2069 3787 Paulus.

495 3824 594 3879 Ubi
624 3836 822 3888 tamen,
856 3827 944 3880 ubi
974 3824 1288 3892 Benjamin‘l
1318 3825 1405 3878 ubi
1435 3825 1478 3878 si
1509 3826 1806 3892 interrogas
1836 3842 1848 3877 :
1874 3825 1965 3887 ibi,
1990 3826 2074 3879 in-

490 3917 632 3986 quit,
667 3916 754 3970 ubi
781 3916 1047 3985 principes
1069 3914 1229 3979 Iuda,
1263 3916 1350 3968 ubi
1373 3915 1641 3984 principes
1671 3914 1939 3980 Zabulou,
1980 3915 2073 3970 ubi

490 4006 759 4076 principes
802 4004 1137 4073 Nephtalim,
1188 4003 1276 4057 ubi
1327 4003 1598 4058 mandavit
1636 4002 1779 4058 Deus
1820 4004 2071 4059 virtutem

490 4110 641 4150 suam
664 4136 678 4160 ,
731 4095 818 4149 ubi
864 4094 1201 4149 conﬁrmavit
1228 4094 1373 4164 quod
1416 4103 1671 4165 operatus
1699 4103 1781 4149 est
1809 4096 1861 4149 in
1891 4095 2067 4161 nobis,

482 4188 585 4242 ubi
614 4196 695 4243 est
727 4188 980 4257 templum
1029 4188 1081 4241 in
1131 4186 1307 4240 triduo
1351 4188 1691 4251 suscitatum,
1733 4187 1877 4256 quod
1906 4195 1988 4241 est
2014 4187 2068 4242 in

488 4276 804 4344 Jerusalem,
828 4279 916 4333 ubi
932 4277 1163 4333 oll'etunt
1178 4291 1331 4346 reges
1355 4293 1592 4342 munera,
1619 4278 1708 4331 ubi
1729 4278 2069 4348 iucrepantur

474 4367 611 4425 ferte
638 4370 802 4424 simu.
828 4368 1074 4424 Hmretici
1101 4377 1226 4423 sunt
1246 4369 1336 4437 qui
1365 4369 1517 4439 quasi
1546 4367 1669 4423 fetu:
1699 4369 1750 4423 in
1775 4369 1908 4422 silva
1936 4369 2067 4438 legis

485 4460 691 4515 latebra
714 4478 744 4513 τι
774 4458 975 4525 fovent,
1004 4467 1062 4512 ut.
1089 4473 1158 4513 ex
1183 4460 1396 4513 occulto
1423 4458 1617 4513 laedant
1635 4460 1916 4514 consilium
1941 4468 2064 4515 tau-

2176 3275 2302 3343 ﬁliis
2317 3276 2497 3327 matris
2511 3291 2655 3328 mete.
2675 3272 2931 3336 Quoniam
2953 3274 3090 3328 zelus
3106 3275 3283 3328 domus
3302 3283 3407 3329 tua:
3427 3275 3627 3329 comedit
3643 3289 3724 3338 me,

2175 3374 2225 3417 et
2250 3364 2525 3435 approbria
2564 3363 2983 3433 exprobrantium
3012 3366 3101 3417 tibi
3138 3364 3433 3419 ceciderunt
3470 3383 3611 3435 super
3641 3379 3724 3417 me.

2180 3452 2247 3507 Et
2274 3455 2449 3524 aperui
2487 3455 2543 3507 in
2565 3454 2773 3525 jejunio
2804 3456 3032 3508 animum
3059 3471 3259 3519 meam,
3282 3465 3336 3509 et
3376 3458 3560 3527 factum
3594 3462 3661 3507 est
3682 3453 3725 3511 ill

2175 3546 2504 3616 opprobrium
2526 3547 2670 3599 mihi.
2698 3534 2769 3598 Et
2787 3548 2933 3616 posui
2955 3548 3305 3600 vestimentum
3331 3565 3495 3603 meum
3516 3547 3724 3607 cilicium,

2173 3646 2224 3691 et
2249 3641 2416 3708 factus
2446 3654 2560 3691 sum
2588 3638 2693 3691 illis
2719 3640 2776 3691 in
2804 3636 3125 3708 parabolam.
3163 3638 3449 3693 Adersum
3480 3656 3558 3692 nte
3581 3641 3728 3707 loque-

2175 3725 2361 3780 bantur
2384 3729 2468 3798 qui
2496 3726 2826 3795 sedebantin
2861 3736 3044 3797 porta,
3075 3730 3205 3782 etin
3243 3745 3326 3781 me
3364 3728 3638 3800 psallebant
3657 3724 3727 3796 qui

2174 3816 2410 3873 bibebant
2436 3821 2624 3873 vinum.
2653 3819 2767 3891 Ego
2796 3836 2913 3874 vero
2944 3822 3227 3875 orationem
3256 3837 3425 3875 meum
3455 3821 3522 3874 ad
3545 3831 3605 3885 te,
3633 3816 3727 3871 Do-

2172 3913 2325 3975 mine,
2350 3921 2543 3980 tempus
2570 3913 2891 3983 beneplaciti,
2931 3912 3089 3968 Deus.
3117 3912 3180 3966 In
3208 3914 3536 3968 multitudine
3556 3910 3727 3966 miseri-

2170 4008 2364 4059 εοτάιω
2392 4020 2493 4059 iure
2518 4004 2706 4059 exaudi
2733 4021 2843 4069 me,
2873 4006 2929 4058 in
2972 4006 3183 4057 veritate
3219 4004 3409 4059 salutis
3438 4013 3551 4057 εττω.
3593 3999 3727 4069 Eripe

2170 4112 2252 4150 me
2279 4095 2343 4149 de
2368 4096 2475 4151 luto
2493 4138 2507 4162 ,
2544 4106 2601 4149 ut
2635 4112 2741 4150 non
2768 4097 2989 4167 inﬁgar;
3019 4096 3178 4158 libera
3216 4111 3298 4149 me
3324 4096 3393 4148 ab
3415 4096 3495 4148 Itis
3520 4094 3600 4164 qui
3625 4088 3727 4144 ode-

2170 4196 2291 4241 runt
2314 4205 2424 4253 me,
2449 4196 2499 4241 et
2526 4190 2589 4241 de
2627 4188 2897 4259 profundis
2936 4203 3204 4257 aquarum.
3230 4184 3356 4240 Non
3386 4202 3467 4239 me
3494 4185 3727 4251 demerget

2156 4288 2440 4350 tempestas
2459 4296 2625 4351 aqum,
2646 4296 2806 4351 neque
2826 4277 3095 4333 absorbent
3123 4295 3204 4332 me
3229 4278 3564 4348 profundum,
3586 4286 3723 4342 neque

2166 4381 2347 4443 urgeat
2364 4388 2515 4442 super
2542 4388 2623 4425 me
2648 4380 2829 4441 puteus
2856 4388 2912 4425 os
2940 4387 3107 4425 suum.
3132 4368 3341 4423 Exaudi
3380 4386 3479 4434 me,
3509 4366 3721 4427 Domine,

2165 4466 2408 4534 quoniam
2435 4461 2654 4534 benigna
2681 4472 2758 4517 est
2784 4462 3138 4517 misericordia
3168 4471 3255 4515 tua
3272 4503 3287 4526 ,
3314 4462 3588 4516 secundum
3611 4453 3724 4510 mul-

484 4567 666 4609 rorum
697 4552 837 4606 inter
862 4565 1053 4605 vaccas
1079 4550 1417 4620 populorum.
1445 4548 1660 4604 [aedere
1679 4551 1821 4605 enim
1848 4552 2067 4607 student
2093 4559 2142 4619 ι)
2169 4554 2437 4608 titudinem
2465 4555 2849 4608 miserationum
2871 4563 3073 4607 tuarum
3094 4555 3285 4623 respice
3303 4569 3402 4608 me.
3429 4552 3495 4606 Et
3521 4568 3582 4605 ne
3600 4563 3727 4602 arerv

482 4641 821 4697 sacerdotum
851 4639 1070 4696 consilia
1091 4680 1106 4705 ,
1148 4639 1239 4710 qui
1267 4641 1371 4695 ho'c
1398 4640 1518 4695 loco
1548 4642 1687 4696 tauri
1718 4643 2061 4698 nominantur

481 4734 591 4802 apti
619 4733 811 4787 altario
840 4733 981 4786 inter
1008 4747 1226 4796 vaccas,
1259 4731 1309 4785 id
1338 4740 1447 4797 est,
1480 4732 1623 4787 inter
1657 4733 1844 4804 plebes
1866 4735 2060 4791 surdas

480 4832 536 4879 et
562 4825 774 4891 ignaras
815 4833 1055 4893 agentes.
1104 4823 1281 4891 Quare
1328 4833 1508 4879 autem
1558 4825 1822 4897 increpari
1870 4841 1901 4880 a
1948 4827 2061 4883 Deo

480 4915 855 4986 postulantur?
886 4913 955 4969 Ut
982 4916 1284 4985 insipientia
1311 4916 1497 4970 eorum
1523 4922 1648 4970 nota
1672 4915 1764 4970 tiat
1791 4904 2058 4984 omnibus,

480 5020 548 5060 ne
576 5003 713 5059 forte
740 5021 861 5060 cum
890 5006 943 5059 hi
991 5022 1097 5060 non
1142 5007 1503 5077 increpantur,
1535 5008 1821 5062 excludant
1846 5023 1942 5063 eos
1969 5009 2062 5080 qui

479 5111 587 5171 qon
610 5104 733 5150 sunt
770 5096 1122 5165 deargentati,
1153 5099 1247 5155 sed
1277 5100 1484 5169 probati
1514 5108 1637 5155 sunt
1663 5112 1904 5170 argento.
1938 5101 2059 5157 Dis~

476 5189 592 5258 sipa
622 5202 736 5250 eos,
764 5187 1008 5249 Domine,
1027 5190 1119 5257 qui
1148 5190 1284 5244 bella
1316 5191 1519 5246 volunt.
1546 5191 1775 5248 Venient
1802 5193 1961 5261 legati
1992 5209 2059 5248 ex

476 5278 744 5350 Egypto,
774 5275 1054 5332 Pharaone
1099 5278 1378 5344 demerso,
1429 5281 1580 5336 mitte
1625 5280 1789 5337 duces
1831 5293 1951 5341 tuos
1993 5282 2061 5339 ad

476 5369 796 5442 Egyptum,
843 5368 1128 5438 fungantur
1173 5370 1438 5437 legatione
1484 5387 1550 5425 ex
1593 5371 1856 5444 Egypto;
1888 5375 2058 5445 ipsam

474 5460 636 5515 etiam
667 5459 975 5515 interiorem
1006 5467 1210 5528 partem
1237 5458 1470 5531 Egypti,
1501 5460 1832 5532 .IEthiopiam
1856 5480 2060 5534 praeve-

475 5552 589 5607 niat
610 5568 801 5608 manus
823 5561 933 5617 tua,
958 5559 1015 5607 ut
1042 5565 1204 5620 regna
1227 5560 1383 5607 terra:
1404 5562 1600 5608 canant
1622 5556 1736 5620 tibi,
1760 5558 1849 5626 qui
1872 5572 2063 5613 ascen--~

475 5643 600 5700 disti
627 5645 682 5700 in
706 5646 872 5703 delos
903 5644 1162 5701 calorum
1190 5636 1255 5699 ad
1285 5641 1557 5699 Orientem
1576 5685 1591 5713 ,
1623 5648 1840 5717 quando
1868 5648 2059 5705 dedisti

478 5748 663 5791 vocem
703 5743 846 5790 tuam
873 5749 1061 5791 vocem
1090 5735 1330 5802 virtutis,
1363 5742 1420 5790 ut
1455 5736 1507 5790 in
1554 5746 1648 5790 tuo
1677 5739 1894 5795 nomine
1922 5756 2056 5811 apo-

2164 4651 2244 4699 tas
2274 4646 2457 4716 faciem
2484 4653 2623 4698 tuam
2651 4661 2684 4697 a
2711 4661 2866 4715 puero
2888 4654 3006 4704 tuo:
3034 4646 3278 4715 quoniam
3308 4646 3540 4706 tribulor,
3562 4638 3725 4695 veloci-

2165 4745 2240 4790 ter
2266 4737 2455 4789 exaudi
2492 4753 2588 4791 me.
2628 4735 2847 4791 Intende
2875 4738 3063 4791 anima:
3106 4752 3262 4802 meae,
3310 4747 3360 4790 et
3404 4736 3564 4790 libera
3603 4746 3721 4793 eam.

2163 4837 2372 4897 propter
2396 4828 2632 4881 inimicos
2661 4844 2801 4881 meos
2827 4828 2967 4898 eripe
3003 4844 3103 4881 me.
3153 4826 3228 4880 Tu
3257 4828 3357 4880 scis
3378 4824 3723 4897 impwperium

2164 4932 2353 4979 meum,
2378 4926 2429 4970 et
2447 4918 2802 4988 confusionem
2824 4933 3007 4981 meam,
3035 4927 3085 4970 et
3104 4919 3439 4970 rererentiam
3466 4930 3644 4970 meam.
3666 4909 3723 4965 In

2164 5018 2434 5077 conspectu
2458 5017 2543 5061 tuo
2561 5017 2679 5060 sunt
2698 5023 2872 5060 omnes
2891 5008 2975 5078 qui
2997 5006 3357 5071 tribulantme,
3379 5003 3723 5076 improperium

2165 5101 2474 5168 exspectavit
2501 5116 2590 5153 cor
2617 5115 2786 5155 meum
2811 5109 2861 5151 et
2897 5099 3179 5153 miseriam.
3214 5097 3280 5152 Et
3307 5100 3526 5153 sustinui
3553 5097 3632 5169 qui
3657 5093 3722 5148 si.

2165 5190 2697 5252 mulcantristaretur,
2720 5205 2767 5243 et
2783 5206 2883 5243 non
2904 5190 3034 5261 fuit;
3065 5190 3149 5256 qui
3170 5190 3541 5264 consolaretur,
3568 5195 3617 5240 et
3632 5188 3725 5238 non

2163 5282 2351 5350 inveni.
2387 5280 2454 5333 Et
2482 5281 2732 5334 dederunt
2757 5282 2813 5333 in
2838 5295 3009 5334 escam
3037 5295 3205 5333 meam
3220 5268 3323 5350 fel,
3353 5288 3404 5332 et
3428 5280 3482 5332 in
3510 5279 3593 5331 siti
3622 5289 3724 5329 mea

2163 5349 2468 5444 potaverunt
2487 5388 2568 5426 me
2586 5382 2749 5425 aceto.
2786 5369 2911 5424 Fiat
2941 5386 3118 5424 mensa
3144 5386 3320 5425 eorum
3340 5385 3514 5425 coram
3535 5368 3651 5438 ipsis
3675 5364 3722 5416 in

2162 5467 2416 5537 laqueum,
2439 5473 2490 5518 et
2513 5465 2567 5518 in
2584 5464 2939 5517 retributiones
2960 5471 3011 5517 et
3027 5463 3085 5517 in
3108 5463 3428 5517 scandalum.
3451 5459 3723 5513 Obscura:-

2163 5565 2244 5609 tur
2272 5555 2404 5609 oculi
2435 5570 2639 5619 eorum,
2668 5568 2733 5606 ne
2758 5553 2990 5618 videant,
3025 5560 3076 5607 et
3102 5552 3312 5607 dorsum
3333 5567 3504 5607 eorum
3540 5550 3724 5614 semper

2160 5649 2391 5703 incurva.
2426 5645 2652 5715 Efj'unde
2677 5660 2832 5714 super
2870 5660 2957 5699 eos
3004 5645 3137 5699 iram
3177 5653 3351 5708 tuam,
3391 5651 3440 5697 et
3466 5643 3608 5713 furor
3641 5637 3724 5688 ira

2161 5736 2559 5808 comprehendat
2585 5722 2688 5790 eoi.
2722 5733 2845 5789 Fiat
2864 5734 3117 5789 habitatio
3143 5750 3318 5789 eorum
3349 5732 3545 5789 deserta
3606 5733 3653 5780 et
3671 5723 3719 5777 il
