3870 6182
189 345 260 401 [gl
1058 338 1521 396 COMMENTARII
1564 341 1628 396 ΙΝ
1670 294 2001 401 PSALMOS.
2048 346 2236 402 PSAL.
2280 347 2460 403 LXIX.

3293 357 3397 413 12‘!

189 450 465 510 motiunculis
513 466 687 504 eorum
735 467 837 503 non
881 452 948 504 sit
995 453 1079 519 qui
1124 452 1391 505 inhabitet.
1446 450 1703 516 Quoniam
1733 462 1777 514 Α
1809 457 2096 512 tristitiam.
2130 458 2356 526 Qnmsivi
2387 463 2789 532 consulentem,
2824 475 2877 520 ct
2920 483 3024 521 non
3075 469 3282 533 inveni;
3317 477 3396 525 tot

182 562 299 618 quem
322 554 366 597 tu
389 542 672 613 percussisti
694 542 943 611 persecuti
964 550 1085 595 sunt
1102 560 1202 607 me,
1225 552 1275 596 et
1295 560 1447 613 super
1474 542 1703 597 dolorem

183 637 394 694 uulnerum
407 650 625 688 meorum
642 632 973 687 addiderunt.
991 634 1205 704 Appone
1219 635 1539 706 iniquitatem
1554 653 1705 706 super

182 729 441 798 iniquitatem
466 741 672 787 eorum,
714 733 767 777 et
804 741 906 778 non
947 725 1138 778 intrent
1160 726 1215 778 in
1248 716 1507 795 justitiam
1530 742 1698 779 suam.

183 817 411 874 Deleantur
435 816 494 869 de
534 814 666 869 libro
708 816 1006 880 uiuentium,
1038 825 1085 869 et
1112 832 1224 869 cum
1240 816 1401 886 justis
1428 832 1531 869 non
1571 817 1703 871 seri-

182 908 341 961 bantur.
368 905 470 977 Ego
505 922 620 960 sunt
646 924 842 978 pauper
876 920 925 961 et
963 906 1171 971 dolens;
1212 908 1355 960 salus
1391 917 1508 970 tua,
1541 907 1699 974 Deus,

179 999 353 1068 suscepit
372 1015 458 1051 me.
478 996 726 1052 Laudabo
742 1016 924 1052 nomen
940 997 1038 1052 Dei
1059 1015 1170 1052 eum
1193 999 1414 1062 cantico,
1433 1009 1481 1052 et
1500 1003 1703 1070 magni-

177 1088 306 1162 ῥωὺο
329 1106 431 1144 eum
455 1091 509 1142 in
534 1089 705 1142 laude.
750 1088 818 1142 Et
867 1088 1089 1161 placebit
1132 1088 1243 1143 Deo
1290 1106 1444 1160 super
1490 1091 1701 1145 vitulum

175 1182 403 1244 novellum,
450 1196 644 1233 cornua
689 1180 1049 1250 producentem
1095 1188 1145 1234 et
1189 1180 1428 1251 ungulas.
1480 1180 1702 1236 Videant

174 1288 374 1344 pauperes
411 1280 459 1324 et
497 1271 766 1335 (celentur;
811 1272 1025 1342 quwrite
1062 1270 1255 1335 Deum,
1296 1280 1345 1325 et
1371 1273 1499 1326 rieet
1528 1274 1703 1326 anima

173 1375 318 1420 mna.
345 1361 590 1428 Quoniam
621 1363 882 1416 exaudivit
910 1379 1159 1432 pauperes
1189 1362 1474 1427 Dominus,
1508 1365 1700 1418 vinctos

173 1472 264 1510 suos
296 1472 385 1509 non
425 1455 672 1524 despexit.
706 1452 943 1507 Laudent
967 1454 1113 1507 illum
1140 1453 1252 1508 caeli
1289 1465 1337 1507 et
1368 1465 1528 1519 terra,
1561 1472 1704 1508 mare

170 1556 207 1599 et
230 1547 374 1600 omnia
399 1545 597 1613 reptilia
628 1544 681 1597 in
720 1546 811 1597 eis.
856 1541 1112 1608 Quoniam
1143 1542 1282 1597 Deus
1326 1544 1523 1598 salvam
1548 1547 1704 1617 faciet

170 1636 288 1699 Sion,
311 1647 355 1691 et
372 1632 761 1705 tedi'ﬁcabuntur
785 1637 1012 1689 civitates
1043 1634 1214 1689 Iudae.
1248 1635 1317 1688 Et
1341 1635 1704 1691 inhabitabant

164 1725 243 1790 ibi,
268 1735 311 1780 et
333 1727 624 1780 haereditate
650 1727 913 1795 acquirent
958 1741 1090 1778 eam.
1135 1724 1203 1778 Et
1241 1742 1413 1779 semen
1441 1742 1701 1780 servorum

1806 547 1972 601 millia
2000 551 2253 615 saturati,
2285 559 2366 607 tot
2411 554 2576 608 millia
2618 546 2836 621 salvati,
2871 557 3058 612 inﬁniti
3103 558 3311 624 edocti,
3343 569 3394 619 et

1805 654 1907 694 nec
1951 657 2088 696 unus
2118 643 2364 698 inventus
2393 654 2477 700 est
2506 647 2633 701 mihi
2665 650 2977 705 consolator
3005 659 3245 721 tempore
3284 667 3394 721 quo

1802 729 2065 785 dederunt
2104 733 2155 785 in
2196 749 2319 789 esca
2350 750 2467 789 mea
2499 736 2597 802 fel,
2627 744 2683 791 et
2709 740 2761 792 in
2790 739 2877 793 siti
2917 756 3033 795 mea
3073 748 3393 809 putaverunt

1802 834 1891 875 me
1916 828 2091 876 aceto.
2126 821 2354 894 Propter
2382 826 2484 880 hoc
2514 827 2649 883 facta
2678 836 2761 883 est
2785 844 2971 903 mensa
3000 845 3186 885 eorum
3209 847 3393 886 coram

1805 912 1933 982 ipsis
1963 914 2014 966 in
2042 914 2309 982 laqueum.
2343 915 2578 971 Mensam
2618 919 2703 972 hic
2740 933 3066 991 synagogam
3107 921 3284 985 canit,
3327 917 3393 974 ad

1798 1021 1993 1075 quam,
2031 1008 2185 1075 quasi
2216 1007 2468 1063 refecturi
2516 1011 2830 1080 spiritaliter
2869 1020 3093 1077 euntes,
3144 1012 3393 1079 laqueum

1802 1102 2017 1149 mternze
2045 1098 2234 1151 mortis
2254 1098 2552 1153 incurrunt.
2575 1099 2900 1155 Obscuratos
2919 1103 3184 1156 habentes
3206 1102 3393 1157 oculos

1804 1200 1872 1238 ne
1901 1186 2322 1267 videantlumen
2353 1188 2636 1253 Ecclesiae,
2669 1191 2885 1245 dorsum
2915 1207 3070 1245 suum
3101 1192 3395 1261 parietibus

1802 1277 1954 1329 vanis
1984 1276 2284 1332 incurvant.
2335 1278 2402 1332 Et
2440 1280 2561 1334 ideo
2609 1283 2897 1350 apponitur
2943 1283 3194 1351 iniquitas
3233 1298 3394 1352 super

1803 1365 2140 1436 iniquitatem
2164 1364 2422 1437 ipsorum,
2445 1371 2570 1438 quia
2594 1380 2646 1425 et
2672 1372 2766 1441 ipsi
2791 1372 3066 1440 geminant
3086 1373 3392 1441 iniquitates

1803 1470 1947 1510 suas.
1993 1455 2314 1513 Occiderunt
2357 1458 2663 1527 Christum,
2705 1470 2922 1517 sanctos
2949 1464 3215 1532 persecuti
3244 1474 3391 1528 sunt,

1803 1544 2094 1601 Ecclesium
2136 1559 2360 1618 negant,
2405 1566 2563 1605 voces
2600 1553 2979 1622 prophetarum
3010 1563 3292 1608 evacuant.
3325 1554 3391 1609 Et

1806 1636 1929 1691 ideo
1955 1638 2205 1693 delentur
2232 1641 2299 1695 de
2330 1641 2466 1696 libro
2507 1643 2821 1709 viventium,
2867 1653 2922 1698 et
2951 1661 3070 1699 cum
3095 1645 3253 1713 jUstis
3283 1662 3392 1702 non

1804 1731 2130 1786 scribuntur.
2163 1732 2279 1786 Non
2309 1734 2508 1789 habent
2533 1737 2673 1789 enim
2704 1745 2909 1806 partem
2940 1752 3059 1791 cum
3100 1737 3389 1804 Abraham,

165 1822 252 1891 ejus
267 1820 527 1891 possidebit
550 1836 686 1884 eam,
717 1827 766 1887 et
789 1818 876 1890 qui
904 1818 1126 1889 diligunt
1150 1834 1335 1872 nomen
1355 1818 1468 1889 ejus
1497 1817 1699 1873 Itabita-
1733 1826 1775 1883 Β
1806 1835 1979 1891 neque
2008 1817 2135 1877 cum
2160 1827 2408 1883 omnibus
2437 1829 2636 1881 sanctis
2657 1829 2853 1882 veteris
2884 1827 3238 1893 Testamenti,
3266 1831 3391 1898 quia

116 1902 123 1909 ’
163 1913 257 1968 bunt
276 1916 324 1969 in
342 1931 417 1969 ea.

688 1999 1123 2041 SOMIENTAMUM.

211 2098 259 2154 In
298 2098 517 2153 Domino
562 2108 748 2153 nostro
792 2097 917 2153 Jesu
945 2096 1162 2153 Christo
1202 2096 1335 2152 duas
1374 2098 1701 2155 substantias

156 2189 233 2245 Dei
255 2198 303 2244 et
326 2190 553 2245 hominis
579 2188 919 2253 conﬁtemur,
951 2196 1006 2242 et
1033 2189 1261 2244 virtutes
1282 2189 1395 2244 Deo
1417 2189 1695 2255 tradimus,

142 2279 450 2336 inﬁrmitates
472 2280 681 2336 homini
710 2280 1072 2350 applicantes,
1104 2280 1255 2350 cujus
1284 2297 1469 2336 vocem
1508 2281 1561 2335 in
1596 2281 1700 2335 isto

152 2372 324 2441 psalmo
349 2372 412 2427 ab
438 2373 595 2427 initio
625 2387 794 2443 usque
823 2372 889 2427 ad
920 2373 1078 2427 ﬁnem
1107 2374 1483 2443 prophetatum
1511 2373 1701 2427 adver-

151 2464 297 2519 timus.
312 2461 656 2518 Consuetudo
677 2462 839 2517 habet
859 2464 1077 2517 humani
1097 2465 1379 2525 sermonis,
1404 2471 1464 2517 ut
1482 2476 1699 2531 gravem

147 2554 428 2610 calumniam
458 2556 785 2626 patientem,
816 2556 966 2623 gravi
1001 2554 1242 2610 dicamus
1270 2554 1577 2623 tempestati
1605 2569 1699 2609 ac-

145 2650 388 2705 cumbere:
428 2652 537 2706 hoc
566 2650 754 2706 ordine
783 2664 948 2718 aquas
976 2663 1144 2718 usque
1182 2647 1247 2701 ad
1286 2649 1519 2702 animam
1547 2662 1699 2701 suam

144 2743 417 2810 pervenisse
437 2741 731 2812 signiﬁcat.
756 2740 995 2796 Dicenda
1017 2746 1198 2796 autem
1218 2739 1272 2793 in
1296 2739 1424 2795 limo
1448 2738 1699 2809 profundi

143 2834 443 2900 seinﬁxum,
487 2835 751 2889 fabricam
792 2833 949 2903 primi
996 2832 1229 2886 hominis
1269 2838 1456 2895 sonat,
1500 2832 1553 2884 in
1592 2845 1697 2900 qua

142 2924 277 2980 ﬁxum
303 2928 445 2983 cruci
478 2933 778 2997 tempestas
807 2923 1043 2979 seditiosi
1074 2924 1257 2993 populi
1278 2925 1463 2976 mersit
1490 2936 1612 2976 eum
1642 2922 1697 2975 in

140 3026 353 3073 mortem.
380 3018 563 3086 Rogat
593 3033 734 3071 nunc
755 3032 851 3087 pro
872 3014 1147 3085 discipulis
1167 3021 1225 3067 ut
1247 3029 1352 3068 non
1382 3015 1700 3067 erubescant

140 3125 181 3163 in
204 3125 290 3183 eo,
335 3111 426 3180 qui
475 3117 801 3179 exspectant
845 3106 1290 3163 resurrectionem
1334 3104 1477 3174 ejus,
1522 3098 1698 3174 neque

1799 1921 2242 1982 contempserunt
2279 1931 2573 1985 pauperem
2619 1918 2671 1971 in
2702 1928 2953 1988 aspectu,
2987 1919 3136 1973 illum
3176 1919 3243 1973 de
3282 1934 3391 1988 quo

1800 2015 1988 2057 omnes
2015 2015 2195 2073 patres
2221 2021 2407 2061 eorum
2447 1996 2751 2063 concionati
2773 2018 2916 2063 sunt.
2941 2008 3171 2079 Pauper,
3196 2010 3387 2078 inquit,

1800 2105 1901 2160 ego
1931 2102 1986 2148 et
2013 2096 2218 2150 dolens.
2252 2094 2462 2167 Pauper
2498 2090 2559 2151 υἱ
2598 2115 2697 2152 nos
2724 2099 2915 2157 divites
2944 2100 3173 2166 faceret,
3203 2102 3391 2157 dolens

1801 2192 1860 2239 ut
1888 2199 1986 2239 nos
2014 2198 2043 2238 α
2073 2186 2347 2242 doloribus
2375 2189 2589 2241 :cternis
2611 2190 2863 2258 eriperet.
2889 2189 3083 2244 Factus
3108 2199 3187 2243 est
3214 2191 3390 2246 hostia

1801 2276 1913 2332 Deo
1940 2292 2039 2347 pro
2070 2279 2249 2344 nobis,
2283 2281 2564 2350 paciﬁcans
2591 2282 2646 2334 in
2675 2283 2928 2353 sanguine
2954 2299 3067 2346 suo,
3092 2284 3195 2335 sive
3220 2284 3305 2354 qui
3335 2284 3390 2337 in

1802 2371 1950 2422 terris
1981 2378 2118 2435 sunt,
2151 2371 2256 2425 sive
2275 2373 2360 2442 qui
2389 2374 2441 2425 in
2482 2374 2617 2427 caelis
2644 2372 2874 2445 (Coloss.
2903 2376 2975 2444 ι).
3009 2373 3076 2427 Et
3106 2375 3303 2444 placuit
3332 2377 3388 2430 in

1802 2462 2067 2518 sacriﬁcio
2094 2464 2301 2528 crucis,
2331 2465 2483 2532 quasi
2514 2465 2711 2520 vitulus
2742 2466 2984 2520 novellus
3028 2481 3230 2520 cornua
3259 2482 3388 2535 pro-

1799 2551 2001 2607 ducens
2027 2553 2251 2608 duorum
2284 2553 2779 2622 Testamentorum,
2811 2567 2866 2611 et
2893 2557 3118 2624 ungulas
3158 2566 3391 2625 quatuor

1800 2642 2231 2711 Evangeliorum,
2256 2648 2400 2715 quod
2420 2648 2663 2702 videntes
2681 2636 2946 2719 pauperes
2966 2649 3232 2703 ltetantur.
3255 2650 3391 2704 Pan.

1800 2750 1958 2804 peres
1985 2736 2243 2805 apostoli,
2280 2752 2385 2791 non
2429 2739 2689 2794 habentes
2717 2740 2851 2793 duas
2882 2741 3121 2804 tunicas,
3153 2755 3259 2793 non
3292 2755 3389 2810 pe-

1801 2842 1947 2890 ram,
1981 2842 2086 2881 non
2115 2828 2398 2896 pecuniam
2430 2829 2483 2883 in
2528 2830 2678 2885 zonis
2717 2831 2847 2884 suis.
2901 2828 3051 2884 Unde
3096 2838 3152 2884 et
3200 2828 3391 2884 Petrus

1800 2919 2126 2973 mendicanti
2156 2920 2367 2975 inﬁrmo
2406 2939 2418 2974 :
2448 2921 2728 2993 Argentum
2756 2933 2804 2976 et
2834 2939 3018 2976 aurum
3056 2939 3158 2977 non
3200 2921 3384 2988 habeo,

1800 3010 1892 3064 sed
1918 3011 2055 3082 quod
2092 3011 2252 3066 habeo
2283 3013 2376 3065 hoc
2405 3012 2470 3066 do
2501 3012 2608 3067 tibi.
2645 3013 2709 3067 In
2749 3015 2955 3067 nomine
2978 3013 3131 3078 Iesu,
3164 3030 3316 3084 surge
3340 3023 3391 3067 et

1801 3100 2009 3155 ambula
2032 3102 2166 3171 (Act.
2193 3103 2290 3173 in).
2316 3104 2372 3158 ln
2393 3105 2475 3158 his
2503 3105 2755 3174 cperibus
2783 3106 3151 3174 magniﬁcatus
3173 3115 3254 3161 est
3278 3105 3390 3162 Do-

138 3201 497 3258 eonfumlantur
532 3202 625 3270 qui
674 3201 955 3270 requirunt
999 3207 1052 3253 te
1099 3199 1152 3253 in
1192 3213 1299 3264 me,
1328 3196 1470 3251 Deus
1513 3196 1692 3251 Israel.
1725 3186 1771 3249 C
1801 3193 1977 3247 minus
2003 3192 2157 3248 Jesus
2184 3193 2428 3250 Christus
2456 3196 2509 3249 in
2538 3196 2723 3262 laude;
2754 3199 2895 3265 quod
2926 3198 3166 3252 videntes
3191 3213 3391 3268 paupe-

135 3292 365 3358 Quoniam
406 3292 639 3366 propter
677 3301 761 3358 te,
809 3291 1011 3360 inquit,
1044 3290 1253 3360 portavi
1281 3287 1697 3359 improperium;

135 3381 235 3437 dum
272 3383 406 3440 facio
439 3386 780 3439 voluntatem
814 3390 992 3446 tuam,
1043 3380 1165 3434 illos
1210 3377 1437 3444 offendi;
1486 3378 1699 3448 operuit

134 3478 401 3531 reverentia
429 3476 632 3531 faciem
669 3488 844 3528 meam
874 3472 1066 3542 palmis
1089 3478 1452 3534 attractatam,
1482 3473 1699 3523 exterus

136 3564 278 3623 laetus
303 3585 419 3623 sum
451 3567 715 3623 fratribus
742 3565 895 3630 meis,
928 3579 1118 3620 omnes
1146 3578 1232 3617 me
1260 3561 1519 3616 derelicto
1546 3559 1697 3629 fuge-
1732 3570 1735 3573 ‘

133 3668 250 3713 nuit.
275 3659 388 3716 Hoc
411 3661 539 3716 ideo
566 3673 759 3730 passus
792 3672 930 3720 sum,
955 3656 1081 3725 quia
1109 3654 1309 3708 zelatus
1338 3667 1457 3707 sum
1480 3651 1699 3705 domum

134 3757 273 3814 tuam,
301 3752 425 3820 quia
452 3735 599 3820 ejeci
628 3748 695 3802 de
726 3746 926 3816 templo
954 3754 1047 3800 tuo
1069 3744 1484 3814 negotiationes,
1509 3741 1700 3812 operui

129 3840 300 3909 jejunio
330 3845 573 3897 animam
619 3855 824 3904 meam,
853 3837 1206 3906 quadraginta
1235 3835 1423 3890 diebus
1451 3834 1701 3887 totidem-

130 3945 215 4000 que
236 3934 477 3989 noctibus
505 3930 645 3987 nihil
673 3930 962 4000 accipiens,
995 3926 1212 3982 indutus
1239 3941 1358 3980 sum
1387 3940 1565 3991 sacco,
1590 3922 1701 3979 for-

126 4036 197 4076 ma
221 4026 374 4079 servi.
406 4024 642 4079 lndutus
667 4036 783 4076 sum
812 4014 910 4074 rex
948 4019 1241 4083 cmlorum,
1274 4024 1329 4070 et
1361 4014 1542 4069 factus
1580 4029 1701 4069 sum

127 4115 214 4170 illis
232 4117 280 4170 in
300 4118 645 4188 parabolam,
670 4114 794 4168 hinc
817 4112 938 4181 inde
959 4110 1245 4166 verborum
1268 4107 1701 4163 insultationibus

123 4209 401 4279 suhjaeens.
449 4209 768 4263 Adversum.
807 4218 894 4258 me
933 4202 1322 4257 exercebantur
1367 4196 1697 4260 sacerdotes,

125 4300 209 4369 ipsi
248 4302 298 4355 in
325 4302 502 4372 portis
530 4300 807 4367 eliguntur
844 4295 1067 4360 sedere,
1098 4293 1236 4348 sicut
1261 4289 1522 4345 Jeremias
1549 4288 1697 4353 dicit,

122 4393 327 4449 oderunt
355 4400 703 4464 arguentem.
734 4388 794 4443 ln
817 4387 990 4459 portis
1018 4399 1147 4454 ergo
1175 4384 1229 4438 hi
1265 4383 1533 4453 accipiunt
1559 4397 1699 4452 pon-

124 4481 319 4539 tiﬁcium
362 4482 647 4555 judicandi
697 4487 752 4535 et
798 4476 1159 4548 corripiendi,
1206 4474 1360 4544 quasi
1388 4474 1488 4542 'qui
1524 4473 1701 4528 claves

121 4573 329 4629 civitatis
358 4552 593 4629 teneant
618 4573 672 4626 in
702 4570 876 4640 portis
913 4567 1105 4623 sedere
1142 4573 1528 4629 memorantur,
1560 4572 1615 4619 et
1643 4565 1698 4619 in
1734 4552 1781 4609 Ι)

121 4677 193 4718 me
209 4667 509 4735 psallebant
535 4663 695 4719 ebrii.
716 4660 831 4729 Ego
849 4674 982 4715 vero
1003 4659 1304 4714 orationem
1326 4657 1554 4712 fundens
1574 4670 1702 4725 age-

118 4755 251 4823 bam,
277 4769 335 4813 ut
362 4760 617 4829 eriperes
643 4770 739 4810 me
771 4754 840 4809 de
867 4753 982 4807 luto
1009 4751 1228 4817 mortis,
1263 4764 1331 4804 ne
1356 4750 1429 4805 ibi
1457 4749 1698 4804 adbmre-

120 4862 235 4914 rem,
259 4858 317 4904 ut
336 4867 448 4905 non
471 4854 700 4918 urgeret
719 4860 884 4915 super
903 4858 989 4898 me
1009 4850 1203 4914 puteus
1223 4857 1285 4896 os
1304 4857 1478 4917 suum.
1502 4839 1702 4894 Puteus

117 4954 203 5009 pro
225 4941 442 4999 diabolo
473 4942 588 4997 hoc
614 4940 737 4995 loco
764 4938 972 5009 positus
1018 4945 1120 4992 est.
1173 4934 1371 4990 Puteus
1401 4949 1432 4989 a
1459 4933 1698 5004 potando

115 5029 307 5098 dicitur,
330 5034 449 5104 ipse
480 5032 697 5103 potavit
721 5029 926 5101 primos
944 5028 1211 5099 homines,
1235 5034 1290 5082 et
1316 5041 1415 5096 per
1438 5025 1697 5096 populum

115 5124 212 5178 ovis
245 5128 326 5180 sui
354 5124 584 5197 aperuit
621 5138 784 5194 super
812 5136 909 5177 eos
937 5108 1007 5176 os
1029 5121 1080 5176 in
1107 5128 1300 5175 morte.
1335 5119 1488 5175 Unde
1527 5119 1703 5173 sancti

118 5213 162 5265 in
186 5217 432 5284 passione
463 5215 764 5271 evadentes
789 5211 972 5268 dicunt
1016 5231 1029 5265 :
1062 5209 1185 5265 Nisi
1227 5210 1482 5265 Dominus
1522 5211 1703 5283 fuisset

111 5306 159 5360 in
184 5307 344 5374 nobis,
374 5308 611 5380 forsitan
638 5307 772 5360 vivos
795 5304 1133 5376 deglutissent
1161 5319 1253 5358 nos
1282 5302 1453 5375 (Psal.
1486 5304 1697 5371 cum).

115 5396 236 5464 Qui“!
256 5400 495 5454 ministri
518 5399 706 5467 utique
727 5397 967 5467 ejusdem
990 5395 1209 5451 inimici.
1228 5394 1485 5460 Sustinui,
1511 5394 1699 5463 inquit,

112 5489 192 5556 qui
216 5490 374 5546 simul
396 5490 840 5552 contristaretur,
870 5496 927 5544 et
954 5503 1062 5543 non
1090 5487 1207 5542 fuit.
1232 5486 1351 5541 Non
1380 5486 1523 5541 enim
1549 5495 1708 5564 pote:

114 5590 186 5633 rat
209 5583 367 5638 simul
394 5583 517 5654 pati
568 5580 860 5648 Divinitas;
911 5580 1049 5635 sicut
1091 5580 1201 5645 sol,
1251 5580 1297 5635 si
1346 5579 1399 5633 in
1449 5579 1594 5647 ligno
1635 5579 1703 5631 sit

112 5676 315 5741 quando
335 5675 669 5740 conciditur,
703 5673 864 5729 simul
890 5672 1101 5728 concidi
1133 5686 1240 5726 mm
1269 5678 1481 5742 potest,
1513 5672 1583 5725 ita
1612 5668 1704 5723 Di-

118 5767 292 5823 vinitas
335 5768 505 5823 simul
551 5765 649 5821 fuit
676 5767 944 5836 passionis,
978 5773 1031 5820 et
1074 5764 1233 5823 simul
1262 5779 1368 5821 non
1398 5764 1706 5831 patiebatur

1798 3299 1905 3347 res,
1938 3285 2290 3352 gratulantur,
2322 3288 2446 3356 quia
2472 3286 2551 3341 sic
2578 3288 2794 3341 exaudit
2825 3303 3088 3379 pauperep
3108 3287 3387 3357 Dominus,

1803 3377 2010 3430 vinctos
2038 3391 2167 3431 suos
2198 3392 2304 3430 non
2333 3378 2557 3445 spernit.
2601 3376 2844 3430 Laudant
2890 3394 3012 3431 euin
3059 3376 3212 3443 caeli,
3264 3379 3388 3446 quia

1800 3466 2067 3528 ascendit;
2096 3473 2152 3521 et
2182 3476 2354 3531 terra,
2405 3468 2529 3535 quia
2578 3468 2902 3531 resurrexit;
2954 3476 3010 3522 et
3057 3484 3232 3533 mare,
3263 3470 3388 3537 quia

1801 3558 2027 3630 pedibus
2055 3558 2181 3612 illud
2213 3559 2531 3624 ambulav.t;
2563 3568 2618 3613 et
2637 3557 2787 3624 Sion,
2813 3560 2935 3628 quia
2961 3558 3245 3614 aediﬁcavit
3266 3576 3387 3615 eam

1804 3670 1910 3709 non
1940 3654 2226 3708 habentem
2259 3654 2517 3708 maculam
2539 3694 2553 3719 ,
2586 3668 2759 3721 neque
2790 3667 3004 3721 rugam;
3028 3638 3031 3643 ’
3054 3661 3108 3709 et
3146 3655 3390 3710 civitates

1800 3744 1969 3807 Judae,
1988 3746 2177 3800 animae
2196 3745 2581 3814 apostolorum,
2600 3759 2716 3813 quae
2730 3744 3094 3799 inhabitantur
3108 3760 3138 3799 a
3152 3744 3386 3812 Christo,

1802 3845 1857 3893 et
1884 3838 2246 3893 haereditatem
2277 3838 2500 3907 primam
2541 3836 2823 3905 acquisivit
2847 3852 2956 3891 eas.
2992 3836 3185 3892 Semen
3227 3838 3389 3892 etiam

1802 3945 2077 3985 servorum
2106 3929 2302 3983 Christi
2331 3928 2677 3999 possidebunt
2705 3945 2823 3994 eas,
2854 3929 2945 3998 qui
2976 3945 3081 3984 non
3116 3929 3392 4000 possident

1804 4028 2045 4075 terrenas
2095 4019 2374 4073 vanitates.
2444 4018 2823 4089 Apostolorum
2880 4015 3064 4087 utfque
3118 4020 3391 4074 doctrinas

1801 4111 2098 4183 possident,
2121 4118 2176 4165 et
2195 4111 2285 4180 qui
2314 4100 2539 4178 diligunt
2559 4126 2754 4164 nomen
2776 4108 2986 4163 Domini
3016 4110 3390 4164 inhabitabant

1804 4206 1856 4260 in
1887 4220 1971 4270 ea,
2005 4203 2054 4258 id
2086 4210 2187 4266 est,
2220 4202 2271 4256 in
2299 4202 2420 4266 ﬁde,
2446 4201 2497 4255 in
2529 4201 2795 4265 doctrina,
2828 4201 2880 4254 in
2912 4198 3169 4254 Ecclesia.
3194 4199 3250 4253 in
3280 4214 3386 4269 qua

1802 4303 1992 4363 regnat
2031 4294 2290 4349 Dominus
2317 4300 2503 4347 noster
2529 4291 2685 4353 Jesus
2711 4289 2956 4345 Christus
2983 4306 3105 4345 cum
3147 4289 3305 4344 Patre
3332 4299 3390 4345 et

1804 4386 2006 4458 Spiritu
2030 4393 2240 4454 sancto,
2272 4400 2414 4439 nunc
2436 4392 2490 4439 ct
2530 4384 2584 4437 in
2612 4390 2805 4439 cuncta
2831 4381 3021 4437 saacula
3046 4381 3385 4437 sceculorum.

1806 4479 1995 4534 Amen.

2335 4590 2648 4648 PSALMUS
2686 4588 2868 4645 LXIX.

1805 4709 1863 4763 In
1912 4709 2071 4761 ﬁnem
2116 4705 2356 4777 psalmus
2399 4702 2593 4777 David,
2644 4701 2697 4755 in
2718 4696 3197 4777 ‘rememorationc
3247 4693 3392 4764 quod

2184 4776 2389 4830 salvum
2421 4773 2544 4828 fecit
2568 4786 2689 4826 eum
2718 4768 2995 4823 Dominus.

1881 4932 2045 4996 Deus,
2076 4934 2130 4985 in
2169 4930 2485 5001 adjutorium
2524 4940 2691 4978 meum
2737 4920 2978 4985 intende;
3033 4918 3276 4983 Domine,
3324 4918 3395 4973 ad

1804 5023 2156 5097 adjuvandum
2180 5039 2263 5075 me
2287 5020 2492 5093 festina.
2524 5013 2924 5088 Confundantur
2958 5022 3007 5066 et
3048 5014 3390 5077 rerereantur',

1804 5120 1891 5191 qui
1919 5123 2153 5189 quierunt
2188 5114 2419 5166 animam
2454 5124 2640 5163 meam.
2682 5106 2992 5159 Aperiantur
3032 5113 3315 5159 retrorsum
3341 5109 3408 5155 ets

1805 5211 2133 5273 erubescant,
2166 5207 2250 5278 qui
2280 5203 2453 5259 colunt
2490 5202 2616 5256 milii
2657 5200 2817 5254 mala.
2864 5199 3175 5252 Avertantur
3219 5195 3393 5247 statim

1805 5300 2174 5360 erubescentes,
2204 5296 2290 5366 qui
2312 5294 2488 5347 dicunt
2511 5292 2636 5346 mihi
2672 5307 2690 5344 :
2734 5289 2905 5361 Euge,
2934 5304 3077 5360 euge.
3120 5283 3393 5338 Ersultent

1807 5403 1856 5446 et
1884 5393 2118 5446 (tutentur
2142 5391 2195 5441 in
2221 5395 2270 5441 te
2297 5390 2470 5441 omnes
2496 5385 2580 5457 qui
2610 5391 2844 5455 quierunt
2874 5390 2950 5445 te,
2986 5389 3036 5433 et
3059 5377 3234 5430 dicant
3260 5388 3393 5426 sem-

1810 5499 1932 5556 per:
1954 5481 2007 5537 Μ
2013 5481 2133 5554 agni
2138 5480 2321 5552 ﬁcetur
2340 5476 2615 5542 Dominus,
2634 5476 2718 5548 qui
2740 5474 2961 5544 diligunt
2978 5469 3208 5524 salutare
3230 5473 3389 5519 tuum.

1813 5578 1925 5649 Ego
1953 5592 2070 5632 rere
2112 5590 2302 5647 egenus
2346 5581 2397 5627 et
2441 5586 2637 5642 pauper
2660 5582 2802 5630 sum;
2841 5562 3008 5627 Dens,
3057 5557 3246 5628 adjuva
3294 5571 3393 5609 me.

1813 5670 2032 5740 Atljntor
2062 5684 2201 5721 meus
2230 5676 2278 5720 et
2307 5665 2552 5719 liberator
2575 5675 2715 5714 meus
2744 5671 2796 5709 es
2822 5664 2902 5718 tu,
2936 5649 3177 5712 Domine,
3200 5661 3261 5700 ne
3283 5662 3390 5701 ino-

1814 5763 1962 5817 reris.
