3870 6182
485 298 588 354 ιπ
1822 311 2075 369 ARNOBI

2176 313 2442 374 monts
3605 352 3689 407 ιη

1058 427 1493 470 cousins-rauim.
2100 432 2147 487 Α

554 495 613 554 In
645 500 1120 569 rememoratlone,
1152 504 1325 573 inquit
1352 503 1549 571 David,
1579 521 1645 563 eo
1686 509 1829 578 quod
1868 512 2071 567 salvum

490 607 576 647 me
604 593 729 647 iecit
765 592 1049 660 Dominus;
1084 595 1154 649 ibi
1181 596 1316 651 dixit
1344 600 1542 655 salvum
1580 617 1660 655 me
1687 604 1792 672 (ac,
1826 602 2071 671 Domine,

491 684 577 739 hic
604 685 801 748 gratias
827 686 935 754 agit
962 689 1214 743 salvatus.
1248 688 1386 755 Quid
1417 698 1597 747 tamen
1635 695 1843 749 oravit?
1870 695 1952 750 Ad
1981 697 2075 751 ad-

489 772 774 843 iuvandum
796 791 882 830 me
903 776 1122 843 festina;
1148 779 1460 836 festinanter
1496 784 1692 838 suscita
1731 800 1817 839 me
1860 802 1892 841 a
1932 803 2077 844 mor-

489 867 624 930 tuis,
659 876 711 920 ut
741 870 1061 924 erubescant
1088 873 1268 926 statim
1307 875 1711 942 erubescentes,
1757 878 1848 947 qui
1893 880 2079 937 dicunt

489 961 658 1011 mihi:
694 959 855 1028 Euge,
888 976 1042 1030 euge.
1076 959 1357 1019 Exsultent
1384 967 1439 1021 hi
1469 969 1561 1037 qui
1589 980 1807 1040 sperant
1829 973 1882 1027 in
1914 982 1993 1038 te,
2022 982 2079 1029 et

488 1051 578 1119 qui
610 1063 854 1118 quaerunt
884 1063 968 1119 te,
999 1062 1054 1108 et
1088 1056 1269 1110 dicant
1297 1074 1546 1129 semper:
1574 1060 1941 1130 Magnilicetur
1964 1064 2076 1120 Do-

491 1142 696 1206 minus,
725 1143 813 1210 qui
844 1144 1068 1211 diligunt
1110 1148 1342 1213 salutare
1382 1156 1552 1204 tuum.
1584 1149 1776 1221 Liquet
1803 1156 2078 1223 apostolos

490 1242 541 1285 et
571 1235 825 1301 qumsisse
854 1245 909 1289 et
947 1237 1224 1305 dilexisse;
1254 1255 1355 1309 ego
1385 1257 1541 1307 vero,
1574 1244 1676 1310 ait,
1721 1247 1997 1301 mendicus
2023 1253 2080 1301 et

490 1338 692 1393 pauper
719 1340 854 1378 sum.
882 1325 1163 1383 Exinaniei
1189 1332 1328 1385 enim
1359 1336 1608 1403 meipsum
1640 1338 1808 1407 factus
1837 1334 2078 1392 obediens

488 1428 645 1484 usque
686 1415 757 1467 ad
784 1429 997 1471 manem
1028 1418 1246 1490 (Philip.
1272 1423 1351 1489 ll).
1384 1422 1552 1487 Deus,
1585 1425 1776 1494 adjuva
1805 1442 1921 1491 me,
1970 1443 2077 1482 non

488 1506 629 1558 enim
662 1505 916 1573 fragilitas
954 1509 1185 1564 humana
1226 1515 1481 1583 resurgit,
1517 1516 1615 1571 nisi
1647 1518 1886 1587 potentia
1918 1519 2080 1573 fuerit

489 1594 667 1649 divina
698 1596 950 1650 relevata.
989 1598 1214 1666 Adjutor
1228 1615 1357 1669 ergo
1386 1612 1441 1658 et
1465 1604 1720 1660 liberator
1757 1623 1907 1663 meus
1939 1616 2075 1673 esto,

494 1683 747 1747 Domine,
780 1702 847 1742 ne
887 1689 1386 1771 tardaveris,‘l)eus
1414 1694 1506 1764 qui
1552 1710 1744 1766 regnas
1783 1696 1838 1752 in
1884 1697 2079 1753 saecula

489 1778 755 1833 smculoru
776 1798 828 1831 ιε.
864 1778 1052 1835 Amen.

924 1890 935 1907 κ
1028 1870 1247 1926 PSALM
1257 1872 1341 1928 US
1379 1873 1540 1929 LXX.

493 1955 736 2014 Psalmus
758 1957 928 2015 David
958 1960 1187 2016 ﬁliorum
1215 1962 1460 2019 Jonadab
1489 1974 1543 2019 et
1570 1966 1809 2035 priorum
1838 1969 2080 2040 captivo-

1208 2049 1346 2087 rum.

2750 467 3185 510 COIIENTMUUI.

2250 540 2511 607 Psalmus,
2543 542 2734 611 inquit,
2769 543 3002 599 ﬁliorum
3029 544 3284 613 Jonatlab,
3316 558 3369 613 et
3394 552 3602 621 priorum
3622 575 3693 614 ca-

2178 634 2470 703 ptivorum.
2533 633 2833 705 Videndum
2883 645 2965 691 est
3011 653 3135 692 cum
3178 640 3362 709 quibus
3387 644 3519 698 canit
3541 645 3690 703 David.

2177 723 2312 780 Cum
2360 726 2482 780 ﬁliis
2526 726 2803 793 Jonadab,
2835 728 2903 783 de
2930 729 3124 798 quibus
3150 729 3399 788 Jeremias
3423 734 3537 789 dicit
3562 747 3696 806 patria

2179 819 2566 874 constitutione
2612 821 2796 874 vinum
2845 834 2951 875 non
3004 822 3221 888 bibere,
3252 832 3306 878 et
3331 840 3503 880 vocem
3528 826 3698 886 Domini

2181 910 2511 981 increpantis
2550 919 2815 965 memorat
2841 926 2947 980 qua
2976 915 3173 967 dictum
3203 922 3317 968 est:
3358 914 3476 970 Filii
3499 920 3696 974 Jonadab

2178 1002 2472 1056 custodiunt
2517 1012 2774 1073 praecepta
2821 1006 2986 1074 patris
3034 1004 3142 1071 sui,
3185 1016 3232 1059 et
3267 1012 3365 1060 non
3389 1006 3538 1062 bibent
3563 1013 3697 1067 vinum

2182 1092 2394 1165 (Ierem.
2428 1095 2613 1165 xxxv).
2640 1093 2755 1147 Non
2787 1110 2915 1162 ergo
2945 1105 3192 1171 putemus
3221 1095 3352 1151 ﬁlios
3376 1096 3590 1181 Junadab
3604 1117 3697 1156 cum

2180 1185 2347 1239 David
2375 1185 2632 1242 cecinisse
2659 1187 2992 1256 psalterium,
3018 1189 3113 1243 sed
3142 1190 3437 1245 sobrietatis
3458 1193 3580 1246 viros
3604 1210 3697 1261 par-

2180 1276 2367 1346 ticipes
2400 1277 2591 1339 fuisse,
2642 1287 2697 1331 et
2726 1278 2778 1331 in
2810 1278 3087 1347 psallendo
3118 1279 3247 1334 Deo.
3280 1279 3391 1335 Non
3420 1283 3546 1336 enim
3571 1298 3697 1338 caue-
3738 1278 3747 1289 ’

2180 1367 2338 1422 batur
2357 1367 2423 1420 ad
2453 1368 2692 1433 libitum,
2724 1369 2816 1422 sed
2847 1368 2914 1423 ad
2944 1370 3353 1436 gemitum,’ubi
3380 1371 3555 1440 captivi
3578 1373 3697 1443 primi

2179 1458 2339 1512 simul
2381 1459 2644 1529 lacrymas
2691 1458 3012 1524 funderent,
3061 1461 3347 1516 dicentes:
3397 1459 3527 1516 Deus
3567 1478 3698 1529 meus,

2181 1550 2330 1619 eripe
2358 1565 2445 1604 me
2472 1549 2540 1603 de
2572 1565 2733 1604 manu
2762 1557 2950 1606 contra
2968 1540 3126 1620 leges
3154 1552 3359 1619 agentis
3386 1561 3437 1606 et
3463 1553 3619 1620 iniqui.
3658 1552 3699 1606 In

2182 1646 2235 1693 te
2262 1640 2609 1694 co::ﬁrmatus
2636 1657 2753 1695 sum
2792 1657 2859 1696 ex
2890 1650 3062 1696 utero.
3096 1641 3175 1695 Ex
3206 1652 3357 1697 utero
3386 1643 3549 1711 utique
3579 1642 3701 1711 virgi-

2182 1731 2310 1784 nali.
2351 1730 2460 1785 Nos
2487 1731 2714 1787 dicimus
2742 1733 2795 1787 in
2825 1734 2938 1788 Deo
2962 1734 3332 1789 conﬁrmatum
3358 1734 3609 1795 Christum,
3632 1735 3701 1803 qui

2108 1799 2155 1860 Β
2183 1830 2437 1891 tanquam
2466 1823 2765 1892 prodigium
2797 1824 2968 1879 factus
2996 1833 3080 1880 est
3106 1826 3290 1880 multis
3317 1826 3592 1892 incredulis,
3615 1842 3703 1881 cre-

2179 1912 2430 1968 dentibus
2466 1923 2645 1968 autem
2683 1916 2889 1969 exstitit
2926 1914 3138 1985 adjutor
3174 1926 3232 1971 et
3261 1917 3426 1971 fortis.
3448 1916 3704 1993 (Repletum

2185 2010 2267 2057 est
2295 2020 2357 2058 os
2402 2003 2517 2073 ejus
2567 2022 2674 2060 non
2721 2007 2775 2060 in
2823 2006 2977 2071 cibo,
3011 2022 3118 2061 non
3149 2008 3429 2072 ebrietate,
3456 2008 3539 2062 sed
3565 2007 3702 2071 laude,

2189 2103 2243 2148 et
2272 2109 2378 2148 non
2410 2102 2494 2149 est
2520 2103 2795 2165 protectus
2824 2096 2877 2150 in
2910 2104 3153 2166 tempore
3196 2099 3453 2167 passionis
3478 2113 3583 2152 cum
3605 2096 3705 2151 deﬁ-

2185 2191 2334 2238 ceret
2380 2184 2548 2238 virtus
2595 2184 2727 2253 ejus.
2763 2184 2880 2240 Non
2927 2195 3011 2240 est
3058 2187 3276 2256 penitus
3312 2187 3574 2241 derelictus
3597 2195 3703 2240 tein.

2178 2290 2310 2344 pore
2353 2288 2462 2344 quo
2507 2275 2757 2331 dicebant
2804 2276 3043 2332 inimici:
3094 2278 3242 2332 Deus
3288 2278 3553 2346 dereliquit
3589 2291 3701 2331 enin.

2180 2365 2329 2422 Tunc
2378 2367 2517 2423 Deus
2562 2384 2673 2423 non
2720 2369 2967 2424 discessit
3010 2370 3077 2424 ab
3124 2385 3227 2437 eo;
3278 2386 3384 2441 quo
3428 2376 3704 2437 nsurgente,

2177 2460 2507 2515 erubuerunt
2530 2500 2545 2526 ,
2573 2453 2627 2515 ei
2665 2460 2879 2530 coi;l'usi,
2900 2469 3025 2516 sunt
3053 2462 3371 2547 insultantes
3396 2462 3553 2516 aversi
3577 2470 3705 2525 retro,

2177 2560 2233 2606 et
2259 2551 2468 2607 confusi
2501 2552 2744 2607 volentes
2772 2553 3006 2607 animam
3035 2553 3171 2622 ejus,
3209 2554 3405 2608 nullam
3430 2564 3705 2621 cognoceus

2177 2643 2335 2697 aliam
2364 2644 2805 2711 negotiationem,
2830 2645 2932 2700 nisi
2962 2645 3119 2709 hanc,
3151 2654 3213 2699 ut
3240 2646 3459 2700 intraret
3484 2644 3530 2697 in
3553 2651 3705 2713 poten-

2176 2735 2276 2790 tias
2304 2734 2535 2789 Damini.
2576 2734 2731 2790 Nunc
2773 2736 3014 2791 exterior
3054 2736 3302 2791 interiori
3329 2736 3487 2790 dicit:
3514 2733 3622 2800 Quae
3642 2730 3702 2785 te.

2175 2825 2296 2878 cisti
2327 2827 2590 2893 magnalia
2619 2826 2777 2889 Deus,
2811 2827 2932 2895 quis
2952 2827 3140 2881 similis
3165 2828 3303 2882 tibi?
3330 2826 3705 2893 Quantasosterr

2174 2917 2297 2971 disti
2328 2919 2457 2972 mihi
2488 2918 2860 2974 tribulationes
2881 2920 3075 2973 multas
3097 2927 3152 2973 et
3173 2920 3362 2984 malas,
3391 2926 3443 2974 et
3468 2928 3703 2972 conversus

2175 3024 2301 3064 ecce
2328 3007 2607 3064 viviﬁeasti
2638 3026 2756 3073 me,
2789 3011 2940 3075 et,de
2968 3011 3164 3081 abysso
3198 3022 3355 3067 terrm
3383 3012 3557 3065 iterum
3583 3007 3704 3062 relu-

2175 3101 2297 3155 xisti
2325 3116 2430 3155 me.
2491 3101 2730 3157 Dicendo
2771 3102 2964 3156 iterum
3002 3103 3357 3171 quaestionem
3388 3101 3521 3156 fecit.
3564 3096 3702 3153 Semel

2175 3191 2315 3246 enim
2346 3208 2566 3263 passus,
2598 3194 2763 3247 semel
2793 3202 3066 3256 mortuus,
3099 3196 3271 3249 semel
3297 3194 3549 3265 sepultus,
3575 3186 3703 3247 semel

2173 3283 2240 3339 de
2268 3285 2460 3356 abysso
2490 3294 2645 3340 terrae
2672 3286 2943 3352 reductus,
2976 3287 3102 3356 quid
3132 3299 3219 3342 est
3247 3289 3351 3343 hoc
3378 3287 3586 3342 iterum?
3618 3282 3700 3336 lte-

2171 3389 2293 3429 rum
2320 3375 2548 3430 dicendo
2577 3377 2804 3431 exclusit
2834 3392 2991 3431 nova.
3049 3376 3127 3430 lta
3172 3393 3275 3432 nos
3314 3375 3611 3448 pmnitentia:
3640 3386 3702 3426 re-

2180 3468 2582 3536 cuperationem
2616 3475 2890 3536 negantes,
2923 3476 2979 3522 et
3006 3468 3214 3538 pncdas
3246 3470 3456 3523 leonum
3484 3467 3530 3521 in
3555 3475 3701 3519 eorum

565 2141 629 2195 In
659 2152 724 2206 te,
754 2142 1004 2210 Domine,
1027 2148 1247 2217 speravi,
1276 2164 1378 2202 non
1402 2150 1695 2221 confundor
1717 2152 1772 2204 in
1797 2161 2075 2217 internum;

492 2235 544 2287 in
566 2234 773 2303 justilia
804 2244 892 2288 tua
932 2235 1093 2290 libera
1122 2254 1201 2292 me
1229 2242 1443 2311 et‘eripe
1488 2258 1585 2294 me.
1631 2240 1840 2296 Inclina
1882 2243 1954 2297 ad
1996 2261 2079 2298 me

492 2340 665 2377 aurem
696 2336 854 2389 tuam,
887 2336 979 2382 ets
999 2328 1099 2381 .lva
1126 2346 1227 2383 me.
1258 2329 1383 2385 Esto
1405 2333 1530 2386 mihi
1554 2333 1607 2386 in
1628 2331 1791 2388 Deum
1817 2344 2076 2404 protecto-

491 2431 617 2480 rem,
647 2427 696 2470 et
717 2419 771 2471 in
794 2419 964 2473 locum
985 2424 1258 2487 munitum,
1290 2434 1345 2477 ut
1376 2426 1572 2479 salvum
1608 2444 1689 2480 me
1715 2429 1900 2498 facias.
1936 2426 2077 2492 Quo-

488 2509 628 2561 niam
655 2510 1037 2578 ﬁrmamentum
1066 2530 1265 2580 meum,
1311 2525 1361 2568 et
1407 2504 1663 2588 refugium
1710 2535 1877 2572 meum
1918 2536 1971 2573 es
1998 2529 2072 2574 tu.

489 2594 626 2651 Deus
653 2615 791 2652 meus
819 2604 958 2669 eripe
985 2619 1065 2655 me
1103 2602 1165 2656 tle
1190 2621 1348 2659 manu
1384 2609 1700 2676 peccatoris,
1742 2618 1790 2661 et
1819 2609 1881 2662 de
1913 2626 2074 2664 manu

486 2696 665 2739 contra
693 2689 852 2759 legem
882 2694 1081 2762 agentis
1101 2703 1150 2746 et
1170 2694 1637 2781 iniqunguoniam
1666 2708 1717 2750 tu
1739 2716 1792 2752 es
1812 2700 2070 2770 patientia

487 2795 619 2840 mea,
662 2779 797 2834 Dom
820 2800 917 2847 ne;
947 2783 1187 2844 Domine.
1215 2805 1329 2858 sjics
1356 2779 1469 2843 mea
1490 2808 1522 2844 a
1553 2792 1818 2862 jnventute
1846 2810 1978 2847 mea.
2007 2793 2074 2848 In

488 2879 536 2925 te
555 2874 893 2941 conﬁrmatus
914 2893 1026 2929 sum
1046 2895 1112 2931 ex.
1131 2880 1358 2941 uter-ade
1378 2890 1547 2935 ventre
1568 2885 1750 2939 matris
1773 2900 1900 2938 mea:
1945 2893 1998 2938 tu
2018 2903 2074 2939 es

487 2972 745 3034 protector
769 2983 926 3020 meus.
970 2967 1034 3021 In
1079 2978 1127 3022 te
1162 2973 1392 3026 cantatio
1430 2990 1545 3027 mea
1584 2991 1801 3045 semper,
1828 2985 2074 3047 tanquam

486 3055 780 3126 prodigium
806 3061 973 3129 factus
1011 3077 1125 3114 sum
1154 3064 1344 3128 multis,
1369 3080 1414 3118 et
1441 3075 1494 3118 tu
1522 3068 1735 3137 adjutor
1767 3070 1938 3140 fortis.
1966 3070 2070 3124 Re-

485 3150 688 3218 pleatur
725 3167 784 3204 os
811 3168 977 3206 meum
1005 3154 1174 3220 laude,
1203 3165 1258 3209 ut
1286 3166 1487 3212 cantem
1527 3159 1748 3231 gloriam
1773 3171 1930 3226 tuam,
1965 3172 2070 3217 tota
2100 3162 2143 3224 C

485 3237 569 3291 die
609 3242 1018 3311 magnitudinem
1065 3255 1225 3301 tuam.
1258 3246 1344 3302 Ne
1369 3251 1616 3322 projicias
1654 3270 1736 3307 me
1761 3256 1816 3308 in
1844 3246 2073 3326 tempore

485 3334 774 3397 senectutis,
798 3350 913 3388 cum
935 3336 1176 3407 defecerit
1196 3341 1353 3394 uirtus
1374 3359 1514 3409 mea,
1540 3361 1605 3398 ne
1625 3344 1948 3418 derelinquas
1969 3364 2067 3401 me.

485 3416 619 3485 Quia
642 3423 1092 3482 dixeruntinimici
1121 3432 1218 3484 mei
1239 3433 1384 3496 mihi,
1405 3444 1453 3486 et
1473 3437 1559 3506 qui
1579 3437 1931 3492 custodiebant
1953 3440 2072 3494 ani-

483 3528 617 3567 mam
644 3532 807 3571 meam
828 3522 1101 3575 consilium
1123 3525 1353 3593 fecerunt
1372 3528 1426 3580 in
1448 3544 1605 3581 unum
1620 3564 1636 3590 ,
1652 3529 1886 3585 Dicentes
1904 3548 1916 3583 :
1934 3531 2067 3587 Deus

490 3604 756 3629 J-_-l:--_:.
818 3628 841 3629 η
1215 3618 1223 3627 .
1285 3618 1295 3628 .
1343 3619 1354 3629 .
1696 3623 1706 3629 .
1812 3624 1838 3629 .-

2176 3522 2416 3612 faucibus
2443 3558 2806 3626 relinquentes
2828 3598 2841 3622 ,
2895 3565 3079 3612 noster
3122 3558 3212 3613 hic
3252 3568 3434 3628 pastor
3461 3571 3557 3629 ton
3578 3552 3701 3608 relin-

485 3604 756 3709 dereliquit
800 3628 945 3676 eum;
993 3618 1354 3687 persequimini
1395 3629 1444 3672 et
1482 3623 1890 3691 comprehendite
1930 3642 2064 3693 eum,
2170 3654 2301 3718 que;
2328 3604 2734 3718 ρηηάωηςιηοη
2766 3604 2911 3703 viae;
2939 3649 3120 3718 lupum
3149 3604 3407 3718 eli-:18“,
3452 3614 3700 3702 ξείνίνοη.

483 3699 600 3767 quia
623 3716 725 3753 non
755 3710 829 3767 est
858 3705 941 3774 qui
965 3707 1171 3776 eripiat.
1197 3706 1357 3776 Deus,
1387 3729 1451 3766 ne
1469 3713 1724 3785 elongeris
1745 3734 1778 3769 a
1799 3734 1898 3781 me,
1930 3717 2068 3777 Deus

2176 3746 2253 3794 tes
2278 3739 2351 3793 de
2375 3755 2470 3794 ore
2499 3740 2715 3794 leonum
2752 3754 2882 3794 oves
2909 3740 3176 3809 eripiens,
3212 3741 3406 3795 iterum
3440 3739 3541 3794 suis
3563 3730 3699 3804 gregi-

482 3806 621 3844 meus
652 3794 703 3844 in
725 3796 973 3850 auxilium
997 3816 1162 3855 meum
1197 3805 1408 3873 respice.
1443 3803 1840 3875 Confundantur
1859 3821 1907 3864 et
1934 3812 2067 3883 deﬁ-
2169 3829 2270 3885 bus
2313 3837 2605 3899 ρι-ωεεηιαι
2655 3830 2950 3885 incolumes
2971 3794 3006 3896 ,I
3034 3830 3138 3885 hoc
3187 3839 3273 3885 εει
3295 3872 3309 3895 ,
3362 3831 3541 3884 iterum
3566 3824 3638 3896 qui
3660 3822 3699 3876 in

482 3884 624 3936 ciant
651 3884 977 3944 detrahentes
1022 3894 1211 3971 anima:
1257 3913 1414 3961 mete,
1445 3900 1745 3969 aperiantur
1768 3905 2069 3975 confusione
2171 3920 2287 3989 ipso
2319 3884 2528 3988 ¹δεριιιιί
2556 3934 2742 3974 sumus
2769 3934 2866 3989 per
2893 3884 3219 3989 baptismum
3244 3961 3259 3985 ,
3301 3928 3357 3975 et
3383 3918 3627 3973 Christum
3646 3912 3699 3966 ίη·

481 3980 532 4024 θ’
554 3972 769 4042 Ρυίίονεν
801 3976 887 4047 ‘1“i
912 3992 1146 4049 (tumtum
1178 3984 1319 4038 ηιαία
1346 3989 1489 4041 "ti/"3
1523 3988 1639 4061 E90
1667 3990 1845 4047 ατιιειιί
1868 3972 2069 4065 ἔδωμεν
2169 3972 2282 4063 dati
2312 3972 2587 4075 morimur,
2638 3972 2856 4080 quatido
2893 3972 2995 4064 nos
3034 4010 3196 4063 morti
3238 4010 3491 4064 tradimus
3515 4016 3696 4061 consen-

480 4063 696 4133 sperabo
720 4106 734 4130 ,
782 4078 831 4121 et
877 4070 1122 4140 adjiciam
1181 4091 1334 4146 super
1385 4095 1588 4135 omnem
1647 4083 1851 4139 laudem
1904 4063 2062 4142 tuam.

485 4150 527 4171 η
981 4164 990 4171 .
1035 4162 1076 4171 ι-
1144 4166 1155 4171 -
1246 4169 1296 4171 ς-

2176 4100 2351 4155 liendo
2377 4101 2606 4157 inimicis
2637 4101 2853 4158 nostris.
2887 4102 2979 4171 qui
3008 4116 3109 4155 nos
3145 4101 3226 4156 sic
3268 4100 3487 4154 terrenis
3508 4095 3697 4162 volupta-

482 4150 557 4220 Os
576 4172 741 4210 meum
772 4162 1100 4216 unnuntiabit
1124 4166 1385 4236 justitiam
1408 4180 1567 4238 tuam,
1605 4176 1710 4229 tota
1732 4176 1815 4229 die
1839 4177 2066 4232 salutare
2167 4193 2310 4247 ιῃως
2332 4193 2625 4261 ξηιριίηωη,
2648 4201 2708 4245 ιιι
2722 4150 3000 4247 νίάθθιῖιυι·
3026 4191 3079 4245 in
3104 4191 3301 4262 abysso
3325 4202 3472 4245 terra:
3489 4179 3692 4241 dentusi.

479 4251 640 4298 tuum.
672 4245 927 4310 Quoniam
958 4269 1059 4307 non
1081 4262 1294 4327 cognovi
1322 4263 1696 4327 litteraturam,
1720 4266 1944 4323 introibo
1972 4287 2065 4339 po-
2168 4283 2273 4338 sed
2302 4245 2428 4351 qui;
2455 4299 2561 4337 ιιοη
2601 4270 2803 4353 pamul-
2839 4284 2891 4339 in
2934 4283 3087 4337 nobis
3128 4245 3307 4352 μένει-ε
3335 4280 3471 4353 quod
3498 4273 3694 4335 contulit,

478 4339 670 4394 tentias
702 4340 931 4395 Domini.
965 4344 1217 4413 Domine,
1251 4352 1573 4409 memorabor
1593 4357 1818 4427 justitia:
1857 4368 1956 4414 tua:
1978 4378 2066 4415 so-
2162 4374 2273 4443 jam
2302 4339 2401 4444 ῥει-
2448 4339 2768 4444 διιριίξιηωη
2812 4374 2980 4428 semel
3030 4388 3060 4426 α
3109 4374 3337 4429 mortuis
3374 4360 3696 4426 suscitatusad

475 4433 595 4487 lius.
626 4432 784 4495 Deus.
810 4435 1026 4492 docuisti
1056 4457 1136 4494 me
1159 4459 1192 4495 a
1210 4443 1477 4512 juventute
1504 4465 1646 4512 mea,
1668 4459 1718 4503 et
1745 4467 1900 4524 usque
1928 4470 2064 4508 nunc
2096 4516 2141 4534 ἢ
2162 4432 2331 4519 ζηωῇ
2368 4432 2624 4519 {elei-dam
2643 4503 2658 4528 ,
2690 4464 2758 4518 ab
2795 4473 2994 4518 πίοι-ιω
3021 4464 3126 4517 vim
3157 4478 3256 4534 per
3282 4462 3477 4518 diaboli
3501 4456 3696 4513 excluso!

478 4524 823 4591 pronuntiabo
867 4528 1125 4585 mirabilia
1173 4542 1278 4587 tua.
1323 4534 1394 4588 Et
1436 4553 1595 4610 usque
1636 4541 1690 4593 in
1731 4516 1987 4598 senectam
2015 4555 2065 4600 et
2096 4516 2143 4574 Β
2167 4556 2440 4622 astutiam,
2473 4557 2526 4610 in
2556 4571 2623 4611 eo
2652 4557 2844 4611 iterum
2886 4553 3131 4611 Christus
3157 4516 3226 4610 de
3261 4556 3452 4626 abysso
3478 4562 3612 4606 tem
3632 4557 3696 4599 τε-

484 4612 702 4679 senium,
736 4615 909 4683 Deus,
942 4636 1006 4673 ne
1047 4620 1371 4696 derelinquas
1409 4645 1521 4694 me,
1568 4630 1728 4685 donec
1764 4628 2064 4692 annuntiem
2166 4645 2312 4702 ducit,
2337 4688 2352 4713 ,
2487 4662 2598 4717 quo
2644 4646 3009 4717 multiplicans
3047 4647 3312 4717 justitiam
3357 4658 3530 4707 suam,
3558 4637 3695 4696 ἠείδειν

484 4700 741 4759 brachium
772 4717 911 4785 tuum
940 4716 1261 4782 generationi
1291 4720 1432 4772 omni
1457 4737 1572 4792 qua:
1595 4732 1812 4779 ventura
1839 4736 1933 4781 est.
1956 4728 2066 4783 Po-
2164 4700 2637 4795 excommnnieans
2681 4754 2804 4793 eum
2826 4780 2841 4803 ,
2873 4750 2937 4794 et
2980 4754 3011 4793 a
3054 4740 3202 4809 pacis
3228 4738 3416 4794 osculo
3443 4729 3692 4805 proﬁciens.

483 4796 692 4849 tentiam
720 4805 862 4854 tuam
889 4813 938 4856 et
958 4803 1220 4873 justitiam
1244 4818 1402 4873 luant,
1428 4809 1586 4876 Deus,
1613 4829 1772 4886 usque
1789 4816 1844 4869 in
1873 4818 2067 4873 altissi-
2165 4845 2459 4887 conversus
2488 4831 2678 4886 item...
2718 4831 3049 4894 consolatur,
3080 4829 3310 4887 reddens
3335 4829 3386 4884 ei
3412 4815 3695 4881 commuln-

482 4900 563 4993 ξιιμ
605 4902 717 4955 qua:
757 4894 922 4982 fecisti
980 4898 1265 4967 magnalia.
1317 4900 1494 4969 Deus,
1547 4908 1662 4978 quis
1706 4909 1891 4965 similis
1935 4910 2069 4968 tibi?
2167 4937 2293 4977 nem
2340 4936 2503 4993 quam
2547 4922 2877 4987 abstulerat,
2927 4921 3167 4977 osculum
3214 4920 3359 4988 quod
3395 4915 3613 4985 negabat
3642 4903 3694 4966 εί

481 4975 713 5041 Quantas
743 4975 1009 5043 ostendisti
1038 4992 1163 5046 mihi
1194 4975 1765 5054 tribulationes'mullas
1792 5012 1843 5056 et
1868 5004 2057 5069 malas,
2168 4975 2291 5082 ego,
2321 4975 2510 5082 idquit,
2544 4975 2877 5076 conﬁtcbor;
2894 5016 3017 5082 quia
3049 5011 3318 5067 cotifessio
3343 5016 3425 5065 est
3459 5020 3566 5076 qua:
3588 5001 3693 5055 mi"

480 5079 526 5125 εδ
555 5089 824 5129 “mimis”
853 5079 1117 5149 l‘il’iﬁcﬂsti
1147 5102 1257 5148 me.
1298 5099 1348 5141 et
1380 5089 1445 5143 de
1471 5090 1670 5161 abyssis
1699 5103 1850 5149 terra:
1875 5097 2062 5153 iterum
2167 5079 2255 5159 rat
2281 5079 2652 5174 pauitantem.
2691 5102 2993 5159 Conlitelur
3017 5117 3147 5171 ergo
3174 5104 3226 5159 in
3257 5101 3496 5157 oratione
3515 5109 3595 5150 sua

481 5162 727 5188 --J.....‘-1_'
758 5182 835 5188 ..4-
910 5168 952 5188 ιι
1002 5172 1054 5188 με
1100 5174 1128 5188 ιι
1232 5179 1261 5188 _.
1473 5183 1520 5188 ._
1651 5186 1658 5188 _

479 5162 727 5218 reduxisti
756 5182 852 5219 me.
900 5168 1261 5239 Multiplfcasti
1304 5183 1749 5252 magniﬁcentiora
1796 5195 1969 5252 tuam,
2009 5197 2062 5243 et
2126 5242 2143 5253 κ
2166 5162 2316 5253 mini)
2345 5197 2456 5251 Deo
2484 5211 2584 5250 suo
2612 5204 2837 5265 peccata
2876 5209 2993 5249 sua.
3054 5194 3150 5249 Dei
3174 5202 3353 5248 autem
3380 5189 3629 5244 veritatem
3652 5178 3692 5230 in

478 5258 747 5310 conversus
768 5260 1063 5316 ⁶⁰⁷³³⁰ί⁰⁸³⁴⁸
1082 5280 1135 5318 ⁸⁸
1165 5283 1263 5320 ’³⁸⁸⁸
1295 5268 1435 5325 Nam
1465 5283 1514 5326 εί
1537 5292 1631 5346 ⁸90
1660 5278 1942 5349 conﬁtebor
1970 5279 2060 5335 libi
2165 5287 2309 5343 vasis
2333 5287 2542 5357 psalmi.
2575 5258 2706 5354 Quae
2733 5294 2858 5341 sunt
2883 5300 3012 5341 vasa
3035 5285 3257 5369 psalmi?
3302 5284 3359 5339 in
3384 5280 3516 5337 vasis
3540 5267 3693 5347 psam

478 5342 527 5369 Β..
566 5348 700 5369 -.-4-
736 5348 920 5369 _.-_l-..:
962 5352 1083 5369 _,t,,3.
1125 5362 1138 5369 -
1257 5364 1266 5369 Α
1452 5361 1485 5369 _
1768 5368 1773 5369 ,

471 5342 529 5397 in
565 5348 700 5400 uasis
731 5348 921 5417 psalmi
958 5352 1218 5447 veritatem
1246 5364 1415 5426 tuam,
1440 5342 1609 5447 Deus;
1638 5342 1863 5437 psallam
1891 5369 1980 5423 tibi
2005 5372 2062 5425 in
2164 5342 2449 5435 veritatem
2470 5378 2565 5433 Dei
2585 5342 2852 5444 nuntiant,
2875 5377 2968 5447 qui
2989 5342 3295 5435 iullusviutra
3325 5371 3576 5429 Vaseulum
3599 5376 3693 5420 οων

476 5436 929 5498 sithara,sanctus
974 5439 1165 5497 Israel.
1212 5442 1562 5541 Exsultabunt
1604 5436 1751 5511 labia»
1788 5476 1902 5512 mea
1943 5476 2061 5514 cum
2164 5469 2328 5541 poris,
2360 5468 2445 5524 sui
2501 5468 2782 5525 veritatem
3050 5467 3173 5525 ﬁdei
3215 5467 3415 5524 habent
3453 5461 3687 5518 inclusam-

475 5538 746 5582 cantavero
777 5531 893 5596 tibi,
924 5541 974 5587 et
1002 5534 1179 5590 anima
1217 5553 1331 5592 mea
1357 5532 1531 5610 quam‘
1550 5546 1826 5602 redemisti.
1867 5548 1974 5604 Sed
2011 5560 2064 5605 et
2163 5531 2404 5628 ﬁamque
2450 5558 2495 5615 si
2542 5560 2954 5629 incorpomliter
2990 5560 3251 5631 quispiam
3280 5550 3584 5626 pmuiteutize
3603 5553 3691 5645 sui!

477 5615 649 5645 diu“..-
678 5638 755 5645 μ.-
779 5639 789 5645 .
819 5625 993 5645 “-43.,
1016 5624 1081 5645 Ls-
1176 5629 1188 5640 ο
1457 5643 1466 5645 ᾼ
1900 5643 1908 5645 Α
1976 5644 1981 5645 ,
3508 5640 3519 5645 -
3554 5638 3565 5645 .

477 5615 649 5688 tinguo
676 5638 789 5673 mea
818 5624 1144 5681 meditabitur
1158 5629 1415 5700 justitiam
1447 5643 1605 5699 tuam,
1637 5655 1750 5694 cum
1783 5643 1986 5712 confusi
2011 5652 2062 5697 et
2164 5615 2487 5706 aﬁlictiones
2514 5615 2784 5716 ostendat,
2815 5666 2844 5705 a
2875 5615 3100 5721 peccato
3115 5615 3399 5709 abstineat,
3430 5645 3477 5699 in
3498 5634 3689 5732 Ιεῇυιξίοτ

478 5714 673 5767 reveriti
703 5718 913 5787 fuerint,
945 5724 1030 5793 qui
1060 5735 1296 5795 quierunt
1324 5728 1463 5782 mala
1492 5731 1637 5794 mihi.
1958 5795 1963 5799 ,
2165 5740 2346 5796 cinere
2369 5780 2383 5805 ,
2433 5742 2718 5811 cilicioque
2763 5746 3112 5813 permaneat:
3162 5740 3261 5796 nisi
3301 5740 3354 5795 in
3382 5735 3510 5793 vasis
3533 5725 3688 5803 9511'“!
