3908 6176
259 270 348 326 ιὶδ

1166 265 1632 323 COMMENTARH
1670 263 1737 320 LV
1774 262 2100 321 PSALMOS.
2145 264 2335 320 PSAL.
2378 264 2553 321 LXXI.

3379 266 3481 321 ιιι

256 385 513 439 veritatem
538 389 747 447 teneat,
780 381 956 436 nuntia
973 395 1089 450 quze
1109 380 1430 436 lahoraverit
1457 386 1798 435 evanescunt.
1831 383 1877 439 Α
1907 376 2181 448 Sapientia
2210 381 2432 436 veniens
2446 380 2592 437 dedit
2614 396 2801 450 pacem
2828 382 3114 446 montibus,
3147 380 3198 435 id
3226 389 3326 446 est,
3351 397 3482 450 apes

256 476 464 531 Facilius
509 490 604 549 per
648 474 926 528 veritatem
975 473 1097 528 ﬁdei
1136 474 1249 529 sine
1289 489 1385 528 sua
1425 472 1492 527 ad
1529 471 1806 540 indulgen-

257 569 373 622 tiam
399 566 568 621 veniet
593 608 607 631 ,
654 579 815 633 quam
846 580 942 634 per
970 562 1309 619 aﬂlictionem
1339 579 1490 619 suam
1519 564 1635 617 sine
1664 561 1805 616 veri-

257 665 355 711 tate
378 656 613 724 attinget.
654 653 766 722 Age
794 668 923 723 ergo
951 653 1005 708 in
1031 654 1369 709 confessione
1397 662 1488 707 tua
1509 652 1805 721 correptio-

254 761 361 801 nem
387 745 545 800 etiam
572 744 687 799 sine
714 743 909 806 cilicio,
929 751 984 797 et
1004 744 1057 798 in
1077 742 1270 813 psalmi
1290 742 1504 797 vasculo
1522 742 1804 797 veritatem

250 837 460 892 include.
519 834 766 891 Psalmus
809 836 952 889 enim
994 849 1153 905 quem
1200 834 1347 890 canis
1392 833 1459 887 ad
1504 833 1668 888 Deum
1698 848 1804 888 non

247 929 501 999 pervenit,
557 928 658 983 nisi
687 928 828 982 intus
863 927 917 980 in
946 925 1161 980 vasculo
1188 940 1288 980 suo
1315 924 1405 980 ubi
1430 924 1695 995 psalmum
1723 925 1809 980 in-

252 1019 403 1074 cludit
439 1016 699 1073 memoria
722 1056 739 1083 ,
788 1017 841 1071 in
873 1031 1028 1081 vase,
1069 1016 1314 1085 inquam,
1343 1015 1460 1086 ipso
1487 1017 1683 1070 veritas
1714 1015 1806 1069 Dei

246 1104 387 1162 simul
414 1103 578 1158 fuerit
600 1113 946 1161 commorata.
978 1105 1128 1161 Tunc
1152 1106 1336 1176 psallis
1361 1105 1414 1159 in
1438 1106 1641 1160 cithara
1669 1103 1806 1159 San-

249 1205 331 1251 cto
352 1193 512 1248 lsrael
532 1234 548 1256 ,
599 1202 724 1250 tunc
750 1195 984 1264 gaudent
1010 1196 1149 1252 labia
1179 1204 1302 1261 tua,
1329 1194 1456 1250 dum
1481 1202 1669 1249 cantas
1694 1194 1804 1249 Do-

248 1285 410 1360 mino,
440 1292 497 1338 et
518 1285 684 1338 anima
731 1293 816 1339 tua
846 1300 1006 1353 quam
1040 1285 1294 1350 redemit,
1326 1299 1487 1353 quam
1514 1285 1709 1339 iterum
1736 1283 1806 1340 de

245 1378 425 1446 abysso
451 1391 715 1432 revocans
740 1377 1016 1444 liberavit,
1061 1385 1116 1434 et
1145 1378 1422 1434 confundit
1446 1386 1648 1434 aeterna
1675 1394 1805 1435 con-

243 1467 438 1522 fusione
465 1466 559 1537 qui
592 1469 863 1539 quzerebat
886 1484 1028 1524 eam.
1082 1467 1245 1525 Solus
1279 1471 1423 1525 enim
1448 1479 1661 1527 creator
1687 1470 1805 1541 ejus

243 1563 469 1634 possidet
521 1577 672 1631 eam,
728 1564 817 1633 qui
866 1571 1056 1633 regnat
1108 1565 1162 1620 in
1218 1565 1410 1621 saecula
1460 1566 1798 1621 saeculorum.

242 1655 418 1709 Amen.

740 1720 1051 1781 PSALMUS
1096 1725 1280 1781 LXXI.

566 1816 804 1874 Psalmus
831 1820 996 1875 David
1024 1821 1077 1875 in
1105 1820 1466 1875 Salomonem.

300 1928 455 1993 Deus,
487 1928 741 1999 judicium
762 1940 901 1985 tuum
927 1932 1033 2002 regi
1058 1931 1145 1997 da,
1168 1938 1219 1985 et
1239 1930 1497 2002 justitiam
1525 1936 1666 1983 tuam
1687 1929 1799 2000 ﬁlio

235 2020 377 2090 regis.
407 2017 662 2075 Judicarc
696 2020 939 2091 pupulum
968 2030 1107 2075 tuum
1133 2022 1185 2074 in
1208 2021 1445 2092 justitia,
1476 2029 1527 2073 et
1550 2036 1800 2091 pauperes

232 2116 336 2162 tuos
357 2110 411 2163 in
431 2109 659 2180 judicio.
707 2109 1005 2181 Suscipiunt
1048 2120 1246 2166 montes
1291 2127 1469 2183 pacem
1514 2109 1722 2180 papula,
1750 2118 1802 2165 et

229 2198 374 2253 colles
408 2200 692 2270 justitiam.
742 2201 1004 2256 Judicabit
1030 2218 1277 2272 pauperes
1314 2201 1516 2272 populi,
1556 2210 1606 2255 et
1630 2200 1801 2256 salvos

230 2291 375 2359 faciet
414 2292 560 2363 ﬁlios
588 2309 869 2364 pauperum
891 2334 906 2359 ,
945 2302 996 2347 et
1035 2294 1323 2349 humiliabit
1355 2295 1798 2351 calumniatorent.

228 2375 290 2433 Et
314 2385 634 2451 permanebit
657 2400 770 2437 cum
797 2383 906 2439 sole
931 2394 981 2438 et
1006 2394 1126 2439 astte
1149 2385 1352 2450 lunam,
1388 2386 1445 2439 in
1472 2386 1800 2457 generatione

226 2480 270 2524 et
308 2473 708 2542 generationem.
762 2472 1044 2528 Descendet
1090 2476 1223 2530 sicut
1266 2474 1438 2545 pluuia
1458 2476 1511 2528 in
1543 2474 1722 2540 vellus,
1750 2482 1801 2527 et

228 2565 349 2616 sicut
390 2564 666 2619 stillicidia
709 2565 965 2620 stillantia
1007 2583 1161 2637 super
1206 2575 1413 2620 terram.
1490 2563 1699 2620 Orietur
1740 2566 1796 2619 in

224 2654 389 2709 diebus
417 2657 536 2726 ejus
552 2656 792 2726 justitia,
834 2666 883 2710 et
909 2655 1226 2720 abundantia
1254 2658 1395 2726 pacis
1414 2701 1428 2723 ,
1461 2656 1624 2712 donec
1651 2656 1800 2723 aufe-

224 2752 362 2799 ratur
389 2746 540 2800 luna.
592 2745 665 2799 Et
691 2746 1037 2801 dominabitur
1064 2765 1095 2800 a
1125 2749 1259 2801 mari
1282 2763 1439 2819 usque
1467 2747 1534 2799 ad
1560 2763 1719 2812 mare,
1748 2755 1799 2799 et

223 2851 252 2886 a
277 2834 491 2903 ﬂumine
537 2852 696 2907 usque
733 2837 804 2890 ad
839 2838 1081 2891 terminos
1119 2836 1256 2892 orbis
1284 2846 1557 2891 terrarum.
1610 2835 1799 2891 Coram

220 2927 301 2981 illo
325 2926 599 2997 procidant
619 2927 916 2999 rEtItiopes,
945 2938 995 2983 et
1018 2930 1213 2985 inimici
1232 2929 1341 3000 ejus
1365 2938 1555 2982 terram
1578 2928 1792 2997 lingent.

224 3017 373 3090 Reges
402 3018 622 3074 Tharsis
667 3030 716 3075 et
753 3021 941 3076 insula:
980 3038 1192 3076 munera
1217 3021 1466 3089 oﬂ‘erent,
1493 3037 1639 3092 reges
1667 3021 1796 3075 Ara-

1907 468 2089 533 stolis,
2119 479 2175 524 et
2200 471 2426 526 collibus
2448 472 2742 539 justitiam,
2796 473 2848 526 id
2885 480 2997 537 est,
3038 472 3324 542 plebibus;
3336 472 3479 541 judi-

1907 560 2048 615 cavit
2100 575 2223 615 cum
2262 561 2468 629 justitia
2499 578 2785 633 pauperes,
2832 572 3180 624 contemnens
3225 577 3482 631 personas

1906 650 2149 706 divitum.
2209 651 2518 707 llumiliavit
2564 655 3003 708 calumniatorem
3027 694 3042 718 ,
3092 653 3145 708 id
3171 661 3285 720 est,
3319 668 3480 723 popu-

1907 740 2015 796 lum
2044 739 2342 797 Judaicum.
2375 741 2659 798 Permanet
2686 759 2806 798 cum
2835 742 2981 808 sole,
3014 743 3176 798 immo
3202 758 3365 812 super
3391 758 3479 796 so-

1906 830 2040 893 lem,
2087 832 2211 900 quia
2251 832 2320 887 ad
2347 831 2621 886 dexteram
2653 833 2825 886 Patris
2851 840 3129 903 permanet
3154 831 3374 898 sedens,
3425 840 3480 886 ct

1906 930 2033 976 ante
2078 922 2259 977 lunam
2309 924 2363 977 in
2407 923 2620 977 srecula.
2661 922 2865 977 Lunam
2909 924 3011 977 hoc
3057 923 3178 979 loco
3226 938 3333 978 non
3378 937 3479 992 pro

1906 1028 2069 1067 causa
2098 1013 2238 1068 lunae
2258 1056 2275 1080 ,
2324 1014 2417 1069 sed
2456 1030 2557 1084 pro
2592 1015 2893 1070 aeternitate
2921 1015 3238 1069 memoravit
3266 1014 3484 1068 Domini

1904 1099 2029 1156 Jesu
2055 1100 2270 1157 Christi.
2318 1102 2384 1157 Et
2427 1103 2704 1159 descendit
2742 1105 2881 1159 sicut
2908 1105 3086 1175 pluvia
3113 1105 3165 1159 in
3194 1105 3386 1169 vellus,
3424 1104 3478 1160 id

1905 1200 2009 1258 est,
2040 1194 2094 1248 in
2121 1195 2409 1251 velleribus
2448 1196 2612 1262 laute,
2645 1196 2784 1251 sicut
2817 1195 3036 1253 Gedeon
3065 1198 3274 1268 signum
3305 1197 3477 1252 victo-

1904 1284 1998 1337 riae
2043 1285 2097 1338 in
2141 1286 2429 1341 velleribus
2470 1288 2604 1342 lanae
2646 1289 2904 1359 percepit.
2968 1288 3102 1344 Nam
3150 1297 3206 1344 et
3243 1289 3478 1345 Verbum

1903 1389 2058 1430 suum
2086 1375 2247 1432 Pater
2284 1378 2363 1433 sic
2384 1378 2544 1447 jussit
2567 1381 2706 1435 sicut
2736 1381 2971 1451 pluviam
2996 1382 3298 1453 exspectari
3325 1400 3337 1433 :
3373 1380 3471 1436 Ex~

1903 1474 2194 1536 spectetur,
2226 1468 2328 1534 ait,
2380 1470 2519 1525 sicut
2564 1470 2745 1541 pluvia
2796 1471 3031 1527 Verbum
3075 1486 3274 1526 meum.
3334 1469 3475 1539 Ergo

1902 1570 2060 1625 quem
2113 1557 2166 1612 in
2214 1557 2633 1616 Deuteronomio
2674 1560 2835 1629 jussit
2861 1563 3160 1633 exspectari
3194 1564 3332 1618 sicut
3360 1563 3475 1632 plu-

1901 1649 2064 1717 viam,
2097 1652 2153 1705 in
2188 1649 2489 1721 Evangeliis
2526 1656 2869 1723 praesentavit
2896 1656 3033 1711 sicut
3058 1655 3312 1726 pluviam.
3359 1655 3475 1713 Non

1834 1739 2091 1807 Butique
2136 1755 2204 1795 ex
2252 1741 2592 1797 inferioribus
2636 1745 2841 1799 semine
2879 1745 3114 1801 humano
3165 1755 3476 1815 erumpente

1902 1830 2320 1900 primogenitum
2339 1873 2353 1899 ,
2382 1833 2479 1888 sed
2506 1825 2887 1890 VerboPatris
2915 1834 3174 1891 cmlorum
3201 1836 3475 1892 altitudine

1902 1922 2056 1992 quasi
2100 1924 2337 1994 pluviam
2381 1924 2689 1980 venientem
2737 1935 3005 1982 exortum.
3068 1926 3327 1983 Exortum
3350 1972 3364 1993 ,
3398 1930 3476 1983 in-

1901 2028 2060 2083 quam
2086 2055 2101 2080 ,
2148 2015 2202 2069 in
2250 2017 2486 2072 tenebris
2513 2018 2696 2073 mundi
2724 2019 2906 2073 lumen
2947 2021 3108 2076 rectis
3136 2020 3318 2076 corde.
3349 2020 3476 2076 Orta

1903 2112 1987 2160 est
2013 2106 2067 2159 in
2092 2106 2281 2161 diebus
2309 2106 2426 2176 ejus
2447 2106 2655 2176 justitia
2675 2117 2730 2165 et
2750 2111 3069 2166 abundantia
3089 2113 3257 2182 pacis.
3286 2111 3476 2167 Parem

1900 2210 2069 2248 meum
2097 2196 2164 2250 do
2190 2195 2329 2251 vobis
2368 2197 2547 2268 (Joan.
2580 2197 2713 2269 xw),
2764 2216 2873 2256 non
2918 2201 3087 2256 talem
3132 2202 3345 2270 qualem
3389 2203 3478 2258 hic

1901 2286 2132 2341 mundus
2158 2287 2352 2352 habet,
2401 2287 2497 2343 sed
2523 2304 2713 2360 pacem
2752 2306 2927 2346 meam
2963 2291 3108 2346 illam
3134 2293 3348 2362 qualem
3376 2293 3477 2347 ba-

1901 2376 2029 2431 bent
2055 2376 2197 2441 cteli,
2228 2379 2281 2433 iu
2310 2394 2416 2448 qua
2442 2379 2750 2437 dominatur
2784 2381 3028 2457 Christus
3072 2397 3104 2438 a
3145 2384 3283 2459 mari
3309 2398 3479 2452 usque

1899 2465 1967 2520 ad
1993 2481 2163 2533 mare,
2194 2469 2300 2525 hoc
2324 2477 2439 2535 est,
2470 2486 2634 2540 super
2660 2488 2875 2528 omnem
2910 2481 3109 2529 terram
3139 2475 3291 2546 aquis
3316 2476 3477 2529 maris

1901 2567 1956 2612 ct
2010 2557 2287 2616 ﬂuminum
2343 2562 2747 2617 circumdatam.
2819 2562 3015 2619 Coram
3060 2565 3151 2620 illo
3197 2565 3479 2636 procideut

1900 2647 2207 2721 Ethiopes.
2247 2650 2532 2723 Ethiopes
2579 2652 2869 2722 nigredinis
2895 2654 3209 2710 circumdati
3234 2654 3475 2725 perﬁdia,

1901 2755 2011 2794 non
2037 2740 2093 2795 in
2119 2742 2274 2797 corio
2299 2743 2499 2809 carnis,
2527 2743 2622 2799 sed
2651 2744 2703 2798 in
2725 2746 2970 2800 sensibus
2995 2746 3208 2803 animae.
3249 2744 3478 2817 Propter

1898 2832 2007 2888 hoc
2035 2833 2318 2903 procident
2351 2842 2477 2890 ante
2505 2851 2627 2891 eum
2647 2876 2662 2902 ,
2690 2844 2751 2892 et
2778 2845 2975 2892 tetram
3007 2839 3205 2895 inimici
3235 2838 3351 2909 ejus
3378 2838 3477 2893 liu-

1898 2934 2049 2991 gent,
2069 2932 2130 2980 ut
2147 2925 2529 2995 indulgentiam
2556 2929 2625 2984 ab
2643 2930 2985 3000 eoconsequi
3014 2939 3338 2987 mereantur.
3373 2932 3478 2988 Rc-

1900 3026 1998 3083 ges
2024 3023 2204 3071 autem
2252 3014 2470 3074 Tharsis
2525 3027 2583 3073 et
2625 3019 2815 3076 insula:
2860 3036 3079 3077 munera
3126 3022 3387 3087 oil‘erunt,
3428 3024 3478 3079 id

220 3110 326 3165 bum
353 3123 403 3166 et
434 3111 584 3168 Saba
610 3112 748 3167 dona
774 3113 1049 3168 adducent.
1078 3110 1143 3167 Et
1170 3111 1460 3167 adorabunt
1486 3129 1601 3167 eum
1620 3129 1795 3168 omnes
1823 3101 1870 3165 C
1900 3113 2003 3168 est,
2034 3106 2127 3175 qui
2172 3116 2400 3176 regnant
2446 3111 2499 3163 in
2549 3125 2780 3182 corpore
2826 3128 2924 3167 suo
2968 3114 3143 3169 securi
3173 3121 3229 3168 et
3252 3129 3477 3169 munera

218 3220 371 3276 reges,
400 3221 588 3262 omnes
615 3214 788 3275 gentes
826 3205 1044 3260 servient
1071 3205 1135 3259 ei.
1183 3200 1316 3269 Quia
1358 3203 1591 3258 liberavit
1614 3220 1800 3274 paupe-

219 3313 316 3350 rem
343 3315 374 3350 ιι
394 3307 629 3367 potente,
656 3305 707 3349 et
726 3313 1003 3367 pauperem
1027 3298 1111 3349 cui
1139 3312 1242 3350 non
1271 3304 1383 3349 erat
1403 3293 1631 3365 adjutor.
1660 3292 1798 3349 Par-

218 3396 288 3438 cet
313 3387 537 3458 pauperi
563 3394 614 3440 et
641 3388 802 3457 inopi,
826 3397 874 3440 et
893 3388 1094 3440 animos
1122 3403 1402 3457 pauperum
1430 3385 1602 3440 salvas
1621 3387 1790 3455 faciet.

219 3473 295 3528 Ea:
322 3479 499 3531 usuris
530 3486 580 3530 et
599 3478 873 3548 iniquitate
900 3476 1112 3531 redimet
1154 3479 1354 3530 animas
1382 3492 1559 3531 eorum
1581 3515 1595 3537 ,
1628 3486 1677 3530 et
1700 3477 1796 3531 bo—

218 3564 442 3621 uerabile
470 3583 662 3621 nomen
689 3583 864 3621 eorum
898 3583 1069 3621 rorant
1098 3568 1208 3621 illo.
1252 3566 1317 3619 Et
1337 3568 1483 3631 viret,
1514 3574 1565 3621 et
1591 3566 1798 3620 dabitur

217 3655 256 3707 ei
278 3655 339 3707 de
364 3672 497 3710 auro
523 3655 732 3710 Arabia:
749 3695 769 3720 ,
797 3665 846 3709 et
873 3654 1163 3710 adorabunt
1202 3655 1266 3709 de
1291 3656 1403 3727 ipso
1430 3673 1650 3727 semper,
1690 3666 1796 3711 tota

217 3746 295 3800 die
325 3746 636 3802 benedicent
654 3751 721 3802 ei.
771 3747 893 3802 Erit
919 3750 1300 3818 ﬁrmamentum
1325 3751 1377 3802 in
1409 3758 1548 3802 terra
1568 3748 1628 3803 in
1655 3765 1796 3804 sum-

215 3837 303 3891 mis
350 3838 631 3903 montium,
678 3839 1099 3909 superextolletur
1135 3857 1285 3910 super
1313 3839 1561 3895 Libanum
1597 3843 1794 3912 [ructus

215 3925 317 3994 ejus
338 3965 354 3990 ,
378 3937 427 3980 et
466 3926 726 3996 ﬂorebunt
755 3927 818 3981 de
845 3930 1047 3984 civitate
1068 3970 1082 3994 ,
1120 3932 1253 3984 sicut
1291 3933 1463 4002 fenum
1497 3940 1667 3987 terra’.
1713 3932 1797 3986 Sit

214 4033 391 4073 nomen
418 4021 540 4091 ejus
577 4018 893 4075 benedictum
921 4023 973 4075 in
999 4023 1189 4076 saecula
1206 4062 1220 4085 ,
1249 4031 1369 4077 ante
1401 4024 1560 4077 solem
1585 4040 1792 4094 perma-

216 4120 328 4163 neat
350 4111 696 4182 nomejus.
730 4111 797 4164 Et
816 4112 1176 4167 benedicentur
1205 4114 1258 4166 in
1298 4115 1409 4182 ipso
1429 4129 1602 4167 omnes
1634 4113 1794 4168 tribus

216 4207 398 4268 terrm,
448 4219 631 4257 omnes
673 4213 849 4274 gentes
875 4203 1438 4274 magni/icabunteum.
1490 4204 1793 4258 Benedictus

219 4285 468 4346 Dominus
491 4290 635 4345 Deus
657 4289 843 4357 Israel,
876 4293 961 4364 qui
989 4294 1117 4362 facit
1140 4291 1400 4347 mirabilia
1423 4294 1581 4347 Solus.
1614 4292 1683 4346 Et
1705 4292 1791 4347 be—

216 4380 469 4434 nedictum
490 4397 679 4434 nomen
707 4382 991 4452 majestatis
1014 4381 1125 4452 ejus
1144 4382 1201 4435 in
1230 4391 1495 4447 internum,
1520 4383 1794 4453 replebitur

216 4469 480 4538 majestate
508 4471 622 4542 ejus
642 4472 808 4525 omnis
830 4481 968 4525 terra
988 4487 1008 4525 ,ο
1030 4473 1142 4542 ﬁat,
1166 4472 1280 4542 ﬁat.

778 4617 1207 4658 COHMLNTMIIL'M.

274 4733 378 4802 Qui
409 4734 756 4806 prophetiam
792 4735 848 4789 in
890 4736 1108 4807 psalmis
1140 4736 1400 4802 credunt,
1434 4744 1617 4793 tenent
1643 4738 1786 4792 illam

212 4826 445 4892 regulam
472 4841 636 4896 quam
659 4826 856 4881 cecinit
884 4826 1170 4882 Zacharias
1188 4826 1371 4899 dicens
1390 4826 1456 4883 de
1483 4826 1615 4893 Deo,
1645 4828 1791 4897 quod

210 4912 317 4983 ipse
342 4916 566 4973 locutus
592 4918 663 4971 sit
686 4933 786 4987 per
825 4933 888 4972 os
913 4918 1323 4989 prophetarum,
1356 4918 1703 4974 liberaturum
1731 4936 1789 4976 se

212 5019 304 5058 nos
329 5007 400 5060 ah
431 5007 665 5063 inimicis
695 5008 912 5061 nostris.
945 5007 1099 5073 Quod
1137 5014 1315 5063 autem
1344 5008 1398 5062 in
1428 5008 1603 5078 capite
1630 5009 1789 5079 hujus

210 5095 396 5163 psalmi
442 5098 617 5163 legis,
671 5097 954 5152 Dominum
1003 5105 1244 5152 nostrum
1290 5097 1472 5153 Jcsum
1517 5099 1788 5155 Christum

211 5186 614 5253 explanatorem
662 5187 922 5242 invenies.
974 5186 1116 5242 Dicit
1157 5188 1297 5242 enim
1344 5189 1398 5243 in
1445 5187 1785 5257 Evangeliis:

206 5269 359 5327 Pater
384 5291 494 5329 non
516 5262 719 5345 judicat
744 5292 1066 5347 quemquam,
1093 5277 1184 5331 sed
1211 5293 1360 5331 omne
1380 5277 1633 5350 judicium
1647 5277 1790 5337 Filio

208 5362 340 5419 dedit
370 5363 654 5435 (Joan.v).
705 5364 861 5432 Quod
905 5381 1034 5435 ergo
1082 5383 1178 5439 per
1222 5382 1284 5422 os
1329 5375 1633 5425 sanctorum
1663 5387 1790 5441 pro-

206 5453 346 5509 misit
374 5455 430 5509 in
458 5453 596 5512 Filio
636 5472 770 5522 suo,
819 5473 917 5513 rex
945 5474 1129 5513 verum
1160 5458 1431 5528 implevit,
1464 5459 1619 5529 cujus
1660 5470 1789 5520 tunc

208 5542 494 5614 imaginem
523 5544 774 5602 Salomon
803 5561 1017 5614 gerens,
1046 5548 1303 5619 sapientis
1325 5565 1523 5605 nomen
1551 5555 1784 5624 accepit,

210 5631 410 5688 habens
455 5634 512 5688 in
554 5651 609 5690 se
656 5636 941 5692 scintillam
984 5638 1276 5706 sapientiae.
1322 5636 1419 5693 llic
1460 5648 1636 5694 autem
1665 5642 1780 5713 ipsa

491 5731 779 5815 νιτκηιη
808 5730 963 5790 LIII.

1390 5815 1431 5825 -ο

1899 3194 2161 3263 offerunt;
2189 3210 2347 3265 reges
2373 3199 2606 3255 Arabum
2635 3209 2691 3256 et
2717 3201 2857 3257 Saba
2888 3202 3024 3259 dona
3055 3204 3354 3272 adducunt,
3385 3208 3476 3275 qui

1898 3285 2245 3343 dominantur
2298 3290 2536 3345 moribus
2579 3292 2841 3348 barbaris.
2910 3294 2974 3349 lli
3019 3294 3159 3350 dona
3207 3296 3479 3353 adducunt

1898 3380 2103 3434 animas
2129 3395 2254 3435 suas
2276 3421 2291 3446 ,
2323 3388 2380 3435 ut
2408 3382 2551 3452 ipsas
2578 3384 2628 3436 ei
2658 3384 2873 3439 tradant
2899 3385 2966 3439 ad
2996 3383 3323 3441 adorandum
3352 3401 3473 3441 eum

1898 3481 2021 3524 cum
2048 3470 2264 3538 regibus
2290 3478 2474 3536 teme,
2524 3473 2615 3540 qui
2647 3473 2876 3529 terrenis
2902 3475 3266 3544 voluptatibus
3301 3475 3475 3531 domi-

1898 3566 2114 3614 nantur.
2141 3559 2339 3617 Omnes
2364 3568 2541 3616 autem
2569 3571 2758 3630 gentes
2783 3562 3020 3619 servient
3034 3563 3108 3629 ei,
3130 3564 3255 3634 quia
3285 3564 3475 3621 liberat

1894 3662 2185 3721 pauperem
2220 3667 2251 3706 a
2281 3650 2675 3722 potente.Vide
2701 3666 2955 3719 causam;
2983 3652 3131 3719 ideo,
3159 3655 3255 3719 ait,
3283 3670 3472 3711 cunnos

1896 3749 2083 3810 gentes
2110 3743 2346 3797 servient
2371 3744 2421 3798 ei
2445 3784 2460 3809 ,
2491 3744 2616 3813 quia
2645 3744 2837 3799 liberat
2876 3760 3168 3817 pauperem
3190 3788 3205 3813 ,
3256 3763 3472 3804 sensum

1897 3845 2097 3888 eorum
2132 3849 2162 3888 a
2208 3842 2430 3904 potente
2478 3842 2535 3889 et
2582 3842 2761 3890 astuto
2783 3837 3026 3901 diabolo,
3056 3838 3149 3906 qui
3178 3853 3275 3893 eos
3299 3841 3472 3894 suasit

1896 3939 2060 3994 opera
2083 3941 2335 3981 manuum
2361 3942 2576 3981 suarum
2599 3928 2788 3984 timere
2814 3938 2869 3984 et
2894 3930 3092 3985 colere.
3124 3929 3203 3985 Ex
3226 3933 3398 4001 usuris
3417 3943 3474 3987 et

1897 4017 2177 4084 iniquitate
2240 4016 2485 4072 liberavit
2540 4018 2745 4073 animas
2800 4034 3008 4075 eorum.
3066 4020 3473 4090 Ampliabantur

1898 4122 2071 4161 usurae
2098 4106 2375 4161 animabus
2403 4122 2591 4162 eorum
2614 4149 2629 4173 ,
2677 4108 2803 4176 quia
2840 4109 2986 4178 quod
3011 4109 3306 4165 debebatur
3333 4111 3465 4173 Deo,

1897 4196 2054 4251 idolis
2083 4196 2397 4251 tradebatur
2425 4198 2502 4267 (et
2528 4198 2633 4253 illis
2659 4199 3070 4268 accipientibus,
3100 4201 3145 4256 si
3176 4209 3353 4257 tamen
3383 4207 3468 4258 vel

1895 4288 1999 4343 dici
2027 4297 2206 4358 potest
2234 4288 2340 4343 illis
2358 4289 2760 4359 accipientibus,
2783 4291 2873 4360 qui
2895 4291 3027 4346 nihil
3054 4307 3154 4348 nec
3179 4293 3466 4365 accipiunt,

1891 4364 1997 4435 nec
2042 4384 2347 4451 recusant);
2396 4380 2674 4438 daemoniis
2719 4396 2849 4452 ergo
2894 4364 3470 4455 accipientibusquod

1821 4474 1865 4530 ι)
1893 4473 1995 4527 soli
2034 4471 2147 4528 Deo
2189 4472 2504 4537 debebatur,
2557 4472 2674 4529 istis
2720 4481 2776 4529 et
2818 4474 3055 4530 debitum
3100 4478 3374 4532 concrevit
3412 4487 3470 4533 et

1894 4563 2067 4619 fenus.
2118 4561 2320 4619 Videns
2369 4563 2519 4635 pius,
2568 4565 2658 4619 cui
2701 4564 2860 4620 Pater
2879 4565 3138 4635 judicium
3167 4581 3320 4622 suum
3350 4576 3465 4622 tra-

1891 4653 2026 4707 didit
2051 4652 2105 4707 in
2130 4651 2401 4709 reddendo
2426 4668 2523 4709 eos
2546 4653 2678 4709 satis
2705 4668 2824 4709 esse
2849 4654 3124 4711 mendicos
3144 4697 3159 4722 ,
3204 4656 3307 4713 hoc
3329 4656 3467 4727 judi-

1892 4744 2071 4798 cavit:
2101 4742 2331 4799 lnvicem
2354 4782 2366 4805 ,
2399 4744 2602 4812 inquit,
2638 4758 2734 4800 vos
2760 4744 3008 4800 homines
3035 4747 3290 4803 remittite
3314 4747 3469 4804 vobis

1891 4833 2109 4896 debita,
2156 4842 2216 4888 ut
2261 4834 2412 4888 vobis
2457 4834 2682 4888 remittit
2726 4832 2886 4889 Pater
2932 4844 3112 4892 vester
3149 4838 3243 4908 qui
3280 4847 3364 4895 est
3410 4841 3466 4896 in

1892 4923 2058 4979 cmlis.
2091 4922 2158 4975 Et
2184 4923 2381 4990 adjecit
2410 4940 2423 4976 :
2462 4922 2521 4978 Si
2549 4939 2656 4979 non
2685 4926 3030 4994 remiseritis,
3073 4945 3173 4986 nec
3199 4931 3351 4986 vobis
3378 4947 3468 4987 rc-

1891 5014 2086 5069 mittet.
2135 5011 2179 5068 Ο
2202 5014 2522 5070 liberantem
2549 5031 2617 5072 ex
2645 5018 2823 5074 usuris
2848 5028 2902 5073 et
2930 5020 3209 5090 iniquitate
3236 5024 3462 5090 animas,

1890 5120 2019 5160 vere
2045 5106 2359 5174 praclarum
2387 5121 2583 5163 nomen
2613 5116 2763 5164 tuum
2791 5110 2967 5175 nobis,
2998 5113 3091 5182 qui
3119 5114 3254 5169 vivis
3282 5115 3334 5169 in
3362 5129 3464 5169 sa:-

1891 5195 2009 5250 cula
2036 5195 2356 5251 mulorum
2374 5212 2389 5261 ;
2408 5197 2626 5263 vivis,et
2650 5198 2865 5254 dabitur
2892 5200 2987 5255 tibi
3012 5217 3205 5257 aurum
3233 5202 3458 5257 Arabiae.

1892 5284 2094 5339 Aurum
2140 5285 2282 5340 enim
2320 5296 2477 5341 teme
2516 5287 2655 5343 illius
2682 5297 2767 5344 est
2791 5305 3076 5359 magnum;
3106 5307 3295 5347 aurum
3322 5294 3464 5348 acci-

1894 5375 1977 5444 pis
2005 5375 2318 5445 probatum,
2350 5375 2604 5445 fulgidum
2633 5379 2688 5435 in
2717 5382 3005 5451 apostolis,
3037 5382 3090 5436 in
3119 5384 3458 5453 martyribus,

1893 5466 1945 5520 in
1970 5466 2389 5534 confessoribus,
2422 5470 2475 5524 in
2502 5470 2813 5540 virginibus.
2845 5473 3048 5528 Aurum
3077 5474 3303 5543 accipis,
3354 5492 3461 5535 non

1895 5556 1989 5611 tibi
2018 5564 2199 5625 potest
2224 5556 2339 5636 ﬁeri
2369 5558 2683 5629 inipostura.
2733 5558 2847 5615 Erit
2890 5561 3280 5618 ﬁrmamentum
3311 5574 3462 5623 tuum

1892 5647 1946 5700 in
1975 5656 2120 5700 terra
2166 5660 2451 5718 corporum
2488 5657 2826 5718 nostrorum,
2861 5665 2964 5705 non
3006 5651 3058 5706 in
3088 5654 3333 5711 convalle
3363 5655 3460 5714 lic-

3128 5743 3201 5807 ib
