3870 6182
475 320 581 392 ιξῖ

474 462 582 513 tus,
615 450 707 506 sed
740 452 790 505 in
821 446 1040 503 summis
1070 447 1341 503 montibus
1369 443 1823 517 superextolletur
1853 445 2056 497 fructus

475 553 616 606 tuus,
642 551 689 595 et
714 539 1148 610 supergredietur
1169 537 1505 590 altitudinem
1526 537 1688 589 etiam
1703 534 1888 587 Libani
1916 549 2061 586 mou-

474 633 570 698 tis,
604 641 658 685 et
694 628 868 684 lloriet
888 630 1006 700 (sic)
1036 629 1086 681 in
1118 614 1485 681 altitudinibus
1513 625 1900 696 apostolorum.
1922 622 2062 689 Quid

476 723 650 776 ﬂorict
696 720 976 779 abdiamus
1003 737 1015 771 :
1047 717 1198 773 Sicut
1227 717 1407 772 fenum
1431 759 1445 779 ,
1478 717 1679 784 inquit,
1724 730 1853 782 ergo
1884 715 1935 767 iu
1968 714 2055 767 illa

472 811 755 865 altitudine
793 809 1006 863 laudata
1044 807 1221 862 ﬂoriet
1263 807 1460 861 fenum.
1503 806 1705 860 Floriet
1734 806 1784 858 in
1815 803 2054 858 Ecclesia

470 918 642 971 usque
687 901 879 964 hodie,
932 908 990 952 ut
1035 907 1325 969 pascantur
1348 898 1609 966 jumenta,
1644 897 1772 949 :2th
1803 911 1923 949 cum
1953 912 2054 965 po-

470 993 599 1064 pulo
629 991 695 1046 de
733 990 1064 1045 sectionibus
1110 991 1304 1057 agitur.
1360 989 1603 1055 Ibi‘ergo
1632 987 1947 1058 producitur
1975 985 2054 1039 fe-

476 1099 600 1137 num
624 1081 900 1151 jumentis.
936 1078 1302 1135 Perfectorum
1340 1080 1483 1133 enim
1522 1087 1604 1133 est
1632 1077 1854 1132 solidior
1881 1076 2052 1131 cibus.

464 1175 599 1242 Quia
630 1187 756 1241 ergo
788 1171 965 1226 fenum
996 1171 1189 1225 llorent
1218 1179 1448 1233 montes,
1483 1184 1640 1224 nemo
1672 1169 1833 1236 fugiat
1866 1167 2053 1222 Eccle-

470 1263 627 1325 siam,
660 1262 878 1315 veniant
908 1276 1115 1322 omnes,
1148 1271 1206 1313 ut
1234 1259 1583 1315 benedicatur
1604 1260 1672 1314 ibi
1702 1260 1839 1313 Deus
1868 1258 2049 1323 Israel,

468 1353 560 1420 qui
588 1352 715 1406 facit
745 1352 1007 1406 mirabilia
1038 1353 1205 1416 solus,
1244 1359 1298 1405 et
1326 1351 1395 1405 sit
1425 1351 1496 1404 ibi
1526 1365 1722 1403 nomen
1753 1349 2051 1418 majestatis

467 1446 584 1514 ejus
630 1446 968 1499 benedictum
1017 1445 1070 1498 in
1100 1445 1292 1498 saecula
1313 1485 1327 1508 ,
1378 1452 1435 1497 ut
1465 1444 1737 1512 repleatur
1765 1440 2050 1508 majestate

468 1539 583 1605 ejus
632 1536 806 1589 omnis
852 1542 1033 1589 terra:
1069 1533 1189 1597 ﬁat,
1242 1530 1364 1596 fiat,
1415 1533 1514 1601 ipsi
1561 1532 1728 1599 gloria
1771 1531 1822 1583 in
1852 1530 2048 1584 StPCIIIa

471 1627 807 1679 smouiorum.
841 1625 1033 1679 Amen.

979 1755 1295 1811 PSALML'S
1328 1755 1531 1810 LXXII.

469 1889 789 1944 Del‘ererunt
831 1889 1010 1961 hymni
1052 1888 1215 1943 David
1247 1889 1336 1943 lilii
1365 1864 1531 1943 desse.
1580 1887 1820 1943 Psalmus
1851 1888 2047 1958 Asaph.

1780 1988 1827 2017 ,κ

540 2046 705 2107 Quam
731 2043 896 2097 bonus
928 2042 1097 2098 Israel
1126 2042 1294 2108 Deus,
1324 2043 1404 2097 his
1438 2043 1524 2115 qui
1563 2053 1700 2097 recto
1728 2053 1849 2096 sunt
1873 2043 2056 2097 corde!

470 2135 578 2189 Hei
596 2144 766 2188 autent
789 2151 918 2204 pene
942 2134 1069 2188 ntali
1086 2144 1204 2188 sunt
1230 2134 1403 2205 pedes,
1433 2150 1562 2205 pene
1586 2134 1738 2202 e/Tusi
1765 2144 1883 2187 sunt
1904 2150 2051 2205 gres-

464 2244 551 2279 sus
577 2228 697 2280 mei.
747 2223 884 2289 Quia
914 2226 1075 2280 celavi
1111 2242 1265 2295 super
1286 2226 1505 2297 iniquos,
1532 2241 1708 2295 pacem
1728 2235 2053 2295 peccatorum

463 2318 660 2372 videns.
704 2314 839 2380 Quia
868 2333 972 2370 non
994 2327 1068 2371 est
1096 2327 1352 2386 respectus
1377 2318 1528 2370 morti
1549 2332 1755 2380 eorum,
1786 2327 1835 2369 et
1861 2316 2049 2384 ﬁrma-

462 2420 689 2463 mentum
716 2411 770 2463 in
792 2410 948 2479 plaga
968 2424 1162 2462 eorum.
1192 2407 1254 2461 In
1276 2407 1451 2463 labore
1479 2408 1741 2461 hominum
1770 2424 1872 2461 non
1904 2415 2043 2470 sunt,

462 2514 511 2554 et
536 2518 653 2556 cum
685 2502 977 2556 hominibus
1014 2518 1117 2555 non
1142 2501 1563 2571 ﬂagelloltuntur.
1611 2500 1736 2555 Ideo
1769 2502 1928 2555 tenuit
1959 2517 2049 2555 eos

462 2576 722 2663 superbia,
751 2593 915 2661 aperti
946 2601 1064 2645 sunt
1089 2591 1361 2662 iniquitate
1393 2601 1441 2644 et
1463 2592 1723 2661 impietate
1749 2607 1864 2645 sua.
1911 2590 2049 2645 Pro-

467 2685 560 2736 diit
581 2685 727 2754 quasi
759 2700 823 2736 ea:
844 2682 996 2751 adipe
1031 2682 1276 2752 iniquitas
1298 2697 1472 2736 eorum
1493 2721 1509 2745 ,
1539 2681 1851 2734 transierunt
1879 2682 1933 2734 in
1963 2684 2047 2752 af-

462 2779 651 2846 {rctunt
666 2774 855 2827 cordis.
912 2773 1279 2844 Cogituverunt
1308 2785 1356 2825 et
1394 2773 1551 2826 locuti
1592 2782 1713 2826 sunt
1742 2774 2045 2843 nequitiam,

461 2867 786 2937 iniquitatem
811 2869 866 2920 in
896 2866 1097 2920 excelso
1117 2866 1273 2919 locuti
1296 2876 1434 2919 sunt.
1468 2865 1762 2919 Posuerunt
1790 2867 1843 2919 in
1863 2865 2042 2920 etclam

461 2975 515 3013 os
535 2974 701 3020 suum,
728 2968 778 3011 et
804 2959 983 3027 lingua
1011 2973 1187 3011 eorunt
1214 2958 1453 3011 transuit
1481 2959 1533 3011 in
1569 2968 1722 3011 terra.
1773 2956 1898 3011 Ideo
1919 2974 2046 3011 con-

460 3059 677 3104 vertatur
719 3054 937 3120 populus
975 3066 1116 3104 meus
1159 3049 1273 3112 hic,
1318 3059 1368 3103 et
1403 3050 1513 3103 dies
1540 3050 1677 3119 pleni
1725 3051 2043 3103 invenientur

459 3144 511 3193 in
552 3141 645 3194 eis.
690 3139 760 3193 Et
811 3141 1053 3194 dixerunt
1094 3156 1111 3193 :
1161 3137 1430 3203 Quomodo
1477 3141 1574 3193 scit
1618 3138 1773 3203 Deus,
1809 3148 1856 3191 ct
1886 3141 1930 3193 si
1967 3151 2043 3193 est

459 3233 671 3286 scicntia
696 3234 749 3285 in
768 3232 987 3285 excelso.
1021 3230 1154 3285 Ecce
1173 3233 1273 3301 ipsi
1301 3241 1612 3303 peccatores,
1643 3241 1693 3285 et
1721 3229 2042 3287 abundantes

458 3327 509 3378 in
560 3325 748 3378 steculo
796 3323 1123 3379 obtinuerunt
1168 3324 1395 3378 diuitias.
1456 3323 1525 3377 Et
1565 3324 1712 3387 dia'i,
1760 3322 1900 3395 Ergo
1927 3325 2042 3378 sine

457 3432 612 3472 causa
644 3418 927 3487 justiﬁcari
969 3432 1058 3470 cor
1098 3433 1293 3479 meum,
1324 3425 1374 3470 et
1413 3416 1516 3470 lavi
1563 3417 1697 3469 inter
1742 3417 2039 3470 innocentes

456 3524 639 3561 manus
668 3523 826 3561 meas.
870 3505 941 3559 Et
962 3508 1037 3578 {ui
1064 3507 1358 3578 ﬂagellatus
1392 3516 1498 3560 tota
1528 3507 1614 3560 die
1634 3545 1649 3569 ,
1680 3516 1729 3560 et
1767 3509 2039 3578 castigatio

457 3616 569 3653 mea
587 3601 642 3652 in
667 3599 957 3653 matutinis.
998 3598 1059 3652 Si
1078 3596 1345 3651 dicebant:
1381 3596 1628 3650 Narrabo
1657 3597 1766 3662 sic;
1806 3614 1920 3652 ecce
1950 3616 2043 3652 na-

458 3691 642 3743 tionem
684 3690 915 3759 ﬁliorum
958 3700 1159 3743 tuorum
1208 3689 1500 3758 reprobat'i.
1562 3687 1942 3742 Existimabam
1982 3700 2040 3743 ut

458 3795 816 3850 cognoscerent
840 3781 957 3841 hoc,
984 3779 1131 3832 labor
1154 3787 1227 3831 est
1258 3788 1379 3831 ante
1416 3794 1514 3830 me.
1549 3776 1722 3831 Donec
1760 3779 1947 3831 intrent
1984 3779 2038 3832 in

457 3872 809 3923 sanctuarium
836 3869 969 3935 Dei,
998 3878 1048 3922 et
1092 3869 1379 3940 intelligam
1418 3870 1472 3922 in
1518 3870 1808 3923 novissimis
1837 3887 2032 3924 eorum.

466 3961 826 4015 Verumtamen
854 3970 1064 4031 propter
1091 3959 1237 4013 dolos
1258 3960 1480 4030 posuisti
1519 3959 1627 4024 eis,
1675 3960 1907 4029 dejecisti
1950 3976 2038 4014 eos

457 4053 578 4107 dum
623 4051 987 4104 allevarentur.
1033 4046 1302 4113 Quomodo
1352 4050 1479 4120 {acti
1499 4060 1616 4102 sunt
1660 4051 1717 4102 in
1754 4050 2037 4104 desolatio-

455 4160 569 4197 nem
593 4184 608 4211 ,
631 4141 797 4196 subito
836 4142 1152 4213 defecerunt,
1195 4142 1452 4211 perierunt
1480 4150 1689 4211 propter
1716 4143 2036 4212 iniquitatem

456 4250 619 4289 suam.
672 4232 819 4287 Velut
846 4234 1101 4288 somnium
1124 4234 1459 4304 surgentium,
1483 4232 1722 4297 Domine,
1746 4234 1803 4286 in
1832 4234 2037 4288 civitate

457 4339 543 4377 tua
572 4325 847 4393 imaginem
890 4325 1118 4393 ipsorum
1159 4322 1228 4376 ad
1268 4324 1486 4377 nihilum
1531 4326 1747 4395 rediges.
1792 4322 1925 4388 Quia
1954 4327 2035 4377 in-

455 4418 773 4486 ﬂammatum
795 4423 873 4467 est
891 4430 978 4466 cor
997 4429 1182 4478 meum,
1206 4423 1255 4466 et
1281 4430 1424 4468 renes
1446 4414 1543 4467 mei
1571 4416 1867 4469 commutati
1891 4426 2031 4482 sunt,

453 4519 501 4562 et
530 4524 622 4579 ego
648 4506 717 4560 ad
746 4505 964 4560 nihilum
992 4505 1229 4559 redac.us
1255 4521 1386 4571 sum,
1409 4515 1458 4559 et
1483 4508 1690 4560 nesciri.
1735 4506 1804 4561 Ut
1824 4509 2033 4578 jumen-

454 4607 561 4652 tum
586 4600 753 4670 [actus
777 4613 890 4651 sunt
917 4598 1056 4667 apud
1076 4606 1143 4661 te,
1165 4605 1215 4650 et
1240 4612 1334 4666 ego
1357 4613 1556 4667 semper
1586 4608 1766 4651 tecum.
1803 4598 2033 4654 Tenuisti

454 4706 663 4744 manum
682 4690 717 4743 d
744 4700 949 4743 xteram
971 4705 1156 4753 nteant,
1184 4698 1233 4742 et
1257 4690 1313 4742 in
1349 4687 1609 4741 voluntate
1647 4698 1735 4743 tua
1771 4689 2033 4744 deduxisti

455 4798 552 4845 Ine,
582 4790 765 4834 etcum
791 4781 959 4850 gloria
995 4782 1263 4852 suscepisti
1312 4796 1411 4834 nte.
1470 4778 1608 4842 Quid
1643 4782 1777 4834 enim
1821 4782 1950 4835 mihi
1978 4784 2033 4835 in

457 4873 598 4935 creto,
617 4883 667 4925 et
693 4889 723 4925 a
753 4883 802 4926 te
828 4875 951 4945 quid
978 4874 1112 4929 volui
1134 4890 1287 4945 super
1305 4874 1531 4927 terram?
1552 4872 1754 4944 Defecit
1773 4891 1894 4928 caro
1922 4891 2033 4930 mea

457 4975 500 5015 et
531 4981 620 5017 cor
664 4980 849 5029 meum,
876 4964 1016 5019 Deus
1061 4967 1231 5020 cordis
1278 4967 1378 5019 mei
1400 5003 1415 5027 ,
1447 4978 1495 5018 et
1523 4982 1645 5036 pars
1674 4983 1788 5020 mea
1808 4966 1950 5020 Deus
1976 4970 2033 5021 in

457 5068 717 5107 ueternum.
762 5052 897 5118 Quia
943 5073 1058 5110 ecce
1097 5060 1181 5129 qui
1221 5060 1467 5128 elongant
1509 5073 1565 5111 se
1603 5075 1634 5111 a
1681 5067 1730 5111 te
1770 5059 2029 5127 peribunt,

456 5146 719 5212 perdidisti
747 5163 923 5201 omnes
965 5150 1049 5219 qui
1093 5151 1419 5219 fornicamur
1465 5148 1558 5202 abs
1586 5159 1655 5203 te.
1688 5148 1819 5203 Mihi
1863 5160 2033 5203 autem

456 5238 720 5291 adfiatrere
762 5235 872 5291 Deo
918 5236 1104 5290 bonum
1151 5247 1263 5303 est,
1312 5255 1502 5308 ponere
1548 5240 1601 5293 in
1647 5239 1871 5294 Domino
1918 5240 2028 5295 Deo

450 5344 590 5398 spem
620 5344 804 5382 meum.
842 5326 910 5382 Ut
937 5331 1236 5382 annuntiem
1282 5347 1459 5385 omnes
1482 5332 1872 5401 praedicationes
1919 5344 2032 5386 tuas

456 5420 504 5471 in
528 5428 692 5489 portis
723 5420 848 5489 ﬁliae
877 5418 1031 5473 Sion.

1020 5525 1456 5568 COMIENTARIL’M.

523 5620 653 5674 Cum
683 5621 822 5677 Deus
852 5623 1098 5679 omnibus
1126 5624 1298 5680 bonus
1326 5626 1431 5692 sit,
1482 5636 1536 5681 et
1574 5629 1704 5682 nulli
1734 5629 1803 5683 sit
1833 5631 2023 5695 malus,

394 5792 407 5805 .
456 5712 580 5779 quid
632 5714 710 5769 sic
758 5715 931 5771 voluit
948 5715 1168 5771 dicere:
1218 5717 1312 5773 llis
1360 5720 1573 5784 bonus,
1601 5720 1692 5789 qui
1722 5731 1869 5776 recto
1899 5733 2022 5776 sunt

1829 330 2098 385 ARNOZLII
2140 327 2441 386 IUNIORIS
2506 348 2511 353 '

3591 340 3668 393 ιει

2088 450 2130 503 Α
2163 460 2258 497 eor
2277 445 2366 497 le?
2397 442 2521 497 [ire
2567 445 2729 500 dictio
2760 447 3003 502 humanis
3034 448 3289 502 sensibus
3316 451 3588 519 applicanda
3611 468 3671 510 est

2165 537 2246 588 his
2275 536 2364 604 qui
2413 537 2708 604 vituperant
2741 537 2939 605 juliria
2983 536 3100 602 Dei,
3141 539 3400 594 dimittes:
3436 541 3517 595 Ille
3550 543 3672 609 perfl-

2164 624 2279 687 dus,
2315 627 2402 680 ille
2433 628 2663 696 iniquus,
2696 628 2962 690 sordidus,
2999 630 3349 695 truculentus,
3377 632 3567 687 insanus
3590 645 3672 691 est.

2162 714 2255 770 Ille
2283 726 2461 769 autem
2493 719 2765 783 innocens,
2798 727 3015 782 castus,
3050 720 3282 785 humilis,
3313 722 3494 777 insania
3521 724 3673 793 fatigat.

2160 817 2267 872 tur,
2304 808 2612 864 inﬁrmitate
2642 812 2966 875 co::cutitur,
3000 820 3054 864 et
3080 811 3161 865 his
3186 813 3390 867 similia.
3418 813 3523 868 Ilaec
3548 817 3677 871 rectis

2162 900 2326 953 corde
2386 902 2640 954 virtutum
2689 902 2894 955 semina
2941 902 3370 970 comprobantur.
3430 902 3479 956 In
3520 907 3676 972 quibus

2158 989 2383 1058 probata
2432 989 2563 1044 tiles
2589 998 2824 1057 segetem
2853 1005 3002 1044 suam
3042 992 3094 1044 in
3122 1000 3330 1046 :ntema:
3356 992 3468 1045 vita:
3491 995 3677 1048 animui-

2166 1086 2275 1134 tate
2305 1081 2600 1150 suscipiat,
2647 1089 2700 1134 et
2742 1081 2795 1135 in
2835 1082 3030 1136 smculo
3069 1083 3221 1150 quasi
3248 1083 3299 1137 in
3325 1083 3485 1137 hieme
3507 1085 3675 1151 glaciali

2155 1171 2318 1241 positi
2350 1172 2533 1241 prima?
2562 1172 2854 1237 anastasis,
2887 1172 3041 1241 quasi
3071 1172 3227 1241 primi
3264 1174 3401 1227 verbi
3431 1171 3590 1245 [Forte
3605 1189 3677 1227 ve-

2158 1262 2256 1334 ris]
2300 1262 2461 1318 ﬂores
2498 1272 2833 1334 exspectent.
2884 1264 3151 1320 chtantes
3193 1267 3364 1334 itaque
3394 1266 3441 1319 in
3467 1281 3579 1335 pace
3601 1280 3675 1319 sua

2156 1363 2500 1424 peccatores;
2549 1356 2696 1424 quod
2741 1372 2863 1411 cum
2910 1356 3216 1411 hominibus
3260 1372 3361 1410 non
3401 1357 3677 1424 llagellantur

2160 1455 2341 1502 teneat
2369 1448 2638 1517 superbia,
2674 1447 2804 1501 fiant
2831 1448 3013 1513 crassi,
3042 1448 3261 1517 prodeat
3281 1462 3344 1502 ex
3365 1449 3504 1517 adipe
3526 1463 3675 1502 eorum

2160 1540 2434 1609 iniquitas,
2467 1548 2665 1609 ponant
2698 1541 2748 1593 in
2778 1539 2916 1594 εαξῐο
2944 1554 3005 1593 os
3032 1554 3207 1604 suum,
3239 1553 3293 1593 et
3319 1539 3575 1609 loquantur
3596 1539 3675 1590 ini-

2156 1631 2414 1699 quitatem
2464 1631 2515 1684 in
2566 1630 2819 1695 excelso,
2870 1628 3051 1684 dicant
3095 1645 3203 1683 non
3231 1644 3346 1683 esse
3370 1627 3611 1682 scientiam
3635 1627 3675 1681 ia

2156 1721 2294 1776 Deo.
2338 1723 2435 1788 Qui
2484 1730 2662 1775 tamen
2709 1730 2834 1776 sunt
2879 1721 3198 1775 audiamus:
3231 1720 3294 1774 lli
3337 1730 3479 1783 sunt,
3522 1720 3675 1787 inquit,

2089 1816 2130 1874 lt
2159 1822 2471 1884 peccatores
2492 1854 2507 1877 ,
2563 1822 2617 1866 et
2665 1812 2997 1866 abundantes
3017 1852 3030 1876 ,
3059 1812 3150 1880 qui
3184 1812 3233 1865 in
3263 1810 3447 1865 satculo
3473 1810 3676 1864 obtinue-

2158 1913 2282 1959 runt
2311 1905 2544 1958 divitias.
2617 1905 2716 1959 Mei
2765 1914 2943 1958 autem
2984 1919 3125 1974 pene
3155 1905 3286 1959 moti
3314 1913 3430 1957 sunt
3456 1904 3611 1973 pedes,
3635 1911 3678 1956 et

2154 2006 2185 2051 a
2235 2004 2382 2051 recto
2428 1996 2617 2050 itinere
2663 2010 2802 2064 pene
2848 1993 3000 2049 επιιεί
3045 2003 3172 2049 sunt
3215 2010 3420 2064 gressus
3445 1994 3552 2054 mei.
3578 1994 3677 2060 quia

2152 2085 2260 2141 dixi
2304 2088 2359 2141 in
2398 2088 2563 2142 corde
2600 2102 2761 2141 meo:
2796 2084 2938 2153 Ergo
2974 2085 3092 2140 sine
3128 2100 3292 2140 causa
3322 2082 3581 2153 justilicavi
3604 2096 3679 2135 cor

2155 2193 2357 2243 meum,
2391 2185 2443 2231 et
2475 2178 2577 2231 lavi
2609 2178 2749 2232 inter
2776 2178 3092 2232 innocentes
3119 2191 3311 2229 manus
3340 2190 3492 2229 meas.
3530 2172 3583 2225 At
3608 2172 3677 2225 ubi

2153 2268 2488 2323 consideravi
2528 2268 2706 2321 omnia
2749 2266 3064 2337 temporalia
3094 2281 3218 2320 esse
3244 2281 3360 2335 qua:
3385 2262 3679 2334 peccantibus

2151 2359 2540 2422 ministrantur,
2572 2366 2626 2412 et
2654 2358 2832 2413 subito
2860 2373 2955 2413 eos
2981 2358 3214 2413 deiicere
3242 2364 3295 2412 et
3317 2357 3480 2427 perire
3500 2360 3679 2423 propter

2152 2450 2487 2520 iniquitatem
2515 2464 2687 2514 suam,
2720 2459 2772 2504 et
2802 2450 2956 2505 istam
2986 2451 3148 2504 vitam
3180 2466 3275 2505 eos
3295 2450 3436 2518 quasi
3454 2444 3677 2501 somnium

2149 2543 2411 2608 transire;
2467 2550 2524 2597 et
2570 2544 2696 2612 quia
2737 2542 2879 2598 Deus
2924 2544 2977 2597 in
3019 2543 3240 2598 civitate
3289 2557 3381 2596 sua
3425 2538 3678 2593 Jerusalem

2149 2651 2309 2706 quam
2338 2646 2606 2705 prmparat
2633 2636 2853 2700 sanctis,
2886 2635 3172 2703 imaginem
3199 2649 3382 2689 eorum
3409 2632 3469 2685 ad
3496 2629 3677 2684 nihilum

2149 2726 2390 2793 rediget,
2438 2732 2569 2781 tunc
2617 2723 3001 2779 inﬂammatum
3049 2732 3133 2778 est
3180 2726 3234 2779 in
3282 2737 3458 2777 amore
3490 2720 3573 2774 Dei
3605 2731 3679 2771 cor

2147 2831 2326 2871 meum
2350 2856 2364 2879 ,
2397 2823 2453 2870 et
2482 2830 2641 2870 rencs
2668 2815 2773 2870 mei
2803 2814 3024 2871 resoluti
3054 2823 3179 2868 sunt
3199 2856 3213 2879 ,
3249 2814 3298 2868 id
3328 2822 3438 2877 est,
3466 2812 3524 2865 ad
3548 2816 3643 2865 cast
3663 2835 3677 2846 -

2146 2909 2274 2961 tatis
2321 2906 2623 2961 libertatem
2680 2922 2710 2959 a
2766 2907 2891 2960 mali
2939 2906 3174 2976 exempli
3223 2906 3433 2960 vinculo
3477 2900 3675 2957 resoluti.

2146 2996 2272 3051 Ideo
2320 2998 2463 3050 enim
2506 2996 2572 3049 ad
2618 2996 2839 3050 nihilum
2868 2996 3115 3051 redactus
3145 3011 3297 3061 sum,
3331 2996 3437 3049 lucc
3460 2994 3674 3059 cogitas,

2145 3087 2271 3155 quia
2319 3088 2519 3141 nescivi
2570 3102 2683 3141 non
2730 3100 2852 3141 esse
2910 3086 3208 3154 condignas
3254 3086 3518 3156 passiones
3555 3079 3676 3147 hujus

2068 3179 2115 3243 C
2150 3180 2405 3248 temporis
2453 3179 2518 3233 ad
2566 3178 2795 3232 futuram
2838 3178 3084 3246 gloriam.
3140 3177 3490 3246 Po-traquam
3531 3172 3675 3231 didici,

2145 3268 2307 3324 etiam
2332 3268 2633 3337 jumentum
2662 3268 2986 3331 mstimatus,
3028 3276 3083 3321 et
3112 3281 3282 3336 pecus
3310 3268 3375 3320 ad
3404 3263 3676 3319 occisionem

2142 3360 2350 3430 positus
2377 3398 2392 3423 ,
2441 3367 2618 3413 tamen
2666 3357 2937 3428 permansi
2980 3371 3197 3425 semper
3245 3365 3437 3411 tecum.
3482 3347 3675 3406 Tenuisti

2142 3466 2358 3504 manum
2389 3449 2665 3503 dexteram
2694 3465 2897 3514 meam,
2951 3448 3002 3503 in
3034 3448 3314 3504 voluntate
3344 3458 3429 3501 tua
3455 3439 3674 3499 deduxisti

2141 3557 2248 3605 me,
2280 3550 2335 3595 et
2362 3557 2483 3595 cum
2513 3542 2679 3609 gloria
2721 3541 3055 3611 assumpsisti
3091 3556 3202 3595 me.
3265 3541 3388 3595 Ilatc
3416 3539 3464 3592 in
3490 3534 3674 3590 Domino

2140 3630 2266 3687 Jesu
2295 3631 2511 3688 Christo
2541 3633 2808 3703 completa
2837 3642 2979 3687 sunt.
3030 3632 3153 3702 Ipse
3198 3632 3369 3687 tenuit
3405 3628 3569 3698 generi
3593 3625 3675 3680 liu-

2142 3739 2302 3777 mano
2348 3726 2628 3779 dexteram
2673 3729 2783 3793 jam
2834 3732 3077 3787 mortuo,
3114 3723 3230 3792 jam
3261 3722 3469 3786 fetenti,
3506 3717 3673 3772 duxita

2141 3819 2420 3872 voluntate
2449 3818 2644 3874 diaboli
2675 3818 2740 3872 ad
2770 3819 3099 3872 voluntatem
3130 3832 3290 3872 suam
3310 3860 3324 3883 ,
3355 3826 3407 3872 et
3435 3808 3676 3879 assumpsil

2141 3910 2195 3963 in
2224 3910 2448 3977 gloriam
2472 3949 2486 3973 ,
2540 3910 2629 3978 qui
2671 3908 2930 3964 audenter
2957 3908 3159 3963 diceret
3185 3928 3201 3963 :
3234 3909 3371 3976 Quid
3400 3909 3517 3962 mihi
3543 3909 3674 3958 restat

2141 3998 2194 4054 in
2225 4000 2396 4054 coelo?
2426 4000 2538 4054 Iloc
2567 4009 2645 4055 est
2675 4002 2726 4055 in
2757 4009 2897 4054 terra
2927 4001 3133 4071 positus
3161 4002 3237 4055 ita
3260 4002 3363 4057 cml
3395 4008 3521 4055 stem
3542 3994 3674 4049 vitam

2140 4093 2355 4146 exercui
2384 4132 2398 4153 ,
2431 4100 2489 4146 ut
2518 4092 2643 4145 dum
2673 4092 2725 4146 in
2756 4091 2894 4147 cmlo
2922 4093 3221 4147 ascendere
3245 4135 3259 4159 ,
3303 4093 3429 4147 nihil
3467 4088 3579 4145 mihi
3599 4098 3672 4139 su-

2139 4185 2307 4252 persit
2352 4185 2495 4254 quod
2545 4184 2597 4237 iu
2634 4192 2776 4239 terra
2820 4185 3026 4253 positus
3056 4200 3160 4238 non
3195 4184 3547 4255 impleverim;
3573 4175 3671 4233 nihil

2139 4275 2280 4328 enim
2324 4285 2516 4343 prater
2554 4284 2607 4330 te
2636 4276 2779 4330 volui
2808 4291 2970 4346 super
2998 4286 3196 4331 terram
3217 4320 3231 4344 ,
3265 4279 3426 4333 etiam
3453 4277 3492 4330 si
3519 4270 3671 4327 defecit

2139 4379 2233 4419 cor
2261 4381 2439 4419 incum
2468 4408 2482 4429 ,
2535 4375 2591 4419 ct
2618 4382 2745 4420 caro
2774 4382 2893 4421 mea
2926 4369 2978 4420 in
3011 4368 3317 4436 passiones,
3349 4376 3403 4423 et
3428 4379 3540 4437 pars
3563 4375 3671 4422 mea.

2138 4456 2264 4525 quia
2294 4454 2436 4511 Deus
2467 4467 2541 4511 cst
2571 4498 2586 4521 ,
2640 4474 2746 4512 non
2789 4457 3021 4523 defecit,
3074 4459 3167 4513 sed
3208 4467 3394 4514 manet
3421 4460 3469 4511 in
3497 4452 3668 4510 sarcula.

2061 4549 2114 4611 ι)
2141 4547 2253 4600 Non
2301 4547 2443 4601 enim
2493 4555 2747 4615 pereunt,
2801 4547 2901 4601 nisi
2944 4548 2995 4601 hi
3036 4548 3125 4616 qui
3168 4549 3331 4617 longe
3371 4562 3430 4603 se
3455 4545 3671 4600 facian!!!

2137 4635 2249 4689 Deo
2278 4644 2660 4690 ronservatore
2689 4651 2789 4691 suo
2817 4655 2829 4689 :
2861 4644 2917 4689 rt
2946 4639 3059 4707 ipse
3087 4654 3194 4692 non
3222 4638 3439 4708 perdet,
3464 4636 3553 4690 nisi
3580 4632 3674 4685 illos

2136 4728 2227 4795 qui
2259 4727 2589 4781 lomieantur
2628 4730 2695 4781 ab
2737 4727 2831 4782 illo
2857 4745 2869 4780 :
2903 4728 2953 4782 id
2981 4736 3083 4790 est,
3116 4746 3351 4799 quorum
3381 4729 3545 4783 anima
3569 4722 3673 4776 alter

2137 4832 2254 4870 rum
2283 4817 2429 4871 ducit
2458 4816 2622 4871 Deum
2648 4857 2662 4881 ,
2715 4826 2805 4871 aut
2854 4833 2881 4870 a
2912 4819 3153 4872 veritatis
3190 4819 3444 4889 conjugio
3484 4831 3536 4869 se
3558 4809 3676 4866 [alsi-

2139 4907 2232 4961 tati
2298 4909 2625 4962 commiscet.
2698 4907 3074 4978 Unusquisque
3120 4916 3304 4963 autem
3351 4917 3572 4963 nostrum
3610 4899 3675 4952 his

2140 4998 2381 5068 probatis
2428 4998 2608 5052 dicat:
2660 4998 2784 5052 Mihi
2835 5009 3012 5053 autem
3063 5000 3342 5056 adnuat-ere
3380 4999 3486 5053 Deo
3510 4999 3673 5051 bonum

2140 5099 2221 5145 est
2246 5130 2260 5154 ,
2311 5099 2365 5145 et
2409 5106 2614 5161 ponere
2662 5092 2711 5145 iu
2740 5090 2968 5144 Domino
2996 5106 3145 5160 spem
3175 5106 3354 5146 meam
3374 5134 3388 5152 ,
3422 5100 3476 5145 ut
3502 5097 3671 5142 annum

2138 5182 2267 5235 tirm
2315 5197 2504 5237 omnes
2552 5182 2886 5236 laudationes
2928 5180 3024 5235 Dei
3073 5183 3125 5236 iu
3174 5184 3353 5252 portis
3399 5180 3511 5235 ﬁI'Lc
3552 5176 3671 5229 Sion.

2142 5273 2273 5327 Filia
2319 5272 2447 5328 Sion
2499 5274 2676 5327 anima
2723 5273 2949 5328 credens
2996 5273 3232 5338 Christo,
3286 5288 3406 5342 qua:
3451 5273 3502 5325 in
3544 5267 3674 5319 linem

2146 5365 2335 5434 psalmi
2364 5366 2599 5419 inveniet
2626 5364 2815 5419 Iaudes
2833 5409 2846 5428 ,
2877 5379 3012 5433 quas
3040 5366 3140 5420 sibi
3179 5366 3233 5418 in
3277 5366 3431 5419 titulo
3459 5358 3679 5416 defecisse

2145 5464 2389 5509 testatur.
2438 5454 2761 5510 Defecerunt
2805 5455 2854 5509 ei
2901 5455 3123 5520 laudes,
3172 5456 3300 5523 quia
3340 5454 3503 5508 zelata
3531 5456 3599 5501 ost
3635 5445 3674 5495 in

2133 5545 2511 5615 peccantibus,
2562 5561 2699 5614 quas
2748 5545 2982 5599 inveniet
3029 5546 3079 5599 in
3127 5544 3318 5610 ﬁ..em,
3358 5545 3403 5599 si
3433 5535 3675 5597 adlucscrit

2089 5645 2095 5653 '
2135 5635 2382 5697 Domino,
2413 5645 2467 5687 et
2497 5636 2545 5687 in
2581 5636 2695 5703 ipso
2724 5650 2875 5689 suam
2902 5650 3051 5705 Spem
3082 5652 3148 5690 ex
3176 5635 3389 5703 integro
3416 5624 3675 5689 collocaui.

2132 5727 2221 5795 qui
2252 5735 2430 5794 regna!
2467 5728 2516 5779 ia
2548 5727 2739 5780 smcula
2768 5726 3107 5781 saeculorum.
3139 5726 3329 5781 Amen.

3762 5475 3767 5533 ι

3762 5546 3765 5621 l

3758 5636 3763 5711 Δ

3756 5736 3761 5795 l

3756 5812 3759 5897 ll

3755 5900 3757 5969 Δ
