3870 6182
247 359 332 412 ωο

696 463 913 515 PSAHI
926 462 1007 515 L'S
1052 462 1274 516 LXXIII.

586 597 640 649 In
672 596 826 649 linem
860 595 1161 648 intellectus
1193 595 1388 663 Asaph.

308 735 368 787 Il!
409 732 542 801 quid,
571 729 720 792 Deus,
746 727 976 797 repulisti
1020 729 1074 780 in
1121 726 1308 794 ﬁnem,
1339 727 1503 778 iratus
1530 734 1606 778 est
1629 725 1774 794 [uror

241 838 336 878 ntus
361 840 500 891 super
525 837 634 874 ores
654 835 859 889 pascuae
889 819 1029 871 tum?
1060 816 1257 869 Memor
1275 825 1384 869 esto
1412 815 1772 884 congregatio-

241 919 306 968 nis
333 924 455 976 tite,
482 927 627 982 quam
659 909 930 980 possedisti
960 907 1023 959 ab
1052 908 1218 960 initio.
1273 906 1551 958 Redemiin
1579 906 1774 974 virgam

239 1003 519 1059 hereditatis
567 1012 664 1052 tua:
687 1040 701 1062 ,
750 1014 895 1051 mons
945 997 1075 1051 Sion
1111 999 1164 1048 in
1203 1012 1302 1065 quo
1339 993 1581 1046 liabitasti
1611 996 1663 1046 in
1691 1009 1770 1046 eo.

239 1093 352 1146 Lena
378 1107 549 1145 manus
579 1101 689 1142 tuas
716 1090 769 1141 in
797 1085 1059 1157 superbius
1086 1102 1260 1139 eorum
1287 1087 1339 1138 in
1369 1086 1554 1154 finem,
1583 1091 1778 1154 quanta

238 1183 519 1251 ntalignatus
538 1188 612 1230 est
641 1178 876 1229 inimicus
905 1177 959 1228 in
986 1183 1184 1227 sancto.
1217 1173 1288 1225 Et
1315 1174 1520 1243 gloriati
1547 1183 1665 1225 sunt
1689 1173 1776 1242 qui

239 1273 426 1326 oderunt
453 1280 497 1321 te
516 1269 568 1320 in
601 1266 768 1320 medio
793 1265 1132 1318 solemnitatis
1157 1272 1281 1319 tuae.
1301 1261 1587 1315 Posuerunt
1626 1262 1777 1329 signa

238 1377 313 1415 sua
332 1361 486 1428 signa,
516 1371 565 1411 et
592 1373 694 1410 non
715 1363 1054 1424 cognoverunt
1082 1356 1211 1406 sicut
1232 1354 1284 1405 in
1308 1353 1447 1405 exitu
1476 1368 1626 1420 super
1637 1368 1776 1404 sum-

238 1465 370 1503 tnum.
419 1446 574 1510 Quasi
621 1447 674 1499 in
714 1447 842 1498 silva
889 1445 1145 1514 lignorum
1189 1442 1447 1496 securibus
1475 1441 1777 1494 exciderunt

237 1543 398 1615 ianuas
424 1541 530 1608 ejus
561 1540 613 1590 in
642 1539 890 1605 idipsum,
935 1535 988 1588 in
1024 1534 1192 1587 securi
1237 1542 1286 1585 et
1314 1533 1456 1584 ascia
1483 1531 1777 1600 dejecerunt

237 1649 348 1684 eam.
397 1628 737 1682 Incenderunt
780 1627 887 1696 igni
935 1623 1287 1677 sanctuarium
1330 1631 1472 1674 tuum
1517 1623 1569 1674 in
1617 1631 1774 1686 terra,

236 1721 494 1791 polluerunt
548 1717 932 1771 tabernaculum
985 1714 1207 1766 nominis
1268 1713 1359 1764 tui.
1416 1710 1673 1764 Dixerunt
1722 1711 1778 1763 in

1123 351 1588 408 COMMENTARII
1627 353 1690 406 IN
1731 352 2053 407 PSALMOS.
2097 351 2283 406 PSAL.
2329 351 2554 405 LXXIV.

3343 349 3442 400 433

1799 468 1846 522 Α
1877 480 2053 518 sermo
2077 466 2280 533 ceperit
2313 466 2487 518 tinent.
2522 463 2611 517 Est
2639 463 2780 517 e;~iin
2807 471 2856 516 et
2882 463 2934 516 in
2963 463 3111 515 vobis
3138 477 3258 514 arca
3292 471 3447 514 testa-

1874 554 2038 607 menti
2088 555 2314 618 Domini,
2347 569 2505 622 quam
2535 553 2771 622 quotidie
2817 554 2888 608 lio
2921 563 2998 605 tcs
3039 561 3302 605 conantur
3344 555 3449 605 eri-

1874 656 2018 710 pere,
2049 642 2101 696 id
2126 653 2225 706 est,
2251 644 2409 696 animi
2441 646 2812 705 constantiam,
2862 658 2980 711 qua:
3011 658 3108 710 pro
3137 641 3448 694 defensione

1874 733 2128 804 virtutum
2157 743 2344 789 contra
2385 736 2510 788 vitia
2542 736 2676 788 bella
2706 735 3007 788 committit.
3046 733 3102 787 Si
3136 747 3264 799 ergo
3293 733 3448 799 hujus

1875 837 2013 876 arere
2039 825 2360 887 sacerdotes,
2395 824 2442 876 id
2464 831 2563 883 est,
2597 840 2790 891 corpus
2818 833 2870 877 et
2894 825 3069 877 anima
3092 839 3207 877 mea
3231 839 3296 876 ex
3318 840 3442 876 con-

1875 927 2035 965 sensu
2065 914 2363 975 coluerunt,
2413 913 2698 979 requiescit
2736 928 2896 981 super
2931 927 3049 965 eam
3088 911 3363 974 Dominus,
3394 919 3451 963 ct

1876 1017 1983 1056 non
2013 1003 2284 1056 audebunt
2324 1003 2606 1066 dmmonia,
2652 1018 2748 1054 nec
2779 1002 2972 1055 bellum
3004 1003 3057 1055 in
3104 1010 3226 1055 cute
3267 1002 3447 1055 consi-

1875 1101 2037 1146 stere.
2069 1093 2137 1145 At
2165 1093 2255 1146 ubi
2285 1095 2397 1147 hmc
2424 1108 2520 1162 per
2548 1093 2918 1160 negligentiam
2957 1091 3294 1146 sacerdotum
3332 1106 3450 1146 ces-

1875 1182 2024 1241 serit.
2055 1183 2262 1251 capitur
2288 1183 2355 1236 ab
2393 1182 2735 1244 adversariis,
2769 1192 2823 1235 et
2849 1182 3168 1248 malignatur
3205 1181 3450 1235 inimicus

1877 1272 1930 1325 in
1953 1281 2159 1333 sancto,
2190 1281 2244 1325 et
2271 1273 2568 1340 gloriantur
2595 1273 2686 1342 qni
2715 1271 2938 1326 oderunt
2971 1271 3254 1326 Dominum
3279 1272 3330 1324 in
3359 1285 3447 1325 eo.

1878 1361 2007 1416 Post
2035 1363 2144 1417 lucc
2170 1379 2290 1417 cum
2320 1363 2564 1434 lacrymis
2592 1363 2822 1417 orandus
2840 1370 2923 1416 est
2948 1362 3221 1426 Dominus,
3254 1370 3311 1415 ut
3331 1362 3449 1414 ani-

1876 1469 1992 1508 mas
2019 1469 2312 1524 pauperum
2346 1470 2452 1508 non
2483 1455 2846 1509 obliviscatur.
2877 1453 3133 1507 Dominus
3163 1453 3214 1506 in
3255 1453 3452 1521 sempi-

1880 1551 2108 1606 ternum,
2142 1559 2248 1598 non
2291 1551 2564 1597 avertatur
2593 1545 2644 1597 in
2689 1552 2970 1612 perpetuo,
3010 1543 3223 1596 humilis
3255 1542 3450 1605 fartus,

1878 1633 2152 1698 confusus,
2182 1642 2241 1686 ut
2278 1648 2385 1686 non
2417 1635 2468 1687 in
2497 1642 2754 1687 mternum
2787 1633 3026 1687 tradatur
3049 1633 3234 1687 bestiis
3274 1632 3452 1686 anima

1879 1739 1998 1793 quae
2025 1722 2311 1778 conﬁtetur
2337 1725 2388 1778 ei
2421 1742 2434 1777 :
2465 1733 2525 1778 ut
2551 1739 2760 1779 memor
2784 1725 2854 1778 sit
2879 1733 3139 1779 creatum
3166 1739 3295 1789 sum,
3327 1724 3452 1791 quia

235 1814 370 1867 corde
393 1829 480 1866 suo
507 1811 746 1881 cognatio
791 1823 965 1861 eorum
993 1805 1146 1859 simul
1169 1845 1184 1868 .
1217 1804 1485 1867 Ωιιὶεδεενε
1530 1804 1778 1873 ludam“
1811 1823 1855 1882 Β
1884 1816 2071 1885 repleti
2101 1825 2225 1870 sunt
2243 1815 2333 1883 qui
2352 1811 3186 1871 obscuratisuntterraedomibus
3207 1812 3456 1881 iniquita-

237 1919 388 1956 omnes
408 1902 509 1954 dies
540 1904 696 1971 festos
725 1898 820 1952 Dei
851 1915 883 1950 a
913 1907 1068 1950 terra.
1121 1895 1285 1966 Signa
1314 1904 1490 1947 nostra
1519 1909 1623 1947 non
1650 1893 1780 1946 vidi-

238 2010 350 2056 mus,
374 1995 479 2062 jam
507 2008 607 2043 non
637 1999 714 2043 est
739 1989 985 2059 prOpheta
1003 2025 1018 2049 ,
1049 1995 1097 2039 et
1124 2002 1216 2039 nos
1246 2002 1347 2038 non
1375 1993 1642 2053 cognoscet
1666 1999 1780 2036 ant-

240 2086 372 2156 plius.
404 2083 691 2154 Usquequo,
729 2080 897 2143 Deus,
938 2075 1302 2148 improperabit
1331 2076 1585 2138 inimicus,
1611 2075 1785 2127 irritat

240 2175 530 2230 sdrersarius
558 2188 741 2225 nomen
772 2180 911 2222 tuum
939 2170 990 2221 in
1011 2169 1208 2238 ﬁnem?
1224 2166 1293 2219 Ut
1317 2164 1439 2236 quid
1462 2166 1644 2218 avertis
1672 2180 1786 2216 ma-

239 2281 342 2317 num
369 2275 498 2316 tuam
523 2303 536 2326 ,
577 2273 626 2315 et
655 2261 919 2313 dexteram
947 2269 1082 2311 tuam
1107 2257 1169 2310 de
1195 2256 1361 2309 medio
1386 2257 1501 2309 sinu
1529 2263 1614 2307 tuo
1639 2254 1692 2306 in
1718 2253 1787 2323 ﬁ-

237 2357 368 2410 nem?
395 2355 525 2409 Deus
554 2364 723 2407 autem
763 2369 854 2406 rex
881 2361 1052 2405 noster
1085 2359 1204 2403 ante
1231 2350 1418 2403 stecula
1446 2358 1684 2419 operatus
1711 2353 1788 2400 est

238 2447 431 2501 salutem
456 2448 508 2499 in
532 2445 704 2499 medio
734 2455 905 2498 terrm.
956 2441 1030 2495 Tu
1059 2443 1376 2510 confirmasti
1414 2442 1470 2494 in
1494 2442 1678 2494 uirtute
1699 2448 1788 2493 tua

237 2556 378 2603 mare,
406 2538 764 2592 contribulasti
793 2538 963 2605 capita
986 2535 1266 2587 draconum
1293 2535 1348 2586 in
1370 2534 1535 2605 aquis.
1562 2531 1636 2586 Tu
1661 2548 1788 2586 cott-

237 2631 415 2701 {registi
462 2631 635 2700 capita
676 2628 956 2681 draconum
979 2667 993 2690 ,
1037 2625 1222 2678 dedisti
1250 2641 1364 2677 eum
1393 2641 1561 2678 escam
1587 2625 1790 2695 populis

237 2720 534 2792 ιΕιΙιίορυηι.
571 2721 647 2774 Tu
674 2721 912 2790 ὀξυ-αρίδεὶ
943 2721 1108 2788 fontes
1139 2728 1188 2771 et
1218 2726 1483 2781 torrentes,
1509 2727 1559 2770 tu
1587 2719 1792 2773 siccasti

239 2811 396 2878 fluvios
424 2811 628 2864 Etltam.
665 2809 800 2862 Tuus
829 2820 903 2862 est
930 2809 1037 2862 dies
1058 2849 1074 2870 ,
1105 2819 1152 2862 et
1183 2818 1268 2861 tua
1288 2818 1362 2862 est
1391 2825 1516 2872 nox,
1547 2817 1597 2860 tu
1627 2805 1792 2878 fabri-

238 2915 365 2957 catus
389 2922 440 2957 es
472 2921 718 2957 auroram
745 2913 794 2956 et
822 2903 998 2955 solem.
1054 2902 1127 2956 Tu
1152 2904 1316 2973 fecisti
1345 2920 1517 2956 omnes
1548 2905 1793 2956 terminos

241 3006 370 3050 terra
393 3036 407 3060 ,
457 3007 684 3050 aestatem
731 3005 782 3048 et
817 3011 902 3048 rer
932 3005 981 3046 tu
1010 2994 1279 3064 plasmasti
1309 3013 1389 3050 ea.
1458 2993 1658 3048 Memor
1686 3004 1793 3048 esto

238 3086 390 3157 hujus,
421 3089 662 3141 inimicus
691 3087 1056 3156 improperabit
1083 3085 1326 3150 Domino,
1355 3095 1403 3139 et
1430 3086 1644 3156 populus
1671 3087 1796 3139 insi-

1883 1913 2016 1962 tum.
2045 1905 2307 1974 Exsurgat
2328 1920 2456 1974 ergo
2477 1907 2731 1962 Dominus
2754 1913 2809 1960 et
2831 1905 3033 1976 judicet
3049 1921 3264 1960 causam
3284 1919 3454 1967 suam,

1881 1996 2139 2065 quoniam
2165 2012 2263 2065 per
2283 1997 2618 2052 occasionem
2645 2005 2988 2066 peccatorum
3020 2011 3259 2051 meorum
3290 1995 3457 2049 inimi-

1884 2100 1980 2140 cus
2021 2087 2348 2155 improperat
2377 2086 2600 2141 Domino
2642 2105 2656 2140 :
2688 2086 2910 2149 Memor,
2943 2087 3144 2154 inquit,
3175 2097 3311 2149 esto,
3343 2085 3459 2140 Βο-

1885 2178 2050 2241 mine,
2093 2179 2538 2248 imprOperiorum
2565 2186 2798 2241 tuorum,
2829 2192 2948 2244 qua:
2975 2177 3042 2230 ab
3089 2175 3462 2244 insipientibus

1889 2271 2023 2322 tiunt
2052 2277 2164 2324 tota
2193 2270 2297 2332 die,
2329 2279 2387 2323 ut
2415 2285 2522 2324 non
2551 2269 2882 2323 obliviscaris
2925 2283 3086 2322 voces
3113 2269 3461 2336 quaerentium

1890 2367 1943 2414 te
1971 2375 2068 2430 per
2112 2361 2499 2429 paenitentiam,
2550 2368 2604 2414 et
2627 2359 3084 2414 contemnentium
3133 2367 3185 2412 te
3214 2357 3463 2428 superbia

1890 2449 2142 2504 ascendat
2169 2450 2235 2503 ad
2261 2459 2332 2516 te,
2363 2458 2419 2504 ut
2447 2451 2550 2505 illis
2576 2450 3004 2520 superbientibus
3031 2449 3240 2514 reddas,
3284 2457 3340 2503 et
3366 2463 3464 2502 noo

1891 2543 1973 2596 bis
1999 2543 2378 2598 conﬁtentibus
2404 2557 2612 2612 parcas,
2643 2543 2734 2610 qui
2771 2555 2962 2609 regnas
2990 2541 3044 2596 in
3072 2541 3264 2595 mula
3293 2555 3464 2595 sarcu-

1893 2634 2086 2688 lorum.
2113 2634 2300 2688 Amen.

2388 2723 2512 2778 PSA
2521 2721 2700 2778 LMUS
2738 2723 2968 2777 LXXIV.

1894 2816 1950 2870 In
1981 2813 2141 2870 linem
2180 2831 2247 2870 ne
2271 2815 2548 2884 disperdas
2575 2814 2662 2884 vel
2701 2829 3031 2884 corrumpas,
3070 2813 3304 2883 psalmus
3342 2829 3467 2867 can-

2519 2885 2610 2940 tici
2638 2883 2836 2954 Asaph.

1967 2998 2334 3068 Confitebimur
2377 2998 2485 3062 tibi,
2529 2995 2690 3061 Deus,
2729 2995 3085 3066 conﬁtebimur
3117 3005 3167 3049 et
3209 2995 3466 3050 invocabi-

1895 3107 2008 3143 mus
2037 3107 2222 3143 nomen
2252 3100 2410 3142 tuum.
2444 3087 2788 3141 Narrabimus
2814 3087 3072 3140 mirabilia
3100 3097 3208 3153 tua,
3239 3103 3353 3140 cum
3379 3103 3464 3139 ac-

240 3179 364 3244 piens
390 3178 619 3231 incitabit
648 3194 830 3230 nomen
863 3188 1021 3230 tuum.
1065 3174 1150 3229 Ne
1175 3177 1352 3230 tradas
1383 3175 1552 3230 bestiis
1591 3179 1793 3231 animas
1820 3189 1866 3250 (ζ
1897 3199 2074 3252 cepero
2116 3192 2328 3251 tempus,
2369 3199 2461 3252 ego
2494 3183 2727 3251 justitias
2761 3179 3027 3251 judicabo.
3053 3180 3353 3252 Liquefacta
3393 3189 3470 3234 est

238 3270 514 3339 confitentes
539 3271 629 3323 tibi
655 3311 669 3333 ,
700 3281 749 3322 et
776 3271 979 3322 animas
1001 3286 1279 3340 pauperum
1310 3279 1512 3322 tuorum
1531 3286 1593 3322 ne
1616 3269 1793 3324 obliti-

240 3361 380 3412 scaris
416 3362 469 3412 in
514 3360 694 3428 ﬁnem.
748 3357 963 3428 Respice
1007 3359 1061 3411 in
1091 3367 1445 3411 testamentum
1477 3369 1643 3420 tuum,
1674 3361 1795 3430 quia

239 3448 396 3517 repleti
423 3461 539 3504 sunt
564 3451 650 3520 qui
681 3447 936 3501 obscurati
966 3458 1085 3501 sunt
1108 3457 1257 3502 teme
1290 3447 1521 3502 domibus
1551 3450 1795 3518 iniquita-

241 3549 349 3590 tum.
381 3537 460 3591 Ne
487 3547 752 3592 avertatur
789 3537 992 3590 humilis
1022 3540 1189 3607 [actus
1217 3541 1460 3606 confusus
1483 3577 1497 3601 ,
1536 3555 1729 3607 pauper
1747 3548 1798 3591 et

239 3631 366 3700 inops
388 3631 670 3684 laudabunt
717 3647 900 3683 nomen
948 3639 1106 3682 tuum.
1147 3629 1401 3701 Exsurge,
1443 3629 1602 3695 Deus,
1616 3631 1797 3700 judica

242 3738 425 3774 causam
455 3732 592 3775 tuam
610 3761 624 3784 ,
658 3737 853 3774 memor
879 3731 987 3774 esto
1015 3722 1436 3791 improperiorum
1467 3729 1686 3782 tuorum,
1704 3737 1795 3775 eo-

243 3829 335 3865 rum
362 3831 471 3884 qute
499 3812 562 3866 ab
591 3813 865 3882 insipiente
892 3821 1009 3864 sunt
1053 3821 1158 3864 tota
1204 3812 1304 3864 die.
1375 3809 1452 3865 Ne
1479 3811 1797 3866 obliviscaris

243 3917 367 3955 roces
405 3905 729 3957 inimicorum
770 3911 1005 3954 tuorum:
1039 3901 1275 3970 superbia
1301 3919 1472 3956 eorum
1495 3903 1579 3973 qui
1608 3913 1654 3955 te
1675 3901 1797 3955 ode-

246 4002 345 4046 runt
371 3996 598 4048 ascendit
627 4009 847 4064 semper.

795 4098 1224 4137 COHIENTARICI.

305 4173 460 4232 Iratus
493 4186 577 4232 est
603 4176 865 4230 Dominus
911 4190 1074 4245 super
1106 4174 1286 4237 Israel,
1326 4190 1445 4230 cum
1489 4183 1631 4230 esset
1675 4191 1797 4230 arca

247 4260 326 4319 Dei
353 4267 402 4321 in
427 4267 559 4330 Silo,
589 4282 716 4322 cum
746 4265 916 4336 Opbni
940 4275 994 4320 et
1023 4265 1252 4321 Phinees
1282 4267 1372 4320 lilii
1404 4266 1519 4320 llcli
1550 4268 1600 4320 in
1635 4267 1800 4322 sacri-

251 4355 364 4410 ﬁciis
391 4359 496 4412 suis
533 4367 588 4412 et
633 4357 1076 4412 fornicationibus
1124 4373 1224 4412 nec
1262 4357 1520 4426 izzcrepati
1565 4358 1802 4425 conige-

250 4457 426 4502 rentur.
450 4448 666 4503 Tradita
697 4455 781 4502 est
807 4448 965 4502 etiam
986 4463 1109 4502 arca
1128 4449 1431 4501 testamenti
1459 4447 1797 4514 adversariis,

1898 3283 2053 3336 terra,
2074 3281 2123 3324 et
2145 3289 2320 3326 omnes
2348 3274 2434 3341 qui
2459 3270 2692 3325 habitant
2721 3273 2774 3324 in
2813 3287 2894 3334 ea,
2929 3287 3021 3341 ego
3049 3271 3348 3340 conﬁrmavi
3379 3287 3470 3325 co-

1894 3365 2098 3417 lumnas
2119 3365 2248 3434 ejus.
2281 3363 2407 3417 Dixi
2446 3365 2656 3434 iniquis,
2697 3361 2876 3416 Nolite
2913 3363 3084 3432 inique
3117 3379 3285 3432 agere,
3314 3363 3472 3416 etde-

1897 3453 2257 3524 linquentibus,
2279 3451 2451 3506 Nolite
2463 3451 2696 3505 exaltare
2709 3468 2886 3505 cornu.
2920 3449 3098 3505 Nolite
3131 3453 3378 3508 extollere
3415 3455 3470 3507 in

1896 3541 2057 3594 altum
2085 3556 2243 3594 cornu
2270 3549 2508 3602 vestrum,
2545 3539 2704 3593 nolite
2733 3537 2868 3610 loqui
2897 3540 3144 3594 adversus
3172 3539 3335 3595 Deum
3364 3543 3468 3594 ini-

1893 3632 2157 3696 quitatem.
2186 3627 2321 3694 Quia
2349 3645 2506 3700 neque
2534 3629 2596 3682 ab
2629 3631 2844 3693 oriente,
2876 3646 3037 3694 neque
3075 3631 3139 3684 ab
3185 3632 3466 3692 occidente,

1896 3737 2058 3792 neque
2085 3737 2117 3773 a
2151 3720 2362 3773 desertis
2402 3719 2688 3782 montibus,
2732 3719 2975 3789 quoniam
3003 3717 3146 3772 Deus
3178 3720 3340 3790 judex
3372 3732 3465 3773 est.

1900 3809 2055 3864 Hunc
2083 3811 2317 3863 ltumiliat
2357 3819 2406 3863 et
2451 3809 2586 3861 [tunc
2625 3809 2855 3873 exultat,
2904 3810 3025 3880 quia
3066 3811 3203 3863 calix
3233 3812 3284 3863 in
3316 3826 3472 3863 manu

1898 3899 2108 3954 Domini
2143 3903 2244 3953 vini
2282 3903 2408 3954 meri
2456 3902 2634 3970 plenus
2669 3901 2852 3956 mixto.
2896 3900 2966 3954 Et
2994 3903 3259 3956 inclinarit
3285 3919 3350 3956 ex
3378 3903 3474 3957 Itoc

1896 3994 1952 4046 in
1975 3994 2089 4055 ltoc,
2122 4001 2466 4045 verumtamen
2498 3995 2602 4062 (tea:
2629 3994 2739 4062 ejus
2769 4009 2872 4045 non
2893 4000 2965 4044 est
2993 3995 3278 4056 exinanita,
3304 3993 3473 4046 bibent

1898 4100 2072 4137 omnes
2091 4093 2379 4153 peccatores
2410 4094 2576 4136 terrm.
2608 4081 2721 4152 Ego
2752 4091 2918 4136 autem
2945 4083 3262 4137 annuntiabo
3293 4087 3345 4136 in
3373 4100 3473 4138 sw-

1897 4175 2088 4238 culum,
2117 4175 2332 4228 cantabo
2363 4173 2471 4228 Deo
2498 4173 2679 4227 Jacob.
2712 4173 2778 4226 Et
2810 4175 2982 4227 omnia
3011 4191 3203 4228 cornua
3232 4188 3474 4244 peccato-

1898 4285 2010 4320 rum
2040 4269 2382 4336 confringant,
2410 4276 2458 4319 et
2478 4265 2805 4319 exsultabant
2831 4282 3023 4318 cornua
3035 4268 3184 4336 justi.

2467 4419 2900 4458 COMMENTARIUI.

251 4544 296 4588 et
319 4537 516 4604 gloriati
545 4546 674 4593 sunt
701 4538 792 4607 qui
821 4536 1049 4590 oderunt
1075 4553 1196 4591 cum
1227 4539 1276 4590 in
1308 4538 1484 4591 medio
1512 4538 1632 4591 atrii
1662 4538 1796 4606 ejus.
1830 4541 1882 4601 D
1977 4539 2260 4607 Aliquanta
2305 4538 2359 4591 in
2389 4537 2780 4606 septuagesimo
2811 4537 2968 4591 tertio
3011 4535 3210 4590 idcirco
3251 4545 3473 4606 praeter.

249 4621 391 4690 Quasi
426 4629 477 4682 in
525 4628 661 4682 silva
693 4628 955 4695 lignorum
985 4627 1299 4681 exciderunt
1325 4626 1515 4694 januas
1541 4628 1798 4682 munitio-

251 4732 377 4772 nmn.
425 4720 782 4775 [incenderunt
830 4720 934 4786 igni
979 4719 1280 4786 ubicunque
1325 4720 1639 4772 invenerunt
1677 4736 1802 4774 san-

249 4815 508 4879 ctuarlum,
540 4813 593 4867 id
615 4821 720 4877 est,
746 4813 921 4866 locum
947 4811 1207 4865 orationis
1235 4827 1419 4865 eorum
1448 4820 1796 4866 exstructum.

252 4899 308 4956 Et
331 4907 599 4973 quiescere
629 4905 867 4960 fecerunt
890 4902 1054 4957 festos
1081 4901 1193 4956 dies
1217 4902 1423 4955 Domini
1449 4904 1498 4956 in
1530 4912 1691 4965 terra,
1720 4904 1801 4958 dio

251 5008 416 5052 rentes
443 5017 456 5051 :
485 4998 602 5052 lam
636 4999 687 5050 in
711 4995 877 5051 .lsrael
909 5009 1014 5048 non
1044 5003 1125 5048 est
1159 4994 1453 5062 propheta,
1494 4997 1675 5062 utique
1702 5010 1798 5047 au-

247 5085 436 5144 dientes
463 5091 578 5144 Heli
609 5097 873 5143 mortuum
897 5096 952 5141 et
970 5086 1103 5140 duos
1125 5083 1258 5138 ﬁlios
1279 5085 1412 5152 ejus,
1430 5086 1520 5152 qui
1543 5101 1803 5138 summam

253 5183 511 5236 sacerdotii
544 5179 1034 5242 tenebant,occisos
1072 5177 1123 5229 in
1151 5176 1356 5245 ιιι-ωηο.
1387 5176 1602 5231 Samuel
1633 5175 1806 5231 adhuc

253 5281 353 5323 erat
380 5275 686 5330 inl’antulm.
716 5271 867 5338 cujus
888 5286 988 5324 nec
1006 5269 1190 5339 opinio
1209 5276 1465 5338 cmperat.
1491 5266 1558 5320 Et
1587 5267 1706 5323 ideo
1727 5269 1802 5322 vi-

253 5359 457 5416 debatur
502 5366 867 5433 improperare
913 5361 1158 5414 inimicus
1204 5359 1432 5428 populus
1474 5358 1710 5425 gentium
1748 5363 1806 5411 et

255 5450 515 5508 insultare:
537 5455 589 5506 in
619 5469 726 5521 quo
760 5460 912 5518 rogat
942 5467 1008 5504 ne
1037 5452 1242 5504 animas
1270 5463 1560 5518 pauperum
1586 5463 1806 5502 suorum

254 5531 576 5598 obliviscatur
612 5544 866 5597 Dominus
905 5543 956 5595 in
1004 5543 1406 5611 sempiternum,
1457 5549 1515 5593 ut
1557 5546 1806 5606 exsurgat

253 5641 300 5684 et
324 5633 511 5698 julieet
555 5649 769 5688 causam
816 5648 984 5697 suam,
1034 5634 1160 5702 quia
1205 5631 1451 5700 superbia
1491 5645 1678 5684 eorum
1715 5630 1806 5699 qui

255 5723 483 5778 odit-bant
512 5739 654 5790 eum,
688 5723 1001 5778 ascendebat
1020 5723 1193 5779 nimis.
1229 5719 1494 5776 Hactenus
1522 5721 1805 5776 historicus

1908 4633 2146 4685 misimus
2161 4631 2387 4700 psalmo,
2409 4630 2533 4698 quia
2561 4629 2611 4682 in
2639 4627 3032 4697 septuagesimo
3053 4636 3244 4694 quarto
3265 4642 3326 4683 ea
3353 4644 3473 4685 cre-

1907 4724 2082 4777 dimus
2110 4723 2299 4776 melius
2326 4719 2662 4775 declaranda.
2691 4717 3092 4783 Conlitebimur,
3137 4717 3327 4788 inquit,
3357 4721 3472 4783 tibi,

1908 4813 2068 4867 Deus.
2092 4813 2148 4867 Si
2172 4820 2388 4882 peccata
2427 4806 2759 4872 conﬁtemur,
2793 4823 2897 4860 non
2925 4815 2980 4860 ut
3007 4808 3146 4862 sciat
3172 4823 3293 4876 qua:
3322 4811 3477 4878 igno-

1907 4915 2010 4968 rat,
2043 4904 2161 4958 ideo
2189 4903 2522 4965 conﬁtemur,
2553 4899 2645 4954 sed
2666 4907 2728 4953 ut
2755 4914 2818 4953 ea
2847 4914 2965 4968 qua:
2991 4901 3192 4969 optime
3218 4904 3368 4957 novit
3396 4903 3476 4958 in-

1910 4998 2141 5064 dulgeat.
2170 4995 2300 5062 Quia
2332 4994 2647 5048 conﬁtemur
2673 5007 2796 5045 eum
2823 5000 2880 5046 et
2910 4979 3105 5047 nomen
3127 4993 3245 5062 ejus
3273 4995 3481 5050 invoca-

1908 5104 2044 5142 mus.
2077 5085 2355 5140 Confessio
2383 5084 2525 5138 enim
2547 5083 2855 5151 paenitentis
2875 5083 2941 5137 ad
2964 5084 3346 5152 indulgentiam
3371 5101 3479 5140 non

1907 5177 2152 5239 attendit,
2181 5175 2224 5228 si
2247 5183 2405 5228 recta:
2428 5173 2546 5227 lidei
2573 5172 2838 5227 invocatio
2861 5174 3093 5228 nominis
3119 5173 3217 5230 Dei
3238 5190 3342 5229 non
3373 5174 3480 5229 fue-

1907 5271 1975 5323 rit
2002 5270 2304 5330 subsecuta,
2357 5268 2409 5320 in
2446 5281 2552 5335 qua
2599 5265 2938 5321 confessione
2984 5274 3270 5320 narrantur
3295 5265 3480 5319 omnia

1911 5359 2169 5414 mirabilia
2197 5358 2334 5425 ejus,
2376 5371 2495 5425 quae
2535 5357 2703 5410 sancti
2743 5356 2971 5426 symboli
3009 5363 3188 5410 textus
3225 5355 3475 5410 ostendit.

1913 5450 2106 5504 Verum
2147 5449 2268 5518 quia
2300 5449 2378 5515 (ut
2417 5446 2547 5516 dixi)
2599 5447 2650 5500 in
2694 5446 3064 5500 antecessione
3105 5445 3262 5510 hujus
3289 5443 3478 5511 psalmi

1909 5542 2179 5609 aliquanta
2219 5541 2458 5604 transivi,
2503 5553 2620 5606 qua:
2653 5547 2785 5592 sunt
2833 5538 2883 5590 in
2915 5537 3018 5589 isto
3061 5534 3328 5588 reddenda
3369 5533 3480 5591 luce

1908 5641 2034 5687 sunt
2067 5651 2078 5684 :
2108 5640 2166 5685 ut
2195 5647 2381 5685 narres
2407 5639 2592 5684 contra
2634 5627 2980 5681 Manicbmum
3011 5623 3188 5677 omnia
3217 5624 3479 5681 mirabilia

1906 5722 2043 5792 ejus,
2098 5732 2151 5778 et
2190 5737 2296 5776 non
2334 5721 2481 5775 dicas
2527 5717 2763 5774 adversis
2810 5724 2864 5768 et
2905 5713 3186 5769 contrariis
3223 5717 3478 5772 mundum
