3908 6176
305 316 406 371 15⁸5

1175 312 1644 372 COMMENTABII
1682 312 1748 368 1N
1790 306 2112 366 PSAIMOS.
2155 311 2341 375 PSAL,
2386 312 2635 367 LXXVII.

3439 315 3565 369 ιε*

302 427 352 480 in
381 426 459 480 ira
485 441 600 489 sua,
628 440 748 480 cum
776 427 917 480 enim
945 426 1165 495 carpet-it
1188 424 1444 495 judicium
1470 426 1536 481 de
1565 424 1702 480 caelo
1722 422 1869 492 jacu-
1898 427 1953 482 Ar
1976 424 2257 479 ricordiam
2289 429 2481 483 suam?
2511 425 2574 481 Et
2602 428 2733 493 disi,
2763 428 2917 484 Modo
2957 429 3119 499 ctepit
3157 430 3380 483 mutatio
3413 430 3547 487 des-

302 516 415 579 lari,
444 524 585 570 terra
620 525 813 570 tremet
841 526 898 570 et
935 518 1193 586 quiescet,
1225 532 1344 571 cum
1372 531 1662 584 exsurgere
1688 530 1870 584 cmpe-

301 608 368 662 rit
390 608 444 661 in
484 606 687 675 judicio
734 607 894 669 Deus,
944 608 1134 675 inquo
1165 623 1272 661 non
1313 607 1543 661 salvabit
1578 606 1731 670 alios,
1770 604 1871 658 nisi

300 713 486 754 omnes
512 706 818 754 mansuetos
861 708 1035 753 terrm.
1077 699 1154 753 Ibi
1180 699 1433 766 cogitatio
1461 698 1693 752 hominis
1735 712 1869 751 con-

300 786 534 843 fitebitur
575 788 659 852 ei,
706 796 762 843 et
803 789 1041 858 reliquid:
1078 788 1461 856 cogitationum
1489 786 1632 840 diem
1676 784 1869 839 festum

299 887 459 947 agent
486 878 616 934 Deo.
641 879 732 935 Sic
754 887 913 935 erunt
932 896 1122 935 omnes
1145 880 1263 934 dies
1282 879 1571 947 iustorum,
1599 875 1870 946 quomodo

297 969 451 1024 nobis
477 969 643 1024 semel
665 969 717 1023 in
745 985 886 1024 anno
913 978 1130 1025 sanctus
1149 968 1263 1023 dies
1297 974 1379 1022 est
1408 965 1641 1021 Paschte.
1672 962 1870 1017 Omnes

296 1074 424 1128 ergo
444 1060 618 1114 sancti
642 1059 758 1114 dies
795 1059 960 1115 festos
988 1068 1149 1128 agent
1174 1058 1325 1123 Deo;
1367 1066 1422 1112 et
1448 1072 1563 1121 vos,
1595 1054 1785 1121 inquit,
1823 1053 1868 1106 si

295 1151 453 1207 uultis
479 1151 710 1221 gaudere
734 1167 857 1207 cum
883 1151 1103 1217 sanctis,
1126 1158 1320 1205 vovete
1347 1156 1403 1203 et
1423 1146 1628 1201 reddite
1644 1144 1869 1199 Domino

298 1242 405 1297 Deo
428 1252 626 1307 vestro,
655 1257 843 1298 omnes
869 1242 963 1311 qui
989 1242 1043 1296 in
1072 1241 1296 1296 circuitu
1338 1239 1455 1307 ejus
1481 1235 1717 1291 offeretis
1753 1249 1871 1288 mu-

296 1347 443 1395 nera,
472 1348 739 1387 memores
758 1332 956 1387 debent
982 1346 1101 1386 esse
1120 1330 1249 1400 quid
1269 1328 1533 1389 voverint,
1555 1334 1647 1380 aut
1665 1326 1752 1381 cui
1773 1340 1871 1379 vo-

296 1425 482 1478 verint.
517 1424 649 1478 Nam
694 1424 748 1478 in
790 1423 1125 1494 baptismatis
1168 1421 1572 1476 consecratione
1611 1422 1871 1472 voverunt

294 1517 498 1584 seipsos
527 1516 758 1579 tradere,
790 1524 845 1571 et
880 1517 1125 1571 omnibus
1151 1514 1405 1584 operibus
1431 1512 1629 1568 diaboli
1667 1526 1867 1565 renun-

298 1606 449 1661 tiare.
496 1604 612 1661 Hoc
638 1606 845 1661 reddite
871 1604 1100 1661 Domino
1138 1604 1251 1659 Deo
1277 1610 1477 1668 vestro,
1523 1609 1648 1656 ante
1684 1599 1870 1655 oculos

296 1698 397 1753 hoc
423 1698 700 1763 habentes,
730 1698 853 1767 quia
882 1698 1041 1751 etiam
1070 1696 1367 1766 principum
1399 1695 1603 1749 auferet
1629 1692 1866 1763 Spiritus,

1975 524 2101 571 terte
2138 514 2479 577 Escel:i..Et
2517 531 2574 573 ut
2619 519 2892 575 ostendam
2913 561 2941 585 ,ρ
2975 520 3169 590 inquit,
3217 521 3351 588 quia
3384 520 3549 577 modo

1969 607 2151 675 saepit,
2180 622 2387 662 memor
2413 625 2506 665 ero
2536 610 2603 664 ab
2643 611 2794 665 initio
2826 611 3146 666 mirabilium
3172 611 3306 679 ejus,
3340 610 3392 664 in
3419 613 3541 681 qui«

1968 695 2068 750 bus
2098 696 2341 752 liberavit
2368 699 2621 768 populum
2650 715 2822 754 suum.
2843 688 2990 766 'Quis-
3010 702 3150 755 enim
3181 709 3287 755 tam
3322 716 3547 769 magnus
3566 738 3578 743 -

1967 784 2110 840 Deus
2135 801 2293 854 quam
2323 788 2463 842 Deus
2494 798 2697 856 noster,
2725 805 2882 859 quem
2918 791 3166 846 viderunt
3193 807 3343 862 aqua;
3380 794 3539 847 maris

1968 887 2025 932 et
2052 878 2261 932 timuerz
2284 880 2634 935 nl?’l‘urbalae
2671 890 2796 936 sunt
2831 883 3029 953 abyssi,
3057 883 3244 938 dantes
3268 884 3410 937 viam
3438 884 3534 938 sie.-

1967 982 2086 1020 cam
2114 968 2336 1036 pedibus
2368 969 2595 1024 llliorum
2624 970 2783 1025 Israel
2814 979 2868 1025 et
2894 969 3110 1039 Joseph.
3143 969 3411 1027 Post-lucc
3446 987 3538 1026 von

1968 1073 2084 1113 cem
2131 1058 2391 1113 dederunt
2436 1062 2604 1115 nubes
2649 1059 2743 1114 :in
2791 1062 3049 1116 columna
3068 1062 3209 1116 enim
3255 1062 3410 1128 nubis
3438 1077 3539 1116 ros

1968 1157 2104 1213 erat,
2146 1151 2360 1219 quando
2404 1152 2609 1220 sagittae
2645 1152 2740 1206 Dei
2785 1154 2837 1206 in
2877 1152 3167 1224 Egyptios
3195 1153 3536 1208 transierunt.

1969 1241 2085 1297 Vox
2117 1244 2338 1297 tonitrui
2364 1244 2481 1312 ejus
2513 1245 2565 1299 in
2604 1253 2736 1300 rota.
2774 1245 2984 1316 Moyses
3019 1258 3151 1301 rotte
3178 1252 3537 1315 comparatur.

1968 1331 2108 1387 Rota
2137 1334 2265 1388 licet
2282 1334 2337 1389 in
2357 1342 2498 1388 terra
2529 1335 2790 1399 volvatur,
2822 1344 2999 1391 tamen
3032 1336 3156 1390 dum
3176 1335 3402 1401 steterit,
3435 1349 3542 1388 mna

1968 1439 2072 1493 gna
2102 1442 2225 1496 pars
2255 1426 2370 1495 ejus
2408 1428 2582 1482 aliena
2615 1436 2698 1482 est
2736 1445 2764 1483 a
2797 1439 2956 1493 terra,
2983 1438 3037 1484 et
3079 1444 3243 1499 parva
3268 1443 3392 1498 pars
3424 1427 3542 1496 ejus

1969 1515 2023 1569 in
2054 1523 2192 1570 terra
2211 1518 2472 1571 consistit.
2499 1517 2611 1571 Vox
2641 1531 2768 1585 ergo
2794 1518 2887 1573 Dei
2928 1519 2980 1573 in
3008 1527 3125 1572 rota
3153 1526 3253 1583 est,
3293 1518 3384 1586 qui
3412 1533 3540 1587 par-

1969 1607 2050 1661 vis
2071 1608 2233 1662 rebus
2260 1608 2485 1664 terrenis
2512 1617 2818 1675 contentus,
2845 1615 3015 1665 totum
3045 1608 3186 1677 quod
3227 1624 3436 1664 sursum
3459 1617 3544 1663 est

1970 1698 2177 1768 quaerit,
2205 1700 2378 1768 pergit
2401 1701 2490 1756 ubi
2513 1699 2755 1754 Christus
2775 1708 2875 1755 est.
2908 1700 3201 1754 Illuxerunt
3213 1700 3539 1755 coruscatio.-

296 1803 414 1842 cum
441 1802 474 1840 a
501 1794 629 1841 voto
657 1786 949 1842 discedunt.
981 1786 1049 1840 Et
1073 1795 1156 1841 est
1182 1785 1433 1841 terribilis
1454 1785 1614 1839 etiam
1662 1781 1875 1850 regibus
1904 1769 1946 1827 Β
1976 1803 2072 1843 nes
2098 1788 2215 1857 ejus
2242 1790 2360 1845 orbi
2386 1799 2569 1856 term,
2596 1790 2808 1859 quando
2855 1792 2906 1845 in
2933 1791 3067 1845 mari
3109 1791 3249 1845 viam
3299 1791 3441 1845 fecit.
3476 1790 3557 1845 ﬁt.

298 1887 469 1932 terrae.
500 1876 601 1948 Ipsi
623 1877 791 1947 gloria
821 1877 872 1932 in
901 1876 1094 1932 stccula
1122 1877 1456 1932 saeculorum.
1492 1874 1679 1929 Amen.

789 2014 1101 2071 PSALMUS
1148 2014 1376 2071 LXXVI.

539 2128 597 2182 Ιιι
628 2127 785 2185 linem
803 2144 902 2200 pro
923 2128 1151 2197 ldithun,
1164 2130 1399 2200 psalmus
1421 2129 1617 2200 Asaph.
1664 2200 1669 2205 _

375 2260 509 2317 Voce
527 2279 641 2317 mea
664 2264 734 2317 ad
761 2262 1038 2318 Dominum
1056 2264 1294 2328 clamavi,
1316 2280 1433 2318 voce
1452 2280 1566 2319 mea
1594 2263 1664 2316 ad
1683 2262 1864 2328 Deum,

298 2364 345 2407 et
388 2355 608 2410 intendit
656 2356 800 2410 mihi.
834 2355 901 2410 In
929 2356 1012 2410 die
1038 2357 1385 2427 tribulationis
1417 2371 1544 2410 mea:
1583 2354 1747 2410 Deum
1773 2371 1868 2409 ex-

299 2443 494 2513 quisivi,
525 2444 760 2498 manibus
787 2446 915 2498 meis
955 2453 1102 2499 nocte
1140 2456 1320 2499 contra
1355 2463 1490 2509 eum,
1534 2456 1582 2499 et
1611 2462 1712 2499 non
1758 2462 1870 2499 sum

296 2533 552 2600 deceptus.
585 2532 775 2588 Renuit
802 2535 1061 2590 consolari
1085 2538 1261 2589 anima
1283 2553 1415 2600 mea,
1440 2553 1632 2590 memor
1658 2538 1734 2606 fui
1772 2534 1870 2590 Dei

297 2631 343 2674 et
371 2622 646 2677 delectatus
673 2640 805 2685 sum,
835 2634 886 2678 et
909 2628 1217 2679 exercitatus
1257 2643 1388 2689 sum,
1420 2633 1469 2678 et
1506 2625 1689 2696 defecit
1715 2626 1872 2695 spiri-

300 2719 381 2764 tus
407 2728 566 2766 meus.
611 2714 1030 2782 Anticipaverunt
1073 2714 1275 2782 vigilias
1302 2715 1437 2769 oculi
1478 2716 1597 2777 mei,
1640 2714 1872 2769 turbatus

298 2820 408 2857 sum
436 2814 485 2858 et
512 2822 616 2860 non
643 2822 754 2859 sum
781 2807 996 2860 locutus.
1028 2803 1259 2877 Cogitaui
1286 2806 1394 2860 dies
1424 2808 1678 2877 antiquos,
1701 2814 1751 2859 et
1777 2822 1874 2860 an-

296 2913 388 2951 nos
418 2907 639 2952 arternos
665 2900 720 2952 iu
745 2907 914 2953 mente
941 2897 1118 2952 habui.
1163 2897 1233 2951 Et
1267 2898 1540 2952 meditatus
1575 2915 1688 2953 sum
1726 2907 1873 2953 nocte

294 3005 409 3043 cum
437 2989 593 3044 corde
627 3006 761 3055 meo,
797 2998 846 3044 et
882 2988 1225 3053 exercitabar,
1252 2998 1304 3043 et
1339 2989 1612 3057 scopebum
1636 2991 1873 3060 spiritum

295 3094 483 3133 meum.
507 3077 758 3151 Nunquid
783 3081 837 3133 in
861 3089 1108 3134 azternum
1132 3080 1368 3150 projicict
1385 3079 1639 3143 Deus.aut
1658 3098 1761 3135 non
1777 3097 1872 3150 ap-
1898 3133 1940 3156 η

295 3178 450 3239 ponet
474 3177 532 3222 ut
554 3169 911 3234 complacitior
938 3171 1006 3223 sit
1033 3169 1235 3224 adhuc?
1258 3171 1358 3222 Aut
1390 3171 1444 3223 in
1478 3171 1633 3240 ﬁnem
1662 3170 1867 3226 miseri-

295 3261 525 3316 cordiam
545 3277 695 3315 suam
708 3263 975 3318 abscindat
1013 3282 1046 3318 a
1058 3264 1448 3332 generationein
1470 3264 1848 3332 generationem
1861 3266 1888 3319 ?

296 3352 400 3403 Aut
445 3348 765 3405 obliuiscetur
801 3353 1033 3405 misereri
1070 3349 1227 3416 Deus,
1269 3360 1359 3404 aut
1395 3350 1671 3406 continebit
1711 3354 1763 3405 in
1789 3353 1871 3406 ira

296 3457 391 3494 sua
411 3442 790 3495 misericordias
810 3444 962 3494 suas?
976 3439 1045 3493 Et
1064 3440 1174 3494 disci
1198 3457 1217 3494 :
1240 3439 1396 3494 Nunc
1417 3442 1560 3512 ccepi,
1583 3442 1691 3496 licet:
1712 3452 1874 3496 muta-

297 3532 369 3583 tio
395 3530 619 3584 dextcrae
650 3529 878 3584 Excelsi.
919 3529 1118 3584 Memor
1146 3532 1220 3601 fui
1249 3547 1456 3600 operum
1484 3530 1713 3595 Domini,
1750 3533 1871 3602 quia

296 3636 496 3675 memor
521 3637 610 3675 ero
641 3620 704 3673 ab
732 3621 878 3675 initio
906 3621 1215 3675 mirabilium
1248 3629 1466 3675 tuorum.
1501 3621 1567 3674 Et
1592 3620 1873 3677 meditabor

296 3714 350 3765 in
399 3710 634 3766 omnibus
677 3712 911 3780 operibus
940 3713 1057 3776 tuis,
1098 3721 1148 3766 et
1192 3712 1246 3765 in
1286 3712 1727 3766 adinreutionibus
1775 3714 1872 3766 tuis

297 3801 588 3856 exercebar.
626 3801 779 3865 Deus,
814 3803 869 3855 in
898 3811 1078 3857 sancto
1105 3804 1185 3856 via
1217 3812 1302 3855 tua
1317 3826 1333 3867 ,-
1360 3803 1470 3873 quis
1493 3802 1629 3856 Deus
1657 3818 1874 3872 magnus

297 3889 591 3945 sicutDeus
612 3897 886 3948 noster?tu
921 3907 974 3945 es
1003 3890 1141 3945 Deus
1173 3893 1257 3961 qui
1285 3893 1412 3961 facis
1434 3892 1712 3946 mirabilia.
1756 3891 1873 3947 Νο-

297 3992 407 4035 tam
436 3982 603 4053 fecisti
628 3981 681 4034 in
715 3982 914 4051 populis
935 3982 1166 4035 virtutem
1195 3991 1354 4045 tuam,
1386 3983 1641 4036 redemisti
1668 3985 1723 4036 in
1753 3983 1873 4036 bra-

296 4074 417 4127 chio
448 4083 533 4127 tuo
553 4072 795 4143 populum
806 4072 1117 4140 tuum,ﬁlios
1136 4070 1299 4126 Jacob
1314 4081 1363 4125 et
1379 4071 1593 4142 Ioseph.
1628 4072 1877 4127 Viderunt

295 4174 346 4217 te
371 4180 543 4234 aqum,
572 4162 733 4225 Deus,
764 4163 999 4217 viderunt
1036 4172 1084 4218 te
1110 4179 1257 4234 aqua:
1286 4173 1335 4216 et
1366 4165 1660 4227 timuerunt,
1688 4174 1737 4216 et
1769 4172 1878 4218 tur-

297 4252 434 4308 batte
459 4262 580 4307 sunt
616 4254 807 4323 abyssi.
840 4252 1119 4308 Multitudo
1148 4255 1345 4308 sonitus
1393 4270 1671 4325 aquarum;
1709 4270 1876 4307 vocem

294 4345 536 4400 viderunt
567 4346 746 4399 nubes.
778 4344 984 4399 Etenim
1024 4347 1227 4417 sagitta:
1268 4353 1369 4401 tua:
1404 4348 1738 4410 transierunt,
1780 4360 1879 4399 vos:

237 4450 245 4456 ·
293 4438 513 4490 tonitrui
543 4437 616 4489 tui
644 4438 701 4490 in
737 4444 873 4490 rota.
905 4434 1197 4490 “luxerunt
1232 4438 1608 4491 coruscationes
1638 4445 1737 4491 tua:
1763 4436 1874 4490 orbi

294 4535 452 4579 terra
472 4541 490 4589 ;
513 4536 763 4580 commota
780 4536 857 4581 est
872 4533 920 4580 et
936 4528 1234 4580 contremuit
1258 4537 1411 4582 terra.
1438 4525 1465 4579 1
1471 4544 1504 4580 ιι
1523 4528 1655 4580 mari
1675 4527 1755 4580 via
1767 4534 1875 4592 tua,

293 4627 346 4670 et
373 4616 572 4672 semitae
599 4627 698 4671 tua:
716 4618 768 4669 in
809 4618 953 4688 aquis
979 4616 1171 4679 multis,
1210 4625 1261 4670 et
1288 4618 1496 4687 vestigia
1525 4624 1609 4669 tua
1645 4632 1747 4670 non
1791 4630 1879 4670 ca-

292 4718 627 4779 gnoscentur.
652 4705 921 4761 Deduxisti
944 4709 1075 4762 sicut
1099 4724 1213 4762 oves
1231 4708 1471 4778 populum
1499 4717 1663 4774 tuum,
1680 4708 1735 4762 in
1762 4723 1878 4763 ma-

293 4817 368 4853 nu
400 4798 571 4870 Moysi
596 4807 646 4853 et
672 4799 868 4853 Aaron.

877 4906 1307 4948 COIUENTANUI.

370 4979 433 5034 In
461 4979 566 5034 isto
595 4980 800 5050 psalmo
838 4982 1102 5050 promittit
1129 4997 1188 5036 se
1226 4981 1486 5052 propheta
1509 4981 1688 5036 omnia
1714 4981 1880 5037 mira-

293 5072 430 5126 bilia
443 5069 542 5125 Dei
555 5072 623 5126 ab
639 5070 789 5125 initio
809 5079 1246 5137 memoratarum,
1265 5080 1319 5126 et
1332 5087 1547 5127 causam
1570 5072 1724 5141 hujus
1742 5087 1883 5128 como

293 5164 709 5219 nnemorationis
736 5165 977 5233 exponit.
1019 5165 1097 5219 Ac
1138 5181 1445 5221 memorans
1473 5167 1739 5235 pra-terna
1786 5167 1884 5221 bo-

294 5271 389 5319 na,
420 5255 489 5310 de
532 5255 687 5309 malis
723 5255 1071 5324 praesentibus
1098 5256 1405 5325 querelatur
1446 5274 1460 5309 :
1507 5255 1764 5319 Clamavi,
1798 5255 1880 5309 in-

293 5350 443 5417 quit,
474 5348 540 5400 ad
577 5346 861 5400 Dominum
900 5348 952 5401 in
997 5347 1085 5403 die
1125 5348 1498 5401 tribulationis.
1549 5346 1615 5402 Et
1652 5345 1885 5418 expandi

296 5453 498 5492 manus
537 5453 684 5493 meas
716 5454 897 5494 coram
926 5454 992 5493 eo
1021 5439 1075 5492 in
1122 5439 1388 5502 noctibus,
1426 5446 1482 5493 et
1510 5455 1616 5494 non
1644 5456 1763 5495 sum
1791 5440 1888 5495 de-

296 5539 517 5601 ceptus.
540 5530 697 5586 Modo
725 5540 903 5586 autem
935 5539 1109 5585 tantas
1134 5545 1314 5585 moras
1340 5530 1465 5585 facit
1489 5530 1541 5584 in
1565 5531 1888 5587 subvenien-

294 5623 372 5679 δυ
404 5621 681 5689 Dominus,
711 5631 767 5676 ut
795 5622 968 5677 dicam
1001 5639 1015 5675 :
1047 5619 1294 5690 Nunquid
1324 5622 1377 5675 in
1407 5630 1667 5677 :eternum
1696 5622 1889 5678 oblivi—

297 5724 494 5768 scetur
521 5705 755 5768 misereri
786 5713 947 5779 Deus,
974 5721 1064 5767 aut
1093 5712 1386 5767 continebit
1415 5712 1465 5767 in
1490 5712 1566 5767 ira
1594 5728 1689 5770 sua
1726 5714 1888 5769 mise-

1969 1881 2212 1934 semitam
2242 1882 2297 1935 in
2324 1883 2474 1951 aquis
2517 1884 2715 1944 multis,
2740 1882 2953 1952 quando
2981 1883 3199 1938 deduxit
3224 1883 3370 1939 velut
3414 1899 3543 1937 oves

1969 1971 2223 2038 populum
2252 1985 2428 2037 suum,
2459 1973 2514 2027 in
2543 1988 2704 2027 manu
2733 1972 2901 2043 Moysi
2930 1982 2985 2030 et
3005 1973 3203 2029 Aaron.
3244 1972 3347 2045 ipsi
3375 1973 3552 2041 gloria

1970 2060 2024 2114 in
2044 2060 2238 2117 saecula
2258 2063 2593 2119 steculorum.
2625 2063 2812 2118 Amen.

2470 2217 2782 2275 PSALMUS
2820 2217 3072 2273 LXXVII.

2512 2362 2817 2418 Intellectus
2845 2360 3044 2433 Asaph.

1960 2556 1963 2559 μ
2041 2520 2316 2582 Attendite,
2350 2520 2533 2590 popule
2561 2535 2721 2583 meus,
2763 2520 2925 2590 legem
2952 2533 3136 2583 meam,
3172 2515 3419 2570 inclinate
3449 2531 3552 2567 au».

1971 2628 2079 2664 rem
2113 2622 2333 2665 vestram
2367 2614 2420 2664 in
2448 2611 2597 2665 verba
2625 2612 2729 2664 oris
2756 2613 2873 2664 mei.
2912 2610 3153 2680 Aperiunt
3194 2609 3250 2661 in
3283 2604 3558 2678 parabolis-

1971 2718 2028 2755 os
2051 2718 2234 2767 meum,
2266 2702 2446 2774 loquar
2466 2703 2837 2772 prepositiones
2867 2700 2929 2754 ab
2957 2701 3123 2754 initio.
3159 2695 3366 2763 Quanta
3390 2696 3547 2749 audi-

1971 2794 2134 2847 vimus
2161 2802 2209 2846 et
2238 2794 2559 2863 cognorimus
2590 2809 2678 2856 ea,
2709 2799 2758 2846 et
2794 2800 2966 2862 patres
3015 2790 3178 2843 nostri
3196 2820 3197 2823 η
3218 2788 3547 2842 annuntiaba-

1973 2893 2093 2938 runt
2121 2884 2286 2938 nobis.
2314 2882 2438 2939 Non
2467 2892 2584 2937 sunt
2621 2889 2883 2936 occultata.
2901 2899 2933 2936 a
2958 2881 3084 2951 ﬁliis
3116 2895 3290 2934 eorum
3309 2879 3363 2931 in
3389 2893 3545 2947 gene—

1972 2976 2176 3029 ratione
2210 2976 2393 3029 altera.
2442 2973 2735 3028 Narrantes
2771 2973 2947 3027 laudes
2992 2971 3202 3026 Domini
3249 2976 3303 3024 et
3339 2969 3548 3022 virtutes

1974 3068 2107 3138 ejus,
2136 3076 2189 3120 et
2206 3065 2463 3120 mirabilia
2499 3067 2611 3137 ejus
2637 3081 2752 3136 qua:
2770 3066 2910 3137 fecit.
2943 3062 3011 3117 Et
3033 3061 3292 3118 suscitavit
3321 3061 3546 3114 testimo-

1973 3161 2114 3214 nium
2145 3158 2200 3211 iu
2227 3156 2413 3220 Iacob,
2437 3168 2486 3211 et
2508 3156 2667 3228 legem
2692 3158 2861 3228 posuit
2884 3158 2939 3209 in
2970 3154 3157 3210 Israel.
3182 3151 3389 3218 Quanta
3407 3167 3548 3206 mau-

1972 3250 2111 3303 dauit
2125 3249 2359 3319 patribus
2382 3251 2572 3302 nostris
2592 3258 2715 3302 uota
2737 3250 2978 3319 facereea
2993 3246 3121 3316 ﬁliis
3136 3246 3264 3307 suis,
3285 3254 3546 3314 stt-cogno-

1970 3349 2082 3393 scat
2103 3341 2364 3409 generatio
2390 3339 2572 3393 altera.
2593 3338 2719 3392 Filii
2746 3340 2830 3409 qui
2861 3347 3158 3401 nascentur,
3177 3346 3225 3389 et
3247 3344 3546 3405 exsurgant,

1971 3439 2020 3484 et
2044 3431 2332 3485 narrabunt
2350 3431 2474 3500 ﬁliis
2503 3432 2628 3484 suis.
2666 3428 2733 3483 Ut
2762 3438 2959 3500 ponant
2984 3430 3040 3483 in
3073 3427 3182 3482 Deo
3204 3442 3345 3496 spem
3370 3441 3543 3487 suam,

1968 3536 2021 3580 et
2063 3543 2170 3581 non
2216 3525 2581 3580 obliviscantur
2619 3540 2827 3595 operum
2876 3522 3012 3587 Dei,
3057 3530 3108 3576 et
3148 3519 3394 3574 mandata
3433 3517 3552 3587 ejus

1971 3618 2265 3688 exquirant.
2288 3614 2371 3669 Ne
2386 3616 2517 3686 fiant
2537 3616 2666 3668 sicut
2687 3621 2857 3684 patres
2878 3627 3073 3668 eorum.
3109 3609 3367 3680 generatio
3388 3621 3556 3676 prava

1974 3719 2024 3765 et
2050 3725 2385 3779 exasperatis.
2422 3705 2695 3765 Ceneratio
2734 3721 2846 3777 quae
2881 3720 2981 3759 non
3029 3704 3217 3758 direxit
3256 3717 3345 3755 cor
3377 3713 3544 3760 suum,

1973 3813 2025 3859 et
2078 3819 2183 3856 non
2228 3810 2303 3855 est
2356 3800 2577 3854 creditus
2632 3814 2746 3854 cum
2796 3795 2906 3851 Deo
2962 3797 3173 3867 spiritus
3228 3793 3357 3864 ejus.
3414 3787 3549 3842 Filii

1976 3890 2200 3964 Ephrem
2233 3890 2550 3946 intendente:
2582 3898 2632 3944 et
2668 3890 2921 3943 mittentes
2959 3902 3159 3950 arcum,
3183 3883 3408 3940 conversi
3428 3887 3553 3935 sunt

1975 3985 2032 4037 in
2058 3984 2141 4035 die
2163 3982 2300 4036 belli.
2336 3980 2457 4033 Non
2487 3981 2836 4034 custodierunt
2862 3986 3216 4033 testamentum
3262 3973 3378 4038 Dei,
3418 3982 3466 4025 et
3494 3972 3549 4029 in

1979 4075 2089 4145 lege
2136 4073 2247 4142 ejus
2276 4074 2547 4126 noluerunt
2568 4070 2849 4125 ambulare.
2869 4069 2938 4122 Et
2958 4068 3099 4123 obliti
3119 4063 3548 4132 suntbeuefacto-

1979 4180 2093 4219 rum
2136 4164 2268 4233 ejus,
2296 4172 2346 4215 et
2366 4160 2678 4215 mira‘bilium
2718 4160 2830 4229 ejus
2852 4174 2965 4229 qua:
2991 4153 3210 4211 ostendit
3235 4152 3330 4205 eis.
3360 4148 3551 4204 Coram

1985 4250 2216 4324 patribus
2252 4266 2427 4305 eorum
2466 4251 2585 4320 fecit
2624 4246 2885 4302 mirabilia
2927 4249 2983 4300 in
3020 4254 3157 4299 terra
3194 4239 3444 4312 JEgypti,
3492 4237 3550 4291 in

1980 4360 2162 4413 campo
2198 4343 2415 4396 Tuncos.
2460 4338 2743 4407 Interrupit
2780 4354 2924 4392 mare
2958 4347 3008 4391 et
3047 4334 3287 4407 perduxit
3334 4348 3454 4396 eos,
3500 4339 3550 4381 et

1981 4437 2162 4490 statuit
2182 4450 2345 4505 aquas
2363 4432 2511 4503 quasi
2530 4433 2586 4486 in
2613 4439 2744 4486 utre.
2767 4429 2836 4486 Et
2865 4430 3080 4484 deduxit
3101 4444 3185 4482 eos
3200 4428 3251 4480 in
3277 4422 3408 4478 nube
3425 4423 3552 4482 diei,

1981 4537 2032 4582 et
2055 4536 2160 4580 tota
2187 4535 2337 4580 nocte
2356 4528 2409 4578 in
2441 4525 2815 4579 illuminatioue
2852 4522 3007 4593 ignis.
3043 4515 3326 4585 Interrupit
3354 4520 3552 4583 petram

1980 4619 2037 4672 in
2065 4634 2250 4682 eremo,
2299 4616 2577 4687 adaquavit
2619 4631 2725 4678 eos,
2766 4614 2898 4668 velut
2935 4612 2990 4664 in
3029 4608 3212 4678 abysso
3257 4604 3439 4658 multa.
3485 4598 3553 4653 Et

1981 4710 2160 4765 eduxit
2203 4723 2391 4779 aquam
2431 4707 2494 4759 de
2538 4716 2706 4777 petra,
2738 4713 2788 4757 et
2830 4702 3010 4757 eduxit
3056 4709 3296 4769 tanquam
3338 4693 3559 4763 ﬂumina

1984 4817 2165 4872 aquas.
2190 4799 2235 4853 Ε
2243 4811 2256 4852 ι
2279 4807 2620 4869 opposuerunt
2635 4796 2801 4849 adhuc
2826 4808 3037 4864 peccare
3052 4793 3125 4855 ei,
3151 4792 3205 4844 in
3230 4790 3365 4843 iram
3385 4786 3557 4840 conci~

1988 4903 2220 4948 taverunt
2246 4890 2522 4946 Eacelsum
2553 4892 2607 4943 iu
2637 4891 2904 4957 iuaquoso.
2943 4885 3014 4938 Et
3051 4889 3366 4940 teutaccrunt
3395 4879 3559 4933 Deum

1986 4986 2043 5040 in
2081 4982 2318 5038 cordibus
2346 4984 2450 5037 suis
2468 5021 2484 5045 ,
2512 4993 2569 5033 ut
2609 4990 2835 5049 peterent
2860 4994 3006 5033 escas
3042 4975 3313 5030 animabus
3332 4973 3461 5027 suis.
3490 4970 3559 5024 Et

1987 5076 2124 5130 male
2159 5074 2316 5128 locuti
2347 5082 2468 5126 sunt
2512 5072 2576 5124 de
2603 5070 2731 5136 Deo,
2774 5071 3037 5134 dixerunt,
3080 5066 3331 5138 Nunquid
3377 5065 3559 5134 poterit

1992 5164 2128 5221 Deus
2177 5180 2365 5235 parare
2410 5179 2637 5216 mensam
2666 5163 2720 5216 in
2756 5161 2988 5216 deserto?
3018 5157 3273 5224 Quoniam
3312 5154 3563 5225 percussit

1986 5264 2187 5326 petram
2228 5262 2276 5307 et
2302 5253 2562 5319 ﬂuxerunt
2589 5268 2765 5323 aqua,
2806 5262 2856 5306 et
2895 5245 3558 5305 torreutcsiuundaremnt.

1993 5346 2242 5420 Nunquid
2282 5354 2332 5399 et
2376 5362 2561 5416 panem
2604 5347 2789 5413 poterit
2810 5344 2952 5407 dare,
2982 5358 3171 5411 parare
3205 5353 3432 5393 mensam
3471 5352 3564 5403 ro-

1991 5440 2112 5512 pulo
2147 5438 2277 5493 suo?
2306 5436 2431 5492 Ideo
2478 5437 2672 5490 audivit
2710 5435 2962 5489 Dominus
2997 5443 3047 5487 et
3090 5430 3309 5491 distulit,
3333 5435 3381 5480 et
3425 5426 3563 5495 iqnis

1992 5546 2236 5586 accensus
2264 5538 2341 5584 est
2364 5528 2546 5589 Jacob,
2578 5536 2627 5581 et
2649 5529 2731 5582 ira
2749 5525 2980 5580 ascendit
3005 5525 3061 5577 in
3084 5520 3269 5575 Israel.
3298 5517 3435 5583 Quin
3460 5535 3563 5575 non

1994 5621 2321 5677 crediderunt
2349 5622 2404 5675 in
2443 5619 2572 5685 Deo,
2600 5635 2690 5673 nec
2719 5622 3052 5686 speraverant
3087 5613 3142 5666 in
3182 5612 3400 5665 salutari
3427 5610 3563 5682 ejus.

1998 5712 2067 5767 Et
2094 5711 2360 5769 mandavit
2401 5710 2612 5763 nubibus
2644 5708 2878 5774 desuper,
2909 5713 2960 5758 et
2981 5705 3174 5775 jauuas
3203 5702 3314 5758 cali
3340 5702 3570 5767 aperuit.
