3908 6176
407 305 509 361 855

1716 291 1980 349 ARNOB“
2022 290 2325 349 IUNIORIS

3519 299 3601 353 ηε

407 414 477 470 Et
499 415 631 483 pluit
654 413 759 467 illis
791 428 981 467 manna
1004 410 1076 463 ad
1096 406 1510 464 manducandum
1529 447 1541 470 ,
1574 414 1624 458 et
1649 418 1835 474 panem
1864 404 1981 457 ια’ιὶ
2010 410 2049 462 Α
2081 421 2226 458 suam
2255 407 2460 475 sprevit.
2492 404 2710 460 Iuvenes
2726 398 2907 460 eorum
2935 406 3153 460 comedit
3171 408 3325 477 ignis,
3352 417 3397 462 et
3416 410 3599 480 rirgirm

402 504 544 561 dedit
583 506 675 559 eis.
709 501 906 556 Panem
932 499 1229 572 angelorum
1250 497 1577 552 manducat‘it
1599 495 1765 559 homo,
1783 493 1978 548 cibaria

402 598 546 650 misit
570 597 643 650 eis
669 595 723 647 in
745 591 1082 646 abundantia.
1109 587 1395 643 Transtulit
1415 596 1645 641 austrum
1672 586 1739 639 de
1762 586 1904 647 cwlo,
1928 593 1981 638 et

402 687 606 740 indurit
628 686 679 739 in
706 686 890 738 virtute
909 699 1003 738 sua
1032 684 1280 752 africum,
1312 689 1363 734 et
1387 679 1516 750 pluit
1548 695 1700 749 super
1735 694 1820 731 eos
1849 679 1980 730 sicut

402 777 656 845 pulverem
695 791 898 839 carnes,
931 783 980 826 et
1001 776 1132 826 sicut
1160 787 1374 825 arenam
1403 771 1560 823 maris
1597 768 1829 822 volatilia
1863 784 1982 838 pcn-

401 875 552 918 nata.
585 863 656 917 Et
692 863 986 917 ceciderunt
1018 864 1073 916 in
1111 861 1279 915 medio
1309 869 1598 913 castrorum
1622 873 1798 912 eorum
1840 859 1978 910 circa

407 954 741 1008 tabernacula
785 969 982 1007 eorum.
1032 950 1103 1006 Et
1147 950 1618 1014 manducaverunt,
1666 958 1717 1002 et
1761 948 1980 1001 saturati

402 1052 523 1097 sunt
546 1044 716 1107 nimis,
749 1052 799 1097 et
827 1042 1139 1097 desiderium
1168 1057 1343 1095 eorum
1385 1040 1559 1093 attulit
1597 1041 1694 1105 eis,
1730 1056 1833 1093 non
1861 1048 1980 1091 sunt

352 1120 361 1133 “
406 1133 636 1205 fraudati
667 1150 699 1186 a
742 1133 993 1186 desiderio
1028 1148 1139 1186 suo.
1176 1130 1357 1183 Adhuc
1389 1146 1520 1184 escae
1546 1146 1722 1184 eorum
1750 1136 1898 1183 erant
1924 1130 1978 1182 in

407 1244 498 1281 ore
522 1227 772 1296 ipsorum,
792 1236 842 1278 et
869 1226 951 1278 ira
972 1224 1076 1279 Dei
1111 1223 1343 1278 ascendit
1376 1239 1532 1288 super
1559 1238 1665 1276 eos.
1694 1220 1766 1275 Et
1793 1220 1981 1274 occidit

403 1317 617 1388 pingues
646 1332 842 1380 eorum,
872 1323 922 1368 et
940 1316 1125 1368 electos
1150 1313 1312 1367 Israel
1342 1313 1624 1385 impedivit.
1657 1310 1722 1364 In
1744 1311 1978 1365 omnibus

406 1406 486 1460 his
512 1414 848 1476 peccaverunt
875 1405 1062 1469 adhuc,
1092 1414 1141 1458 st
1170 1420 1275 1458 non
1315 1402 1647 1457 crediderunt
1680 1404 1735 1456 in
1765 1402 1977 1456 mirabi-

403 1496 535 1552 libus
556 1497 688 1567 ejus.
713 1495 782 1549 Et
807 1496 1102 1567 defecerunt
1121 1495 1175 1549 in
1196 1495 1422 1549 vanitate
1441 1494 1551 1547 dies
1572 1511 1767 1558 eorum,
1783 1503 1831 1547 et
1852 1495 1978 1548 anni

402 1603 578 1641 eorum
599 1602 712 1640 cum
736 1588 1087 1658 festinatione.
1123 1584 1248 1639 Cum
1287 1584 1540 1639 occideret
1566 1600 1653 1638 eos
1682 1582 1978 1656 quwrebant

403 1693 540 1742 eum,
567 1686 616 1731 et
648 1674 1061 1742 revertebantur,
1089 1684 1139 1729 et
1177 1674 1400 1729 diluculo
1434 1673 1704 1729 veniebant
1732 1674 1803 1727 ad
1838 1690 1972 1727 eum.

404 1765 476 1821 Et
512 1767 838 1821 rememorati
865 1775 1015 1831 sunt,
1053 1767 1174 1836 quia
1193 1765 1333 1819 Deus
1372 1765 1585 1835 adjutor
1603 1772 1681 1817 est
1710 1779 1904 1826 eorum,
1926 1772 1977 1816 et
2009 1768 2054 1829 ι)

404 1855 544 1911 Deus
571 1857 801 1911 excelsus
825 1856 1115 1925 redemptor
1133 1872 1310 1910 eorum
1336 1865 1438 1910 est.
1464 1854 1535 1908 Et
1555 1854 1847 1908 dilexerunt
1864 1871 1979 1908 eum

404 1950 460 2003 in
488 1964 575 2002 ore
595 1964 707 2012 suo,
731 1958 778 2000 et
799 1948 976 2019 lingua
995 1964 1089 2001 sua
1108 1949 1308 2001 mentiti
1333 1956 1453 2002 sunt
1479 1948 1551 2000 ei.
1574 1945 1676 2000 Cor
1705 1955 1875 1999 autem
1893 1964 1980 2002 eo-

405 2054 519 2092 rum
547 2054 649 2092 non
679 2048 789 2092 erat
816 2048 1009 2092 rectum
1035 2055 1148 2092 cum
1176 2055 1254 2101 eo,
1288 2055 1381 2092 nec
1394 2038 1574 2109 ﬁdeles
1601 2036 1763 2092 habiti
1784 2048 1905 2093 sunt
1922 2041 1978 2093 in

406 2138 706 2199 testamento
725 2131 854 2199 ejus.
884 2128 1004 2200 Ipse
1022 2139 1191 2183 autem
1215 2140 1290 2185 est
1311 2132 1622 2196 misericors,
1651 2140 1701 2183 et
1726 2132 1978 2201 propitius

403 2221 494 2289 ﬁet
516 2220 735 2289 peccatis
751 2234 945 2283 eorum,
972 2228 1022 2271 et
1050 2235 1154 2273 non
1181 2218 1441 2288 disperdet
1465 2235 1571 2277 eos.
1611 2216 1682 2271 Et
1701 2218 1980 2273 abundarit

403 2317 464 2361 ut
492 2317 739 2363 averteret
764 2309 893 2363 iram
920 2325 1067 2364 suam
1084 2347 1100 2373 ,
1134 2320 1185 2363 et
1217 2326 1323 2364 non
1360 2310 1595 2363 accendit
1618 2327 1817 2364 omnem
1845 2312 1979 2365 iram

403 2416 572 2453 suam.
594 2398 640 2452 Ε
646 2410 663 2451 ι
682 2399 979 2454 recordatus
999 2408 1095 2464 est,
1110 2401 1229 2469 quia
1243 2416 1365 2454 caro
1384 2410 1503 2453 sunt
1522 2417 1539 2453 :
1561 2402 1771 2470 spiritus
1788 2401 1977 2455 vadens

411 2501 463 2546 et
500 2504 601 2545 non
636 2491 865 2545 rediens.
899 2488 1147 2555 Quotiens
1187 2492 1618 2546 exacerbaverunt
1641 2509 1753 2546 eum
1792 2494 1848 2547 in
1889 2493 1978 2548 de-

405 2591 563 2649 serto,
590 2584 647 2637 in
678 2584 810 2637 iram
840 2583 1220 2637 concitaverunt
1247 2598 1361 2636 eum
1381 2584 1437 2637 in
1455 2584 1708 2655 inaquoso
1721 2585 1743 2637 .'
1757 2583 1829 2638 Et
1848 2601 1976 2640 con-

402 2676 536 2728 uersi
566 2681 759 2730 sunt‘et
782 2684 1101 2729 tentaret-unt
1128 2674 1315 2740 Deum,
1349 2685 1399 2729 et
1424 2684 1660 2730 sanctum
1679 2675 1849 2732 Israel
1885 2694 1978 2732 eaa-

404 2766 793 2820 acerbauerunt.
851 2764 976 2820 Non
1016 2776 1137 2821 sunt
1184 2767 1440 2822 recordati
1492 2785 1678 2824 manus
1729 2772 1840 2841 ejus
1895 2771 1980 2826 die

408 2874 508 2928 qua
537 2858 750 2914 redemit
775 2875 861 2915 eos
905 2859 969 2914 de
1010 2875 1169 2915 manu
1201 2858 1512 2916 tribulantis.
1543 2860 1690 2917 Sicut
1717 2864 1888 2933 posuit
1921 2863 1977 2917 in

406 2948 646 3021 tEgypto
668 2951 819 3022 signa
839 2967 969 3017 sua,
996 2959 1050 3005 et
1077 2951 1315 3023 prodigia
1336 2968 1429 3005 sua
1456 2953 1513 3006 in
1543 2968 1723 3023 campo
1753 2952 1975 3007 Taneos.

409 3038 744 3097 Etconuertit
782 3044 836 3097 in
877 3044 1182 3115 sanguinem
1219 3044 1437 3112 ﬂumina
1463 3060 1669 3109 eorum,
1706 3053 1758 3097 et
1788 3043 1976 3099 imbres

405 3150 580 3189 eorum
603 3151 669 3189 ne
691 3135 935 3190 biberent.
962 3136 1110 3190 Misit
1132 3138 1188 3191 in
1213 3152 1300 3190 eos
1324 3137 1661 3208 cmnomgiam
1686 3147 1735 3190 et
1755 3138 1974 3192 comedit
2001 3122 2060 3187 CA

408 3243 498 3281 eos
511 3235 603 3291 ;.et
640 3243 854 3293 ranam,
892 3237 943 3283 et
974 3228 1282 3298 disperdidit
1318 3245 1426 3283 eos.
1474 3227 1543 3282 Et
1580 3227 1722 3283 dedit
1759 3229 1980 3300 (ει-τῳίηὶ

409 3320 604 3389 {ructus
627 3335 832 3385 eorum,
864 3330 912 3374 et
933 3319 1133 3374 labores
1162 3335 1340 3374 eorum
1366 3318 1591 3374 locusta'.
1617 3318 1688 3373 Et
1708 3319 1897 3374 occidit
1922 3322 1978 3375 in

408 3413 664 3483 grandine
693 3412 868 3467 vineas
898 3422 1150 3469 eorum.et
1174 3429 1347 3468 moros
1375 3429 1549 3467 eorum
1567 3414 1623 3467 in
1658 3415 1867 3482 pruina.
1910 3411 1982 3468 Et

406 3503 885 3573 tradidit'grandini
899 3503 1134 3574 jumenta
1155 3521 1353 3568 eorum,
1374 3514 1424 3557 et
1435 3505 1784 3574 possessiones
1803 3521 1979 3559 eorum

409 3592 536 3663 i'gni.’
568 3591 713 3647 Misit
730 3595 785 3648 in
804 3611 891 3649 eos
918 3596 1049 3649 iram
1083 3594 1461 3666 indignationis
1488 3610 1627 3658 suae,
1657 3594 1979 3665 indignatio-

411 3698 529 3736 nem
554 3691 605 3736 et
620 3686 756 3738 iram
784 3693 834 3738 et
870 3685 1271 3750 tribulationem,
1307 3685 1680 3740 immissionem
1709 3701 1799 3754 per
1828 3700 1982 3757 ange-

411 3772 490 3828 los
520 3775 704 3830 malos.
757 3775 904 3830 Viam
933 3779 1053 3848 fecit
1070 3779 1266 3832 semita:
1292 3780 1389 3832 ira:
1414 3795 1541 3843 suae,
1563 3794 1665 3832 non
1694 3779 1920 3848 pepercit
1947 3794 1979 3830 a

412 3873 575 3920 morte
614 3866 884 3921 animabus
929 3884 1123 3933 eorum,
1164 3877 1214 3923 et
1248 3871 1485 3940 jumenta
1522 3888 1694 3924 eorum
1726 3873 1781 3924 in
1818 3878 1980 3924 morte

410 3956 677 4013 conclusit.
725 3956 797 4011 Et
833 3960 1082 4027 percussit
1120 3976 1269 4014 omne
1312 3962 1705 4033 primogenitum
1742 3963 1798 4016 in
1843 3971 1981 4017 terra

410 4047 650 4120 (Egypti,
679 4051 939 4121 primitias
958 4054 1133 4107 omnis.
1152 4053 1344 4108 laboris
1371 4071 1541 4109 eorum
1563 4056 1616 4109 in
1640 4056 1979 4112 tabernaculis

410 4137 591 4193 (illam.
614 4139 687 4194 Et
706 4141 914 4195 abstulit
932 4143 1063 4196 sicut
1086 4160 1199 4197 ores
1221 4146 1465 4215 populum
1486 4162 1654 4211 suum,
1671 4156 1719 4200 et
1739 4147 1979 4218 perduxit

409 4246 496 4285 eos
524 4238 768 4303 tanquam
792 4249 992 4303 gregem
1020 4235 1072 4288 in
1100 4234 1319 4290 deserto.
1352 4233 1427 4288 Et
1448 4235 1663 4290 deduxit
1688 4253 1773 4290 eos
1794 4238 1849 4289 in
1870 4254 1981 4307 spe,

411 4329 462 4373 et
488 4337 593 4375 non
623 4323 918 4386 timuerunt,
954 4332 1005 4376 et
1031 4325 1265 4379 inimicos
1291 4341 1466 4379 eorum
1493 4327 1691 4394 operuit
1718 4342 1878 4380 mare.
1894 4324 1982 4379 ’Et

341 4399 349 4435 ⁵
410 4411 618 4465 induxit
643 4428 729 4466 eos
766 4414 833 4465 in-
860 4421 1080 4466 montem
1107 4415 1534 4482 sanctificationis
1575 4431 1709 4484 sure,
1753 4427 1976 4470 montem

409 4519 554 4574 quem
583 4504 847 4574 acquisivit
871 4503 1081 4557 dextera
1104 4504 1235 4573 ejus.
1268 4481 1337 4557 Et
1363 4505 1512 4574 ejecit
1562 4524 1594 4559 a
1643 4481 1777 4577 facie
1802 4524 1976 4562 eorum
2004 4481 2057 4541 θ

410 4601 604 4664 gentes,
635 4602 838 4649 etsorte
867 4594 1036 4649 divisit
1065 4595 1138 4649 eis
1169 4603 1358 4649 terram
1386 4597 1439 4650 in
1470 4598 1698 4668 funiculo
1726 4598 1987 4652 distribu-

413 4685 585 4738 tionis.
617 4683 689 4738 Et
711 4686 944 4740 habitare
978 4687 1100 4757 fecit
1119 4687 1174 4739 in
1219 4685 1563 4742 tabernaculis
1591 4678 1772 4741 eorum
1814 4687 1977 4743 tribus

414 4772 601 4827 Israel.
629 4774 699 4827 Et
727 4785 1045 4831 tentaret-unt
1072 4786 1123 4831 et
1158 4776 1587 4832 exacerbaverunt
1615 4777 1778 4847 Deum
1806 4780 1977 4834 excel-

413 4882 543 4930 sum,
575 4876 624 4922 et
653 4870 942 4923 testimonia
987 4869 1098 4938 ejus
1123 4887 1226 4924 non
1273 4870 1636 4925 custodierunt.
1673 4869 1743 4924 Et
1779 4880 1976 4927 averte-

413 4965 532 5011 runt
558 4973 632 5021 se,
652 4967 701 5009 et
722 4974 823 5011 non
847 4970 1169 5013 seruauerunt
1187 4972 1413 5031 pactum,
1442 4961 1977 5032 quemadmodumpa—
2021 4954 2029 4963 ’

389 5054 515 5101 ‘tres
548 5062 723 5101 eorum
769 5049 995 5101 conversi
1033 5059 1152 5101 sunt
1188 5050 1242 5103 in
1281 5067 1457 5103 arcum
1486 5068 1715 5121 pravum.
1753 5050 1817 5106 In
1846 5055 1978 5107 iram

414 5139 803 5203 concitaverunt
825 5152 936 5189 eum
976 5137 1029 5190 in
1056 5138 1267 5192 collibus
1295 5141 1401 5193 suis
1418 5180 1445 5205 ,.
1471 5151 1519 5193 et
1570 5144 1624 5193 in
1660 5141 1980 5211 sculptilibus

413 5230 520 5284 suis
551 5228 620 5280 ad
647 5227 1023 5280 mirmlationem
1049 5244 1159 5281 eum
1180 5241 1592 5298 prorocarerunt.
1620 5231 1824 5283 Audiuit
1841 5230 1979 5284 Deus

415 5331 464 5376 et
489 5321 694 5391 sprevit,
726 5327 777 5372 et
810 5318 881 5371 ad
907 5319 1121 5372 nihilum
1153 5320 1346 5391 redegit
1375 5320 1522 5374 valde
1562 5320 1750 5374 Israel.
1802 5320 1871 5374 Et
1900 5338 1981 5375 re-

415 5432 441 5473 ις
453 5412 551 5466 alit
592 5411 976 5465 tabernaculum
1005 5409 1144 5474 Silo,
1180 5410 1558 5466 tabernaculum
1587 5430 1757 5476 suum,
1780 5414 1976 5467 ubiha—

386 5516 389 5521 '
415 5502 587 5555 bitu-it
608 5503 661 5555 in
693 5501 999 5557 hominibus.
1036 5500 1103 5554 Et
1131 5502 1344 5555 tradidit
1372 5504 1424 5555 in
1445 5504 1789 5573 captivitatem
1818 5505 1977 5558 virtu-

388 5600 513 5643 .mn
542 5607 733 5655 comm,
756 5593 1243 5664 etjnslchritndinem
1271 5610 1445 5648 eorum
1476 5597 1527 5647 in
1559 5612 1738 5650 manus
1759 5597 1971 5650 inimici.

419 5677 484 5731 Et
516 5681 761 5734 conclusit
782 5684 832 5734 in
870 5685 1042 5754 gladio
1069 5685 1306 5755 populna
1346 5702 1487 5739 suum
1508 5725 1521 5748 ,
1554 5697 1601 5736 et
1628 5686 1973 5741 harrcd7t~trm

2081 510 2257 549 eorum
2277 512 2377 550 non
2405 505 2523 550 sunt
2553 501 2867 553 (amentatae.
2914 496 3220 552 Sacerdotes
3242 514 3406 551 eorum
3430 501 3476 553 in
3509 502 3604 572 gla-

2083 586 2168 639 dio
2196 587 2514 652 ceciderunt,
2544 597 2593 641 et
2620 588 2787 641 uidua:
2828 604 3003 641 eorum
3049 603 3152 640 non
3180 587 3505 657 plorabantur.
3547 590 3604 644 Et

2079 678 2330 731 excitatus
2366 686 2443 732 est
2490 687 2733 749 tanquam
2777 678 3039 732 dormiens
3086 677 3349 740 Dominus,
3398 687 3606 747 tauquam

2082 774 2261 834 potens
2298 766 2594 832 crapulatus
2645 784 2679 819 a
2718 769 2853 821 uino.
2884 766 2956 820 Et
2982 767 3228 837 percussit
3266 767 3484 820 inimicos
3506 783 3609 820 suos

2079 857 2134 907 in
2162 858 2465 926 posteriora,
2498 856 2829 927 opprobrium
2851 859 3220 927 sempiternum
3256 857 3390 910 dedit
3415 858 3526 912 illis.
3550 856 3608 912 Et

2081 944 2269 1016 repulit
2296 947 2682 1001 tabernaculum
2720 946 2936 1013 Ioseph,
2978 958 3028 1001 et
3061 946 3246 1001 tribum
3287 946 3496 1017 Ephrem
3521 963 3607 1001 non

2080 1036 2249 1105 elegit.
2276 1036 2383 1091 Sed
2400 1038 2553 1109 elegit
2580 1037 2766 1093 tribum
2787 1039 2943 1103 Juda,
2968 1048 3190 1092 montem
3218 1036 3359 1110 Sjon,
3389 1055 3519 1110 quem
3543 1038 3610 1090 di-

2080 1123 2223 1178 lexit.
2240 1124 2311 1178 Et
2336 1127 2610 1197 cdiﬁcavit
2625 1129 2757 1180 sicut
2779 1129 3104 1182 unicornium
3130 1128 3459 1197 sancti/icium
3484 1143 3610 1180 suum

2079 1216 2133 1271 in
2162 1225 2306 1271 terra
2331 1234 2483 1289 quam
2512 1218 2743 1289 fundavit
2766 1219 2821 1272 in
2849 1219 3059 1273 sarcula.
3084 1218 3153 1272 Et
3176 1220 3324 1290 elegit
3343 1217 3499 1271 David
3522 1235 3612 1273 scr-

2079 1326 2195 1365 rum
2223 1327 2389 1378 suum,
2411 1322 2460 1366 et
2487 1313 2693 1366 sustulit
2720 1330 2834 1366 eum
2856 1313 2917 1366 de
2945 1311 3182 1384 gregibus
3204 1329 3367 1367 ovium
3394 1328 3410 1365 :
3438 1312 3495 1365 de
3518 1321 3613 1381 post

2080 1409 2301 1478 fetantes
2331 1406 2526 1475 accepit
2547 1420 2680 1458 eum.
2713 1404 2937 1459 Poscere
2966 1405 3127 1458 Jacob
3156 1421 3350 1459 servum
3385 1421 3545 1468 suum,
3573 1413 3615 1457 et

2081 1495 2249 1550 Israel
2279 1496 2629 1550 hazreditatem
2668 1512 2836 1550 suam.
2882 1494 2955 1548 Et
2985 1498 3124 1567 pavit
3159 1512 3255 1553 eos
3275 1497 3327 1548 in
3354 1495 3616 1550 innocentia

2079 1588 2250 1643 cordis
2278 1589 2378 1650 sui,
2404 1599 2454 1641 et
2478 1589 2533 1641 in
2562 1587 2904 1642 intellectibus
2926 1602 3174 1640 manuum
3202 1602 3403 1640 suarum
3429 1584 3616 1638 deducit

2078 1699 2168 1738 eos
2640 1764 3074 1805 COIIBNTABIUI.

2150 1868 2303 1938 Quod
2325 1867 2568 1939 promisit
2612 1866 2722 1920 Deo
2750 1867 2802 1920 in
2830 1864 3225 1935 septuagesimo
3256 1873 3423 1926 sexto,
3452 1863 3545 1918 hoc
3569 1862 3615 1918 in

2078 1960 2470 2033 septuagesimo
2484 1957 2712 2026 septimo
2730 1955 3034 2010 hominibus
3054 1954 3232 2009 tradit.
3252 1954 3327 2009 lbi
3349 1953 3475 2008 dixit
3492 1952 3616 2006 Deo:

2079 2053 2281 2108 Memor
2299 2067 2387 2105 ero
2415 2048 2476 2103 ab
2506 2048 2653 2102 initio
2675 2046 2986 2101 mirabilium
3015 2053 3238 2101 tuorum.
3275 2045 3369 2101 Hic
3394 2045 3513 2100 dicit
3536 2059 3621 2114 po-

2077 2149 2207 2220 pulo
2261 2165 2273 2198 :
2329 2145 2545 2214 Loquar
2589 2142 2988 2213 propositiones
3033 2143 3100 2197 ab
3140 2141 3315 2207 initio,
3336 2140 3545 2194 virtutes
3576 2143 3621 2192 et

2077 2239 2341 2297 mirabilia
2371 2236 2489 2306 ejus
2513 2250 2633 2305 quae
2670 2234 2815 2297 fecit,
2847 2241 2908 2287 ut
2949 2240 3243 2300 cognoscat
3268 2229 3532 2301 generatio
3554 2227 3623 2281 al-

2079 2341 2214 2396 tera,
2246 2338 2306 2384 nt
2337 2327 2432 2382 lilii
2466 2333 2750 2381 nascentes
2776 2331 3083 2391 exsurgant.
3130 2322 3237 2392 Ipsi
3279 2327 3485 2376 narrent
3520 2317 3622 2372 ﬁliis

2076 2424 2208 2488 suis,
2237 2428 2299 2476 ut
2326 2434 2434 2475 non
2462 2416 2735 2473 conﬁdant
2763 2415 2816 2469 in
2841 2414 3027 2468 mundi
3055 2412 3236 2476 lucris,
3272 2427 3376 2466 non
3405 2411 3455 2464 in
3483 2416 3626 2461 terre-

2074 2514 2160 2570 nis
2185 2508 2564 2583 cupiditatibus
2586 2506 2786 2572 steculi,
2801 2504 2896 2560 sed
2917 2505 2970 2558 in
2994 2503 3105 2558 Deo
3124 2501 3243 2557 solo
3275 2505 3469 2571 ponant
3492 2509 3622 2566 spem

2075 2620 2247 2672 suam,
2273 2611 2329 2659 et
2356 2617 2464 2656 non
2507 2599 2888 2654 obliviscantur
2916 2610 3079 2665 opera
3126 2594 3221 2649 Dei
3257 2593 3359 2655 sui,
3402 2597 3454 2645 et
3488 2602 3623 2642 man-

2075 2698 2200 2752 data
2230 2695 2346 2765 ejus
2370 2691 2675 2761 exquirant.
2694 2685 2763 2743 Ut
2790 2702 2898 2742 non
2928 2687 3057 2740 tiant
3083 2686 3222 2741 sicut
3239 2692 3419 2755 patres
3437 2692 3621 2740 eorum.

2075 2803 2245 2859 genus
2272 2800 2494 2858 pravnm
2520 2790 2575 2839 et
2598 2794 2957 2852 peramarum.
2986 2778 3129 2834 Sane
3155 2791 3326 2845 genus
3350 2788 3466 2830 cum
3495 2768 3622 2833 dicit,

2076 2888 2202 2933 ante
2229 2874 2524 2932 considera.
2555 2872 2671 2927 Non
2691 2872 2833 2927 enim
2863 2869 3164 2925 creaturam
3187 2866 3238 2920 in
3261 2860 3626 2920 damnabilibus

2075 2966 2235 3031 Deus,
2268 2964 2360 3020 sed
2389 2965 2718 3019 voluntatem
2740 2959 3080 3016 condemnat.
3110 2956 3314 3011 Videtis
3354 2967 3478 3022 ergo
3518 2949 3624 3021 quia

2076 3073 2244 3129 genus
2267 3053 2614 3127 vituperando
2641 3052 2988 3122 quaestionem
3014 3048 3232 3111 fecerat,
3264 3060 3461 3101 eruens
3499 3043 3624 3096 hunc

2077 3162 2378 3204 sermonem
2430 3160 2462 3200 a
2515 3142 2786 3199 Creatoris
2815 3140 3027 3211 injuria,
3074 3137 3326 3207 exposuit
3370 3149 3474 3189 non
3521 3143 3625 3184 esse

2077 3239 2290 3309 generis
2316 3237 2522 3300 vitium,
2552 3234 2643 3290 sed
2677 3233 2987 3288 voluntatis.
3031 3229 3359 3284 Prosecutus
3384 3225 3517 3281 enim
3541 3220 3624 3283 ait.

2077 3331 2274 3394 Genus,
2306 3330 2496 3399 inquit,
2522 3326 2665 3397 quod
2688 3341 2794 3380 non
2823 3323 3078 3378 direxerit
3099 3337 3194 3377 cor
3212 3335 3389 3374 suum.
3412 3316 3476 3370 Et
3493 3313 3626 3384 quasi

2079 3425 2440 3491 interrogatus
2484 3426 2629 3475 esset
2653 3456 2668 3483 ,
2722 3414 2993 3486 quomodo
3056 3429 3165 3468 non
3209 3410 3502 3466 direxerint
3548 3420 3628 3460 cor

2077 3511 2567 3582 suum,respondit:
2586 3508 2720 3575 Quia
2743 3523 2848 3561 non
2878 3505 3245 3560 custodierunt
3273 3506 3628 3557 testamentum

2079 3604 2197 3665 Dei,
2247 3610 2303 3658 et
2350 3602 2404 3656 in
2452 3601 2569 3668 lege
2603 3597 2719 3667 ejus
2766 3597 3053 3650 noluerunt
3089 3591 3387 3647 ambulare.
3419 3585 3630 3643 Dicendo

2078 3697 2372 3758 noluerunt,
2405 3690 2631 3745 exclusit
2669 3687 2879 3756 culpam
2917 3700 2948 3739 a
2989 3697 3206 3753 genere,
3237 3690 3296 3735 ct
3325 3681 3521 3736 crimen
3548 3690 3630 3728 vo-

2080 3786 2299 3841 luntatis
2319 3782 2569 3845 ostendit,
2592 3795 2690 3850 per
2715 3793 2877 3848 quam
2921 3776 3071 3831 obliti
3097 3780 3223 3829 sunt
3247 3769 3632 3826 benefactorum

2080 3885 2134 3932 et
2155 3873 2476 3929 mirabilium
2505 3868 2846 3939 Dei,quando
2873 3866 3052 3922 divisit
3078 3879 3224 3919 mare
3253 3872 3315 3917 ut
3338 3860 3628 3917 transirent.

2079 3977 2136 4025 et
2162 3968 2345 4024 statuit
2366 3979 2532 4034 aquas
2557 3963 2672 4032 ejus
2698 3962 2823 4015 hinc
2851 3958 2974 4014 inde
3001 3956 3153 4026 quasi
3176 3955 3230 4009 in
3258 3964 3409 4019 utre;
3438 3946 3633 4021 quando

2078 4059 2231 4114 duxit
2241 4072 2334 4112 eos
2348 4056 2400 4110 in
2411 4056 2659 4109 columna
2672 4051 2827 4106 nubis
2837 4065 2934 4120 per
2946 4049 3105 4113 diem,
3122 4056 3177 4102 et
3190 4047 3241 4101 in
3254 4045 3500 4100 columna
3514 4038 3632 4107 ignis

2079 4165 2176 4219 per
2186 4155 2416 4213 noctem;
2425 4144 2637 4215 quando
2647 4142 2788 4213 rnpit
2798 4142 2849 4196 in
2860 4140 3074 4196 deserto
3083 4146 3290 4209 petram
3305 4146 3361 4192 et
3370 4129 3635 4202 adaquavit

2079 4254 2175 4294 eos
2188 4239 2331 4292 velut
2350 4238 2401 4291 iu
2418 4237 2611 4308 abysso
2621 4233 2806 4300 multa,
2820 4238 2874 4287 et
2887 4230 3056 4301 potati
3072 4228 3267 4298 gratias
3280 4242 3390 4282 non
3407 4227 3631 4294 egerunt.

2076 4330 2172 4386 sed
2202 4334 2566 4399 apposuerunt
2584 4337 2826 4395 peccare.
2859 4321 2926 4375 Et
2949 4322 3021 4376 ita
3053 4327 3111 4374 ut
3137 4319 3278 4373 male
3301 4318 3635 4387 loquerentur

2079 4420 2147 4476 de
2173 4421 2305 4485 Deo,
2345 4425 2407 4473 ut
2442 4416 2721 4472 dicerent:
2751 4412 2891 4468 Ecce
2925 4412 2994 4467 de
3023 4417 3174 4482 petra
3202 4409 3390 4465 eduxit
3416 4418 3600 4476 aquam
3619 4440 3635 4465 ,

2083 4510 2320 4579 nunquid
2344 4523 2535 4579 panem
2556 4506 2755 4577 poterit
2773 4504 2935 4559 dare?
2954 4503 3077 4558 Haec
3094 4501 3365 4566 dicebant,
3396 4499 3518 4569 quia
3541 4507 3637 4548 non

2082 4601 2372 4657 credebant
2391 4599 2500 4654 Deo
2526 4612 2645 4662 suo,
2668 4610 2769 4651 nec
2787 4600 3137 4664 speraverunt
3164 4592 3216 4646 in
3245 4591 3486 4645 salutare
3511 4585 3636 4653 ejus.

2082 4691 2150 4746 Et
2175 4689 2447 4745 mandavit
2487 4687 2713 4741 nubibus
2743 4684 2991 4754 desuper.
3034 4681 3102 4735 Et
3136 4679 3332 4750 januas
3370 4678 3491 4735 coeli
3521 4686 3637 4743 ape-

2081 4785 2208 4839 ruit.
2236 4781 2435 4837 Januas
2455 4779 2673 4835 abusive
2698 4777 2919 4842 dictum,
2941 4775 3081 4830 sicut
3105 4773 3171 4828 de
3198 4782 3342 4827 terra
3368 4789 3382 4824 :
3410 4765 3636 4840 Aperuit,

2081 4875 2272 4944 inquit,
2300 4888 2363 4927 os
2388 4886 2541 4927 suum
2574 4888 2589 4925 :
2631 4867 2903 4939 aperiendi
2927 4880 3088 4921 causa
3113 4864 3309 4932 exegit,
3339 4870 3395 4917 et
3423 4861 3476 4915 in
3507 4866 3637 4913 terra

2083 4981 2146 5022 os
2173 4965 2304 5027 etin
2330 4963 2479 5018 cmlis
2521 4961 2713 5029 januas
2740 4959 3016 5014 nominare
3038 4997 3053 5024 ,
3077 4965 3132 5011 ct
3158 4956 3294 5026 pluit
3319 4955 3428 5009 illis
3455 4962 3638 5006 manna

2082 5058 2151 5112 ad
2180 5054 2600 5111 manducandum
2640 5070 2655 5106 :
2705 5051 2916 5116 Manna,
2966 5049 3153 5104 Latine
3198 5047 3341 5117 quod
3383 5045 3637 5100 dicimus,

2066 5148 2208 5215 Quid
2250 5154 2332 5202 est
2368 5139 2516 5204 hoc't?
2537 5143 2666 5199 dicit
2720 5143 2995 5197 Hebrmus.
3035 5141 3168 5196 Cum
3217 5153 3344 5207 ergo
3392 5145 3640 5204 tanquam

2081 5251 2265 5291 semen
2306 5234 2573 5290 coriandri
2626 5233 2872 5303 pluerent
2917 5231 3069 5294 caeli,
3117 5231 3512 5295 interrogantes
3556 5220 3639 5273 lilii

2080 5324 2243 5381 Israel
2275 5342 2465 5381 nomen
2490 5324 2769 5390 dederunt,
2783 5324 2909 5377 dum
2928 5329 3190 5394 quaerunt.
3219 5320 3348 5373 Nam
3368 5317 3606 5372 dicentes
3627 5326 3645 5363 :

2085 5413 2224 5479 Quid
2249 5416 2427 5471 est?id
2455 5423 2538 5469 est
2565 5428 2779 5478 manna,
2811 5414 2878 5469 de
2925 5413 3027 5468 hoc
3061 5411 3204 5480 quod
3247 5407 3638 5474 interrogabant

2081 5505 2264 5567 verbo,
2309 5519 2503 5561 nomen
2543 5505 2752 5574 species
2795 5504 2909 5573 ipsa
2950 5502 3201 5571 suscepit.
3241 5497 3392 5569 Quod
3425 5493 3641 5549 auxesin

2052 5652 2053 5655 η
2081 5594 2280 5650 iaciens
2308 5594 2529 5663 adjecit:
2551 5594 2749 5648 Panem
2769 5592 2888 5648 oculi
2909 5592 3054 5647 dedit
3075 5592 3169 5655 eis,
3193 5607 3291 5661 per
3308 5587 3636 5643 occasionem

2084 5701 2292 5743 marinae
2319 5687 2472 5756 panis
2499 5685 2591 5755 qui
2617 5685 2685 5741 de
2720 5684 2857 5741 (σξιο
2885 5684 3157 5740 descendit
3187 5683 3488 5738 nominatus
3516 5683 3595 5731 cst
3625 5714 3633 5725 .
