3908 6176
299 345 400 402 437

1190 333 1658 393 ΕΟΜΜΕΝΤΑΒΠ
1699 334 1764 390 IN
1801 332 1957 389 PSA!
1980 333 2133 391 MOS.
2177 334 2366 391 PSA]...
2414 334 2664 392 LXXVII.

3472 341 3576 398 1'58

301 462 524 523 Panem,
554 454 744 525 inquit,
775 452 1090 522 angelorum
1118 449 1460 506 manducavit
1500 448 1685 504 homo.
1716 444 1887 515 Quid‘
1916 449 1963 507 Α
1992 458 2117 504 sunt
2139 490 2154 515 ,
2197 449 2332 504 nihil
2367 449 2422 503 in
2469 449 2661 520 spiritu
2690 447 2963 519 sapientes
2985 489 3000 514 ,
3049 457 3106 506 et
3145 448 3363 520 spiritus
3400 463 3582 510 essent

299 551 427 622 quid
455 548 813 604 :nternitatem
841 544 895 598 in
923 541 1161 613 potando
1191 549 1247 595 et
1270 541 1326 594 in
1355 538 1726 594 manducando
1752 553 1889 608 pra:-

298 649 426 702 stat,
454 639 751 708 angelicum
781 645 883 700 est,
913 650 1024 689 non
1044 634 1253 688 habens
1281 638 1533 701 patentes
1559 637 1723 699 atque
1750 638 1888 684 ster-

298 746 490 789 coreus
531 728 876 798 digestiones.
927 725 1140 781 [labent
1190 724 1333 779 enim
1381 722 1631 777 universa
1676 719 1890 775 vivendi

297 824 597 886 materiam,
623 830 677 877 et
704 814 818 876 sive
846 819 1041 889 angeli,
1073 833 1169 873 seu
1200 832 1539 887 qumcunque
1566 817 1617 871 in
1644 815 1782 870 emlo
1802 814 1886 868 vi-

298 924 448 980 vunt,
500 931 605 969 non
649 914 752 969 sibi
797 912 918 967 sine
964 910 1222 965 alimento
1270 907 1561 963 sufﬁciunt.
1607 908 1885 963 Ducuntur

292 1008 438 1060 enim
489 1006 630 1058 fame
668 1013 723 1057 et
763 1003 874 1068 siti,
905 1001 1019 1056 sive
1054 1000 1227 1055 laudis
1256 999 1485 1055 Domini.
1533 998 1600 1052 Et
1641 998 1887 1052 esuriant

290 1110 348 1155 et
374 1099 568 1153 sitiunt
591 1096 854 1164 justitiam
887 1092 1021 1161 ejus,
1066 1109 1164 1161 per
1200 1108 1362 1160 quatn
1406 1092 1783 1160 pinguescunt,
1831 1096 1887 1144 et

295 1198 556 1243 aternutu
596 1186 803 1255 apicem
836 1193 1040 1238 tenent.
1071 1183 1222 1238 Sicut
1249 1198 1280 1237 e
1308 1182 1581 1236 contrario
1622 1187 1885 1251 apostatte

293 1280 471 1345 angeli
497 1278 741 1332 esuriant
768 1284 823 1329 et
849 1275 1041 1329 sitiunt
1069 1274 1405 1341 injustitiam,
1439 1281 1492 1327 et
1525 1288 1591 1326 ex
1621 1289 1687 1326 eo
1717 1288 1883 1341 opere

291 1371 626 1437 saginantur.
658 1366 790 1421 Nam
820 1374 876 1421 et
902 1366 1047 1434 quod
1076 1365 1204 1420 dicit
1234 1365 1492 1419 Dominus
1536 1364 1762 1435 gaudere
1786 1381 1883 1418 an-

291 1462 433 1531 gelos
459 1462 515 1513 in
547 1460 674 1513 caelo
701 1475 853 1529 super
876 1474 1038 1511 unum
1065 1458 1419 1527 paenitentem,
1458 1446 1747 1511 ostendere
1788 1474 1883 1511 v0-

294 1551 391 1605 luit
413 1550 482 1605 ad
500 1565 688 1604 eorum
717 1548 1066 1603 refectionem
1096 1547 1317 1602 rediisse
1347 1563 1443 1616 per
1465 1547 1727 1614 justitiam
1756 1563 1878 1601 eum

290 1645 386 1712 qui
430 1657 532 1712 per
586 1641 900 1708 injustitiam
956 1647 1171 1694 ventres
1220 1638 1523 1693 datmonum
1578 1640 1873 1709 saginabat.

288 1736 504 1802 Quanta
530 1743 653 1788 sunt
680 1734 841 1788 etiam
866 1732 918 1786 in
940 1732 1276 1801 corporibus,
1309 1746 1429 1799 qua:
1458 1732 1575 1785 si..e
1602 1740 1875 1786 stcrcorca

1993 547 2202 607 euntes,
2235 549 2291 595 et
2318 556 2425 595 non
2450 548 2805 597 revertentes.
2832 540 2957 595 ldeo
2986 555 3131 611 saepe
3160 541 3416 597 Dominus
3445 560 3578 614 pec-

1992 633 2268 688 catoribus
2306 633 2360 687 in
2389 633 2493 688 hoc
2537 633 2737 687 mundo
2770 633 3004 688 laetitiam
3029 642 3083 688 et
3111 634 3493 689 abundantiam
3526 644 3581 692 et

1991 724 2289 795 potentiam
2313 732 2622 796 usurpatam
2644 725 2917 795 relinquit,
2958 725 3082 795 quia
3105 725 3206 780 scit
3226 740 3343 793 quae
3372 727 3579 795 passuri

1990 824 2115 869 sunt
2142 815 2196 869 in
2240 816 2500 884 gehennae
2528 814 2800 879 incendio,
2830 825 2887 870 et
2913 817 3208 889 condolcns
3255 818 3351 882 eis,
3386 817 3582 874 avertit

1989 909 2043 964 in
2076 910 2178 965 hoc
2215 910 2410 965 smculo
2435 909 2568 963 iram
2595 925 2746 964 suam
2772 895 2845 963 ab
2892 910 2989 963 eis.
3036 909 3150 964 lloc
3186 911 3567 976 considerans,

1989 1001 2132 1071 quod
2172 1013 2361 1055 euntes
2393 1001 2543 1055 ibunt
2580 1001 2633 1055 in
2684 1001 2958 1055 interitum
3006 1002 3190 1055 tetri-ni
3241 1002 3490 1067 incendii,
3524 1010 3578 1057 et

1991 1092 2130 1144 ultra
2158 1107 2264 1145 non
2296 1091 2539 1145 redeunt.
2574 1090 2854 1157 Quotiens,
2887 1093 3081 1161 inquit,
3115 1093 3577 1147 cxtl‘ecrhnvernnt

1990 1197 2113 1237 eum
2138 1184 2192 1237 in
2234 1184 2471 1248 deserto,
2515 1200 2622 1237 non
2647 1183 2993 1238 recordantes
3023 1184 3164 1239 diem
3195 1200 3297 1253 qua
3331 1185 3577 1239 liberavit

1993 1292 2089 1330 eos
2111 1277 2369 1331 Dominus
2397 1277 2464 1331 de
2493 1292 2654 1331 manu
2685 1278 3005 1342 tribulantis,
3033 1286 3088 1332 ct
3118 1278 3362 1332 i..iinieos
3391 1293 3576 1331 eorum

1998 1368 2150 1437 prius
2179 1366 2362 1421 decem
2395 1368 2565 1437 plagis
2597 1369 2889 1437 percussit,
2924 1378 3111 1437 postea
3149 1369 3310 1421 etiam
3343 1369 3393 1421 in
3442 1367 3575 1422 mari

1985 1461 2189 1525 mersit,
2222 1461 2368 1529 ipsos
2415 1469 2594 1513 autem
2627 1459 2812 1514 eduxit
2851 1469 3103 1528 tanquam
3149 1467 3331 1529 pastor
3358 1473 3487 1514 oves
3522 1458 3575 1512 in

1981 1552 2215 1617 deserto,
2247 1561 2302 1607 et
2330 1552 2538 1607 induxit
2573 1553 2625 1606 in
2655 1560 2867 1607 montes
2892 1550 3323 1607 sanctificationis
3349 1567 3478 1616 sum,
3509 1558 3564 1604 et

1983 1642 2149 1710 ejccit
2174 1659 2203 1696 a
2228 1642 2364 1698 facie
2390 1659 2576 1698 eorum
2607 1652 2816 1712 gentes.
2850 1642 2918 1696 Et
2955 1652 3077 1713 post
3107 1643 3306 1706 omnia,
3339 1642 3466 1711 quid
3496 1640 3578 1697 fe-

1980 1735 2206 1787 cerunt?
2237 1735 2562 1788 Averterunt
2601 1748 2677 1799 se,
2706 1734 2906 1802 inquit,
2938 1741 3119 1787 etnon
3150 1732 3574 1787 observaverunt

286 1828 594 1897 digestione
624 1826 888 1892 reficiunt,
917 1840 974 1879 ut
998 1834 1082 1879 est
1104 1826 1323 1878 nuntius
1347 1825 1542 1889 bonus,
1562 1832 1619 1877 ut
1643 1833 1725 1879 est
1749 1823 1886 1878 odor
1920 1814 1962 1872 Β
1991 1833 2206 1894 pactum
2230 1826 2368 1879 sicut
2397 1834 2578 1894 patres
2598 1839 2806 1886 eorum,
2840 1825 2913 1877 ita
2943 1824 3103 1878 etiam
3136 1832 3193 1876 ut
3221 1824 3273 1876 in
3314 1823 3573 1892 sculptili-

289 1920 554 1989 optimus,
580 1927 639 1972 ut
669 1925 752 1971 est
780 1923 1033 1986 aspectus
1061 1915 1339 1981 mirabilis,
1368 1922 1424 1968 ut
1452 1921 1535 1968 est
1569 1915 1740 1983 gratia
1771 1930 1887 1967 ma-

287 2009 489 2081 jorum,
516 2019 574 2063 ut
602 2017 683 2064 est
711 2009 894 2078 opinio
924 2008 1147 2077 optima,
1181 2022 1300 2076 quae
1345 2006 1542 2061 dicitur
1569 2006 1733 2060 etiam
1763 2020 1885 2059 ossa

287 2101 647 2170 inipingzaare.
682 2098 806 2154 Haec
832 2099 953 2154 ideo
980 2098 1231 2160 diximus,
1251 2106 1309 2151 ut
1329 2096 1677 2150 ostendamus
1707 2096 1885 2151 omnia

286 2206 413 2261 qua:
442 2192 497 2245 in
545 2192 684 2246 cmlo
725 2198 780 2245 et
823 2190 1020 2259 quatin
1050 2197 1194 2243 terra
1236 2195 1363 2242 sunt
1409 2187 1695 2241 invisibilia
1725 2194 1888 2255 atque

289 2283 551 2347 visibilia,
582 2290 637 2337 et
664 2296 946 2336 mensuras
984 2295 1111 2335 suas
1130 2280 1351 2341 habere,
1393 2279 1518 2346 quia
1550 2278 1706 2331 solus
1748 2277 1888 2332 Deus

296 2376 601 2429 immensus
649 2382 759 2438 est;
810 2380 864 2427 et
911 2387 1010 2440 per
1054 2370 1428 2440 eompaginem
1458 2384 1570 2424 sua:
1613 2369 1889 2437 qualitatis

287 2468 609 2531 Subsistere,
642 2466 765 2534 quia
813 2465 966 2519 solus
994 2464 1137 2517 Deus
1166 2463 1520 2532 incorporeus
1558 2468 1679 2526 est;
1711 2469 1765 2514 et
1793 2476 1890 2530 per

288 2558 453 2613 aliam
503 2558 860 2612 substantiam
895 2558 1095 2621 vivere,
1141 2555 1266 2624 quia
1304 2555 1455 2608 solus
1502 2554 1644 2608 Deus
1694 2553 1890 2607 nuliius

292 2657 440 2717 eget.
474 2648 594 2718 Ipse
619 2657 798 2702 autem
830 2648 1080 2701 omnibus
1108 2654 1193 2700 est
1234 2644 1605 2709 necessarius,
1637 2644 1738 2713 ipsi
1778 2644 1891 2698 nul-

290 2736 395 2793 lus.
411 2738 521 2792 Sed
550 2740 672 2809 quia
696 2738 857 2791 nimia
879 2737 1048 2805 gratia
1081 2737 1296 2806 pietatis
1314 2751 1424 2789 suae
1454 2735 1715 2790 facturam
1736 2749 1887 2789 suam

293 2834 351 2887 in
382 2832 636 2886 omnibus
665 2830 857 2897 diligit,
884 2817 1134 2897 dignatur
1159 2843 1257 2897 per
1288 2828 1478 2895 legem,
1510 2842 1609 2895 per
1633 2826 1888 2879 virtutum

290 2921 517 2991 judicia,
547 2936 644 2988 per
667 2920 1138 2989 compunctionem
1186 2917 1385 2981 cordis,
1436 2932 1533 2985 per
1561 2915 1889 2979 magnitudi-

294 3028 423 3068 nem
446 3026 671 3081 operum
709 3010 988 3064 hominum
1037 3009 1263 3062 invitare
1310 3007 1605 3061 hominem.
1656 3005 1725 3060 Et
1767 3006 1890 3061 ide‘o

293 3124 406 3165 non
447 3110 622 3167 solum
663 3123 831 3178 panes
878 3107 1189 3175 angelorum
1215 3147 1231 3171 ,
1278 3106 1373 3161 sed
1418 3114 1474 3161 et
1494 3107 1673 3161 avium
1700 3121 1890 3161 carnes

293 3200 765 3255 innumerabilium
785 3198 1292 3267 concupiscentibus
1316 3197 1503 3251 tribuit
1523 3199 1685 3251 etiam
1707 3198 1886 3265 ingra-
1914 3173 1961 3237 C

295 3289 389 3361 tis.
422 3290 489 3343 Et
513 3306 581 3344 ne
606 3290 829 3344 inultum
862 3290 1190 3357 ingratorum
1218 3289 1421 3343 crimen
1449 3288 1738 3356 posteritas
1777 3303 1884 3341 non

293 3381 519 3434 timeret
547 3395 666 3434 cum
694 3380 869 3433 adhuc
899 3393 1035 3433 esetn
1064 3394 1253 3432 eorum
1283 3386 1439 3432 erant
1468 3378 1519 3431 in
1548 3393 1643 3431 ore
1674 3393 1881 3442 eorum,

292 3471 379 3525 ira
407 3470 502 3525 Dei
532 3471 678 3523 venit
706 3483 870 3539 super
897 3485 1011 3531 eos,
1045 3470 1170 3538 quia
1203 3485 1308 3522 non
1347 3468 1695 3524 crediderunt
1723 3470 1886 3522 mira-

291 3560 495 3616 bilibus
536 3561 676 3628 eius.
720 3560 1043 3614 Defecerunt
1090 3560 1142 3613 in
1169 3560 1405 3613 vanitate
1429 3560 1547 3614 dies
1592 3575 1800 3621 eorum,
1830 3567 1886 3614 et

292 3654 428 3707 anni
450 3668 637 3707 eorum
658 3669 777 3707 cum
809 3652 1169 3707 festinatione.
1203 3652 1402 3708 Verum
1448 3655 1573 3721 quia
1597 3694 1612 3717 ,
1647 3662 1704 3707 ut
1730 3653 1840 3707 dixi
1866 3692 1881 3717 ,

292 3755 360 3802 tu
405 3749 452 3801 si
495 3765 600 3802 non
648 3749 787 3803 malo
833 3757 1053 3803 coactus
1087 3748 1405 3804 benefacere
1454 3766 1560 3804 non
1590 3750 1715 3803 vis:
1748 3748 1882 3804 Cum

292 3836 594 3899 occideret,
640 3838 831 3906 inquit,
875 3853 987 3900 eos,
1025 3840 1341 3907 quaerebant
1386 3855 1531 3902 eum,
1570 3848 1626 3894 et
1666 3856 1887 3895 conver-

293 3934 476 3981 tentes
524 3926 757 3982 diluculo
780 3928 1069 3981 veniebant
1114 3928 1180 3981 ad
1217 3944 1359 3982 eum.
1413 3928 1565 3985 Tunc
1613 3929 1884 3984 recordati

291 4026 429 4072 sunt
452 4018 575 4085 quia
607 4018 747 4072 Deus
775 4017 993 4086 adjutor
1023 4026 1078 4073 et
1116 4028 1394 4089 protector
1424 4036 1612 4075 eorum
1642 4031 1745 4075 est.
1777 4021 1884 4076 Sed

293 4108 562 4174 dicentes,
595 4111 788 4179 inquit,
837 4121 892 4165 tu
924 4127 983 4166 es
1030 4112 1171 4167 Deus
1213 4122 1418 4177 noster,
1466 4116 1571 4169 hoc
1599 4116 1734 4179 sola,
1766 4115 1878 4181 ait,

291 4198 482 4268 lingua
513 4203 720 4255 mentiti
750 4211 876 4255 sunt
902 4203 971 4267 ei,
1000 4217 1096 4257 cor
1140 4211 1320 4257 autem
1368 4220 1556 4259 eorum
1606 4220 1713 4260 non
1760 4217 1879 4260 erat

292 4288 507 4346 réctum
534 4308 654 4347 cum
684 4309 769 4347 eo.
826 4292 975 4348 Unde
1011 4303 1067 4348 et
1115 4294 1372 4351 Dominus
1417 4295 1546 4350 dicit
1581 4315 1593 4350 :
1625 4296 1879 4368 Populus,

291 4384 493 4451 inquit,
526 4385 607 4437 ltic
627 4383 776 4438 labiis
806 4401 886 4437 me
910 4385 1097 4456 diligit,
1127 4402 1217 4440 cor
1244 4396 1414 4440 autem
1435 4404 1609 4441 eorum
1639 4389 1790 4460 longe
1807 4400 1885 4443 est

291 4494 332 4530 α
354 4475 624 4545 me(lsai.
669 4478 839 4547 χχιχ).
882 4476 1024 4538 Haec,
1067 4494 1235 4548 quare
1284 4480 1429 4535 hmc?
1453 4481 1588 4547 Quia
1613 4481 1741 4536 fides
1772 4498 1878 4537 non

288 4576 383 4621 est
420 4567 600 4622 habita
632 4576 955 4622 testamento
980 4569 1118 4637 ejus.
1152 4570 1279 4624 Sine
1307 4571 1441 4640 ﬁde,
1474 4581 1651 4627 autem
1671 4614 1686 4636 ,
1729 4583 1786 4627 ut
1810 4574 1884 4627 ait

290 4659 614 4727 Apostolus,
655 4659 970 4730 impossibile
1021 4671 1098 4715 est
1155 4664 1360 4731 placere
1410 4663 1515 4719 Deo
1547 4665 1741 4736 (Hebr.
1784 4670 1875 4736 ιιι).

289 4750 658 4806 Discutiatnus
697 4767 985 4822 parumper
1020 4753 1088 4808 de
1152 4768 1261 4821 quo
1308 4762 1634 4811 testamento
1673 4767 1879 4825 agatur.

286 4843 437 4899 Audi
466 4843 781 4912 Apostolum
814 4862 826 4895 :
889 4843 1130 4899 Hominis
1150 4887 1163 4910 ,
1210 4847 1302 4910 ait,
1349 4856 1709 4903 testamentum
1735 4864 1883 4908 nemo

286 4938 505 4990 irritum
522 4938 667 5007 facit,
710 4946 799 4990 aut
838 4937 1222 5007 super-ordinat.
1266 4939 1489 4994 Abralne
1528 4941 1718 4997 dictum
1749 4955 1835 4997 est
1863 4962 1882 4999 :

292 5029 368 5084 In
400 5030 592 5083 sentina
618 5038 702 5082 tua
723 5028 1036 5083 hwreditabo
1064 5045 1237 5083 omnes
1266 5039 1439 5102 gentes
1468 5048 1485 5085 :
1510 5031 1563 5084 Ν
1567 5051 1656 5097 οη,
1688 5036 1880 5104 inquit,

290 5121 434 5176 dixit
454 5123 508 5173 in
531 5118 829 5183 seminibus,
853 5120 1003 5190 quasi
1038 5122 1092 5173 in
1126 5123 1323 5185 multis,
1347 5123 1439 5175 sed
1466 5124 1522 5177 in
1544 5127 1739 5179 semine
1770 5137 1876 5193 tuo,

290 5212 436 5279 quod
457 5221 531 5265 est
553 5209 787 5264 Christus
815 5208 1013 5271 (Galat.
1051 5226 1107 5263 tu
1128 5213 1167 5279 ).
1200 5210 1316 5265 lloc
1338 5226 1468 5280 ergo
1499 5221 1878 5271 testamentum

291 5303 442 5373 quod
473 5318 595 5356 cum
640 5303 906 5356 Abraham
942 5312 1095 5371 patre
1123 5317 1315 5358 eorum
1351 5305 1539 5359 habuit
1568 5306 1725 5370 Deus,
1753 5309 1879 5364 dum

290 5394 595 5462 compleret
629 5395 680 5447 in
712 5392 845 5448 Filio
887 5409 1018 5457 suo,
1052 5393 1181 5448 fides
1223 5410 1330 5450 non
1379 5405 1461 5450 est
1492 5398 1670 5451 habita
1715 5409 1879 5454 testa-

290 5493 481 5538 tnento
510 5484 643 5549 cjm.
675 5483 790 5553 ipse
812 5492 1096 5539 autemest
1121 5487 1445 5553 misericors,
1462 5490 1623 5543 etiam
1647 5479 1698 5544 in
1722 5507 1882 5547 crure

290 5576 526 5646 positus,
557 5576 822 5645 propitius
855 5576 909 5628 fit
937 5579 1172 5644 peccatis
1201 5592 1407 5641 eorum,
1432 5587 1506 5642 et,
1532 5597 1652 5635 cum
1676 5593 1877 5650 posset,

294 5683 404 5720 non
437 5666 751 5734 ili:perdidit
778 5681 896 5724 eos.
939 5669 1007 5720 ita
1042 5676 1100 5722 ut
1129 5678 1342 5732 rogaret
1393 5669 1604 5726 Patrem
1633 5688 1790 5728 suum
1822 5684 1880 5729 ut

288 5769 346 5812 νε
382 5774 495 5825 ipse
522 5759 819 5826 induigeret
838 5761 933 5813 eis.
968 5760 1100 5826 Quia
1134 5763 1447 5818 recordatus
1470 5774 1549 5819 est
1577 5767 1719 5833 Quod
1749 5782 1876 5822 caro

1988 1916 2089 1972 bus
2118 1917 2229 1971 suis
2256 1917 2640 1971 aemularentur
2667 1932 2791 1971 eum
2825 1934 2837 1969 :
2865 1914 3094 1985 Propter
3123 1916 3242 1979 hoc,
3283 1916 3473 1984 inquit,
3500 1930 3575 1970 re-

1990 2008 2124 2077 pulit
2166 2008 2571 2063 tabernaculum
2619 2006 2789 2062 Silon.
2822 2006 2972 2061 Facit
3013 2007 3161 2061 locus
3187 2014 3373 2061 contra
3402 2006 3576 2061 haere-

1990 2098 2129 2153 ticos
2157 2098 2249 2167 qui
2277 2098 2487 2153 dicunt:
2509 2097 2613 2151 Pro
2645 2097 2871 2165 duorum
2904 2097 3144 2167 peccatis
3166 2094 3394 2151 filiorum
3432 2095 3571 2159 lleli,

1990 2188 2132 2245 Deus
2146 2188 2322 2258 justus
2342 2203 2558 2243 omnem
2578 2186 2740 2241 Israel
2756 2187 3012 2257 populum
3037 2184 3570 2247 tradiditi’liilistieis;

1988 2280 2220 2353 Spiritus
2247 2296 2376 2335 vero
2402 2287 2621 2334 sanctus
2642 2278 2902 2348 detegens
2942 2279 3154 2333 crimen
3204 2279 3436 2333 universi
3487 2295 3573 2348 po-

1990 2373 2103 2442 puli
2130 2373 2259 2428 dicit
2291 2390 2303 2425 :
2330 2370 2483 2438 Quod
2503 2377 2817 2425 averterunt
2839 2385 2898 2425 se
2932 2386 2963 2424 a
2992 2369 3123 2434 Deo,
3151 2378 3206 2424 et
3237 2387 3343 2425 non
3386 2369 3572 2425 obser-

1989 2471 2527 2533 vavcruntprmcepta
2551 2460 2688 2531 ejus,
2718 2462 2857 2517 sicut
2881 2470 2936 2517 et
2964 2470 3145 2532 patres
3173 2477 3360 2517 eorum
3386 2484 3399 2514 .
3424 2461 3571 2527 ldeo,

1992 2556 2199 2623 inquit,
2230 2556 2298 2611 ad
2345 2556 2569 2611 nihilum
2610 2554 2821 2624 redegit
2861 2556 3020 2611 nimis
3048 2556 3231 2620 lsrael,
3260 2564 3315 2610 et
3345 2556 3464 2610 ideo
3495 2570 3572 2613 re-

1992 2648 2126 2716 pulit
2149 2648 2556 2705 tabernaculum
2586 2646 2766 2713 Silon,
2801 2649 2921 2703 ideo
2958 2649 3229 2703 convertit
3259 2648 3311 2702 in
3342 2649 3572 2718 captivi-

1994 2748 2157 2794 tatem
2188 2742 2439 2796 virtutem
2471 2742 2732 2812 ipsorum.
2758 2740 2823 2794 Et
2863 2740 3311 2810 pulchritudinem
3341 2754 3527 2794 eorum
3554 2777 3580 2803 ι

1990 2830 2042 2885 id
2073 2840 2173 2894 est,
2208 2814 2724 2888 arcam'testamenti
2772 2832 2983 2886 Domini
3015 2831 3234 2886 tradidit
3282 2832 3334 2885 in
3382 2844 3571 2886 manus

1992 2925 2212 2981 inimici.
2247 2923 2379 2979 Com
2399 2925 2524 2982 lusit
2572 2925 2622 2978 in
2653 2922 2832 2991 gladio
2866 2924 3121 2992 populum
3152 2938 3325 2988 suum,
3359 2930 3414 2976 et
3461 2922 3572 2975 lia:-

1990 3016 2275 3072 redita'tem
2303 3030 2457 3070 suam
2493 3015 2716 3084 sprevit,
2763 3014 2835 3067 ita
2868 3023 2925 3068 ut
2964 3021 3019 3068 et
3047 3012 3355 3068 sacerdotes
3383 3027 3574 3070 eorum

1990 3107 2168 3177 gladio
2197 3107 2489 3170 caderent,
2529 3107 2756 3174 juvenes
2793 3105 2929 3173 ignis
2968 3104 3308 3167 comederet,
3340 3103 3575 3171 virgines

1991 3201 2107 3254 sine
2136 3199 2371 3254 lamento
2401 3199 2670 3268 perirent,
2698 3197 2872 3252 vidua:
2900 3199 3016 3252 sine
3045 3195 3379 3267 plorantibus
3408 3197 3573 3252 inten-

1990 3290 2147 3344 irent.
2181 3289 2436 3345 Venimus
2466 3305 2606 3345 nunc
2629 3289 2696 3343 ad
2727 3288 2903 3344 locum
2926 3331 2943 3355 ,
2993 3290 3084 3358 q’ui
3114 3304 3213 3343 nos
3241 3289 3309 3343 ab
3348 3287 3577 3347 historia

1987 3380 2054 3435 ad
2083 3381 2365 3450 mysticum
2396 3381 2735 3447 etmoralem
2777 3380 3019 3435 auditum
3063 3380 3323 3449 impellat.
3357 3379 3573 3435 Excita~

1986 3478 2073 3525 tus
2101 3477 2203 3533 est,
2234 3470 2424 3539 inquit,
2478 3478 2729 3538 tanquam
2780 3470 3053 3525 dormiens
3094 3468 3376 3525 Dominus.
3421 3468 3572 3537 Quo-

1989 3563 2297 3631 tiescunquc
2328 3576 2455 3630 ergo
2486 3561 2768 3631 captivitas
2812 3562 2925 3616 sive
2972 3562 3222 3626 carnalis,
3254 3562 3367 3617 sive
3416 3562 3573 3633 spiri-

1988 3654 2108 3707 talis
2152 3653 2330 3718 venit,
2377 3652 2608 3706 sciamus
2667 3652 2903 3706 dormire
2950 3652 3255 3719 Dominum,
3286 3660 3343 3707 et
3389 3652 3575 3713 tandiu

1984 3742 2203 3806 dormit,
2231 3742 2468 3811 quandiu
2496 3742 2838 3797 inveniantur
2866 3741 3064 3809 idonei,
3094 3744 3185 3814 qui
3206 3744 3325 3798 ausi
3352 3745 3458 3798 sint
3480 3758 3573 3798 ex-

1986 3834 2154 3888 citare
2192 3849 2335 3887 eum.
2386 3833 2502 3887 lloc
2524 3840 2755 3903 namque
2800 3842 2885 3889 est
2930 3834 3074 3903 quod
3120 3835 3274 3888 linxit
3316 3814 3573 3889 Doiuinus

1985 3936 2172 4012 noster
2214 3924 2372 3981 Jesus
2417 3927 2661 3982 Christus
2710 3929 2762 3982 in
2812 3928 2935 3982 navi
2975 3928 3101 3983 dum
3138 3926 3514 3985 transfretaret
3556 3945 3571 3980 :

1986 4019 2151 4072 nimia
2179 4025 2235 4073 et
2262 4019 2667 4088 incomparabili
2697 4027 3014 4089 tempestate
3055 4021 3210 4073 navis
3240 4021 3292 4075 in
3323 4034 3426 4087 qua
3456 4025 3573 4072 erat

1986 4126 2107 4165 cum
2133 4111 2408 4180 discipulis
2435 4112 2564 4176 suis,
2589 4112 2865 4180 agebatur,
2892 4113 2964 4166 ita
2996 4120 3053 4167 ut
3081 4113 3211 4169 nihil
3240 4117 3569 4182 superesset,
3604 4158 3625 4167 ρ

1987 4205 2088 4258 nisi
2142 4212 2200 4257 ut
2223 4213 2597 4271 mergerentur
2625 4206 2677 4259 in
2709 4204 2974 4259 ﬂuetibus.
3030 4204 3362 4260 Aeccdentes
3402 4202 3569 4257 disci—

1986 4295 2095 4364 puli
2124 4294 2192 4347 a.l
2233 4293 2590 4347 dormientem
2630 4293 2933 4359 Dominum,
2962 4293 3196 4347 clamore
3241 4308 3364 4347 eum
3403 4291 3570 4346 nimio

1984 4389 2226 4442 excitant
2252 4386 2492 4441 dicentes
2520 4406 2533 4440 :
2567 4386 2883 4457 Prteceptor,
2915 4388 3140 4458 perimus
3171 4385 3397 4457 (Matth.
3432 4386 3566 4455 vin).

1985 4482 2077 4535 ille
2107 4488 2286 4535 autem
2324 4493 2550 4547 surgens
2590 4479 2872 4549 imperavit
2901 4480 3106 4540 ventis,
3136 4485 3193 4532 et
3248 4477 3572 4546 quieverunt

1990 4574 2144 4629 unda:
2171 4583 2227 4628 et
2252 4573 2607 4642 tranquillam:
2632 4572 2906 4628 sunt.Non
2937 4586 3066 4640 ergo
3096 4571 3216 4626 ideo
3237 4570 3435 4626 dormit
3457 4570 3567 4626 Do-

1987 4665 2183 4730 minus,
2217 4672 2276 4719 ut
2314 4680 2506 4720 somno
2526 4671 2792 4718 teneatur.
2838 4663 3063 4732 Semper
3094 4662 3295 4730 vigilat,
3329 4668 3383 4716 et
3431 4677 3571 4716 nun-

1985 4771 2148 4825 quam
2167 4756 2396 4811 dormiet
2416 4756 2653 4819 omnino,
2682 4769 2855 4823 neque
2875 4754 3202 4808 donnitahit.
3229 4752 3334 4808 Sed
3355 4752 3570 4823 quando

1986 4848 2036 4901 ci
2060 4864 2161 4904 nos
2187 4848 2459 4902 silentium
2488 4846 2709 4902 facimus
2738 4848 2845 4901 tale
2868 4885 2884 4911 ,
2911 4846 3071 4914 quale
3094 4846 3187 4915 qui
3225 4846 3369 4901 dicat
3419 4864 3432 4899 :
3477 4844 3570 4900 Sic

1986 4956 2084 4996 vos
2104 4941 2305 5003 siletis,
2336 4940 2475 4994 sicut
2502 4939 2641 4994 solet
2687 4937 2803 4992 fieri
2848 4938 3121 4992 silentium
3151 4937 3565 5009 patrifamilias;

1989 5039 2050 5086 ut
2076 5034 2318 5101 quiescat
2353 5045 2480 5085 ecce
2507 5030 2726 5098 quiesco
2748 5069 2766 5095 ,
2798 5044 2925 5085 ecce
2953 5030 3114 5094 sileo,
3168 5045 3296 5086 ecce
3333 5029 3563 5094 dormio,

1988 5143 2096 5181 non
2140 5126 2442 5180 orationum
2490 5123 2776 5192 gemitibus
2817 5122 3036 5193 pulsor,
3084 5139 3193 5178 non
3240 5122 3571 5193 psalmorum

1987 5219 2208 5273 vocibus
2237 5218 2534 5286 inquietor,
2567 5230 2667 5270 nec
2695 5215 2921 5269 assiduis
2965 5215 3429 5285 deprecationibus
3470 5228 3569 5268 ex—

1981 5311 2145 5373 citor,
2176 5308 2361 5377 grandi
2385 5308 2492 5362 hoc
2513 5317 2693 5361 vestro
2732 5307 2947 5361 silentio
2993 5323 3095 5375 ego
3139 5290 3367 5370 dormio,
3393 5314 3447 5359 et
3482 5321 3571 5360 me

1988 5402 2290 5455 dormiente
2310 5402 2457 5455 venit
2478 5415 2641 5470 super
2672 5415 2765 5454 vos
2790 5410 2883 5455 aut
2907 5401 3181 5469 spiritalis,
3211 5408 3269 5453 ut
3308 5399 3436 5461 dixi,
3470 5408 3565 5452 aut

1980 5495 2210 5548 carnalis
2242 5501 2533 5562 tempestas
2553 5531 2569 5555 ,
2614 5508 2719 5560 qua
2765 5494 3024 5561 compulsi
3053 5492 3118 5544 ad
3169 5503 3350 5558 regem
3377 5489 3568 5545 confu-

1982 5586 2163 5652 giatis,
2195 5594 2250 5638 ut
2273 5584 2389 5650 ejus
2420 5584 2608 5652 vigiliis
2631 5584 2929 5638 liberemini
2952 5623 2967 5646 ,
3010 5582 3163 5649 cujus
3190 5597 3381 5634 somno
3411 5582 3564 5650 capi-

1982 5677 2130 5731 mini.
2160 5677 2398 5746 Denique
2427 5676 2690 5730 excitatus
2716 5674 2967 5746 pretilms
2996 5680 3334 5737 sanctorum,
3381 5673 3565 5727 audito

1980 5768 2106 5836 quid
2153 5767 2337 5823 fecerit
2371 5786 2381 5821 :
2410 5765 2718 5831 Percussit,
2758 5764 2946 5834 inquit,
2991 5777 3178 5819 omnes
3218 5764 3461 5819 inimicos
3502 5764 3561 5824 in
