3870 6182
423 309 529 365 439

1738 300 1999 363 ΔΒΝσΒΙ]

2101 303 2354 363 JNIOMS
3546 320 3626 378 llo

423 431 634 478 secreto
664 423 866 478 natium
894 436 1099 479 eorum.
1134 416 1410 491 Tantaque
1450 421 1676 475 mni-iam
1708 420 1860 489 copia
1904 434 2001 472 αι·
2035 420 2081 477 Δ
2111 422 2339 475 cessuris
2359 422 2440 476 sui
2467 431 2711 487 secutus,
2745 424 3033 479 lamentmn
3077 414 3231 482 simul
3271 426 3372 483 Deo
3399 424 3504 485 eum
3528 449 3627 487 ora-

425 512 583 577 stitit,
616 520 675 567 ut
704 512 878 567 nullus
903 528 1092 567 eorum
1121 520 1266 567 esset
1293 510 1447 581 cujus
1472 524 1606 567 anus
1636 528 1742 565 non
1774 528 1805 565 a
1840 510 2008 564 muri-

422 600 524 656 bus
550 601 848 667 raderetur,
873 602 944 655 ita
975 602 1206 665 ut,sieut
1224 601 1352 656 dicit
1382 601 1517 656 liber
1546 599 1751 671 primus
1778 598 2007 667 Regum,

425 695 636 749 exirent
678 695 1045 765 prominentes
1095 694 1300 749 extales
1340 708 1548 749 eorum.
1599 691 1714 747 Hoc
1756 706 1883 760 ergo
1925 699 2007 746 est

425 784 569 856 quod
599 787 676 840 ait
715 787 939 841 nuncin
984 786 1343 856 isto_psalmo,
1388 786 1681 841 excitatum
1720 784 2005 839 Dominum

421 877 758 946 percussisse
790 878 1035 932 inimicos
1065 877 1118 931 in
1148 876 1466 946 posteriora.
1499 874 1855 945 Opprobrium
1879 915 1893 939 ,
1926 875 2008 928 in-

421 971 558 1038 quit,
577 970 962 1039 sempiternum
988 968 1133 1024 dedit
1157 969 1278 1033 illis,
1304 976 1359 1022 et
1380 968 1576 1037 repulit
1597 966 2005 1021 tabernaculum

421 1057 621 1129 Joseph
644 1061 695 1114 in
726 1073 891 1128 regno
918 1058 1113 1114 Saulis.
1144 1058 1272 1113 Duae
1301 1058 1414 1112 ista:
1441 1058 1607 1112 tribus
1630 1057 1883 1112 tenebant
1906 1057 2006 1110 im-

419 1151 653 1220 pc.imu,
684 1148 882 1218 Joseph
905 1150 1110 1205 scilicet
1150 1158 1205 1203 et
1240 1149 1537 1217 Benjamin.
1572 1147 1723 1202 Unde
1763 1146 2000 1216 adjecit,

413 1241 640 1295 Tribum
663 1240 895 1311 Ephrem
931 1257 1041 1295 non
1082 1240 1269 1309 elegit,
1322 1249 1380 1295 ut
1422 1240 1773 1294 subaudiatur
1812 1237 1877 1292 ad
1919 1253 2006 1292 re-

421 1344 606 1399 gnnm,
636 1332 727 1385 sed
754 1330 916 1399 elegit
946 1333 1141 1387 tribum
1170 1330 1304 1385 Juda
1333 1331 1399 1386 ad
1432 1345 1675 1399 regnum,
1704 1329 1847 1399 quod
1877 1328 2004 1383 licet

419 1422 474 1476 in
506 1421 669 1476 David
699 1430 824 1476 tunc
852 1430 1066 1491 pactum
1092 1422 1159 1477 sit
1184 1462 1198 1487 ,
1223 1422 1275 1476 in
1301 1419 1515 1476 Christo
1540 1421 1870 1491 completum
1897 1427 1998 1473 est.

416 1511 476 1568 In
508 1520 691 1566 monte
737 1510 867 1566 Sion
913 1527 1075 1581 quem
1105 1511 1297 1579 elegit,
1328 1511 1379 1565 in
1414 1526 1523 1581 quo
1558 1509 1841 1566 mdilicavit
1863 1508 2004 1563 sicut

424 1604 700 1660 unicornis
728 1604 1091 1659 sanctuarium
1133 1619 1309 1667 suum,
1342 1603 1414 1657 ibi
1443 1610 1628 1665 natus,
1672 1600 1744 1655 ibi
1773 1598 2003 1668 baptiza-

422 1702 532 1759 tus,
566 1695 637 1749 ibi
668 1702 921 1759 tentatus,
973 1694 1046 1749 ibi
1086 1694 1139 1747 in
1176 1693 1462 1748 virtutibus
1505 1691 1896 1755 manifestatus,
1928 1689 2001 1743 ibi

2112 511 2259 565 tione
2304 510 2547 566 effundit.
2609 512 2776 582 Cujus
2829 515 3050 571 historia
3116 519 3421 589 praeteritam
3465 526 3629 581 cuidem

2112 597 2514 657 Philistinorum
2571 604 2863 673 explanat,
2915 606 3247 675 prophetiam
3295 606 3502 664 laturam
3542 612 3627 666 Na-

2108 692 2569 751 buchodonosoris
2614 706 3001 751 commemorat
3056 699 3271 754 moralis
3313 702 3468 757 nostri
3503 704 3633 772 hujus

2109 786 2362 856 spiritalis
2426 787 2618 856 prmlii.
2680 786 2752 842 Ut
2808 803 2934 843 vere
2995 788 3277 844 dicendum
3326 800 3436 855 est,
3484 793 3634 862 plorat

2107 877 2319 931 venisse
2364 885 2553 945 gentes
2604 877 2657 932 in
2707 878 3070 934 [nereditatem
3120 881 3231 935 Dei.
3274 879 3338 935 Et
3385 881 3506 936 liber
3544 882 3633 938 Re-

2107 980 2233 1035 gum
2275 967 2334 1030 l,
2366 967 2434 1022 de
2481 967 2842 1024 Salomoneet
2895 986 3021 1026 arca
3068 975 3364 1027 testamenti
3388 984 3630 1029 memorat.

2106 1055 2175 1110 Et
2194 1056 2459 1111 Jeremias
2486 1058 2553 1112 de
2578 1056 2873 1113 Jerusalem
2896 1067 2947 1113 et
2974 1059 3042 1114 de
3064 1060 3276 1130 templo,
3296 1061 3338 1115 si
3362 1062 3636 1132 prophetico

2104 1148 2267 1203 modo
2297 1149 2439 1204 hunc
2465 1149 2727 1218 psalmum
2754 1151 3242 1221 quaeris,explanat.
3291 1152 3392 1207 Nos
3415 1169 3529 1208 vero
3561 1156 3635 1223 qui

2105 1237 2401 1293 Jerusalem
2442 1247 2678 1294 nostram
2725 1241 2958 1295 animam
3002 1242 3244 1309 dicimus,
3284 1244 3331 1298 si
3363 1251 3524 1299 tamen
3559 1263 3636 1301 res

2106 1330 2358 1401 pacificus
2377 1332 2663 1398 requiescit
2694 1332 2744 1384 in
2774 1345 2858 1394 ea,
2891 1332 3004 1386 haec
3016 1333 3229 1401 quando
3247 1350 3341 1403 per
3366 1350 3636 1390 consensum

2104 1435 2280 1483 suum,
2313 1428 2368 1474 et
2396 1428 2621 1489 propter
2638 1422 3014 1490 negligentiam
3041 1438 3217 1487 suam,
3246 1425 3366 1479 dum
3393 1440 3489 1479 non
3509 1441 3640 1494 repno

2104 1509 2317 1577 gnando
2343 1519 2644 1579 superatur.
2669 1526 2732 1565 ac
2752 1510 2876 1566 dum
2907 1512 3179 1582 peccando
3199 1516 3337 1569 Deus
3351 1517 3415 1570 ab
3449 1515 3550 1583 ejus
3573 1516 3623 1570 of
3626 1546 3639 1557 -

2103 1596 2345 1653 fensione
2374 1599 2704 1664 discesserit,
2725 1601 2949 1655 veniunt
2986 1601 3054 1655 ad
3092 1616 3213 1656 eam
3239 1612 3431 1670 gentes.
3455 1604 3523 1658 Ad
3544 1620 3640 1658 eam

2105 1689 2290 1758 utique
2316 1704 2478 1757 quam
2524 1690 2577 1743 in
2618 1689 2935 1745 barreditate
2956 1707 3052 1745 sua
3072 1692 3310 1761 possidet
3339 1692 3573 1758 Christus,
3598 1701 3641 1747 et

417 1800 630 1855 passus,
664 1786 736 1839 ibi
775 1793 1051 1851 mortuus,
1095 1785 1165 1839 ibi
1200 1785 1440 1853 sepultus
1461 1824 1476 1849 ,
1520 1783 1593 1837 ibi
1634 1796 1927 1851 exsurgens
1969 1797 1997 1834 a
2033 1782 2075 1840 Β
2107 1778 2353 1848 polluant
2393 1780 2649 1849 templum
2678 1790 2926 1835 sanctum
2961 1781 3101 1851 ejus,
3128 1790 3369 1839 sanetum
3407 1782 3577 1839 factum
3599 1784 3642 1837 in

416 1877 645 1931 mortuis
676 1876 833 1930 tertia
862 1876 986 1940 die,
1010 1875 1082 1930 ibi
1111 1874 1349 1930 ascendit
1384 1875 1437 1931 in
1475 1874 1660 1931 cmlos.
1690 1872 1747 1929 lu
1793 1880 1991 1929 terram

417 1981 580 2035 quam
604 1966 844 2022 fundavit
872 1967 925 2020 in
955 1966 1180 2032 secula,
1214 1966 1264 2020 id
1301 1974 1411 2031 est,
1454 1967 1509 2021 in
1530 1966 1681 2027 Sion,
1707 1964 1759 2020 id
1787 1975 1900 2028 est,
1939 1965 1993 2020 in

416 2058 656 2115 Ecclesia
685 2066 1013 2114 sanctorum.
1057 2057 1189 2112 Nam
1220 2059 1292 2114 ibi
1315 2060 1552 2128 elegerat
1586 2057 1755 2113 David
1780 2073 1993 2114 servum

417 2165 591 2213 suum,
620 2149 836 2219 quando
861 2164 984 2204 eum
1016 2149 1138 2203 tulit
1179 2149 1251 2205 de
1279 2150 1530 2219 gregibus
1559 2150 1769 2215 ovium,
1801 2155 1861 2204 ut
1898 2164 1993 2218 pa-

417 2246 592 2295 sceret
617 2237 782 2295 Jacob
823 2246 878 2295 et
905 2239 1089 2306 lsrael,
1128 2240 1496 2296 bsereditatem
1518 2255 1701 2307 suam,
1733 2255 1872 2310 quos
1898 2256 1995 2310 pa-

419 2337 536 2386 scet
561 2346 730 2399 usque
757 2331 918 2386 hodie
945 2330 1042 2385 Dei
1069 2330 1233 2386 Filius
1253 2331 1369 2387 sine
1396 2331 1600 2386 malitia
1626 2331 1825 2396 cordis,
1857 2340 1912 2386 et
1940 2331 1993 2385 in

419 2438 579 2477 sensu
608 2438 859 2477 manuum
888 2437 1105 2477 suarum
1139 2421 1368 2478 deducet
1396 2437 1514 2477 nos.
1558 2422 1683 2477 Ideo
1707 2422 1852 2477 enim
1881 2436 1995 2476 ma-

419 2527 519 2567 nus
547 2530 671 2569 suas
700 2513 752 2567 in
782 2528 938 2569 cruce
967 2513 1191 2575 levavit,
1223 2519 1283 2567 ut
1311 2512 1363 2566 in
1392 2512 1562 2580 gloria
1590 2528 1842 2567 manuum
1872 2527 1997 2567 sua-

422 2618 538 2659 rum
567 2605 760 2677 dirigat
790 2620 925 2670 nos,
973 2604 1065 2673 qui
1092 2611 1282 2672 regnat
1326 2619 1448 2659 cum
1489 2602 1652 2660 Patre
1696 2613 1753 2659 et
1794 2603 1996 2675 Spiritu

421 2705 609 2752 sancto
638 2696 692 2750 in
719 2695 911 2751 secula
937 2695 1270 2750 saeculorum.
1309 2693 1500 2750 Amen.

897 2827 1210 2884 PSALMUS
1246 2825 1522 2882 LXXVIII.

976 2939 1217 2996 Psalmus
1244 2940 1442 3013 Asaph.

2100 1872 2365 1944 baptismo
2385 1888 2581 1945 corpus
2608 1873 2744 1944 ejus.
2786 1872 3000 1930 Ponunt
3041 1874 3353 1942 Jerusalem,
3382 1879 3533 1934 veluti
3554 1894 3637 1950 po-

2094 1982 2305 2020 morum
2331 1966 2648 2023 custodiam.
2670 1965 2748 2022 Ita
2768 1965 3033 2024 desertam
3062 1967 3266 2026 faciunt
3291 1983 3425 2035 eam,
3439 1977 3494 2023 ut
3512 1977 3641 2040 putes

2096 2054 2240 2111 illam
2271 2056 2546 2112 civitatem
2586 2072 2833 2126 magnam
2876 2060 2933 2113 in
2959 2059 3122 2115 vilem
3151 2061 3382 2116 casulam
3408 2059 3640 2115 bortulani

2099 2163 2435 2204 conversam.
2480 2147 2784 2206 Posuerunt
2817 2151 3103 2206 morticina
3151 2167 3421 2208 servorum
3454 2160 3637 2206 tuorum

2103 2253 2258 2295 escas
2284 2239 2592 2296 volatilibus
2611 2241 2753 2296 emli.
2779 2240 2897 2297 Hoc
2923 2242 3044 2298 loco
3070 2243 3309 2298 volatilia
3343 2243 3541 2314 spiritus
3557 2242 3641 2296 im-

2098 2331 2283 2387 mundi
2340 2332 2705 2398 nominantur,
2735 2331 2803 2388 de
2830 2332 3025 2401 quibus
3051 2333 3184 2389 dicit
3208 2332 3483 2405 Apostolus
3510 2351 3522 2386 :
3545 2331 3645 2402 Spi-

2098 2421 2237 2477 ritus
2265 2422 2407 2478 aeris
2455 2422 2632 2493 hujus.
2664 2422 2768 2494 Ipsi
2801 2424 2948 2479 velut
2992 2424 3240 2481 volucres
3282 2424 3549 2481 comedunt
3571 2437 3646 2492 per

2099 2518 2366 2575 luxuriam
2394 2534 2587 2575 carnes
2611 2526 2919 2576 sanctorum
2939 2528 3178 2577 tuorum.
3201 2520 3491 2577 Comedunt
3513 2518 3645 2576 simul

2101 2608 2289 2664 bestiae
2336 2616 2511 2675 terrm,
2540 2610 2585 2664 si
2614 2608 2900 2665 effuderint
2949 2611 3269 2677 sanguinem
3313 2626 3504 2676 eorum,
3531 2610 3650 2666 velut

2101 2715 2295 2770 aquam
2320 2701 2465 2758 circa
2489 2701 2659 2772 ipsum
2679 2700 2998 2757 Jerusalem.
3020 2701 3088 2758 Et
3114 2719 3227 2759 non
3249 2702 3403 2759 fuerit
3426 2702 3509 2772 qui
3529 2713 3657 2770 sepe-

2100 2792 2216 2860 liat,
2259 2792 2385 2848 dum
2441 2808 2602 2849 nemo
2645 2802 2730 2850 est
2773 2794 2866 2863 qui
2895 2794 3145 2865 exemplo
3203 2796 3326 2851 vita:
3360 2794 3425 2849 ah
3460 2792 3647 2848 interitu

2102 2885 2295 2940 mortis
2321 2885 2637 2942 abscondat.
2658 2883 2810 2941 Tunc
2836 2884 3100 2941 efficimur
3125 2887 3185 2941 in
3229 2886 3403 2942 derisu
3442 2882 3651 2940 omnibus

2104 2974 2401 3043 dmoniis,
2433 2977 2525 3047 Qui
2564 2976 2686 3032 ideo
2709 2976 2872 3032 vicini
2915 2977 3085 3032 nostri
3113 2982 3171 3033 et
3199 2976 3397 3032 inimici
3422 2976 3650 3035 dicuntur,

500 3078 658 3145 Deus,
682 3087 922 3133 venerunt
949 3086 1121 3150 gentes
1159 3080 1210 3131 in
1252 3078 1603 3133 hwreditatem
1627 3087 1782 3141 tuam,
1807 3078 2000 3149 pollue-
2038 3143 2072 3151 _
2104 3066 2229 3136 quia
2251 3081 2355 3122 nec
2389 3081 2499 3121 ιιηο
2519 3066 2739 3136 quidem
2775 3075 2974 3136 puncto
3002 3067 3071 3122 ab
3099 3067 3393 3151 inimicitiis
3411 3066 3550 3136 juxta
3574 3078 3650 3119 nos

426 3178 547 3226 runt
575 3143 815 3240 templum
844 3143 1076 3222 sanctum
1112 3176 1253 3222 tuum
1276 3207 1290 3227 .
1324 3177 1603 3239 posuerunt
1629 3143 1918 3222 Jerusalem
1944 3168 2000 3220 in
2027 3143 2074 3209 (ἶ
2106 3159 2265 3230 positi
2296 3175 2404 3215 non
2432 3158 2711 3214 recedunt.
2748 3158 2830 3214 Ad
2875 3160 2990 3215 [nec
3016 3144 3290 3229 rogandus
3317 3160 3578 3223 Dominus,
3609 3164 3650 3212 ul

427 3275 703 3330 pomorum
739 3259 1053 3313 custodiam.
1102 3257 1393 3313 Posuerunt
1430 3258 1699 3312 morticina
1745 3273 2003 3312 seruorum

428 3363 630 3408 tuorum
648 3367 798 3407 escas
820 3352 1108 3407 volatilibus
1136 3352 1278 3416 coeli,
1328 3367 1510 3406 carnes
1553 3361 1847 3405 sanctorum
1891 3359 2003 3405 tuo-

423 3459 539 3497 rum
569 3445 737 3497 bestiis
762 3451 931 3498 terrae.
957 3441 1267 3512 Effuderunt
1287 3444 1588 3514 sanguinem
1624 3443 1850 3511 ipsorum
1879 3449 2000 3495 tam

425 3552 577 3604 quam
598 3551 780 3606 aquam
808 3535 861 3588 in
891 3535 1107 3588 circuitu
1131 3534 1443 3598 Jerusalem,
1472 3542 1522 3587 et
1542 3551 1643 3588 non
1672 3542 1784 3589 erat
1810 3535 1895 3606 qui
1916 3550 2000 3587 se-

425 3626 623 3694 peliret.
658 3625 809 3678 Facti
849 3643 1024 3679 sumus
1052 3624 1379 3696 opprobrium
1415 3627 1594 3680 vicinis
1637 3625 1859 3689 nostris,
1889 3624 2004 3680 sub-

425 3717 668 3769 sannatio
714 3725 761 3767 et
807 3715 982 3768 illusio
1030 3716 1095 3768 iis
1137 3716 1223 3787 qui
1277 3717 1331 3768 in
1381 3716 1596 3768 circuitu
1646 3725 1822 3769 nostro
1859 3724 1996 3768 sunt.

428 3805 734 3876 Usquequo,
786 3804 1027 3870 Domine,
1072 3806 1314 3859 irasceris
1363 3806 1418 3858 in
1459 3805 1644 3874 ﬁnem,
1697 3806 2002 3859 accendetur

423 3896 558 3949 uelut
596 3897 731 3966 ignis
776 3896 912 3950 zelus
949 3895 1353 3965 tuns?E/funde
1377 3899 1510 3950 iram
1542 3906 1681 3951 tuam
1725 3899 1781 3951 in
1825 3906 2000 3969 gentes

425 4003 539 4059 qua
581 3994 629 4039 te
670 4002 773 4039 non
802 3994 1066 4051 noverunt,
1108 3996 1156 4040 et
1195 3989 1249 4039 in
1278 4004 1437 4058 regna
1474 4004 1586 4058 qua:
1629 4005 1812 4042 nomen
1861 3996 2002 4042 tuum

424 4093 528 4131 non
559 4077 935 4153 invocaverunt.
983 4073 1118 4140 Quia
1164 4078 1492 4132 comederunt
1521 4076 1712 4143 Iacob,
1744 4086 1793 4133 et
1834 4081 2001 4133 locum

424 4172 534 4239 ejus
555 4170 929 4225 desolaverunt.
946 4167 1030 4224 Ne
1054 4171 1345 4225 memineris
1367 4171 1687 4243 iniquitatum
1709 4182 2000 4226 nostrarum

423 4262 770 4332 antiquarum,
801 4260 903 4314 cito
922 4261 1205 4331 anticipent
1227 4278 1321 4315 nos
1347 4263 1715 4316 misericordia:
1740 4273 1858 4327 tum,
1881 4265 2001 4333 quia

423 4367 673 4420 pauperes
699 4351 823 4422 facti
852 4366 1029 4403 sumus
1055 4352 1227 4406 nimis.
1245 4352 1446 4422 Adjuva
1467 4369 1580 4416 nos,
1594 4351 1735 4406 Deus
1754 4354 1999 4408 salutaris

422 4449 616 4506 noster,
647 4447 696 4493 et
727 4450 937 4511 propter
970 4440 1189 4510 gloriam
1218 4442 1443 4505 nominis
1477 4444 1549 4495 tui
1586 4441 1747 4496 libera
1794 4458 1917 4506 nos,
1950 4453 1999 4497 et

2104 3248 2343 3305 ell'undat
2362 3261 2525 3319 super
2543 3263 2638 3304 eos
2673 3249 2807 3303 iram
2833 3264 3006 3306 suam.
3037 3248 3173 3316 Quia
3224 3251 3339 3323 ipsa
3380 3255 3495 3306 sunt
3519 3261 3652 3316 regna

2101 3355 2222 3411 qua:
2244 3356 2440 3396 nomen
2468 3340 2586 3411 ejus
2609 3356 2718 3396 non
2747 3341 3019 3408 invocant,
3061 3342 3157 3398 sed
3186 3342 3471 3398 comedunt
3504 3337 3652 3410 quoti-

2102 3434 2189 3489 die
2216 3432 2402 3499 Jacob,
2418 3440 2473 3489 et
2493 3433 2669 3488 locum
2693 3432 2828 3501 ejus,
2860 3433 3005 3501 quod
3033 3442 3151 3488 erat
3178 3444 3425 3490 ornatum
3452 3430 3653 3487 moribus

2104 3525 2157 3580 in
2179 3539 2416 3580 eremum
2437 3532 2777 3580 convertunt.
2811 3523 3079 3579 Eveniunt
3104 3525 3263 3580 nobis
3283 3526 3396 3581 inec
3413 3524 3454 3579 si
3481 3535 3653 3577 memor

2103 3616 2175 3672 sit
2205 3616 2460 3671 Dominus
2487 3615 2828 3685 iniquitatium
2859 3617 3186 3680 noStrarum,
3219 3616 3419 3670 utinam
3441 3612 3654 3679 antiqua-

2101 3723 2221 3763 rum
2243 3716 2298 3762 et
2322 3724 2429 3762 non
2457 3723 2738 3764 novarum.
2777 3705 2883 3763 Sed
2910 3708 3035 3777 quia
3069 3708 3366 3763 remedium
3402 3701 3655 3762 vulneratis

2104 3807 2188 3854 est
2238 3798 2622 3866 necessarium,
2668 3799 2778 3854 cito
2832 3815 2931 3854 nos
2980 3799 3277 3870 anticipent
3318 3794 3655 3855 misericordia:

2102 3897 2227 3955 tuae,
2253 3888 2413 3944 Deus.
2444 3888 2578 3954 Quia
2602 3882 2865 3959 pauperes
2890 3891 3017 3945 facti
3039 3906 3226 3946 sumus
3251 3892 3425 3957 nimis,
3453 3884 3654 3961 perdidi-

2102 3994 2221 4034 mus
2258 3994 2445 4033 aurum
2476 3978 2761 4047 pudicitiae,
2803 3988 3081 4048 argentum
3117 3982 3278 4036 bona:
3328 3976 3651 4037 conscientia.

2100 4069 2209 4125 Nos
2237 4069 2336 4139 ipsi
2353 4070 2528 4139 praeda
2559 4069 2791 4124 hostium
2821 4068 2945 4125 facti
2962 4084 3168 4130 sumus.
3181 4080 3402 4144 pr0pter
3427 4070 3652 4124 honorem

2103 4162 2331 4218 nominis
2360 4163 2455 4228 tui,
2482 4162 2725 4227 Domine,
2753 4163 2917 4217 libera
2948 4178 3066 4226 nos,
3099 4173 3154 4217 et
3174 4164 3437 4235 propitius
3454 4169 3575 4223 esto,
3602 4170 3654 4210 ne

2099 4254 2367 4322 gaudeant
2394 4255 2671 4318 increduli,
2703 4264 2758 4309 et
2800 4255 2981 4310 dicant
3013 4274 3025 4308 :
3061 4254 3159 4311 Ubi
3185 4267 3269 4312 est
3291 4257 3430 4311 Deus
3465 4249 3654 4309 eorum?

2101 4346 2337 4402 Defende
2374 4347 2687 4415 sanguinem
2743 4362 3019 4401 servorum
3063 4354 3301 4414 tuorum,
3355 4347 3443 4414 qui
3486 4342 3655 4398 elfusus

2100 4447 2200 4494 est.
2226 4438 2376 4494 Sicut
2418 4439 2561 4494 enim
2593 4439 2642 4492 in
2672 4438 2824 4492 ruina
2848 4439 3124 4493 hominum
3154 4438 3354 4495 habent
3393 4438 3653 4495 diemones.

422 4533 675 4603 propitius
693 4541 801 4587 esto
822 4533 1044 4603 peccatis
1069 4534 1260 4587 nostris
1282 4542 1490 4602 propter
1517 4551 1701 4588 nomen
1723 4543 1882 4589 tuum.
1917 4533 2002 4589 Ne
2030 4513 2078 4571 Ῑ)
2105 4530 2179 4584 ita
2204 4530 2257 4584 in
2283 4529 2625 4600 reparatione
2654 4538 2835 4585 nostra
2862 4530 3112 4598 gaudium
3133 4530 3335 4586 habent
3354 4528 3535 4597 angeli.
3557 4524 3656 4593 Spi-

422 4625 555 4692 forte
582 4623 757 4677 dicant
782 4624 837 4677 in
867 4623 1134 4695 gentibus:
1156 4622 1254 4677 Ubi
1274 4632 1349 4677 est
1370 4622 1509 4678 Deus
1532 4626 1746 4679 eorum?
1772 4635 1821 4679 et
1846 4627 2001 4680 inno-

421 4722 580 4766 tescat
629 4714 684 4766 in
732 4712 1025 4769 nationibus
1055 4730 1231 4769 coram
1268 4715 1429 4768 oculis
1456 4716 1666 4770 nostris.
1705 4715 1847 4770 Ultio
1873 4732 1998 4770 san—

411 4797 593 4873 lgninis
638 4820 900 4859 servorum
937 4813 1139 4860 tuorum
1184 4807 1273 4877 qui
1293 4805 1484 4875 elusus
1520 4815 1629 4870 est,
1673 4807 1898 4861 introeat
1942 4809 1998 4862 in

419 4903 691 4963 conspectu
718 4905 803 4949 tuo
832 4899 1048 4967 gemitus
1090 4899 1510 4969 campeditorum.
1545 4898 1842 4954 Secundum
1880 4917 1997 4955 ma-

417 4986 736 5058 gnitudinem
779 4987 975 5043 brachii
1016 4991 1088 5044 tui
1125 4991 1329 5062 posside
1362 4992 1503 5063 ﬁlios
1542 4993 1990 5063 mortiﬁcatorum.

416 5076 489 5131 Et
511 5077 666 5132 redde
685 5079 863 5132 vicinis
884 5082 1078 5134 nostris
1103 5084 1393 5152 septuplum
1418 5085 1475 5137 in
1513 5084 1633 5137 sinu
1660 5100 1836 5138 eorum
1854 5123 1869 5147 ,
1901 5085 1994 5138 im-

416 5169 711 5242 propcrium
740 5170 964 5240 ipsorum
983 5170 1118 5241 quod
1136 5172 1573 5241 exprobrauerunt
1595 5174 1685 5228 tibi
1701 5215 1715 5239 ,
1747 5173 1987 5228 Domine.

417 5261 534 5317 Nos
575 5271 743 5316 autem
778 5260 996 5333 populus
1025 5269 1139 5316 tuus
1166 5273 1216 5316 et
1242 5280 1358 5317 oves
1387 5281 1592 5333 pascua:
1627 5276 1745 5330 tute,
1777 5267 1994 5335 conﬁte-

415 5354 584 5407 bimur
612 5350 700 5406 tibi
720 5353 774 5406 in
793 5350 1055 5406 saeculum.
1076 5350 1142 5405 In
1161 5355 1543 5423 generationem
1553 5366 1602 5408 et
1614 5359 1995 5426 generationem

410 5457 447 5499 ρ
462 5444 835 5497 muntiabimus
860 5440 1063 5497 laudem
1080 5450 1245 5496 tuam.

994 5590 1429 5629 COSIIEKTABIUH.

489 5698 921 5772 Septuagesimus
961 5716 1014 5763 et
1042 5717 1263 5764 octavus
1306 5708 1540 5779 psalmus
1589 5710 1793 5781 apicem
1836 5723 1985 5770 ante-

2102 4620 2240 4675 ritus
2268 4635 2398 4675 vero
2415 4621 2724 4689 nequissimi
2754 4622 3028 4675 interitum
3054 4621 3349 4691 patiuntur,
3376 4636 3491 4677 cum
3511 4619 3649 4673 intra-

2104 4711 2242 4764 verit
2283 4711 2338 4765 in
2389 4718 2682 4779 conspectu
2729 4711 2823 4766 Dei
2870 4711 3100 4779 gemitus
3151 4713 3582 4782 compeditorum.
3608 4703 3654 4757 Si

2100 4807 2312 4854 tantum
2330 4800 2562 4869 gemitus
2589 4816 2688 4870 pro
2724 4802 2960 4870 peccatis
2980 4817 3085 4856 non
3109 4809 3288 4872 potest
3312 4801 3443 4867 fieri,
3467 4797 3559 4854 nisi
3586 4796 3655 4851 in-

2099 4898 2209 4945 tret
2234 4890 2287 4944 in
2316 4898 2604 4961 conspectu
2633 4891 2750 4946 Dei.
2781 4890 2849 4945 Et
2880 4891 3067 4962 incipit
3104 4891 3395 4947 secundum
3422 4887 3655 4957 magnitu-

2099 4982 2281 5039 dinem
2326 4983 2534 5039 brachii
2588 4984 2672 5039 sui
2717 4984 2994 5054 possidere
3032 4984 3288 5040 Dominus
3314 4982 3448 5039 ﬁlios
3469 4977 3652 5036 mortis.

2097 5082 2159 5129 ut
2194 5074 2472 5142 quierant
2514 5073 2607 5129 lilii
2645 5075 2834 5130 mortis
2877 5074 3133 5144 incipiant
3180 5090 3298 5130 esse
3336 5082 3393 5129 et
3418 5071 3506 5127 filii
3531 5068 3652 5121 vitm.

2099 5162 2235 5218 Cum
2256 5164 2546 5220 reddiderit
2570 5164 2800 5219 inimicis
2835 5165 3137 5235 septuplum
3155 5205 3170 5229 ,
3192 5166 3315 5234 quia
3343 5162 3484 5232 quod
3508 5155 3654 5227 septi-

2097 5255 2256 5312 formi
2276 5258 2468 5328 spiritu
2497 5257 2549 5312 in
2578 5257 2915 5328 baptismatis
2943 5265 3188 5328 tempore
3227 5257 3537 5328 promissum
3562 5259 3650 5307 est.

2099 5351 2291 5405 horum
2317 5359 2401 5407 est
2427 5352 2857 5421 suggestionibus
2883 5352 2951 5408 ab
2979 5353 3045 5407 iis
3070 5353 3162 5422 qui
3205 5351 3553 5424 promiserant
3570 5345 3652 5397 de-

2097 5452 2367 5510 negatum.
2400 5443 2543 5499 Satis
2570 5452 2751 5499 autem
2778 5444 3037 5499 facientes
3058 5442 3278 5514 Spiritui
3297 5448 3480 5497 sancto
3511 5446 3650 5505 quem

2098 5532 2151 5586 in
2180 5534 2586 5589 consecratione
2613 5533 2967 5602 suscepimus,
2994 5533 3232 5590 dicamus
3258 5532 3305 5588 ei
3332 5545 3429 5585 nos
3461 5545 3473 5579 :
3499 5526 3651 5591 Pol‘“°

2095 5622 2178 5677 lus
2198 5631 2318 5677 tuus
2356 5630 2412 5678 et
2439 5636 2566 5678 oves
2587 5623 2763 5691 gregis
2789 5621 2886 5687 tui,
2915 5622 3028 5677 sive
3056 5638 3265 5692 pascuae
3301 5628 3424 5682 tum,
3454 5609 3652 5670 confite-

2095 5716 2269 5771 bimur
2291 5716 2385 5773 tibi
2426 5717 2478 5772 in
2508 5717 2718 5784 szecula,
2755 5726 2807 5773 ct
2838 5718 2888 5774 in
2920 5717 3170 5774 sacculum
3212 5714 3383 5772 szrculi
3427 5704 3647 5766 narralii‘
