3908 6176
280 300 374 359 ιιι

1183 305 1652 367 COMMENTARII
1688 311 1761 367 1N
1792 311 2119 374 PSALMUS.
2163 319 2349 378 PSAL.
2397 322 2602 382 LXXX.

3441 331 3545 383 ιιι

278 429 395 469 mus
414 414 598 469 laudes
622 422 755 483 tuas,
774 418 865 486 qui
894 434 1086 489 regnas
1105 436 1226 476 cum
1242 418 1403 477 Patre
1420 430 1475 476 et
1495 420 1649 485 Filio,
1671 431 1857 477 sancte
1884 425 1933 485 Α
1963 426 2123 484 timus
2147 431 2349 486 rabiem
2377 432 2678 491 daemonum
2711 439 2762 492 in
2773 434 2953 496 'corde
2984 447 3168 496 nostro
3197 441 3417 511 ingredi,
3450 444 3538 497 ubi

276 505 537 575 Spiritus,
579 523 720 563 nunc
760 516 816 563 et
843 525 1055 580 semper
1094 512 1149 566 in
1176 520 1376 567 aeterna
1413 511 1607 567 saecula
1634 513 1858 567 saculo-

277 611 413 651 rum.
444 595 637 652 Amen.

766 688 1079 747 PSALMUS
1113 692 1348 748 LXXIX.

273 775 331 834 lu
377 773 537 832 ﬁnem
583 792 682 856 pro
727 779 940 856 hishqui
992 785 1461 856 cominutabuntur
1496 786 1731 856 psalmus
1753 802 1853 856 pro

634 848 879 920 Assyriis
900 853 1261 909 testimonium
1290 853 1491 925 Asapb.

340 950 446 1018 Qui
473 957 609 1028 regis
657 956 823 1013 Israel
848 962 1071 1027 intende,
1096 965 1180 1034 qui
1209 963 1415 1018 deducis
1442 966 1576 1020 velut
1594 983 1734 1021 ovem
1753 967 1850 1023 Jo-

269 1046 411 1116 scph.
465 1044 564 1111 Qui
612 1051 755 1105 sedes
801 1067 953 1122 super
996 1053 1240 1107 cherubin
1295 1057 1629 1127 manifestare
1675 1074 1852 1112 coram

267 1133 542 1206 Ephraim,
561 1137 832 1210 Benjamin
848 1150 896 1194 et
907 1139 962 1193 Μ
965 1158 1169 1195 anasse.
1184 1142 1372 1199 Excita
1387 1147 1669 1215 potentiam
1687 1155 1847 1212 tuam,

270 1234 313 1278 st
356 1227 490 1291 veni,
514 1237 570 1280 ut
613 1228 785 1283 salvos
811 1231 978 1300 facias
1011 1247 1124 1286 nos.
1150 1230 1291 1287 Deus
1319 1236 1578 1300 virtutum,
1618 1248 1853 1292 converte

268 1333 381 1381 nos,
409 1328 461 1372 et
488 1318 697 1372 ostende
719 1321 902 1389 faciem
940 1330 1101 1387 tuam,
1144 1332 1194 1376 et
1239 1324 1363 1378 salvi
1392 1327 1599 1379 erimus.
1630 1325 1850 1381 Domine

267 1404 408 1460 Deus
430 1409 687 1473 virtutum,
702 1426 956 1482 quousque
975 1412 1216 1466 irasceris
1242 1429 1393 1483 super
1408 1416 1689 1468 orationem
1718 1418 1850 1469 servi

270 1497 377 1549 tui?
399 1494 601 1550 Cibabis
622 1514 715 1552 nos
735 1516 868 1569 pane
887 1500 1252 1571 lacrymarum,
1274 1514 1322 1557 et
1342 1514 1513 1573 potum
1535 1506 1679 1560 dabis
1702 1508 1848 1564 nobis

266 1588 318 1641 in
346 1588 594 1658 lacrymis
621 1591 675 1642 in
712 1606 972 1644 mensura.
1012 1591 1238 1646 Posuisti
1264 1610 1357 1648 nos
1395 1597 1448 1649 in
1477 1598 1845 1652 contradictio-

265 1691 379 1730 nem
409 1678 587 1731 vicinis
625 1674 833 1744 nostris,
866 1689 916 1734 et
967 1681 1160 1736 inimici
1202 1686 1366 1738 nosIri
1404 1687 1848 1745 subsannaverunt

1959 521 2294 590 suscepimus
2312 522 2602 581 Christum.
2635 526 2704 583 Et
2739 530 2859 585 ideo
2886 532 3036 587 cibus
3057 533 3211 587 nobis
3235 548 3342 587 non
3380 532 3541 588 debet

1958 623 2078 664 esse
2098 612 2294 679 gaudii,
2325 615 2419 670 sed
2439 620 2592 685 panis
2620 619 2993 691 lacrymarum,
3017 632 3072 677 et
3099 635 3255 692 potus
3284 625 3336 677 in
3364 623 3539 696 lacry-

1956 699 2075 761 mis,
2103 701 2147 755 si
2174 705 2436 760 sentimus
2456 708 2581 776 quia
2602 708 2726 765 facti
2752 727 2934 767 sumus
2963 715 3013 768 in
3039 714 3379 783 opprobrium
3402 716 3535 771 vici-

1954 788 2059 855 nis,
2090 799 2146 845 et
2174 792 2275 861 ipsi
2304 795 2742 855 deriserunt-nos.
2765 801 2822 856 ln
2852 804 3092 858 oratione
3114 806 3253 859 enim
3277 806 3533 878 lacryma-

1953 895 2074 935 rum
2102 895 2507 953 permanentes,
2548 890 2689 945 Deus
2717 892 2973 947 virtutum
3014 895 3230 962 respicit
3277 896 3344 949 de
3372 897 3530 961 coelo,

1953 978 2010 1024 et
2035 971 2198 1037 videt,
2228 984 2282 1028 et
2304 976 2481 1030 visitat
2507 980 2714 1034 vineam
2737 981 2909 1044 istam,
2939 992 2990 1036 et
3020 982 3200 1050 dirigit
3228 999 3345 1038 eam
3371 1001 3529 1054 quam

1953 1060 2214 1129 plantavit
2260 1064 2313 1118 in
2343 1067 2498 1122 nobis
2534 1069 2758 1123 dextera
2802 1069 2917 1139 ejus
2944 1085 3041 1140 per
3084 1070 3272 1125 Filium
3301 1072 3532 1130 hominis

1950 1147 2152 1217 Iesum,
2167 1166 2326 1220 quem
2349 1155 2685 1211 conﬁrmavit
2712 1159 2812 1213 sibi
2835 1159 3049 1213 incenso
3072 1160 3212 1228 igne.
3235 1168 3291 1214 et
3307 1160 3531 1217 suffossa

1951 1255 2134 1305 manu,
2159 1244 2374 1309 quando
2387 1245 2653 1300 Abraham
2681 1248 2896 1303 incenso
2918 1248 3058 1315 igne,
3072 1258 3126 1303 et
3146 1258 3347 1304 armata
3373 1267 3531 1306 manu

1950 1330 2148 1397 gladio,
2182 1344 2398 1400 paratus
2433 1335 2531 1390 fuit
2563 1335 2724 1391 lilium
2764 1353 2915 1392 suum
2937 1339 3183 1406 jugulare
3209 1355 3390 1394 coram
3422 1341 3529 1395 Do-

1949 1421 2120 1475 mino.
2154 1421 2302 1478 Tunc
2323 1423 2763 1491 juravitAhraba:
2790 1428 2931 1497 quod
2967 1428 3129 1483 lilium
3156 1429 3272 1498 ejus
3300 1430 3371 1483 ita
3400 1446 3529 1485 cor.-

1948 1507 2187 1566 lirmaret
2231 1514 2351 1579 sibi,
2392 1523 2450 1568 ut
2478 1516 2529 1569 in
2572 1517 2687 1585 ipso
2716 1518 3056 1573 luereditaret
3104 1534 3291 1574 omnes
3317 1528 3522 1587 gentes.

1946 1598 2088 1669 Ergo
2115 1619 2322 1659 memor
2348 1616 2485 1669 esto,
2537 1608 2779 1673 Domine,
2806 1611 2952 1680 quod
3004 1611 3214 1680 jurasti,
3245 1620 3299 1666 et
3336 1628 3526 1681 repara

1947 1693 2090 1761 quod
2128 1695 2363 1762 donasti,
2391 1708 2450 1751 ut
2474 1714 2579 1753 non
2601 1700 2937 1756 discedamus
2959 1717 2990 1756 a
3019 1710 3100 1769 te;
3130 1718 3236 1757 non
3257 1704 3398 1757 enim
3417 1703 3527 1757 dis-

265 1785 380 1823 nos.
428 1766 567 1823 Deus
620 1771 879 1836 virtutum,
910 1784 1140 1827 converte
1166 1791 1281 1842 nos,
1338 1787 1387 1830 et
1427 1780 1636 1833 ostende
1662 1782 1844 1850 faciem
1878 1782 2249 1847 Bcedetnusa
2282 1793 2357 1851 le,
2396 1788 2442 1843 si
2473 1796 2531 1842 tu
2568 1787 2943 1845 viviﬁcaberis.
2967 1790 3076 1845 Nos
3102 1799 3280 1846 autem
3310 1805 3526 1860 semper

264 1866 424 1922 tuam,
457 1868 507 1914 et
532 1861 662 1915 salvi
682 1865 891 1918 erimus.
927 1863 1141 1921 Vineam
1176 1866 1489 1940 dedigypto
1511 1875 1840 1937 transtulisti,

262 1953 460 2023 ejecisti
496 1964 673 2025 gentes
699 1964 749 2009 et
790 1956 1040 2022 plantasti
1066 1975 1198 2013 eam.
1244 1958 1367 2014 Dus:
1395 1962 1596 2017 itineris
1628 1965 1772 2035 fuisti
1791 1968 1845 2020 in

263 2055 540 2116 conspectu
581 2046 714 2117 ejus,
765 2056 817 2101 et
842 2047 1092 2117 plantasti
1131 2050 1330 2105 radices
1356 2053 1489 2122 ejus,
1529 2063 1579 2106 et
1622 2055 1845 2124 implevit

261 2145 476 2190 terram.
518 2132 732 2206 Operuit
757 2145 954 2192 montes
979 2138 1161 2193 umbra
1195 2139 1340 2210 ejus,
1386 2150 1434 2194 et
1477 2142 1687 2197 arbusta
1733 2144 1845 2214 ejus

259 2228 442 2283 cedros
482 2226 600 2283 Dei.
628 2227 878 2284 Extendit
898 2231 1136 2301 palmites
1177 2249 1298 2289 suos
1323 2250 1483 2307 usque
1508 2236 1578 2289 ad
1605 2253 1766 2304 mare,
1796 2248 1845 2293 et

257 2334 418 2391 usque
471 2319 543 2371 ad
586 2319 774 2390 ﬂumen
801 2324 1110 2394 propagines
1153 2323 1286 2394 ejus.
1313 2323 1381 2379 Ut
1400 2326 1523 2397 quid
1548 2313 1846 2383 destruxisti

258 2410 542 2464 maceriam
570 2411 700 2482 ejus,
717 2421 767 2465 et
785 2412 1227 2468 rindemiant’eam
1247 2431 1420 2470 omnes
1438 2417 1523 2489 qui
1544 2427 1847 2490 praetergre-

256 2502 473 2556 diuntur
494 2504 624 2557 viam
641 2503 663 2556 ?
681 2502 1058 2560 Exterminavit
1081 2522 1194 2559 eam
1222 2522 1348 2577 aper
1366 2507 1430 2560 de
1456 2508 1604 2572 silva,
1636 2517 1684 2562 et
1729 2512 1843 2565 sin-

255 2593 457 2665 gularis
478 2595 618 2663 ferus
638 2594 879 2665 depastus
906 2604 982 2649 est
1006 2613 1135 2650 eam.
1168 2594 1308 2650 Deus
1336 2598 1596 2661 virtutum,
1638 2616 1845 2655 conter-

256 2694 381 2749 tere,
407 2686 605 2755 respice
625 2685 688 2739 de
712 2686 855 2751 ccelo,
886 2696 935 2740 et
954 2687 1082 2752 tide,
1114 2697 1163 2740 et
1182 2689 1332 2741 visita
1358 2689 1554 2742 vineam
1581 2690 1754 2744 istam.
1772 2689 1844 2744 Et

256 2775 450 2846 perﬁce
477 2793 592 2830 eam
618 2794 771 2849 quam
798 2778 1051 2848 plantavit
1096 2778 1309 2833 dextera
1342 2789 1456 2846 tua,
1487 2789 1537 2834 et
1558 2798 1710 2852 super
1744 2782 1843 2839 Fi-

253 2867 374 2921 lium
407 2868 633 2924 hominis
653 2886 799 2935 quem
822 2871 1140 2941 conﬁrmasti
1162 2871 1271 2925 tibi.
1291 2870 1514 2928 Incensa
1534 2876 1704 2944 igniet
1731 2880 1845 2950 suf-

255 2960 402 3029 fossa
439 2957 508 3013 ab
549 2960 899 3032 increpatione
918 2961 1084 3016 vultus
1107 2963 1178 3015 tui
1206 2963 1460 3033 peribunt.
1493 2964 1619 3020 Fiat
1659 2984 1845 3023 manus

254 3057 339 3102 tua
368 3066 531 3120 super
557 3052 716 3105 virum
746 3057 970 3108 dextera:
992 3062 1107 3119 tute,
1140 3062 1189 3107 et
1218 3070 1372 3125 super
1399 3055 1594 3112 Filium
1622 3058 1844 3115 hominis

1945 1889 2142 1929 nomen
2174 1882 2321 1930 tuum
2348 1878 2734 1935 invocabimus.
2752 1880 2869 1934 Alia
2888 1881 3028 1935 enim
3052 1896 3177 1951 spes
3205 1889 3387 1936 nostra
3417 1897 3525 1936 non

1944 1971 2044 2026 est,
2069 1965 2170 2020 nisi
2195 1973 2251 2020 ut
2270 1977 2552 2024 convertas
2571 1985 2690 2035 nos,
2721 1970 2897 2025 dando
2916 1970 3056 2025 bona
3076 1972 3297 2027 consilia
3323 1972 3377 2026 in
3405 1984 3524 2026 cor-

1942 2052 2101 2108 dibus
2130 2057 2345 2121 nostris,
2378 2066 2432 2112 et
2458 2059 2792 2115 ostendendo
2821 2060 2976 2115 nobis
3002 2060 3192 2117 faciem
3218 2069 3383 2118 tuam.
3415 2060 3525 2117 Cu-

1935 2140 2028 2211 jus
2041 2160 2139 2199 nos
2160 2155 2380 2217 aspectu
2411 2149 2702 2215 salvemur,
2724 2152 2774 2204 in
2796 2150 3011 2205 Christo
3036 2149 3161 2206 Jesu
3186 2150 3412 2207 Domino
3432 2167 3523 2206 no-

1942 2241 2076 2300 stro,
2108 2236 2199 2304 qui
2227 2244 2400 2292 tecum
2430 2247 2623 2295 etcum
2670 2239 2868 2310 Spiritu
2891 2248 3078 2296 sancto
3103 2240 3232 2300 vivit
3256 2248 3312 2294 et
3338 2251 3521 2310 regnat

1944 2323 1998 2378 iu
2022 2325 2213 2381 saecula
2236 2329 2568 2384 saeculorum.
2596 2330 2784 2386 Amen.
2872 2350 2877 2353 -
3184 2321 3199 2329 ’

2461 2441 2681 2497 PSALM
2692 2443 2775 2499 US
2813 2442 3020 2497 LXXX.

1944 2529 2007 2584 In
2034 2531 2191 2586 linem
2212 2547 2313 2603 pro
2340 2535 2985 2661 torcularibusﬁbpqalmus
3014 2537 3110 2608 ipsi
3133 2537 3308 2618 Asapb
3337 2536 3518 2607 quinta

2620 2621 2678 2660 ss
2758 2624 2783 2658 a
2814 2623 2847 2659 ι.

2620 2621 2847 2660 δεουθιι.

2013 2691 2287 2749 Exsultate
2339 2694 2444 2751 Deo
2473 2697 2698 2767 adjutori
2727 2707 2922 2763 nostro,
2938 2696 3156 2769 jubilate
3197 2697 3308 2754 Deo
3334 2698 3516 2754 Iacob.

1945 2784 2147 2841 Sumite
2164 2789 2421 2859 psalmum
2449 2799 2497 2843 et
2525 2790 2643 2844 date
2671 2800 2987 2861 tympanum,
3009 2791 3307 2860 psalterium
3332 2792 3517 2862 jucun-

1945 2877 2066 2931 dum
2086 2895 2199 2931 cum
2228 2880 2447 2932 cithara.
2479 2878 2755 2934 Buccinate
2780 2882 2833 2933 in
2855 2880 3122 2935 neomenia
3150 2885 3287 2945 tuba,
3317 2881 3372 2935 in
3396 2882 3518 2935 insi-

1942 2971 2032 3041 gni
2054 2970 2135 3023 die
2170 2970 2509 3025 solemnitatis
2538 2981 2736 3026 vestrm.
2771 2968 2902 3035 Quia
2936 2981 3242 3042 prteceplttm
3269 2971 3324 3025 in
3352 2970 3519 3025 Israel

1944 3070 2039 3125 est,
2055 3070 2104 3114 et
2112 3062 2365 3133 judicium
2382 3061 2490 3116 Deo
2503 3061 2685 3117 Iacob.
2705 3062 3069 3117 Testimonium
3082 3063 3133 3116 in
3147 3061 3339 3133 Ioseph
3352 3063 3519 3133 posuit

254 3155 403 3208 quens
443 3140 763 3210 conﬁrmasti
788 3143 897 3196 tibi.
927 3142 995 3196 Et
1021 3160 1125 3199 non
1173 3146 1482 3202 discedimus
1520 3165 1552 3202 α
1582 3157 1647 3215 te,
1679 3151 1844 3220 viviﬁ-
1869 3152 1913 3211 C
1944 3150 2094 3216 illud,
2124 3169 2236 3207 cum
2262 3156 2424 3208 exiret
2457 3154 2520 3208 de
2554 3163 2691 3208 terra
2712 3152 2949 3226 ZEgypti,
2981 3154 3386 3224 linguam'quam
3415 3169 3519 3208 non

253 3229 400 3286 cabis
430 3247 544 3297 nos,
575 3240 626 3287 et
666 3250 851 3288 nomen
877 3244 1013 3289 tuum
1042 3237 1410 3293 invocabimus.
1440 3237 1663 3294 Domine
1699 3239 1841 3296 Deus

252 3325 520 3391 virtutum,
551 3336 783 3380 converte
803 3342 918 3395 nos,
941 3336 990 3381 et
1017 3331 1228 3384 ostende
1253 3331 1437 3401 faciem
1459 3339 1619 3397 tuam,
1645 3342 1694 3386 et
1712 3334 1842 3389 salvi

252 3413 464 3469 erimus.

825 3502 1255 3545 COMHENTARIUI.

322 3595 516 3651 Adhuc
545 3596 733 3651 eadem
757 3612 856 3668 per
882 3599 1066 3655 eadem
1095 3600 1161 3656 de
1188 3602 1354 3656 exitio
1384 3603 1642 3659 eteadem
1673 3605 1840 3659 tribu-

253 3686 460 3742 latione
490 3688 676 3758 populi
704 3688 756 3744 in
802 3689 905 3744 isto
934 3691 1139 3760 psalmo
1185 3700 1384 3747 cantat.
1417 3694 1631 3762 Rogans
1659 3704 1715 3750 ut
1747 3697 1838 3765 qui

253 3781 390 3848 regit
437 3778 605 3834 Israel
650 3779 909 3845 intendat,
959 3783 1157 3837 excitet
1195 3785 1486 3852 potentiam
1517 3801 1687 3850 suam,
1712 3787 1837 3855 quia

251 3870 432 3923 nullus
450 3869 641 3939 dignus
662 3870 930 3926 invenitur
949 3873 1041 3942 qui
1063 3880 1184 3927 eum
1213 3873 1407 3929 audeat
1438 3876 1690 3931 excitare.
1722 3876 1839 3946 lpse

253 3975 382 4031 ergo
413 3962 613 4017 excitet
638 3965 933 4032 potentiam
963 3979 1134 4026 suam,
1157 3967 1336 4020 veniat
1362 3975 1417 4021 et
1439 3967 1614 4022 salvos
1636 3984 1731 4022 nos
1758 3968 1838 4022 fa-

251 4051 610 4108 ciatherum
631 4053 755 4122 quia
787 4049 1062 4109 invisibilis
1088 4063 1187 4120 est,
1218 4064 1273 4110 et
1293 4072 1322 4110 a
1350 4058 1496 4112 nullo
1518 4059 1730 4127 penitus
1757 4060 1835 4113 vi-

253 4143 365 4197 deri
397 4151 600 4214 potest,
620 4150 795 4198 sumat
824 4145 1102 4199 materiam
1134 4160 1230 4213 per
1265 4160 1426 4214 quam
1469 4146 1718 4215 dignetur
1754 4146 1835 4201 fa-

252 4234 390 4288 ciem
436 4248 587 4289 suam
618 4232 921 4299 ostendere,
972 4248 1130 4303 quam
1170 4237 1215 4290 si
1259 4237 1553 4291 ostenderit
1581 4238 1689 4301 ille,
1738 4255 1835 4294 nos

250 4325 382 4380 salvi
413 4325 630 4381 erimus.
671 4324 846 4379 Veluti
869 4328 913 4380 si
960 4326 1011 4380 in
1041 4327 1248 4395 glaciali
1278 4327 1513 4397 periculo
1543 4330 1720 4397 positi,
1746 4329 1836 4383 ubi

250 4415 329 4470 vis
351 4413 565 4484 frigoris
585 4415 820 4469 minatur
848 4416 1144 4481 interitum,
1174 4417 1468 4473 liberantur
1505 4420 1620 4474 sine
1648 4420 1831 4485 dubio,

1943 3254 2154 3300 noverat
2172 3244 2382 3299 audivit.
2408 3244 2626 3299 Divertit
2657 3245 2721 3299 ἀι»
2748 3243 2993 3299 oneribus
3016 3244 3225 3299 dorsum
3254 3246 3386 3316 ejus,
3408 3260 3520 3297 ma-

1942 3351 2039 3388 nus
2066 3335 2178 3406 ejus
2203 3337 2255 3389 in
2278 3335 2494 3405 cophino
2518 3336 2815 3389 servierunt.
2849 3333 2914 3387 In
2937 3333 3262 3387 tribulatione
3275 3332 3519 3387 inrocasti

1940 3444 2040 3491 me,
2072 3436 2120 3480 et
2143 3426 2354 3480 liberavi
2383 3435 2448 3491 te,
2476 3435 2526 3479 et
2552 3425 2793 3480 exaudiui
2823 3435 2868 3479 te
2898 3426 2953 3478 in
3001 3423 3299 3478 abscondito
3330 3433 3518 3493 tempe-

1940 3519 2108 3583 statis,
2136 3518 2347 3588 probavi
2391 3527 2439 3572 te
2485 3516 2623 3587 apud
2665 3532 2850 3586 aquam
2890 3514 3331 3568 contradictionis.
3361 3514 3516 3575 Audi,

1939 3608 2159 3679 populus
2179 3624 2342 3674 meus,
2372 3617 2421 3662 et
2447 3605 2775 3662 contestabor
2795 3616 2873 3670 te;
2902 3604 3083 3664 Israel,
3102 3606 3147 3657 si
3174 3603 3398 3657 audieris
3416 3619 3513 3666 me,

1939 3715 2043 3754 non
2072 3701 2169 3753 erit
2198 3698 2290 3752 tibi
2342 3697 2478 3753 Deus
2507 3714 2706 3762 recens,
2743 3712 2904 3769 neque
2932 3692 3172 3749 adorabis
3200 3692 3364 3747 Deum
3390 3694 3517 3747 alic-

1938 3807 2080 3844 num.
2113 3789 2223 3862 Ego
2244 3791 2381 3844 enim
2420 3807 2532 3843 sum
2559 3787 2810 3842 Dominus
2836 3786 2977 3840 Deus
3022 3795 3154 3849 tuus,
3185 3787 3270 3856 qui
3290 3784 3443 3839 edua'i
3471 3793 3518 3837 te

1939 3880 2002 3933 de
2029 3889 2164 3933 terra
2192 3875 2433 3950 Egypti,
2471 3878 2635 3932 ἀξιαιὰ
2662 3893 2721 3931 os
2751 3885 2889 3929 tuum
2931 3884 2980 3929 et
3007 3874 3224 3945 implebo
3264 3873 3409 3928 illud.
3450 3872 3517 3927 Et

1937 3986 2041 4024 non
2068 3969 2262 4022 audivit
2288 3968 2513 4038 populus
2550 3983 2692 4020 meus
2731 3982 2898 4020 vocem
2927 3982 3112 4029 meam,
3142 3973 3190 4019 et
3225 3964 3388 4019 Israel
3415 3979 3517 4017 non

1935 4058 2158 4112 intendit
2184 4057 2329 4111 mihi.
2348 4056 2418 4109 Et
2439 4056 2632 4111 dimisit
2658 4072 2746 4110 eos
2766 4056 3044 4110 secundum
3063 4054 3320 4109 desideria
3346 4054 3515 4107 cordis

1936 4166 2131 4213 eorum,
2153 4149 2297 4202 ibunt
2323 4150 2377 4202 in
2403 4146 2848 4202 adinventionibus
2882 4149 3008 4201 suis.
3042 4141 3105 4201 Si
3135 4146 3349 4217 populus
3376 4161 3515 4198 meus

1937 4240 2163 4294 audisset
2182 4256 2279 4303 me,
2300 4238 2465 4293 Israel
2487 4240 2530 4292 si
2548 4240 2599 4291 in
2620 4239 2714 4292 viis
2736 4239 2865 4292 meis
2885 4237 3192 4291 ambulasset
3208 4254 3224 4297 ;
3242 4252 3332 4296 pro
3354 4235 3517 4288 nihilo

1938 4334 2158 4404 forsitan
2177 4315 2416 4386 inimicos
2437 4347 2612 4385 eorum
2632 4329 2999 4391 humiliassem,
3024 4336 3072 4380 et
3093 4343 3245 4395 super
3273 4323 3514 4379 tribulan.

1939 4431 2012 4477 tes
2039 4439 2126 4477 eos
2165 4421 2416 4475 misissem
2446 4436 2653 4474 manum
2679 4431 2863 4473 meam.
2898 4417 3103 4471 Inimici
3134 4414 3342 4469 Domini
3369 4430 3514 4468 men-

252 4508 294 4561 si
344 4507 662 4561 ostendatur
689 4508 767 4562 eis
811 4509 940 4563 solis
981 4519 1248 4579 aspectus.
1280 4510 1489 4577 Quanto
1536 4513 1704 4579 magis
1741 4513 1835 4568 Dei
1864 4518 1913 4577 Ι)
1940 4515 2020 4567 titi
2042 4522 2162 4567 sunt
2187 4515 2254 4575 ei,
2295 4521 2344 4566 et
2365 4513 2462 4566 erit
2491 4520 2685 4580 tempus
2722 4525 2897 4564 eorum
2921 4508 2975 4562 in
2999 4506 3207 4562 sarcula.
3237 4504 3306 4558 Et
3332 4502 3516 4558 cibavi:

252 4598 408 4652 nobis
440 4607 655 4653 ostensa
687 4598 851 4661 facie,
896 4599 948 4653 in
979 4600 1205 4656 Domino
1242 4610 1426 4657 nostro
1468 4601 1593 4656 Jesu
1625 4602 1836 4657 Christo

254 4706 352 4745 nos
370 4690 502 4744 salvi
522 4689 827 4745 crimus?Si
852 4705 981 4761 ergo
1003 4693 1262 4748 sentimus
1285 4694 1644 4763 captivitatem
1669 4695 1835 4771 vineae

251 4779 481 4849 Domini,
497 4798 660 4852 quam
680 4782 747 4838 de
768 4781 1001 4856 Egypto
1023 4800 1121 4856 per
1147 4800 1337 4854 aquam
1365 4794 1419 4840 ct
1443 4784 1696 4855 Spiritum
1719 4803 1836 4841 san-

252 4880 398 4926 ctum
424 4875 712 4938 transtulit,
742 4889 900 4943 quam
930 4875 1115 4944 ejectis
1142 4875 1417 4932 daemoniis
1445 4877 1721 4946 plantavit,
1739 4878 1830 4946 qui

254 4961 324 5014 ita
346 4960 446 5016 fuit
475 4964 556 5018 via
579 4965 631 5019 in
658 4972 950 5035 conspectu
978 4973 1186 5030 nostro,
1217 4974 1276 5020 ut
1301 4967 1504 5023 diceret
1534 4986 1547 5021 :
1578 4967 1693 5039 Ego
1718 4986 1830 5023 sum

254 5053 336 5105 via
366 5053 541 5122 (Joan.
572 5054 649 5126 x).
675 5056 777 5122 Qui
805 5059 877 5110 ita
898 5056 1157 5127 plantavit
1176 5058 1384 5113 radices
1408 5067 1620 5113 nostras
1649 5059 1701 5113 in
1731 5059 1833 5114 lide

256 5160 374 5207 sua,
406 5155 462 5201 ut
502 5148 739 5218 repleret
765 5164 979 5205 omnem
1016 5157 1215 5204 terram
1260 5150 1502 5219 corporis
1548 5152 1733 5206 nostri.
1767 5150 1836 5206 Et

258 5245 403 5292 esset
451 5239 503 5293 in
559 5241 716 5296 nobis
752 5242 907 5296 vinea
955 5258 1102 5307 vera,
1145 5242 1297 5312 cujus
1348 5243 1583 5297 membra
1624 5244 1836 5312 operuit

262 5339 491 5398 montes,
512 5334 761 5389 omnibus
791 5336 990 5391 sanc'is
1017 5336 1224 5390 melior.
1256 5335 1421 5404 Cujus
1450 5337 1669 5391 arbusta
1694 5351 1837 5405 prte-

263 5422 515 5479 stantiora
540 5434 740 5493 essent,
772 5433 829 5480 et
848 5427 1036 5481 altiora
1065 5427 1239 5484 cedria
1258 5428 1371 5493 Dei,
1404 5428 1543 5483 hanc
1580 5427 1835 5482 extermi-

263 5515 412 5567 navit
434 5515 483 5570 in
521 5517 769 5587 passione
810 5533 940 5589 aper
966 5517 1034 5573 de
1055 5518 1207 5583 silva,
1255 5518 1483 5588 populus
1510 5517 1835 5583 incredulus,

264 5614 319 5657 et
342 5605 619 5675 singularis
649 5608 792 5662 ferus
835 5608 1088 5679 depastus
1115 5616 1198 5664 cst
1242 5624 1379 5662 eam.
1413 5607 1580 5674 Quem
1610 5610 1759 5678 prius
1786 5617 1842 5664 ct

267 5695 317 5748 in
350 5699 497 5755 nobis
525 5701 805 5767 tumultum
851 5702 1090 5758 Christus
1116 5702 1332 5772 patitur,
1366 5701 1579 5771 quando
1616 5702 1840 5773 permit-

1935 4605 2055 4659 illos
2099 4621 2163 4657 ea:
2218 4604 2371 4673 adipe
2422 4601 2683 4673 frumenti,
2735 4609 2783 4653 et
2815 4599 2877 4652 de
2903 4608 3044 4668 petra
3072 4595 3220 4651 melle
3267 4595 3516 4649 saturarit

1935 4713 2022 4751 eos
2512 4776 2947 4818 COﬂBENTARIUN.

2005 4879 2062 4933 In
2086 4877 2483 4947 septuagesimo
2513 4891 2655 4929 nono
2704 4873 2910 4942 psalmo
2944 4870 3098 4925 vinea
3126 4876 3423 4938 reparatur.
3449 4867 3515 4920 Et

1937 4971 1990 5025 in
2020 4969 2348 5037 octogesimo
2375 4982 2475 5037 pro
2501 4963 2852 5018 torcularibus
2880 4961 3070 5029 agitur.
3110 4958 3385 5014 Exsultate
3403 4955 3519 5011 Deo

1914 5060 2165 5130 .adjutori
2188 5066 2393 5118 nostro,
2416 5055 2537 5125 quia
2563 5053 2793 5109 surrexit
2815 5052 2968 5105 vinea
2995 5050 3129 5119 ejus.
3150 5047 3379 5103 Jubilate
3400 5045 3515 5100 Deo

1936 5151 2124 5217 Jacob,
2158 5155 2406 5219 reparata
2454 5154 2537 5201 est
2564 5146 2716 5200 vinea
2760 5142 2895 5212 ejus.
2920 5141 3164 5197 Surrexit
3190 5140 3330 5195 enim
3357 5152 3521 5206 queui

1936 5240 2316 5298 exterminavit
2343 5236 2648 5293 incredulus
2678 5232 2924 5304 populus.
2946 5231 3123 5301 ipsum
3144 5231 3326 5298 utique
3346 5236 3509 5282 exter-

1939 5334 2188 5400 minavit,
2216 5332 2308 5403 qui
2328 5331 2465 5387 dixit
2488 5349 2500 5384 :
2524 5328 2638 5401 Ego
2658 5343 2769 5382 sum
2788 5327 2902 5380 vitis
2930 5342 3048 5381 vera
3070 5325 3088 5393 (
3107 5322 3263 5376 Ioan.
3288 5318 3397 5389 xv).
3432 5317 3510 5385 ιν.

1937 5441 2056 5482 sum
2084 5425 2175 5495 qui
2195 5423 2329 5479 dixit
2352 5441 2366 5475 :
2394 5421 2878 5477 Exterminaverunt
2896 5431 3078 5470 manus
3104 5427 3244 5467 meas
3288 5419 3337 5463 et
3363 5408 3523 5479 pedes

1935 5516 2103 5589 meosl
2123 5512 2272 5580 Psal,
2286 5528 2396 5578 xxi,
2414 5512 2476 5566 17
2493 5511 2528 5585 l.
2554 5509 2671 5580 ipse
2689 5524 2817 5564 vero
2839 5507 2931 5577 qui
2947 5501 3320 5561 exterminavit
3342 5516 3513 5569 popu-

1938 5608 2041 5671 lus,
2075 5622 2206 5677 apro
2243 5604 2474 5659 silvestri
2510 5611 2592 5657 est
2642 5601 2994 5656 acriorzccce
3032 5593 3281 5650 surrexit.
3315 5591 3411 5657 Qui
3444 5592 3513 5644 ibi

1942 5696 2255 5769 plorabatis,
2286 5695 2374 5749 hic
2405 5694 2669 5748 exsultante
2706 5710 2717 5744 :
2752 5691 2843 5758 qui
2869 5688 2937 5743 ibi
2969 5684 3239 5749 tacuistis,
3263 5684 3347 5738 hic
3375 5681 3511 5743 iubi-
