3908 6176
413 288 513 346 με»

1708 278 1979 336 ARNOBII
2018 279 2324 337 JUNiORlS

3541 293 3623 339 4η

415 408 519 461 late
549 424 562 459 :
591 404 680 473 qui
712 404 782 458 ibi
822 404 1022 457 anxiati
1061 403 1218 466 estis,
1248 403 1331 455 hic
1366 402 1415 455 in
1442 402 1660 471 psalmis
1689 408 1745 453 et
1775 394 1986 467 hymnis
2015 403 2060 456 Α
2092 396 2154 448 (le
2182 412 2336 450 manu
2368 400 2653 467 peccatoris
2700 397 2930 452 liberate.
2966 397 3290 460 Nescierunt,
3327 415 3471 468 neqae
3511 402 3636 453 intel-

418 476 765 563 corgaudeic.
789 495 915 548 etin
941 494 1028 548 die
1051 493 1323 561 insigni,id
1349 502 1449 557 est,
1481 494 1535 546 in
1556 493 1643 547 die
1673 487 1991 557 redemptio-

419 586 502 639 nis
528 583 757 636 Domini.
808 582 940 648 Quia
981 583 1093 651 ipsa
1123 593 1205 637 est
1231 583 1346 637 dies
1383 582 1736 637 solemnitatis
1776 588 1991 637 nostum.

422 672 472 725 in
494 689 599 739 quo
623 680 942 740 pneceptuzu
968 671 1098 726 dare
1125 673 1375 741 dignatur
1388 672 1647 727 Dominus
1667 670 1735 724 ad
1765 670 1998 723 testimo-

423 765 566 816 nium
596 762 813 831 Joseph,
856 778 923 817 eo
967 766 1111 832 quod
1138 766 1443 820 visitatione
1494 766 1803 819 visitaturus
1856 767 2001 815 esset

424 870 517 910 eos
542 854 820 909 Dominus.
859 856 998 923 Ergo
1025 856 1221 926 Joseph
1272 858 1635 912 testiinonium
1664 857 1731 909 de
1754 856 1873 923 ipso
1900 867 2001 922 po-

424 946 550 1008 suit,
583 961 703 998 cum
729 946 901 1000 exiret
928 946 1001 1010 de
1020 955 1160 1001 terra
1184 947 1421 1016 Egypti,
1448 948 1680 1013 linguam
1706 960 1869 1013 quam
1899 956 2005 996 non

427 1046 647 1091 noverat
676 1037 894 1098 audivit,
927 1046 1049 1105 post
1094 1037 1510 1107 quadringentos
1552 1037 1768 1104 triginta
1815 1047 2004 1087 annos.

431 1127 511 1180 Au
534 1127 647 1180 livit
671 1143 859 1182 vocem
885 1127 979 1182 Dci
1010 1144 1106 1198 per
1128 1139 1336 1185 noctem
1377 1129 1544 1200 Moysi
1566 1142 1735 1197 genus
1766 1126 2007 1187 Abrahte,

432 1220 569 1273 sicut
597 1220 645 1272 ei
677 1221 994 1288 promissum
1018 1220 1208 1285 fuerat,
1228 1236 1347 1274 eum
1371 1221 1661 1274 diverteret
1678 1218 1743 1271 ab
1761 1217 2015 1269 oneribus

433 1310 766 1376 gravissimis
785 1310 1006 1365 dorsum
1036 1311 1172 1379 ejus.
1204 1311 1427 1377 Quando
1457 1324 1647 1363 manus
1685 1309 1802 1377 ejus
1840 1308 1892 1360 in
1921 1322 2014 1361 co-

434 1401 599 1471 phino
647 1403 973 1468 serviebant,
1005 1403 1056 1456 iu
1099 1404 1210 1457 luto
1239 1415 1291 1457 et
1315 1404 1499 1457 latere.
1533 1401 1683 1455 Tune
1721 1402 1772 1453 in
1805 1398 2019 1452 tribula-

435 1490 581 1545 tione
610 1490 870 1545 iuvocasti
900 1508 1003 1556 me,
1028 1502 1083 1547 et
1111 1493 1331 1546 liberavi
1361 1501 1432 1557 te,
1459 1492 1588 1546 dicit
1617 1491 1681 1544 ad
1723 1489 1884 1543 Israel
1912 1486 2020 1540 Do-

436 1583 641 1647 minus;
691 1584 937 1637 exaudivi
987 1592 1042 1639 te
1098 1585 1149 1637 in
1199 1586 1514 1640 abscondito
1543 1583 1909 1654 tempestatis;
1966 1587 2019 1633 te

437 1677 707 1742 exaudiri,
731 1687 784 1731 et
807 1679 1048 1734 inimicos
1081 1688 1202 1735 tuos
1232 1682 1410 1736 mersi.
1462 1680 1690 1735 Probavi
1723 1688 1776 1733 te
1802 1680 1854 1732 in
1878 1691 2016 1747 aqua

2090 488 2341 553 texerunt,
2373 489 2425 540 in
2459 487 2678 542 tenebris
2705 488 2991 554 ambulant,
3021 489 3344 545 movebuntur
3364 493 3519 543 omnia
3540 493 3633 561 fun-
3710 476 3713 483 ‘

2096 576 2336 630 damento
2365 587 2535 631 terra.
2583 577 2696 648 Ego
2726 580 2876 633 dimi:
2908 579 2999 633 Dii
3024 583 3177 644 estis,
3221 581 3316 649 ﬁlii
3343 578 3533 634 Excclsi
3552 599 3637 634 om-

2097 683 2207 720 nes.
2248 666 2352 720 Vos
2381 676 2549 721 autem
2577 671 2709 722 sicut
2734 669 2967 722 homines
2989 670 3289 732 moriemini,
3320 680 3367 722 et
3387 672 3505 722 sicut
3528 687 3639 724 unus

2100 757 2164 810 de
2192 757 2508 826 principibus
2538 760 2751 812 cadetis.
2786 758 2970 831 Surge,
3023 758 3181 821 Deus,
3208 759 3381 831 judico
3425 769 3591 814 terram
3625 778 3639 813 :

2103 849 2344 919 quoniam
2371 859 2423 901 tu
2454 849 2781 903 ha'reditabis
2810 852 2861 904 in
2893 849 3127 904 omnibus
3148 850 3393 922 gentibus.

2671 1003 3106 1042 COllfllIiN'l’ARIl'II.

2182 1117 2350 1172 Omne
2375 1120 2520 1188 quod
2551 1118 2847 1175 honorifico
2877 1121 3093 1175 nomine
3122 1121 3438 1189 generaliter
3471 1139 3647 1179 runcu-

2112 1212 2229 1280 pat'i
2255 1220 2448 1278 potest,
2485 1212 2585 1264 hoc
2613 1212 2846 1280 speciale
2868 1212 2960 1266 Dei
2984 1223 3084 1274 est,
3105 1230 3200 1281 per
3228 1220 3456 1267 naturam
3483 1215 3647 1268 incum-

2113 1303 2488 1372 prehensibilis
2519 1305 2811 1368 majestatis
2842 1305 2975 1373 ejus,
3009 1321 3113 1373 qua
3157 1315 3241 1359 est
3278 1305 3431 1369 Deus,
3465 1316 3514 1361 ct
3538 1308 3648 1362 dici-

2119 1401 2205 1446 tur
2234 1402 2414 1445 tamen
2446 1394 2670 1459 homini,
2714 1393 2845 1449 Dedi
2895 1407 2941 1450 te
2967 1396 3126 1451 Deum
3157 1396 3441 1452 Pharaonis
3486 1397 3649 1467 (Exod.

2116 1500 2188 1538 vu
2216 1484 2231 1552 )
2260 1502 2273 1536 :
2306 1484 2501 1538 dicitur
2529 1494 2582 1538 et
2625 1484 2882 1540 Dominus
2912 1487 3091 1551 homo,
3124 1504 3247 1542 cum
3291 1486 3345 1540 Di
3366 1504 3422 1541 us
3451 1490 3579 1542 solus
3597 1488 3651 1541 sit

2118 1573 2377 1630 Dominus
2410 1593 2421 1629 :
2455 1576 2649 1631 dicitur
2670 1586 2887 1631 sanctus
2914 1578 3094 1643 homo,
3127 1595 3250 1633 cum
3278 1576 3414 1632 Deus
3448 1570 3578 1633 Solus
3599 1586 3653 1632 ιιι

2118 1668 2583 1722 sanctustdieitur
2610 1670 2781 1726 bwnus
2830 1671 3012 1735 homo,
3061 1686 3181 1726 cum
3209 1687 3365 1725 nemo
3403 1671 3559 1726 bonus
3582 1673 3653 1733 sit,

438 1768 894 1833 cantradictionis,
923 1770 977 1823 in
1003 1784 1272 1823 murmure
1294 1770 1544 1839 pessimo,
1577 1771 1627 1823 in
1652 1785 1758 1837 quo
1787 1778 1843 1822 et
1871 1767 2019 1838 Moy-
2054 1753 2094 1812 Β
2124 1760 2224 1813 nisi
2244 1758 2385 1812 Deus
2413 1760 2576 1813 solus.
2613 1758 2677 1812 Et
2705 1760 2806 1815 hoc
2836 1769 2918 1815 est
2943 1760 3053 1815 Deo
3082 1758 3258 1815 simile
3288 1761 3338 1814 ia
3367 1760 3656 1822 homiihus,

438 1872 528 1913 ses
552 1874 736 1914 servus
762 1861 1243 1931 irreprehensihilis
1263 1864 1407 1916 visus
1434 1870 1519 1916 est
1546 1861 1850 1916 offendisse.
1881 1858 2018 1913 Audi

442 1963 604 2013 nunc,
629 1950 861 2019 papulas
887 1967 1057 2006 meus.
1089 1951 1153 2006 Et
1182 1953 1372 2022 loquar
1397 1952 1579 2015 Israel,
1613 1961 1667 2007 et
1696 1952 2022 2006 testiﬁcabor

443 2040 560 2105 tibi,
584 2056 669 2095 me
690 2056 849 2110 quem
877 2043 1160 2112 crucifigis,
1185 2043 1294 2115 Ego
1316 2061 1427 2099 sum
1451 2044 1607 2097 Deus.
1633 2043 1697 2098 Et
1724 2045 1814 2113 qui
1844 2043 2021 2098 Deus?

443 2129 564 2199 Ipse
611 2133 696 2203 qui
740 2143 786 2187 te
831 2133 988 2188 eduxi
1022 2135 1085 2189 de
1119 2146 1257 2189 terra
1295 2135 1517 2207 Egypti
1557 2134 1752 2207 (Num.
1788 2135 1898 2204 xv).
1930 2133 2024 2188 Di-

445 2220 552 2275 lata
572 2238 633 2276 os
674 2231 842 2288 tuum,
881 2232 938 2279 et
965 2240 1065 2293 ego
1090 2226 1392 2296 adimplebo
1426 2226 1572 2280 illud.
1606 2224 1742 2292 Quid
1772 2237 1854 2281 est
1879 2224 2022 2293 quod

445 2320 728 2383 tantopere
744 2316 921 2383 jubes,
954 2326 1013 2372 ut
1051 2318 1239 2373 dilatet
1260 2334 1321 2374 os
1343 2335 1496 2374 suum
1523 2319 1751 2389 populus
1778 2318 2025 2373 crimino-

445 2419 537 2459 sus
557 2412 718 2475 atque
739 2407 1064 2478 incredulus,
1083 2411 1174 2478 qui
1196 2409 1457 2465 crucifixit
1482 2409 1803 2465 Dominum?
1830 2409 2019 2472 Dilata,

447 2494 634 2564 inquit,
684 2512 746 2552 os
774 2507 941 2563 tuum,
968 2508 1021 2553 et
1048 2512 1148 2567 ego
1176 2500 1477 2572 adimplcho
1507 2501 1652 2555 illud.
1678 2498 1722 2554 Ο
1760 2500 2026 2570 piissimus

447 2586 711 2655 Salvator,
745 2598 799 2643 et
840 2591 1054 2644 humani
1084 2592 1296 2659 generis
1349 2593 1779 2646 evidentissimus
1809 2606 2028 2660 repara-

448 2686 551 2732 tor.
586 2677 755 2733 Dilata
780 2697 842 2736 os
871 2692 1037 2747 tuum,
1063 2693 1117 2739 et
1146 2699 1246 2753 ego
1268 2686 1570 2756 adimplebo
1600 2684 1747 2738 illud.
1773 2683 1829 2738 Si
1867 2684 2028 2738 vultis

447 2770 675 2826 evadere
700 2782 927 2828 mortem
957 2790 1118 2844 quam
1160 2778 1474 2842 incurristis,
1514 2778 1677 2831 bibite
1715 2777 2027 2845 sanguinem

450 2876 608 2931 quem
641 2863 867 2919 fudistis.
896 2866 1002 2920 Sed
1030 2868 1156 2935 quid
1185 2869 1463 2937 sequitur?
1493 2869 1607 2922 Non
1637 2868 1838 2922 audivit
1867 2882 2031 2938 popu-

452 2952 536 3008 lus
556 2968 743 3008 vocem
773 2970 969 3019 meam,
990 2966 1045 3011 et
1072 2957 1235 3012 Israel
1261 2976 1365 3014 non
1392 2960 1618 3014 intendit
1637 2959 1786 3013 mihi.
1820 2957 1886 3011 Et
1908 2958 2029 3013 ideo

450 3042 626 3098 dimisi
656 3058 748 3098 eos
776 3048 1067 3101 secundum
1097 3048 1360 3104 desideria
1383 3050 1561 3105 cordis
1588 3065 1794 3115 eorum,
1817 3058 1869 3104 et
1883 3040 2030 3104 abie-

2118 1849 2262 1918 quod
2292 1864 2355 1903 ea
2383 1864 2501 1917 quzc
2538 1848 2679 1903 Deus
2730 1850 3045 1903 naturaliter
3096 1850 3352 1919 possidet,
3403 1850 3549 1904 l.omo
3581 1862 3657 1919 per

2120 1938 2406 2006 imaginem
2452 1939 2694 2008 suscipit,
2724 1947 2875 1993 tanto
2915 1940 3034 2009 plus
3076 1940 3446 2004 simulaturus,
3487 1946 3659 2008 quanto

2120 2028 2282 2084 fuerit
2310 2031 2536 2099 amplius
2560 2032 2671 2085 suis
2699 2032 2936 2086 moribus
2958 2032 3072 2100 ejus
3099 2031 3489 2085 similitudinem
3515 2030 3660 2083 imita-

2121 2130 2227 2176 tus.
2260 2120 2409 2176 Unde
2440 2132 2494 2177 et
2523 2123 2575 2176 in
2606 2124 2856 2193 pnrsenti
2880 2125 3085 2192 psalmo
3114 2122 3257 2179 Deus
3308 2124 3414 2193 ipse
3463 2122 3660 2189 loquitur

2124 2212 2206 2265 his
2221 2212 2416 2280 quibus
2436 2212 2706 2279 judicandi
2733 2214 2916 2267 tribuit
2944 2222 3288 2283 potestatem.
3326 2213 3453 2281 Ego,
3496 2211 3660 2281 inquit,

2122 2305 2234 2361 dixi
2261 2323 2273 2352 =
2302 2305 2381 2359 Dii
2407 2306 2553 2367 estis,
2585 2314 2640 2359 et
2664 2305 2755 2360 lilii
2776 2305 2983 2361 ΕΜ)ρίδί
3007 2322 3215 2361 omnes.
3239 2305 3344 2360 Vos
3366 2314 3529 2359 autem
3551 2305 3665 2356 sicut

2124 2398 2369 2452 homines
2394 2397 2717 2460 moriemini,
2750 2397 2958 2451 etsicut
2989 2412 3125 2453 unus
3151 2398 3220 2451 de
3252 2395 3560 2466 principibus
3584 2408 3661 2448 ca-

2126 2490 2282 2544 detis.
2321 2488 2466 2543 Unus
2487 2488 2555 2542 de
2582 2489 2929 2558 principibus,
2952 2489 3000 2541 id
3031 2497 3132 2550 est,
3165 2488 3426 2550 diabolus,
3456 2494 3507 2541 et
3530 2484 3666 2539 Iudas

2130 2580 2376 2643 tradilor,
2410 2588 2465 2632 ct
2502 2578 2649 2639 Saul,
2691 2587 2745 2632 et
2785 2578 3105 2643 Jeroboam,
3149 2589 3243 2631 aut
3273 2594 3406 2633 unus
3427 2591 3486 2630 ex
3514 2575 3571 2630 iis
3591 2573 3666 2643 qui

2126 2672 2487 2743 principatum
2516 2678 2821 2723 tenuerunt.
2847 2669 2935 2724 Sic
2965 2679 3017 2723 et
3042 2684 3135 2723 vos
3156 2668 3376 2732 cadetis,
3418 2666 3530 2737 quia
3548 2663 3668 2733 judi-

2129 2766 2262 2821 catis
2286 2765 2639 2833 iniquitatem.
2664 2761 2731 2815 Et
2759 2761 2917 2818 facies
2960 2771 3305 2831 peccatorum
3326 2760 3552 2823 sumitis;
3580 2771 3668 2810 non

2124 2856 2377 2926 judicatis
2398 2854 2600 2924 pupillo
2629 2862 2684 2908 et
2711 2868 2901 2922 egeno,
2930 2853 3182 2907 humilen
3208 2859 3264 2907 et
3291 2866 3562 2923 pauperem
3581 2862 3669 2901 non

2125 2948 2493 3020 justillcastis;
2538 2963 2643 3002 non
2699 2947 2969 3016 eripuistis
3015 2960 3307 3016 pauperem
3357 2953 3410 2999 et
3447 2956 3668 3009 egenum,

2131 3056 2231 3095 nec
2251 3041 2318 3095 de
2346 3054 2507 3093 manu
2527 3044 2870 3108 peccatorum
2901 3036 3187 3091 liberastis.
3222 3035 3289 3089 Et
3332 3035 3453 3089 licet
3481 3046 3671 3100 genera-

453 3144 577 3187 runt
606 3134 658 3188 in
682 3135 1149 3193 adinventionibus
1176 3140 1307 3194 suis.
1342 3139 1420 3194 Ad
1471 3141 1724 3211 populum
1755 3141 1897 3195 hunc
1927 3153 2028 3208 ego
2055 3118 2101 3180 C
2132 3134 2255 3188 liter
2281 3132 2423 3187 dicta
2448 3132 2554 3186 sint
2577 3132 2675 3185 ista
2707 3129 3055 3199 dejudicibus
3077 3139 3131 3185 et
3156 3130 3492 3200 pauperibus,
3523 3139 3672 3179 mmeu

452 3224 607 3284 veni,
632 3224 696 3278 ad
728 3225 873 3281 hunc
901 3229 1175 3297 populum,
1209 3239 1263 3283 et
1289 3239 1572 3299 antequam
1616 3231 1855 3285 venirem
1902 3245 2031 3299 pro-

454 3314 645 3383 phetas
674 3317 812 3371 misi.
840 3318 917 3373 Ad
939 3319 1083 3374 hunc
1106 3319 1278 3374 solum
1306 3321 1560 3390 populum
1583 3321 1858 3390 apostolos
1880 3331 2032 3376 ante—

452 3419 613 3473 quam
634 3415 847 3476 paterer
875 3408 1153 3476 destinavi,
1177 3411 1267 3483 qui
1308 3427 1392 3466 me
1415 3413 1629 3482 penitus
1674 3412 1858 3467 audire
1904 3428 2033 3468 con-

457 3498 691 3565 tempsit.
723 3497 779 3552 Si
809 3500 950 3553 enim
973 3516 1060 3555 me
1089 3502 1341 3565 auiisset,
1367 3509 1459 3556 aut
1486 3504 1530 3557 si
1563 3503 1615 3556 in
1644 3503 1745 3556 viis
1767 3503 1901 3558 meis
1928 3519 2036 3556 am-

458 3586 715 3652 bulasset,
741 3588 807 3642 ad
833 3590 1055 3645 nihilum
1086 3592 1331 3647 inimicos
1352 3608 1539 3647 eorum
1565 3593 1949 3654 humiliassem,
1983 3600 2037 3648 et

457 3693 621 3746 snper
672 3680 988 3736 tribulantes
1015 3698 1111 3737 eos
1158 3683 1423 3737 misissem
1455 3699 1670 3736 manum
1710 3699 1902 3737 meam.
1929 3682 2037 3737 Sed

459 3770 726 3838 principes
744 3773 1103 3835 sacerdotum,
1127 3781 1182 3825 et
1195 3774 1394 3827 Scriba:
1412 3781 1465 3827 et
1487 3773 1756 3837 Pbariszci,
1775 3773 1865 3842 qui
1887 3781 2042 3827 erant

461 3858 660 3911 inimici
689 3858 899 3913 Domini
922 3858 1047 3915 Jesu
1069 3860 1285 3927 Christi,
1319 3863 1417 3931 ipsi
1439 3864 1648 3917 mentiti
1675 3872 1799 3917 sunt
1820 3863 2037 3934 populo,

462 3948 517 4004 di
551 3958 704 4004 entes
734 3968 746 4001 :
781 3948 903 4005 Non
945 3960 1022 4005 est
1068 3969 1101 4005 a
1155 3951 1279 4007 Deo.
1314 3953 1391 4008 llli
1440 3965 1616 4009 autem
1648 3956 1825 4010 miseri
1856 3965 2041 4011 contra

457 4041 692 4095 salutem
713 4057 864 4095 suam
893 4043 995 4098 illis
1031 4044 1411 4100 mentientibus
1438 4046 1795 4101 crediderunt.
1830 4046 1896 4101 Et
1921 4062 2043 4101 eum

452 4134 554 4200 iqui
578 4148 672 4188 eos
700 4134 928 4189 liberare
955 4144 1178 4190 venerat
1193 4148 1543 4204 negaverunt
1566 4140 1668 4192 erit
1695 4146 1873 4193 tamen
1905 4146 2044 4192 tem-

466 4238 569 4292 pns
591 4239 776 4278 eorum
810 4226 859 4277 in
889 4235 1167 4279 aeternum.
1204 4224 1337 4280 Cum
1366 4209 1512 4281 enini
1530 4228 1791 4298 plenitudo
1822 4229 2048 4298 gentium

460 4315 741 4378 introierit,
768 4324 886 4368 tunc
906 4317 1071 4369 omnis
1103 4314 1274 4370 Israel
1297 4317 1463 4371 salvus
1483 4318 1571 4387 [iet
1593 4317 1768 4386 (Rom.
1797 4318 1893 4388 χι),
1923 4325 2051 4373 tunc

462 4405 789 4459 cibabuntur
832 4415 886 4460 et
937 4407 1038 4476 ipsi
1082 4423 1148 4461 ex
1194 4408 1352 4477 adipe
1380 4408 1650 4474 frumenti,
1700 4410 1847 4464 etde
1894 4419 2046 4486 petra

2132 3223 2434 3289 Pharismis,
2460 3240 2564 3279 una
2586 3240 2705 3280 cum
2728 3224 3054 3294 principibus
3074 3225 3408 3280 sacerdotum
3430 3219 3674 3292 prophetia

2131 3320 2384 3377 carminis
2411 3326 2585 3375 sonat.
2613 3318 2929 3373 Nescicruut
2951 3317 3091 3372 enim
3116 3330 3290 3385 neque
3319 3314 3675 3370 intellexerunt,

2136 3409 2265 3479 quia
2286 3407 2491 3462 dictum
2515 3417 2598 3460 est
2616 3406 2721 3461 illis
2742 3426 2751 3455 ε
2778 3406 2894 3460 Nisi
2911 3406 3262 3464 creJttleritis,
3284 3420 3384 3456 non
3405 3396 3675 3468 intelligetis

2138 3502 2394 3571 (Ιειωίι).
2422 3500 2500 3554 Illi
2528 3500 2571 3554 si
2597 3499 2979 3560 credidissent,
3009 3496 3379 3565 intelligezent
3404 3508 3556 3547 suum
3575 3502 3677 3543 esse

2140 3592 2427 3648 Dominum
2452 3608 2612 3661 quem
2634 3590 2927 3659 negabant,
2948 3601 3003 3643 et
3024 3587 3342 3656 diligentem
3364 3602 3423 3639 se
3443 3583 3559 3637 odio
3577 3593 3679 3648 per-

2136 3686 2506 3753 sequebantur
2543 3684 2753 3750 iniquo.
2784 3682 2914 3735 Esto
2948 3678 3249 3734 secundum
3277 3675 3680 3731 incredulitatem

2135 3784 2372 3829 vestram
2391 3790 2495 3825 non
2513 3770 3092 3836 eratllominusjrater
3112 3782 3294 3824 tamen
3311 3766 3682 3832 crat,llebr.eus

2136 3883 2204 3922 ex
2240 3864 2501 3928 llebrmis,
2532 3879 2586 3920 et
2620 3877 2874 3934 parentes
2913 3863 3112 3917 fratres
3152 3862 3420 3917 dicebatis
3452 3859 3580 3927 apud
3605 3868 3685 3908 vos

2137 3958 2456 4012 essedticite
2472 3972 2683 4025 ergoqu
2704 3973 2731 4007 ιε
2750 3956 2912 4007 fuerit
2932 3969 3095 4008 CuttStt
3115 3950 3685 4020 odii.Quare,iuquiuat

2138 4051 2552 4106 Illllt'mttStturul
2582 4053 2630 4098 in
2662 4049 2946 4100 sabbatis?
2975 4048 3036 4100 itit
3067 4050 3167 4099 hoc
3198 4057 3438 4099 meretur
3468 4043 3683 4096 medicus

2146 4143 2325 4197 odium
2355 4156 2454 4212 pro
2482 4142 2657 4196 salute
2687 4138 2909 4193 fratrum
2939 4139 3229 4201 incurrere,
3257 4144 3313 4192 et
3339 4152 3436 4206 pro
3464 4133 3688 4189 cbaritatc

2148 4250 2243 4289 sua
2294 4240 2472 4287 vestra
2522 4230 2953 4286 exsecrabilitate
2996 4229 3194 4285 vexari.
3227 4228 3425 4283 Verum
3467 4224 3689 4295 quoniam

2150 4326 2237 4398 qui
2262 4325 2367 4379 odit
2398 4327 2610 4397 fratrem
2628 4339 2773 4377 suum
2801 4320 3096 4376 intenebris
3124 4320 3355 4376 ambulat
3383 4317 3597 4390 (IJoan.
3626 4310 3688 4378 It),

2154 4427 2316 4486 atque
2363 4415 2721 4469 movebuntur
2766 4414 2943 4468 omnia
2976 4411 3317 4466 fundamenta
3372 4423 3544 4470 teme.
3591 4418 3691 4460 cum

464 4496 629 4551 melle
653 4497 1033 4551 saturabuntur
1054 4498 1349 4563 credentes,
1374 4514 1443 4553 ex
1462 4514 1569 4567 quo
1615 4500 1922 4555 ceciderunt
1963 4502 2044 4554 in-
2074 4486 2122 4541 ί)
2151 4516 2403 4575 exsuiget
2428 4506 2587 4568 Deus,
2614 4513 2671 4558 ut
2696 4504 2895 4572 judicet
2926 4512 3145 4565 terram,
3171 4501 3481 4556 recedemus
3505 4497 3566 4551 ab
3591 4492 3694 4547 odio

464 4588 731 4643 \‘idezztes.
764 4586 962 4644 Potens
1003 4600 1085 4644 est
1110 4590 1252 4643 enim
1281 4588 1539 4645 Dominus
1568 4591 1760 4646 iterum
1808 4592 2046 4647 inserere

463 4677 612 4733 illos.
655 4680 761 4736 Nos
788 4691 964 4737 autem
997 4684 1049 4737 in
1082 4682 1183 4737 lide
1211 4683 1327 4751 ejus
1369 4692 1590 4750 stemus,
1635 4694 1691 4738 ut
1730 4685 1794 4738 ad
1825 4686 2047 4739 nihilum

463 4770 720 4826 inimicos
760 4782 971 4829 nostros
1010 4773 1233 4842 redigat.
1285 4773 1351 4827 Et
1393 4790 1554 4844 super
1585 4775 1897 4830 tribulantes
1926 4792 2043 4840 nos,

460 4863 589 4917 sive
616 4863 882 4931 spiritales
910 4864 1116 4928 hostes,
1153 4865 1267 4919 sive
1318 4865 1587 4930 carnales,
1620 4866 1797 4919 mittat
1836 4879 2053 4918 manum

463 4969 645 5015 suam,
679 4968 774 5023 per
801 4953 1067 5010 Christum
1114 4955 1400 5011 Dominum
1439 4966 1711 5022 nostrum,
1742 4959 1834 5028 qui
1864 4965 2052 5026 regnat

464 5061 596 5097 rum
625 5042 782 5098 Patre
810 5054 864 5099 et
886 5044 1086 5116 Spiritu
1105 5057 1310 5113 sancto,
1343 5065 1439 5119 per
1464 5051 1642 5105 omnia
1664 5051 1854 5105 smcula
1885 5065 2051 5105 sarcu-

474 5134 671 5188 lorum.
696 5133 885 5190 Amen.

964 5204 1182 5260 PSALM
1195 5208 1277 5263 US
1304 5208 1536 5264 LXXXI.

1037 5296 1277 5353 Psahnus
1299 5298 1497 5369 Asaph.

552 5407 690 5463 Dens
709 5409 848 5464 stetit
865 5412 919 5464 in
941 5427 1203 5482 synagoga
1224 5411 1449 5472 deorum,
1482 5411 1535 5463 in
1561 5411 1727 5465 medio
1748 5421 1914 5465 autem
1937 5411 2057 5466 deos

472 5501 751 5570 dijudicut.
807 5501 1074 5575 Usquequo
1110 5503 1363 5572 judicatis
1410 5504 1748 5574 iniquitatem,
1798 5513 1846 5557 et
1901 5507 2059 5576 facies

474 5610 496 5657 τι
517 5601 802 5646 necatorum
823 5593 1024 5647 sumi:is
1039 5593 1063 5645 Σ)
1077 5591 1318 5645 Judicate
1342 5609 1499 5663 egeno
1519 5603 1566 5646 et
1586 5594 1795 5664 pupillo,
1820 5595 2059 5649 humilem

474 5697 527 5735 rt
559 5701 828 5749 ναιέμεν-ωτι
848 5686 1152 5754 justi/irate.
1202 5683 1400 5754 Eripite
1424 5703 1715 5755 pmwcrcm,
1764 5697 1810 5739 et
1847 5704 2060 5759 egenum

2147 4601 2389 4654 fratrum.
2423 4596 2556 4663 Quia
2594 4595 2682 4666 qui
2725 4594 2833 4650 odit
2862 4596 3072 4665 fratrem
3102 4608 3268 4653 suum,
3319 4590 3474 4645 nescit
3500 4603 3588 4661 quo
3628 4588 3695 4636 eat

2153 4690 2365 4762 (Ibid.l,
2395 4687 2519 4758 quia
2551 4686 2882 4741 circumdant
2912 4700 3031 4738 eum
3061 4684 3311 4737 tenebrae.
3342 4682 3563 4749 Agamus
3588 4687 3696 4741 ergo

2150 4780 2379 4838 sollicite
2403 4778 2470 4833 de
2517 4775 2621 4830 fine
2651 4775 2869 4845 psalmi,
2905 4782 2961 4828 ut
3000 4789 3119 4828 cum
3148 4772 3445 4827 surrexerit
3470 4765 3698 4821 Dominus

2150 4873 2391 4943 judicare
2420 4879 2638 4932 terram,
2663 4875 2718 4921 et
2739 4882 2834 4921 nos
2857 4866 2907 4919 in
2931 4865 3238 4920 haereditate
3263 4864 3438 4933 capiat
3485 4861 3532 4913 in
3558 4851 3701 4911 omni

2157 4963 2256 5018 bus
2306 4961 2583 5029 gentibus,
2633 4958 2726 5027 qui
2788 4965 2975 5024 regnat
3026 4956 3077 5010 in
3134 4957 3324 5010 saacula
3393 4950 3697 5009 smeulorum.

2155 5053 2345 5108 Amen.

2645 5115 2957 5171 PSALMUS
2988 5114 3241 5169 LXXXII.

2580 5208 2862 5263 Canticum
2889 5206 3077 5277 psalmi
3114 5206 3312 5276 Asaph.

2233 5325 2393 5386 Deus,
2424 5324 2533 5395 quis
2564 5322 2748 5377 similis
2775 5321 2874 5374 erit
2901 5319 3028 5374 tibi?
3052 5336 3114 5374 ne
3142 5329 3329 5377 taceas,
3355 5332 3509 5388 neque
3535 5324 3705 5379 compr-

2162 5416 2344 5480 scaris,
2380 5415 2534 5467 Deus.
2571 5414 2823 5477 Quoniam
2862 5427 2975 5463 ecce
3018 5410 3212 5463 inimici
3238 5412 3309 5463 tui
3354 5412 3634 5461 sonuerunt,
3666 5404 3706 5449 et

2162 5510 2246 5576 qui
2277 5508 2493 5562 oderunt
2540 5515 2585 5559 te
2612 5506 2902 5558 extulerunt
2929 5513 3100 5572 caput.
3132 5502 3300 5573 Super
3326 5499 3558 5571 populqu
3586 5503 3709 5547 tuunt

2165 5598 2569 5667 malignarcrnnt
2592 5593 2878 5646 ronsilinm.
2906 5602 2954 5644 et
2976 5593 3321 5663 cogitaverunt
3348 5589 3580 5642 adversus
3610 5595 3710 5636 stn-

2165 5700 2272 5743 rtos
2303 5700 2430 5741 tuos.
2468 5684 2737 5747 Dia-erunt,
2800 5682 2992 5746 l"(nitc,
3050 5694 3098 5735 et
3150 5680 3498 5749 disrumpunt
3541 5690 3618 5728 eos
3656 5671 3710 5721 dc
