3870 6182
235 335 323 390 ηδ

1067 324 1530 381 COMMENTARH
1570 324 1636 379 lN
1675 324 2002 380 PSALMOS.
2045 324 2235 381 PSAL.
2280 324 2552 381 LXXXIII.

3351 329 3458 385 ιω

236 461 380 522 gente,
411 456 459 502 et
477 463 576 501 non
604 452 907 499 memoretur
924 458 1109 495 nomen
1133 438 1301 494 Israel
1324 440 1481 493 ultra.
1515 441 1773 503 Quoniam
1800 443 1845 496 Α
1875 437 2162 492 carnaliter
2190 438 2553 505 vinceremur;
2581 446 2800 505 agamus
2826 452 2953 507 ergo
2995 447 3056 494 ut
3080 440 3203 508 quia
3232 448 3456 499 terrena

233 543 549 613 cogitaverunt
566 534 874 590 unanimiter
900 550 931 586 :7
948 532 1101 585 simul
1126 531 1394 584 aduersum
1425 540 1474 582 te
1500 537 1770 582 testamen-

232 644 321 689 tum
336 632 694 700 disposuerunt,
713 623 890 677 tabem
898 622 1042 676 acula
1055 621 1403 676 Idumazorum
1415 629 1465 674 et
1480 618 1777 681 lsmaelitte,

230 724 366 779 Noab
388 730 434 774 et
457 716 697 789 Agareni,
730 714 891 769 Gebal
913 723 963 766 et
979 714 1197 767 Ammon
1224 721 1274 766 et
1300 711 1507 765 Amalec
1534 711 1777 781 alienige-

227 828 300 867 ne
321 827 425 864 cum
451 805 797 862 habitantibus
828 803 1040 874 Tyrum.
1064 801 1270 855 Etenim
1307 802 1470 854 Assur
1506 800 1641 853 uenit
1660 814 1776 852 cum

226 900 335 965 illis,
362 899 480 971 {acti
505 905 622 950 sunt
648 897 703 949 in
724 894 1042 964 adjutorium
1082 892 1207 962 ﬁliis
1231 890 1349 945 Lot.
1372 889 1484 943 Fac
1508 891 1614 943 illis
1643 891 1777 944 sicut

221 991 417 1048 Indian
436 998 483 1042 et
518 988 736 1045 Sisara,
767 987 900 1040 sicut
924 982 1083 1037 Jabin
1102 984 1158 1036 in
1181 991 1405 1035 torrente
1431 978 1630 1035 Cisson.
1657 978 1778 1032 Dis-

222 1086 456 1157 perierunt
475 1083 528 1134 in
553 1079 755 1141 Endor,
782 1077 907 1146 facti
949 1085 1070 1129 sunt
1115 1084 1172 1128 ut
1207 1083 1403 1127 stercus
1424 1082 1591 1125 terrm.
1626 1069 1773 1123 Pone

224 1172 453 1245 principes
480 1185 655 1223 eorum
679 1167 811 1220 sicut
833 1165 987 1230 Orcb,
1008 1175 1057 1218 et
1081 1163 1205 1228 Zeb,
1221 1161 1461 1224 etZebee,
1484 1171 1535 1214 et
1560 1159 1766 1215 Salma-

223 1282 297 1319 na.
317 1263 497 1318 Omnes
522 1261 778 1331 principes
806 1275 981 1313 eorum
1019 1256 1106 1327 qui
1132 1256 1374 1309 dixerunt
1402 1270 1420 1307 :
1453 1251 1773 1306 ﬂwreditate

220 1354 543 1423 possidemus
570 1350 925 1406 sanctuarium
975 1346 1089 1400 Dei.
1121 1344 1259 1398 Deus
1298 1360 1458 1404 meus,
1489 1358 1623 1412 pone
1649 1340 1770 1394 illos

218 1458 265 1499 ut
287 1456 459 1511 rotam,
488 1457 539 1500 et
582 1446 715 1500 sicut
768 1444 1010 1513 stipulam
1058 1451 1177 1495 ante
1215 1441 1397 1511 faciem
1425 1441 1576 1493 renti.
1621 1438 1770 1493 Sicut

1881 527 2037 582 nobis
2060 535 2379 598 superantur
2405 537 2462 583 et
2478 537 2811 598 occupantur
2836 530 3140 599 provincias,
3188 530 3455 599 spiritales

1879 619 2035 673 nobis
2061 621 2247 689 patria:
2273 635 2381 674 non
2408 628 2689 689 negentur,
2719 628 2779 675 ut
2806 621 2889 675 vel
2912 623 2963 675 in
2986 620 3093 676 ﬁne
3112 623 3236 676 vita:
3258 631 3453 679 nostra:

1878 708 1932 764 in
1956 711 2099 764 bono
2126 711 2302 769 studio
2330 711 2662 767 inveniamur
2683 750 2698 776 ,
2745 712 2869 780 quia
2905 713 3143 780 cogitant
3170 713 3451 769 adversum

1875 814 1996 865 nos,
2023 800 2301 856 dicentes:
2331 801 2709 871 Disperdamus
2753 818 2848 857 eos
2891 818 2958 857 ex
3002 812 3203 872 gente,
3234 818 3293 860 ut
3336 821 3447 861 non

1874 901 2203 947 memoretur
2221 892 2363 948 Deus
2391 909 2587 949 nomen
2609 909 2794 948 eorum
2819 895 3065 964 amplius.
3087 895 3143 950 S.
3161 898 3273 951 iuut
3300 898 3445 953 enim

1873 982 2145 1038 daemones
2167 984 2292 1054 quia
2315 984 2361 1038 si
2388 999 2687 1053 peccamus,
2718 985 2797 1039 sic
2834 986 3032 1039 erimus
3060 986 3171 1041 Deo
3198 1002 3445 1044 exsecra-

1871 1071 2028 1138 biles,
2057 1073 2195 1127 sicut
2221 1081 2277 1127 et
2304 1072 2403 1141 ipsi
2428 1083 2571 1127 sunt.
2606 1072 2875 1140 Rogemus
2907 1074 3188 1129 Dominum
3219 1085 3279 1131 ut
3305 1078 3443 1134 sicut

1869 1162 2008 1229 ignis
2033 1163 2297 1219 comburit
2322 1163 2501 1226 silvas,
2528 1170 2584 1218 et
2613 1172 2669 1217 ut
2697 1162 2904 1217 ilamma
2926 1166 3188 1219 comburit
3206 1176 3435 1235 montes,

1868 1251 1943 1306 ita
1987 1263 2337 1322 persequatur
2363 1268 2457 1308 eos
2485 1254 2538 1307 in
2569 1262 2888 1322 tempestate
2915 1270 3029 1309 sua.
3063 1255 3195 1321 Quia
3235 1258 3435 1325 dicunt,

1868 1342 2074 1412 inquit,
2128 1345 2436 1398 haereditate
2490 1344 2858 1412 possideamus
2902 1346 3263 1400 sanctuarium
3321 1346 3432 1401 Dei.

1866 1432 2238 1489 Sanctitarium
2267 1436 2363 1490 Dei
2390 1445 2492 1501 est,
2522 1436 2609 1489 ubi
2637 1437 3011 1506 mysteriorum
3039 1446 3164 1492 sunt
3200 1438 3435 1507 reposita

217 1540 330 1610 ignis
355 1541 436 1610 qui
481 1537 736 1592 comburit
780 1535 984 1599 silvam,
1038 1533 1169 1587 sicut
1212 1533 1423 1601 ﬂamma
1464 1531 1767 1585 comburens
1863 1526 2318 1580 sacramentazibi
2347 1540 2474 1580 caro
2502 1526 2753 1590 cmlestis,
2783 1526 2854 1580 ibi
2878 1528 3094 1594 sanguis
3112 1527 3336 1591 divinus,
3362 1528 3435 1585 ibi

215 1637 405 1691 montes,
443 1631 518 1683 ita
546 1625 861 1698 persequeris
888 1624 1007 1679 illos
1050 1625 1106 1678 in
1147 1632 1448 1692 tempestate
1487 1632 1593 1687 tua,
1621 1631 1671 1676 et
1709 1622 1765 1675 in
1863 1618 2431 1702 cbarismatisvutus,
2476 1618 2550 1672 ibi
2579 1617 2698 1672 lous
2724 1618 2975 1686 perennis
3001 1626 3110 1684 est,
3142 1626 3199 1674 et
3225 1619 3311 1674 lex
3347 1619 3433 1674 di-

214 1717 280 1770 ira
305 1727 385 1770 tua
410 1715 642 1771 turbabis
659 1732 763 1770 eos.
796 1713 962 1784 Imple
990 1715 1149 1785 [acies
1175 1729 1348 1767 eorum
1385 1712 1688 1783 ignominia,
1715 1721 1764 1765 et
1862 1710 2004 1773 vitta,
2033 1709 2105 1764 ibi
2130 1718 2255 1763 sunt
2279 1710 2455 1764 omnia
2477 1711 2578 1764 ista
2599 1709 2742 1763 intus
2762 1710 2814 1763 in
2845 1709 3016 1774 nobis,
3042 1709 3133 1778 qui
3158 1725 3254 1779 per
3275 1708 3434 1765 ﬁdem

213 1817 413 1877 quaerent
438 1823 625 1860 nomen
645 1815 803 1869 tuum,
827 1803 1064 1860 Domine.
1105 1802 1427 1858 Erubescunt
1470 1813 1522 1857 et
1558 1812 1761 1857 contur-
1790 1799 1834 1859 ll
1861 1801 2160 1856 sanctuaria
2188 1801 2281 1856 Dei
2308 1800 2432 1856 facti
2458 1816 2659 1855 sumus.
2691 1800 2832 1870 Ergo
2858 1802 3152 1856 excitemus
3179 1801 3232 1856 in
3261 1801 3433 1856 zelum

209 1897 366 1951 bentur
384 1898 433 1951 in
469 1898 714 1952 secutum
734 1894 929 1961 saeculi,
977 1904 1026 1948 et
1053 1895 1436 1965 confundantur
1457 1905 1507 1949 et
1528 1903 1759 1965 pereant.

210 1985 268 2040 Et
300 1996 604 2057 cognoscant
628 1988 745 2058 quia
783 2002 968 2039 nomen
1005 1986 1099 2038 tibi
1125 1984 1393 2053 Dominus,
1428 1994 1482 2038 tu
1505 1984 1645 2039 solus
1671 1983 1767 2039 ΑΙ-

208 2078 409 2133 tissimus
433 2094 591 2149 super
618 2093 820 2132 omncm
848 2085 1056 2130 terram.

764 2224 1196 2266 COIIENTARIUH.

261 2342 624 2412 Octogesimus
646 2342 911 2398 secundus
930 2341 1162 2412 psalmus
1181 2340 1344 2395 habet
1360 2339 1577 2409 quidem
1595 2341 1761 2395 nomi-

202 2451 259 2491 na
286 2438 514 2506 gentium
549 2436 811 2491 adversus
837 2435 1106 2490 lsraelitas
1152 2434 1539 2499 dimicantium,
1571 2442 1758 2490 contra

201 2542 317 2596 quas
327 2537 580 2583 exoratur
596 2527 917 2590 Altissimus,
933 2525 1075 2580 Deus
1087 2526 1233 2581 solus
1252 2527 1342 2595 qui
1369 2534 1453 2580 est
1475 2542 1639 2597 super
1650 2541 1761 2582 om-

200 2632 307 2672 nem
325 2626 517 2673 terram
533 2618 812 2673 Dominus.
830 2616 968 2672 Dicit
988 2624 1165 2672 autem
1194 2625 1380 2671 contra
1397 2616 1649 2672 Hebrreos
1662 2617 1759 2672 has

199 2717 364 2773 gentes
391 2709 766 2771 insurrexisse,
798 2706 953 2762 Moab
978 2722 1044 2761 ex
1074 2706 1193 2771 Lot,
1228 2707 1442 2761 Amalec
1461 2722 1529 2761 ex
1560 2705 1754 2761 Cham.

201 2795 255 2852 lli
280 2808 423 2852 erant
451 2800 504 2853 in
535 2797 896 2852 tabernaculis
924 2797 1192 2860 Idumam,
1238 2805 1295 2851 et
1325 2812 1445 2851 cum
1476 2797 1561 2851 his
1604 2812 1757 2852 asso-

200 2887 303 2942 ciati
340 2896 462 2942 sunt
497 2888 801 2942 ismaelitaa.
832 2884 897 2940 Hi
926 2886 1255 2940 conabantur
1283 2894 1464 2940 tenere
1507 2893 1757 2942 sanctua-

199 2977 316 3031 rium
343 2978 434 3033 Dei
463 2979 757 3048 captivum.
798 2975 995 3031 Contra
1023 2977 1121 3032 hos
1148 2985 1207 3031 ut
1246 2992 1355 3031 non
1399 2976 1553 3031 sileat
1579 2992 1753 3047 neque

198 3076 546 3138 compescatur
576 3067 832 3122 Dominus
870 3075 1141 3121 exoratur.
1186 3065 1312 3121 Ideo
1357 3074 1535 3121 autem
1581 3067 1633 3122 in
1662 3083 1757 3122 ca—

197 3157 288 3225 pite
313 3158 487 3223 habet,
514 3158 658 3211 Deus
683 3157 802 3225 quis
821 3156 1008 3212 similis
1037 3157 1165 3211 tibi?
1189 3154 1256 3211 Et
1279 3156 1332 3210 in
1359 3154 1462 3212 line
1488 3175 1500 3210 :
1562 3155 1641 3213 Tu
1668 3172 1751 3214 so-
1776 3151 1822 3213 C

197 3246 267 3300 lus
290 3248 593 3303 Altissimus
619 3262 780 3317 super
806 3261 1020 3302 omnem
1048 3254 1263 3302 terram.
1293 3246 1554 3314 Quoniam
1576 3249 1629 3303 in
1648 3249 1751 3305 diis

195 3339 291 3393 suis
314 3339 647 3395 conﬁdentes
674 3339 952 3394 adversum
980 3354 1079 3393 nos
1099 3339 1418 3399 excitantur.
1448 3340 1540 3408 qui
1568 3349 1621 3394 te
1654 3341 1750 3395 ha-

196 3427 361 3486 bemus
387 3430 579 3495 Deum,
610 3431 700 3500 qui
719 3429 946 3485 similem
975 3445 1081 3485 non
1108 3429 1293 3484 habes.
1326 3429 1405 3484 Tu
1433 3432 1574 3484 enim
1603 3432 1751 3486 solus

195 3534 245 3574 es
266 3518 561 3576 Altissimus
585 3535 745 3590 super
762 3536 975 3575 omnem
1005 3528 1222 3574 terram.
1253 3519 1361 3575 Nos
1389 3530 1595 3586 autem,
1625 3522 1749 3590 quia

196 3611 294 3667 ista:
319 3627 501 3669 omnes
525 3621 717 3682 gentes
744 3612 810 3667 ab
838 3612 1096 3683 apostolis
1140 3622 1413 3683 occupatae
1460 3615 1513 3668 in
1554 3614 1751 3671 Christi

197 3701 484 3760 hereditate
528 3704 753 3758 titulaue
796 3709 940 3767 sunt,
970 3703 1016 3756 si
1042 3703 1140 3757 hos
1164 3702 1336 3758 laetos
1363 3704 1505 3759 cives
1532 3713 1749 3762 sancto-

195 3808 296 3847 rum
316 3810 408 3864 per
425 3794 656 3864 gratiam
683 3792 968 3857 credimus,
1000 3800 1055 3848 et
1075 3792 1396 3850 domesticos
1417 3795 1533 3862 Dei,
1555 3812 1660 3852 non
1684 3797 1751 3853 de

197 3884 268 3938 itis
292 3886 521 3940 dicamus
556 3903 569 3936 ε
603 3882 803 3938 Inimici
833 3883 927 3947 tui,
959 3882 1201 3950 Domine,
1233 3895 1545 3952 sonuerunt,
1569 3887 1663 3942 sed
1684 3888 1752 3942 de

198 3973 467 4040 daemoniis,
493 3988 728 4043 quorum
756 3972 992 4031 consiliis
1021 3981 1164 4028 totus
1188 3974 1432 4038 mundus,
1475 3983 1530 4030 et
1557 3991 1749 4031 carna-

199 4065 305 4121 liter
328 4067 652 4131 concutitur,
684 4074 739 4120 et
765 4051 1083 4135 spiritaliter
1107 4066 1373 4136 fatigatur.
1411 4066 1612 4122 Tamen
1643 4084 1752 4123 non

200 4156 512 4213 vinceremur
538 4155 826 4213 carnaliter
853 4155 920 4213 ab
946 4157 1187 4212 hostibus
1212 4158 1505 4213 visibilibus
1521 4197 1537 4222 ,
1568 4158 1613 4214 si
1653 4174 1752 4215 nos

198 4245 470 4303 invisibiles
495 4247 814 4317 spiritaliter
837 4247 1192 4303 vinceremus.
1225 4245 1393 4302 Nemo
1422 4249 1564 4303 enim
1592 4250 1755 4304 intrat

199 4323 248 4378 in
272 4329 478 4381 domum
505 4329 665 4398 {ortis
687 4368 704 4395 ,
729 4338 778 4382 et
802 4346 929 4383 vasa
959 4330 1144 4396 cxipit,
1174 4331 1274 4384 nisi
1302 4332 1490 4400 fortem
1514 4332 1761 4403 ligaverit

196 4415 414 4481 (Manli.
454 4437 532 4476 uti
560 4422 599 4492 ).
632 4420 826 4476 Fortes
849 4437 979 4492 ergo
1004 4422 1276 4492 spiritales
1318 4424 1568 4481 homines
1611 4436 1760 4495 sunt,

1864 1890 2165 1958 Dominum,
2193 1892 2432 1948 dicentes
2451 1891 2502 1946 ei
2534 1909 2546 1943 :
2579 1890 2822 1955 Domine,
2864 1904 3000 1959 quos
3044 1898 3136 1944 tuo
3176 1891 3435 1958 sanguine

1861 1982 2132 2038 redemisti
2152 2026 2166 2044 ,
2181 1998 2317 2052 quos
2335 1993 2485 2039 tuum
2503 1979 2865 2035 sanctuarium
2879 1980 3127 2050 dignatus
3137 1996 3196 2037 es
3235 1981 3431 2046 facere,

1861 2073 2180 2128 invaduntur
2198 2073 2266 2128 ab
2294 2074 2377 2128 his
2433 2073 2524 2142 qui
2565 2072 2847 2127 adversum
2877 2080 3253 2126 testamentum
3282 2078 3432 2125 tuum

1859 2164 2253 2235 disposuerunt.
2277 2163 2442 2233 imple
2472 2158 2630 2218 facies
2658 2179 2844 2218 eorum
2875 2163 3181 2230 ignominia,
3210 2168 3269 2218 ut
3296 2178 3433 2217 eon-

1859 2255 2148 2312 fundantur
2174 2264 2228 2311 et
2246 2264 2467 2326 pereant
2488 2257 2540 2310 in
2565 2264 2844 2310 aeternum.
2863 2255 2997 2309 Dum
3024 2255 3168 2309 enim
3198 2255 3274 2309 illi
3302 2268 3430 2325 pcr-

1861 2347 2021 2402 ierint
2061 2348 2152 2416 qui
2197 2346 2493 2417 impediunt
2512 2359 2836 2413 cognoscere
2858 2344 3157 2409 Dominunt,
3190 2354 3317 2400 tunc
3340 2361 3444 2406 eos

1858 2446 2082 2507 gnoscet
2106 2438 2281 2492 omnis
2308 2450 2455 2504 gens,
2491 2437 2613 2505 quia
2645 2444 2701 2490 tu
2741 2436 2887 2490 solus
2925 2450 2984 2489 es
3012 2433 3311 2489 Altissimus
3338 2450 3427 2489 su-

1857 2544 1955 2600 per
1973 2538 2185 2583 omnem
2215 2535 2444 2590 terram,
2499 2528 2637 2581 sicut
2687 2525 2907 2593 dejectis
2950 2524 3180 2593 denique
3234 2524 3427 2595 ubique

1858 2620 2070 2690 templis
2097 2624 2152 2674 et
2180 2619 2336 2675 idolis
2380 2619 2433 2673 in
2480 2617 2716 2673 Ecclesia
2761 2617 3015 2672 Dominus
3053 2624 3240 2686 regnat
3268 2632 3427 2685 super

1855 2726 2070 2765 omnem
2096 2718 2291 2764 terram
2313 2708 2554 2778 corporis
2583 2708 2767 2773 nostri,
2790 2715 2978 2776 regnat
3000 2706 3254 2762 Dominus
3269 2705 3427 2762 Jesus

1854 2798 2115 2863 Christus,
2146 2799 2237 2869 qui
2261 2806 2344 2854 est
2370 2813 2492 2853 eum
2521 2795 2681 2850 Patre
2709 2804 2764 2850 et
2802 2795 3003 2864 Spiritu
3033 2804 3218 2850 sancto
3240 2836 3255 2860 ,
3287 2807 3425 2851 unus

1853 2888 1996 2944 Deus
2023 2897 2078 2944 et
2098 2889 2245 2944 solus
2272 2888 2599 2954 Altissimus,
2631 2902 2729 2957 per
2757 2887 2947 2941 omnia
2974 2886 3165 2942 saecula
3211 2886 3425 2943 sacculoa

1853 2995 1991 3035 rum.
2021 2979 2210 3035 Amen.

2274 3060 2278 3065 '
2327 3044 2544 3103 PSALM
2554 3047 2638 3103 US
2677 3044 2952 3102 LXXXIII.

1960 3139 2018 3194 ln
2048 3139 2206 3194 tinem
2232 3155 2332 3209 pro
2359 3139 2715 3196 torcularibus
2745 3137 2865 3191 liliis
2891 3136 3030 3192 Core
3059 3137 3313 3207 psalmus.

1922 3251 2089 3316 Quam
2109 3251 2295 3306 dilecta
2319 3249 2646 3306 tabernacula
2668 3259 2774 3314 tua,
2803 3248 3019 3306 Domine
3037 3251 3292 3316 virtutum,
3310 3267 3423 3306 con-

1849 3346 2063 3415 cupiscit
2081 3353 2130 3397 et
2149 3344 2322 3414 deﬁcit
2341 3345 2517 3397 anima
2534 3360 2646 3397 mea
2664 3359 2720 3395 tn
2739 3343 2875 3395 atria
2890 3340 3119 3395 Domini.
3138 3340 3239 3395 Cor
3257 3359 3422 3396 meum

1848 3443 1898 3488 et
1924 3450 2045 3488 caro
2072 3451 2185 3488 mea
2204 3433 2581 3487 exsultauerunt
2608 3433 2662 3485 in
2691 3430 2855 3484 Deum
2876 3432 3055 3484 vivum.
3082 3430 3283 3485 Etenim
3302 3448 3423 3501 pas-

1849 3542 1932 3581 ser
1972 3526 2163 3579 invenit
2197 3526 2294 3579 sibi
2337 3524 2562 3589 domum,
2605 3532 2655 3577 et
2700 3531 2867 3576 turtur
2892 3522 3067 3575 nidum
3097 3523 3180 3575 ubi
3212 3531 3421 3592 reponat

1849 3615 2015 3686 pullos
2044 3632 2181 3670 suos.
2212 3614 2414 3667 Altaria
2437 3621 2544 3675 tua,
2570 3611 2789 3665 Domine
2817 3612 3055 3664 virtutum
3076 3650 3090 3675 ,
3136 3609 3247 3663 Rea:
3281 3627 3422 3664 meus

1850 3716 1899 3759 et
1920 3705 2058 3759 Deus
2086 3706 2258 3759 meus!
2281 3704 2426 3758 Beati
2445 3704 2531 3774 qui
2552 3703 2786 3757 habitant
2805 3703 2860 3756 in
2881 3703 3029 3757 domo
3053 3710 3159 3767 tua,
3182 3702 3420 3767 Domine,

1850 3797 1903 3850 in
1930 3795 2119 3850 swcula
2147 3797 2451 3850 swculorum
2476 3793 2760 3848 laudabunt
2782 3802 2844 3846 te.
2872 3791 3060 3846 Beatus
3088 3795 3165 3847 uir
3185 3793 3328 3863 cujus
3347 3804 3422 3846 est

1850 3887 2104 3943 auxilium
2123 3887 2213 3941 abs
2237 3894 2303 3951 te,
2336 3886 2662 3939 ascensiones
2687 3884 2742 3937 in
2770 3882 2923 3937 corde
2949 3899 3041 3937 suo
3069 3883 3337 3952 disposuit,
3366 3885 3421 3937 in

1849 3977 1982 4032 valle
2009 3977 2370 4046 lacrymarum,
2407 3978 2461 4028 in
2502 3975 2614 4029 loco
2642 3991 2788 4047 quem
2818 3975 3006 4045 posuit.
3037 3971 3243 4027 Etenim
3273 3972 3421 4027 bene-

1851 4068 2124 4120 dictionem
2150 4064 2289 4119 dabit
2313 4052 2593 4135 lcgislator,
2624 4064 2767 4118 ibunt
2794 4064 2857 4118 de
2881 4065 3062 4117 virtute
3086 4065 3140 4117 in
3164 4065 3420 4129 uirtutem,

1849 4155 2097 4212 videbiqu
2130 4154 2267 4208 Deus
2294 4154 2503 4208 deorum
2530 4156 2586 4208 in
2632 4153 2783 4208 Sion.
2830 4152 3047 4206 Domine
3086 4152 3224 4206 Deus
3261 4154 3420 4206 virtu-

1852 4256 1974 4312 tum,
2007 4245 2196 4299 exaudi
2224 4246 2506 4299 orationem
2549 4259 2716 4297 meum
2739 4281 2756 4308 ,
2802 4242 3010 4296 auribus
3054 4243 3256 4312 percipe
3283 4240 3422 4296 Deus

1848 4338 2029 4392 Iacob.
2056 4336 2322 4391 Protector
2350 4345 2520 4390 noster
2540 4336 2731 4405 aspice,
2753 4333 2891 4388 Deus
2908 4374 2923 4397 ,
2952 4342 3004 4388 et
3034 4334 3229 4404 respice
3250 4334 3305 4386 in
3335 4335 3418 4403 {a-

1849 4429 1979 4481 ciem
2006 4425 2196 4481 Christi
2225 4426 2317 4479 tui.
2348 4422 2482 4489 Quia
2509 4425 2690 4479 melior
2709 4433 2785 4479 est
2812 4424 2918 4479 dies
2946 4440 3049 4477 una
3068 4425 3125 4478 in
3153 4426 3299 4477 atriis
3321 4426 3427 4478 tuis

195 4524 411 4579 quorum
443 4529 572 4567 \asa
600 4528 795 4569 carnes
817 4524 944 4568 sunt
967 4516 1293 4577 esteriores,
1316 4516 1570 4572 homines
1608 4528 1760 4584 sunt,
1780 4509 1827 4570 Ι)
1849 4535 2001 4589 super
2020 4517 2204 4572 millia.
2221 4516 2270 4571 E
2275 4517 2372 4589 legi
2392 4516 2619 4587 abjectus
2639 4533 2747 4571 esse
2763 4517 2819 4571 in
2842 4517 2992 4571 domo
3013 4515 3106 4569 Dei
3122 4517 3237 4580 mei,
3257 4516 3435 4584 magis

195 4617 308 4656 cum
334 4605 441 4659 illis
463 4604 823 4661 interioribus
849 4616 1010 4677 agent
1037 4606 1306 4661 daemonia
1353 4608 1577 4664 bellum.
1612 4610 1762 4678 Quos
1847 4627 1999 4682 quam
2035 4609 2268 4663 habitare
2292 4611 2347 4663 in
2378 4606 2719 4663 tabernaculis
2747 4617 3083 4677 peccatorum.
3112 4603 3243 4669 Quia
3263 4606 3443 4660 misce

198 4708 309 4748 runt
350 4697 587 4752 vicerint
631 4707 686 4752 et
712 4701 1099 4767 occupavirrint
1135 4714 1266 4753 vasa
1307 4714 1497 4756 eorum
1516 4742 1530 4765 ,
1563 4702 1612 4755 id
1656 4716 1759 4770 est,
1847 4702 2123 4757 ricordiam
2151 4703 2482 4757 alacritatem
2508 4702 2675 4771 diligit
2701 4698 2860 4763 Deus,
2880 4700 3100 4769 gratiam
3126 4707 3174 4751 et
3200 4698 3444 4768 gloriatur

197 4798 410 4852 corpora
424 4804 643 4852 eorum,
664 4804 786 4859 quae
804 4803 904 4859 pro
922 4789 1089 4845 armis
1103 4790 1637 4849 bellicistractabant
1661 4795 1762 4851 ad-
1848 4791 1990 4847 dabit
2022 4791 2294 4847 Dominus.
2328 4790 2449 4848 Non
2478 4789 2694 4861 privabit
2733 4787 2876 4843 bonis
2909 4804 3006 4867 eos.
3031 4789 3116 4860 qui
3154 4787 3443 4843 ambulans“

200 4888 376 4931 versus
391 4877 1151 4950 inimicoszbisoccupatis,illi
1168 4884 1407 4938 excitant
1420 4887 1765 4955 gentes,quia

201 4962 311 5019 illos
324 4968 416 5035 qui
434 4980 626 5023 contra
648 4983 743 5023 eos
761 4969 1082 5040 Spiritaliter
1100 4986 1339 5041 pugnare
1352 4982 1765 5039 consueverant,

200 5066 249 5111 et
287 5061 453 5112 armis
482 5062 819 5128 orationum,
854 5071 907 5117 et
955 5078 1107 5132 purse
1135 5063 1487 5119 conscientiae
1520 5065 1764 5132 vincere,

202 5148 364 5203 sciunt
384 5167 443 5205 se
462 5155 683 5221 penitus
708 5170 813 5208 non
834 5153 1062 5209 habere.
1090 5155 1167 5210 Da
1191 5158 1335 5210 enim
1360 5172 1523 5210 unum
1548 5159 1769 5226 spirita-

204 5237 416 5312 l-m,qui
446 5248 608 5301 istum
632 5246 900 5316 psalmum
924 5257 1109 5301 contra
1126 5259 1345 5303 centum
1369 5251 1536 5303 millia
1557 5261 1765 5320 gentes,

202 5347 523 5400 ptasumeus
548 5341 612 5394 de
629 5341 985 5403 conscientia,
1004 5342 1262 5408 proferat,
1279 5350 1333 5395 et
1348 5342 1497 5394 vides
1520 5344 1769 5409 protinus

202 5432 406 5483 cvi-nire
430 5433 734 5487 victoriam.
758 5433 956 5489 Verum
976 5436 1102 5502 quia
1136 5450 1260 5489 cutn
1297 5434 1379 5487 bis
1403 5434 1562 5488 nobis
1591 5435 1769 5488 adhuc

205 5533 423 5590 COItgleS
456 5524 537 5577 ioc
556 5535 605 5579 st
623 5541 761 5596 quos
781 5527 1099 5596 spiritaliter
1122 5540 1384 5583 conamur
1400 5526 1769 5595 viticere,quia

205 5627 287 5663 cus
312 5618 554 5671 ιισηιίιιιιιι
582 5619 833 5685 κίυὶειιυε,
874 5620 1089 5675 etiamsi
1129 5636 1230 5675 nos
1256 5620 1453 5674 vicisse
1494 5630 1770 5690 putemus,

208 5708 371 5773 quissi
420 5710 741 5767 vieisscmus
768 5712 1104 5781 spiritaliter,
1154 5721 1208 5766 ut
1251 5712 1385 5774 dixi,
1427 5724 1770 5782 nequaquam

1844 4883 1899 4936 in
1927 4883 2239 4947 innocentia,
2268 4880 2487 4935 Domine
2514 4881 2772 4944 virtutum,
2801 4876 2979 4932 beatus
3002 4878 3152 4933 homo
3175 4879 3259 4949 qui
3298 4895 3443 4944 αρε-σο

1847 4982 1930 5027 rat
1955 4974 2011 5027 in
2040 4981 2105 5027 te.
2667 5029 2676 5035 ,

2416 5053 2849 5093 εοιιιιεκτλιιιυκ.

1915 5152 2048 5206 Cum
2077 5152 2130 5205 itt
2152 5149 2480 5218 octogesimo
2501 5148 2734 5204 secundo
2758 5150 2963 5220 psalmo
2987 5151 3192 5206 confusi
3223 5150 3431 5207 iuerint

1843 5255 1898 5297 et
1925 5243 2208 5312 perierint,
2230 5242 2341 5310 qui,
2367 5256 2629 5310 occupare
2658 5242 2900 5298 volentes
2920 5244 3276 5298 sanctuariutn
3300 5242 3438 5306 Dei...

1842 5332 2039 5385 dabant
2087 5330 2355 5384 fastidium
2399 5331 2681 5395 castitatis,
2724 5340 2779 5385 et
2802 5332 3028 5399 legendi,
3058 5341 3113 5385 et
3159 5331 3415 5401 psallendi

1846 5425 2063 5495 puriter,
2113 5440 2175 5478 ac
2212 5422 2278 5478 de
2315 5422 2470 5477 bonis
2519 5423 2678 5477 rebus
2726 5422 2991 5491 cogitandi
3040 5421 3436 5490 impedimenta

1843 5517 2147 5586 gignebant,
2171 5524 2426 5585 regnante
2455 5516 2506 5569 in
2531 5514 2683 5568 nobis
2703 5513 2946 5575 Domino,
2971 5527 3067 5565 nos
3092 5511 3180 5579 qui
3203 5526 3436 5566 eramus

1846 5608 1933 5660 lilii
1966 5606 2101 5660 ϐίη-(-
2132 5606 2569 5675 ριίιιγθιοὶυειιυγὶδ,
2596 5605 2699 5658 hoc.
2727 5605 2867 5657 malo
2889 5609 3037 5671 patre
3075 5615 3104 5652 a
3152 5606 3292 5654 terra
3320 5602 3427 5654 decr

1844 5709 2049 5761 vorato,
2081 5698 2172 5753 Dei
2201 5699 2286 5752 lilii
2317 5697 2589 5751 efﬁcimur.
2624 5696 2687 5749 Et
2709 5695 2795 5762 ipsi
2826 5701 2946 5744 aulo
2978 5691 3150 5759 ignem
3180 5692 3436 5747 alicrztnns
