3870 6182
420 317 522 371 447

1738 298 2006 357 ARNOBII
2044 299 2347 357 IUNIORIS

3577 302 3665 358 ιω

421 449 450 483 u
483 432 591 483 Deo
611 423 954 491 bibimusm.
972 435 1025 481 et
1044 420 1283 481 avaritiae
1298 418 1437 474 ferre
1457 414 1842 485 cogitabamus,
1869 428 2009 467 nunc
2036 414 2085 471 Α
2112 412 2252 468 tabis
2279 431 2401 477 nos,
2428 423 2477 467 et
2500 413 2641 485 plebs
2679 421 2767 467 tua
2808 411 3068 468 (celabitur
3094 414 3148 467 in
3176 419 3245 467 te.
3279 412 3497 468 Ostende
3520 418 3664 478 nobis,

424 524 543 588 igne
564 518 761 574 amoris
788 515 949 570 divini
970 510 1210 566 succensi
1246 509 1507 563 dicimus:
1539 506 1709 575 Quam
1739 505 2010 569 amabilia,

423 628 584 683 quam
613 610 826 672 dilecta,
858 617 1127 675 quamque
1162 601 1386 672 pulchra
1431 599 1775 654 tabernacula
1819 606 1927 659 tua,
1959 595 2013 649 in

424 705 615 773 quibus
671 699 900 761 habitas,
952 695 1177 750 Domine
1234 692 1374 748 Deus
1402 691 1688 746 virtutum!
1721 687 1850 755 Quae
1892 695 2016 740 sunt

418 794 537 863 ipsa
571 789 933 852 tabernacula,
963 786 1031 840 de
1076 785 1271 856 quibus
1308 782 1456 846 dicit,
1498 780 1636 847 Quia
1665 778 2014 848 concupiscit,

423 892 481 938 et
507 883 689 938 delicit
717 881 891 936 anima
923 894 1040 933 mea
1070 879 1123 932 in
1153 878 1302 931 atriis
1330 874 1467 944 ejus,
1511 875 1566 927 in
1604 872 1799 941 quibus
1839 879 1896 924 et
1923 885 2019 924 cor

422 975 543 1044 ejus
570 983 623 1029 et
662 989 757 1027 cor
776 971 1010 1026 exsultat
1040 973 1162 1024 novi
1212 966 1370 1035 hujus
1405 965 1695 1025 amatoris;
1722 964 1772 1016 in
1802 962 2016 1030 quibus,

430 1067 620 1133 inquit,
652 1078 838 1133 passer
859 1061 1105 1115 Christus
1135 1059 1339 1113 invenit
1365 1058 1467 1112 sibi
1512 1056 1763 1119 domum;
1807 1052 1934 1107 inibi
1963 1059 2019 1106 et

432 1166 606 1211 turtur
646 1156 849 1215 nidum,
893 1153 942 1206 id
973 1161 1073 1217 est,
1108 1150 1365 1215 Ecclesia,
1398 1148 1489 1204 ubi
1524 1154 1816 1214 congregat
1842 1144 2019 1214 pullos

430 1266 574 1305 suos.
594 1248 853 1310 [lbisunt,
869 1246 1059 1315 inquit.
1080 1243 1267 1297 altaria
1285 1250 1396 1306 tua,
1421 1240 1648 1296 Domine
1669 1240 1945 1297 virtutum,
1967 1234 2019 1288 id

432 1348 532 1403 cst,
562 1340 812 1410 mysteria
843 1346 954 1401 tua,
980 1336 1093 1390 Rex
1124 1349 1276 1388 meus
1302 1340 1351 1387 et
1379 1333 1519 1386 Deus
1544 1346 1715 1385 meus.
1750 1329 1898 1383 Beati
1927 1326 2019 1395 qui

432 1429 575 1486 adea
600 1428 1070 1500 pertingant,quia
1089 1428 1139 1479 in
1170 1436 1425 1480 mternum
1451 1423 1743 1477 laudabunt
1772 1429 1844 1481 te,
1874 1421 2017 1474 sola-

433 1523 565 1577 tium
586 1521 741 1576 dulce
762 1519 1009 1573 miseriae.
1029 1517 1103 1572 Ibi
1125 1518 1268 1572 enim
1298 1515 1550 1569 auxilium
1567 1515 1826 1568 habentes
1847 1522 2016 1579 tuum,

431 1612 778 1669 ascensiones
806 1618 1015 1680 ponunt
1066 1610 1120 1663 in
1165 1607 1328 1664 corde
1373 1622 1493 1669 suo,
1524 1621 1631 1660 non
1662 1605 1714 1659 in
1761 1603 2021 1659 conviviis

432 1702 742 1767 ridentium,
775 1701 867 1756 sed
890 1701 940 1754 in
970 1698 1214 1754 convalle
1241 1697 1617 1768 lacrymarum.
1648 1695 1723 1749 lbi
1751 1695 1894 1749 enim
1924 1694 2020 1748 be-

2115 506 2353 567 Domine,
2378 506 2784 561 misericordiam
2809 513 2970 567 tuam,
3000 513 3050 558 et
3074 503 3303 559 salutare
3337 515 3471 558 tuum
3498 507 3560 559 da
3583 524 3667 562 no-

2115 600 2210 653 bis.
2244 598 2466 653 Audiam
2493 599 2618 670 quid
2644 598 2882 669 loquatur
2902 598 2956 651 in
2984 614 3064 651 me
3091 597 3341 652 Dominus
3372 596 3534 661 Deus,
3564 619 3673 670 quo-

2115 692 2258 745 niam
2285 691 2517 760 loquetur
2545 707 2721 762 pacem
2748 692 2805 743 in
2824 688 3018 759 plebem
3047 706 3213 742 suam.
3240 687 3307 741 Et
3326 702 3475 759 super
3492 700 3673 747 sanctos

2115 799 2256 845 suos,
2286 791 2337 837 et
2380 784 2435 836 in
2474 800 2562 836 eos
2589 784 2674 853 qui
2703 790 3074 835 convertuntur
3099 782 3168 834 ad
3195 799 3303 835 cor.
3340 781 3673 836 Verumtamen

2117 891 2276 944 prope
2300 874 2532 926 timentes
2558 890 2671 925 eum
2695 872 2926 925 salutare
2961 872 3144 941 ipsius,
3181 881 3238 923 nt
3267 870 3510 924 inhabitet
3529 872 3674 940 gloria

2116 966 2170 1018 in
2197 975 2331 1018 terra
2355 973 2553 1018 nostra.
2582 962 2942 1017 Misericordia
2962 972 3011 1015 et
3030 964 3219 1016 ueritas
3239 962 3674 1027 obviarernntsfbi,

2112 1058 2318 1128 jwstitia
2347 1065 2394 1109 et
2422 1073 2526 1127 pax
2554 1055 2801 1110 osatlata:
2826 1064 2965 1107 sunt.
3000 1052 3203 1106 Veritas
3223 1052 3288 1105 de
3310 1062 3444 1105 terra
3470 1062 3577 1106 orta
3594 1063 3674 1114 est,

2118 1159 2167 1203 et
2206 1150 2412 1220 jnstitia
2451 1148 2516 1201 de
2560 1147 2684 1201 caelo
2710 1146 2991 1217 prospexit.
3038 1144 3245 1198 Etenim
3278 1143 3521 1199 Dominus
3556 1144 3679 1198 dabit

2121 1242 2504 1312 benignitatem,
2529 1249 2578 1294 et
2608 1249 2743 1291 terra
2774 1247 2951 1291 nostra
2981 1236 3122 1289 dabit
3148 1238 3369 1306 fructum
3403 1252 3560 1289 situm.
3596 1235 3680 1289 lu-

2121 1334 2264 1387 stitia
2308 1341 2428 1385 ante
2472 1347 2587 1385 eum
2632 1328 2946 1393 ambulabit,
2996 1338 3046 1382 et
3089 1337 3245 1401 ponet
3287 1330 3345 1382 in
3381 1329 3462 1381 via
3498 1343 3681 1398 gressus

2121 1440 2261 1478 82108.

2698 1506 3132 1546 εοκκεκτλιιιωι.

2193 1605 2564 1673 Octugesimus
2613 1613 2837 1673 quartus
2890 1604 3128 1674 psalmus
3176 1603 3518 1658 nihilominus
3558 1604 3679 1659 Core

2127 1697 2247 1753 filiis
2281 1698 2598 1768 applicatur.
2628 1697 2769 1752 Core
2810 1696 2899 1751 lilii
2930 1705 3073 1762 sunt,
3120 1697 3313 1766 quibus
3351 1706 3504 1767 pater
3530 1697 3683 1765 ignem

435 1794 796 1850 nedictionem
846 1790 1117 1861 accipiunt
1145 1805 1174 1843 a
1207 1797 1276 1854 te,
1326 1803 1355 1841 a
1398 1803 1505 1855 quo
1549 1786 1744 1853 Legem
1772 1800 2025 1855 suscepe-
2056 1773 2100 1832 Β
2129 1789 2360 1842 alienum
2385 1788 2437 1841 in
2458 1787 2627 1841 altare
2648 1787 2835 1842 volens
2854 1802 3058 1857 ponere
3079 1788 3302 1851 tollitur,
3321 1795 3376 1843 et
3394 1788 3685 1857 paterChri—

435 1890 580 1948 runt,
609 1890 665 1937 et
690 1880 873 1935 vident
903 1881 957 1934 in
1003 1880 1088 1935 his
1117 1879 1284 1933 Deum
1326 1878 1547 1932 deorum
1578 1878 1631 1932 in
1660 1876 1811 1941 Sion,
1843 1876 1895 1930 id
1923 1884 2023 1941 est,
2129 1889 2242 1935 stus
2263 1895 2361 1950 per
2391 1879 2616 1948 gratiam
2645 1877 2997 1933 condonatur.
3036 1876 3187 1932 Sicut
3227 1878 3370 1932 enim
3402 1878 3536 1932 illius
3568 1877 3686 1947 ignis

437 1974 495 2029 in
514 1969 754 2028 Ecclesia
777 1977 889 2035 tua,
917 1970 972 2024 in
992 1984 1118 2038 qua,
1150 1969 1374 2024 Domine
1398 1969 1538 2025 Deus
1566 1970 1839 2034 virtutum,
1864 1984 2029 2023 exau—
2131 1972 2294 2027 libido
2323 1981 2406 2027 est
2425 1979 2613 2027 contra
2637 1972 2802 2026 Deum
2822 1978 2876 2025 et
2904 1979 3091 2025 contra
3118 1970 3358 2041 Moysen.
3392 1971 3443 2025 id
3467 1979 3689 2033 est,con-

439 2065 556 2120 dies
580 2077 793 2135 preces,
825 2077 932 2117 non
962 2062 1236 2126 vitiorum,
1268 2062 1409 2116 Deus
1434 2079 1448 2113 :
1478 2061 1566 2115 ille
1591 2069 1737 2115 amet
1762 2075 1867 2125 me,
1898 2059 2029 2114 illud
2132 2074 2212 2119 tra
2244 2064 2438 2131 Legem
2464 2064 2698 2129 vadens;
2728 2065 2800 2118 ita
2833 2063 2988 2132 hujus
3018 2064 3173 2132 ignis,
3192 2064 3355 2118 corda
3384 2064 3688 2119 credentium

438 2154 878 2224 acquiram,illud
901 2154 1147 2220 habeam,
1169 2153 1267 2209 has
1293 2154 1544 2209 vitiorum
1567 2167 1753 2223 preces
1776 2151 2031 2221 dedigna-
2131 2156 2183 2210 in
2214 2156 2461 2224 amplexu
2493 2154 2869 2209 misericordia:
2916 2164 2972 2208 et
2995 2156 3236 2208 veritatis
3271 2155 3489 2219 excitat,
3537 2155 3601 2208 ita
3640 2161 3689 2207 ut

439 2252 529 2300 tur
556 2244 812 2299 Dominus
839 2244 1114 2298 virtutum.
1140 2242 1206 2297 Et
1243 2244 1371 2314 quid
1393 2244 1764 2314 amplectitur?
1794 2243 1869 2298 Da
1898 2242 2030 2297 mihi
2124 2244 2332 2314 justitia
2362 2253 2418 2300 et
2443 2260 2549 2315 pax
2585 2245 2896 2299 osculantur
2921 2260 2996 2299 se.
3029 2243 3255 2309 Quando
3280 2253 3457 2300 autem
3488 2246 3582 2298 ista
3609 2242 3690 2311 ge-

430 2336 741 2397 castitatem
762 2375 776 2400 ,
810 2335 1161 2405 sapientiam,
1191 2343 1558 2405 contemptum
1588 2333 1790 2397 mundi,
1821 2334 2031 2404 patien—
2130 2345 2213 2391 sta
2240 2337 2367 2401 sint,
2398 2336 2442 2390 si
2473 2337 2703 2405 requiris
2730 2336 2989 2391 ausculta.
3021 2334 3249 2401 Quando
3294 2335 3562 2390 benedixit
3603 2334 3691 2387 Do-

442 2428 592 2493 tiam,
640 2427 978 2492 charitatem,
1020 2427 1217 2482 bonam
1262 2429 1623 2498 suspicionem
1661 2428 1713 2481 in
1760 2427 2026 2497 proximo.
2132 2426 2308 2480 minus
2336 2436 2534 2480 terram
2565 2442 2715 2479 suam
2744 2427 2973 2479 adventu
2999 2442 3128 2489 suo,
3172 2434 3300 2480 tunc
3327 2426 3516 2480 avertit
3541 2424 3691 2494 capti-

439 2516 498 2573 Si
525 2518 628 2572 ista
675 2519 931 2573 virtutum
959 2532 1160 2587 genera
1202 2528 1344 2581 sunt,
1370 2528 1426 2573 et
1470 2518 1612 2573 Deus
1639 2521 1896 2573 virtutum
1948 2526 2033 2571 est
2132 2518 2351 2571 vitatem
2399 2516 2584 2572 Jacob.
2609 2517 2760 2573 Tunc
2789 2519 2993 2572 remisit
3022 2518 3349 2588 impietatem
3392 2519 3555 2589 plebis
3578 2531 3690 2580 sum,

440 2626 601 2680 quem
632 2626 868 2673 oramus,
910 2610 995 2665 his
1043 2611 1229 2679 utique
1272 2611 1433 2665 rebus
1462 2611 1669 2675 annuit,
1698 2610 1891 2679 quibus
1933 2625 2032 2664 nos
2134 2610 2395 2677 mitigavit
2424 2623 2635 2664 onmem
2663 2610 2795 2664 iram
2823 2626 2993 2674 suam,
3025 2618 3080 2665 et
3114 2612 3306 2666 avertit
3334 2627 3362 2665 a
3391 2613 3543 2666 nobis
3578 2613 3690 2665 iram

439 2720 552 2761 sua:
579 2703 738 2759 faciet
760 2712 966 2757 natura:
993 2712 1293 2758 consortes.
1334 2703 1467 2757 Cum
1511 2704 1729 2773 respicit
1759 2703 1810 2757 in
1842 2704 2033 2758 faciem
2124 2698 2515 2767 indignationis
2554 2713 2684 2754 suae.
2735 2700 3035 2755 Ostendens
3091 2703 3247 2756 nobis
3297 2704 3692 2757 misericordiam

441 2794 660 2861 Christi,
688 2803 743 2850 et
770 2796 1042 2850 hominem
1088 2795 1283 2851 viderit
1328 2796 1604 2850 sedentem
1649 2796 1717 2850 ad
1755 2796 2031 2850 dexteram
2133 2805 2306 2855 suam,
2330 2798 2385 2843 et
2410 2790 2645 2844 salutare
2672 2806 2826 2845 suum
2852 2794 2903 2845 in
2932 2789 3146 2845 Christo
3177 2792 3310 2847 dans
3340 2793 3507 2847 nobis.
3527 2792 3694 2846 Audia-

441 2903 614 2952 suam,
640 2902 738 2957 per
757 2902 919 2956 quem
940 2885 1132 2941 melior
1151 2886 1268 2941 dies
1292 2902 1419 2949 una,
1451 2888 1574 2955 quia
1605 2894 1806 2942 aeterna
1833 2888 1955 2952 erit,
1979 2896 2035 2941 et
2134 2898 2253 2935 mus
2304 2881 2431 2949 quid
2477 2883 2747 2952 loquatur,
2799 2883 2890 2951 qui
2938 2886 3086 2938 venit
3122 2893 3178 2939 et
3202 2880 3494 2939 'benedixit
3519 2893 3694 2940 terram

440 2987 656 3034 noctem
681 2993 785 3032 non
807 2977 1043 3043 habebit,
1059 2978 1110 3033 in
1142 2977 1322 3033 laetitia
1345 2978 1448 3033 erit
1475 2978 2035 3044 credentium,melior
2134 2990 2287 3029 suam
2315 2992 2328 3027 :
2365 2973 2579 3028 Pacem‘
2602 2992 2789 3038 meam,
2824 2976 3013 3045 inquit,
3069 2976 3134 3031 do
3180 2974 3319 3031 vobis
3352 2976 3532 3047 (Joan.
3561 2975 3687 3045 xiv).

442 3069 547 3125 erit
569 3069 682 3123 hazc
696 3068 809 3123 dies
832 3083 937 3123 una
968 3068 1020 3122 in
1044 3082 1210 3138 regno
1237 3068 1353 3139 ejus
1374 3082 1537 3138 super
1553 3068 1717 3124 millia
1747 3084 2028 3131 annorum,
2072 3133 2107 3141 _
2136 3062 2277 3121 Ecce
2302 3068 2378 3121 sic
2399 3067 2636 3135 loquitur
2672 3083 2861 3137 pacem
2892 3069 2942 3122 in
2972 3069 3183 3138 plebem
3206 3084 3356 3125 suam
3391 3088 3404 3124 :
3437 3070 3598 3141 primo
3620 3085 3691 3123 su-

443 3176 567 3232 qute
596 3170 720 3215 sunt
748 3161 801 3214 in
830 3168 970 3214 terra
999 3170 1336 3232 consumpta.
1369 3159 1471 3228 Qui
1500 3161 1612 3215 lucc
1640 3170 1816 3215 autem
1842 3161 2030 3223 credit,
2061 3133 2108 3197 Ο
2139 3175 2235 3230 per
2261 3133 2498 3224 Sanctos,
2529 3156 2581 3214 id
2608 3133 2709 3221 esi,
2753 3176 2914 3229 super
2941 3133 3232 3229 apostolos.
3264 3160 3393 3217 Post
3422 3133 3529 3217 lizec
3552 3173 3692 3229 super

441 3252 567 3323 plus
594 3252 743 3321 eligit
762 3251 1002 3321 ahjectus
1020 3267 1138 3308 esse
1166 3253 1218 3307 in
1248 3253 1658 3308 conversatione
1679 3251 2031 3309 credentium.
2136 3266 2231 3306 eos
2258 3251 2349 3319 qui
2381 3266 2478 3320 per
2524 3251 2801 3320 apostolos
2845 3260 3230 3307 convertuntur
3258 3253 3323 3308 ad
3368 3268 3507 3308 eum.
3541 3251 3693 3320 Prope

442 3343 581 3411 Quia
601 3342 791 3399 domus
813 3342 907 3397 Dei
937 3360 1042 3399 non
1060 3356 1321 3402 caemento
1343 3354 1555 3401 constat
1581 3354 1636 3401 et
1664 3346 1830 3411 calce,
1862 3346 1955 3401 sed
1982 3346 2036 3401 in
2136 3349 2220 3396 est
2246 3342 2388 3396 enim
2429 3342 2737 3397 timentibus
2766 3342 2931 3398 Deum
2962 3344 3194 3400 salutare
3224 3345 3405 3415 ipsius,
3439 3347 3482 3401 si
3510 3344 3693 3399 inhabi-

442 3435 661 3491 homine
688 3436 940 3491 credente
981 3444 1037 3491 et
1089 3436 1205 3504 ejus
1249 3447 1514 3508 praecepta
1563 3447 1829 3493 servante.
1868 3433 2038 3493 'lnter
2139 3433 2331 3488 taverit
2352 3434 2542 3501 gloria,
2568 3433 2619 3488 id
2638 3442 2738 3497 est,
2759 3434 2988 3505 Spiritus
3008 3446 3255 3500 sanctus,
3284 3437 3492 3492 interra
3513 3443 3689 3499 nostra,

443 3539 545 3580 nos
570 3539 700 3594 ergo
731 3524 922 3580 melius
951 3533 1035 3580 est
1058 3525 1187 3580 mihi
1218 3542 1316 3596 pro
1345 3527 1556 3597 abjecto
1580 3528 1785 3593 haberi,
1809 3542 1970 3596 quam
1991 3530 2037 3584 si
2140 3525 2191 3579 id
2220 3530 2323 3589 est,
2352 3526 2404 3579 in
2450 3525 2766 3595 corporibus
2797 3528 3012 3590 nostris,
3044 3544 3151 3596 quo
3179 3528 3473 3593 habitante,
3506 3527 3689 3582 miseri-

443 3632 543 3688 pro
564 3631 690 3685 rege
721 3618 920 3672 habear
942 3618 992 3671 in
1027 3618 1385 3673 tabernaculis
1413 3627 1776 3689 peccatorum,
1808 3620 1897 3674 ubi
1935 3621 2038 3674 mi-
2139 3617 2321 3673 cordia
2351 3626 2407 3672 et
2451 3619 2647 3672 veritas
2677 3628 2966 3673 occurrunt
2993 3620 3093 3674 sibi
3133 3621 3185 3674 in
3217 3620 3373 3674 nobis
3402 3620 3566 3676 charis
3594 3633 3693 3671 am—

443 3709 791 3765 sericordiam
821 3719 876 3765 et
899 3710 1178 3765 veritatem
1199 3711 1372 3779 diligit
1400 3711 1675 3777 Dominus,
1700 3720 1755 3766 et
1774 3720 1898 3782 post
1932 3714 2036 3767 mi-
2102 3767 2109 3773 ,
2140 3710 2404 3781 plcxibus.
2429 3708 2638 3765 Justitia
2662 3725 2791 3765 vero
2813 3719 2865 3764 et
2886 3726 2993 3779 pax
3023 3710 3331 3766 osculantur
3358 3727 3433 3764 se.
3467 3710 3588 3777 Quia
3613 3723 3693 3761 ve—

443 3798 792 3854 sericordiam
842 3799 1035 3854 viderit
1065 3809 1121 3855 et
1145 3802 1427 3855 veritatem
1469 3802 1791 3857 custoditam
1838 3803 1905 3858 ab
1948 3819 2034 3870 eo,
2140 3800 2292 3866 ritas,
2323 3814 2441 3868 quae
2462 3808 2543 3854 est
2562 3798 2824 3863 Christus,
2843 3799 2910 3855 de
2932 3809 3093 3865 terra,
3114 3800 3163 3854 id
3183 3809 3283 3866 est,
3307 3801 3375 3856 de
3397 3801 3690 3861 Maria,orta

443 3889 539 3956 qui
559 3902 679 3942 eam
707 3888 855 3942 dedit
876 3887 1151 3944 Dominus.
1182 3888 1309 3945 Post
1337 3891 1451 3947 haec
1476 3893 1701 3961 gratiam
1732 3900 1786 3948 et
1813 3894 2035 3961 gloriam
2141 3898 2241 3950 est,
2268 3899 2323 3944 et
2343 3891 2414 3944 ita
2434 3891 2579 3959 justo
2601 3890 2705 3945 hoc
2727 3890 2931 3958 judicio
2957 3891 3152 3944 factum
3184 3900 3286 3958 est,
3314 3892 3454 3961 quod
3476 3907 3585 3947 cum
3612 3888 3690 3943 fie-

444 3978 613 4042 dahit,
639 3977 710 4031 ita
731 3987 789 4032 ut
808 3980 923 4033 sine
952 3981 1289 4035 successione
1311 3996 1404 4036 eas
1426 3984 1713 4051 possideat.
1748 3984 1863 4039 Non
1894 3988 2036 4041 enim
2138 3989 2222 4036 ret
2242 3981 2586 4046 docebamur,
2611 3981 2754 4049 quod
2777 3980 2980 4049 justitia
3014 3981 3080 4036 de
3108 3983 3245 4037 cado
3275 3983 3555 4053 prospexit.
3575 3979 3689 4035 Cum

443 4067 681 4138 privabit
708 4068 864 4124 bonis
890 4084 986 4124 eos
1031 4070 1123 4139 qui
1171 4072 1561 4128 ambulaverint
1605 4075 1658 4129 in
1707 4075 2032 4132 innocentia.
2141 4074 2398 4129 Dominus
2445 4076 2598 4131 daret
2644 4074 2781 4129 hanc
2810 4075 3237 4131 benedictionem
3287 4074 3481 4138 Marim,
3511 4076 3557 4128 in
3600 4086 3686 4141 qua

445 4161 528 4216 Ad
578 4161 692 4218 hmc
740 4162 982 4220 dicamus
1025 4180 1213 4221 omnes
1246 4184 1258 4219 :
1291 4165 1516 4222 Domine
1572 4169 1711 4224 Deus
1759 4170 2032 4237 virtutum,
2140 4165 2294 4233 quasi
2341 4158 2483 4220 terra
2511 4174 2715 4228 nostra,
2748 4181 2814 4219 ex
2845 4174 3028 4219 nostra
3060 4166 3244 4233 utique
3297 4167 3533 4229 materia,
3560 4163 3689 4217 dare!

448 4254 640 4310 beatus
664 4256 750 4310 vir
797 4257 886 4326 qui
926 4266 1109 4327 sperat
1158 4259 1210 4312 in
1267 4266 1339 4314 te.
1373 4257 1468 4314 Vir
1507 4277 1629 4315 cum
1676 4262 1894 4326 dixeris,
1927 4280 2037 4318 non
2136 4259 2371 4313 fructum
2398 4273 2571 4311 suum.
2605 4256 2772 4311 Suum
2802 4258 2985 4327 utique
3007 4258 3277 4312 hominem
3309 4257 3605 4328 perfectum,
3630 4267 3688 4307 cx

447 4359 636 4400 sexum
666 4345 996 4414 discrevisti,
1028 4349 1123 4404 sed
1152 4358 1407 4404 mentem.
1440 4350 1659 4406 Femina
1690 4354 1832 4407 enim
1862 4354 2035 4408 virum
2139 4349 2343 4403 semine
2379 4347 2549 4403 David
2577 4347 2871 4403 secundum
2917 4365 3155 4413 carnem,
3174 4358 3299 4403 ante
3335 4364 3488 4418 quem
3511 4343 3688 4416 justitia

448 4442 574 4502 aget
593 4435 871 4491 virtutum.
914 4437 1072 4491 Amat
1098 4455 1191 4493 rex
1219 4455 1338 4509 qua:
1380 4440 1502 4509 jure
1542 4442 1624 4495 vir
1667 4442 1879 4509 dicitur,
1911 4460 2032 4499 cum
2064 4493 2107 4509 λ
2140 4440 2433 4494 ambulavit
2461 4438 2513 4493 in
2561 4438 2768 4493 Joanne
2791 4438 3051 4509 Baptista,
3099 4446 3158 4493 ut
3187 4438 3259 4492 ita
3298 4446 3518 4509 poneret
3542 4438 3588 4490 in
3615 4433 3685 4487 Via

443 4525 574 4579 vitia
594 4539 715 4593 qua:
766 4525 1019 4581 feminam
1064 4530 1225 4583 etiam
1256 4530 1428 4584 virum
1480 4531 1708 4595 faciunt,
1740 4534 1906 4588 animi
1949 4536 2031 4589 sui
2066 4525 2111 4554 ν
2137 4546 2353 4599 gressus
2381 4545 2527 4596 suos,
2561 4538 2620 4584 ut
2666 4531 2780 4600 ipse
2819 4538 2963 4586 esset
3008 4547 3113 4584 vox
3150 4529 3301 4585 Isaiae
3335 4527 3688 4584 vaticinatione

444 4613 762 4669 credulitate
783 4618 1132 4686 prostraverit
1154 4634 1249 4689 per
1260 4621 1485 4687 gratiam
1500 4621 1710 4678 Domini
1730 4625 1895 4680 nostri
1907 4625 2034 4682 Jesu

444 4699 666 4770 Christi,
717 4707 807 4776 qui
861 4717 1050 4777 regnat
1078 4725 1197 4766 cum
1229 4709 1388 4768 Patre
1419 4722 1475 4769 et
1508 4713 1711 4785 Spiritu
1749 4726 1937 4775 sancto
1976 4719 2033 4773 in

448 4793 643 4848 saecula
675 4796 1012 4851 saeculorum.
1047 4798 1235 4854 Amen.

2137 4622 2421 4692 promissa,
2462 4636 2565 4691 qua
2591 4623 2850 4677 clamaret
2870 4623 2921 4676 in
2951 4622 3163 4677 deserto
3187 4622 3346 4690 hujus
3366 4622 3533 4678 seculi
3562 4638 3572 4672 :
3596 4616 3688 4672 Pa-

2135 4721 2249 4765 rate
2269 4712 2375 4766 vias
2408 4711 2635 4776 Domini,
2668 4722 2833 4767 rectas
2863 4714 3017 4784 facile
3043 4714 3250 4767 semitas
3273 4713 3371 4767 Dei
3399 4713 3552 4767 nostri
3572 4708 3683 4777 (Isa.

2126 4804 2249 4874 se).
2283 4805 2415 4859 Nam
2445 4811 2501 4859 et
2529 4803 2816 4858 Zacharias
2844 4805 2923 4859 sic
2956 4804 3085 4859 dicit
3110 4803 3304 4858 Joanni
3335 4823 3347 4858 :
3380 4803 3451 4858 Tu
3479 4800 3685 4873 quidem.

922 4891 1233 4948 PSALMUS
1271 4891 1547 4951 LXXXIV.
2137 4915 2282 4969 puer,
2308 4898 2555 4968 propheta
2593 4897 2845 4951 Altissimi
2883 4897 3175 4959 vocaberis;
3204 4897 3411 4968 praeibis
3439 4897 3570 4949 enim
3594 4898 3693 4945 ante

947 4981 1004 5035 1η
1035 4980 1193 5036 ﬁnem
1224 4978 1343 5035 ﬁliis
1370 4979 1528 5035 Core.
2139 4991 2325 5063 faciem
2357 4990 2586 5056 Domini,
2617 5007 2804 5061 parare
2831 4990 2938 5044 vias
2966 4991 3077 5062 ejus
3099 4990 3246 5062 (Luc.
3280 4991 3341 5058 ι).
3373 4990 3430 5044 In
3452 4992 3561 5059 ipso
3585 4997 3692 5052 ergo

524 5068 859 5135 Benedizisti,
885 5070 1124 5133 Domine,
1151 5084 1340 5127 terram
1379 5084 1538 5137 tuam,
1567 5075 1795 5130 σεενιὶδεί
1821 5076 2041 5146 εαρίῖυὶ·
2133 5080 2339 5150 justitia
2368 5089 2494 5135 ante
2524 5097 2645 5136 eum
2676 5081 2986 5147 ambulavit,
3011 5090 3069 5135 ut
3098 5082 3206 5151 ipsa
3232 5081 3436 5149 justitia
3458 5095 3549 5150 per
3567 5072 3696 5132 Chri-

451 5169 609 5215 tatem
629 5156 812 5213 Iacob.
841 5158 1102 5214 Remisisti
1124 5163 1445 5233 iniquitatem
1467 5162 1628 5234 plebis
1652 5174 1769 5230 tute,
1798 5165 2045 5237 aperuisti
2139 5182 2283 5228 stum
2310 5182 2540 5244 poneret
2569 5174 2621 5228 in
2663 5175 2800 5228 viam
2849 5190 2954 5245 qua
2986 5176 3153 5229 iretur
3189 5175 3256 5228 ad
3305 5175 3471 5231 cmlos
3508 5182 3695 5242 gressus

450 5252 628 5306 omnia
668 5260 879 5320 peccata
921 5267 1115 5305 eorum.
1163 5252 1417 5324 Mitigasti
1457 5252 1830 5311 omnem'iram
1881 5267 2040 5325 tuam,

452 5344 681 5396 anertisti
715 5343 779 5396 ab
810 5345 889 5397 ira
919 5343 1291 5414 indignationis
1332 5354 1449 5397 tna'.
1483 5344 1729 5400 Converte
1757 5364 1869 5412 nos,
1905 5347 2043 5401 Deus

2140 5279 2284 5328 suos,
2303 5272 2361 5318 ut
2385 5279 2675 5335 sequamur
2685 5267 2905 5334 vestigia
2920 5268 3036 5334 ejus
3055 5266 3145 5335 qui
3167 5274 3446 5337 peccatum
3461 5280 3560 5320 non
3573 5260 3694 5323 fecit.

2146 5372 2246 5411 nec
2274 5356 2523 5409 inventus
2552 5363 2632 5409 est
2660 5354 2815 5411 dolus
2844 5357 2897 5411 in
2926 5372 3021 5412 ore
3050 5357 3165 5425 ejus
3184 5358 3311 5428 gipsi
3353 5357 3518 5426 gloria
3543 5355 3591 5408 in
3615 5363 3698 5406 Sic"

453 5434 696 5488 salutaris
718 5444 911 5500 noster,
942 5444 991 5488 et
1011 5442 1179 5487 auerte
1208 5435 1341 5487 iram
1367 5443 1505 5488 tuam
1531 5452 1562 5488 a
1588 5436 1755 5491 nobis.
1794 5435 2023 5510 Nunquit

2143 5446 2261 5501 cula
2291 5447 2625 5501 seculorum.
2656 5448 2844 5502 Amen.

453 5524 506 5577 in
538 5534 784 5579 (etei-num
814 5525 1050 5579 irasceris
1085 5521 1249 5587 nobis,
1281 5533 1371 5576 aut
1394 5525 1638 5578 extendes
1667 5527 1800 5581 iram
1831 5536 1971 5582 tuam
2009 5545 2043 5582 α

456 5618 786 5684 generatione
812 5619 865 5671 in
893 5616 1306 5687 generationem?
1334 5615 1486 5681 Dens,
1517 5627 1564 5670 tu
1589 5637 1858 5675 conversus
1881 5622 2044 5690 rivi/i-

531 5717 603 5779 (α)
638 5717 732 5771 sic.
769 5729 1036 5789 corrupte.

2636 5537 2856 5592 PSALM
2865 5537 2950 5594 US
2988 5538 3239 5598 LXXXV.

2737 5628 2921 5684 Oratio
2953 5629 3137 5685 David.

2214 5717 2444 5782 lnrlina,
2487 5719 2704 5775 Domine
2723 5760 2736 5785 ,
2787 5738 2960 5777 aurem
2989 5732 3129 5775 tuam
3158 5733 3207 5777 et
3243 5722 3431 5777 exaudi
3459 5736 3560 5781 me.
3585 5728 3695 5781 (μοι
