3870 6182
226 268 319 320 ιη

226 385 353 434 niam
380 379 522 445 inops
547 383 597 426 et
618 390 806 443 pauper
831 390 942 427 sum
962 390 1073 444 ego.
1108 373 1316 428 Custodi
1341 378 1566 429 animum
1587 392 1770 437 meam,
1805 381 1850 438 Α

221 470 441 541 quoniam
468 474 671 519 sanctus
707 479 815 516 sum
833 504 846 525 ,
875 467 1070 516 salrum
1096 467 1179 533 fac
1208 481 1403 518 servum
1434 475 1600 527 tuum,
1633 463 1770 520 Deus

221 574 365 617 meus,
389 564 672 625 sperantem
695 555 747 607 in
770 563 833 608 te.
858 553 1105 608 Miserere
1123 557 1239 619 mei,
1267 554 1501 619 Domine,
1530 557 1770 626 quoniam

222 649 283 702 ad
307 659 349 700 te
366 646 579 700 clamavi
608 655 711 699 tota
733 645 847 710 die;
879 646 1085 716 laniﬁca
1105 646 1333 699 animam
1357 646 1486 698 servi
1515 648 1606 708 tui,
1641 662 1772 717 quo-

221 741 347 793 niam
365 735 431 790 ad
450 745 514 802 te,
532 734 772 801 Domine,
787 737 1015 789 animam
1033 753 1199 789 meam
1221 736 1395 790 levavi.
1417 733 1673 798 Quoniam
1697 745 1768 802 tu,

220 828 436 890 Domine,
460 825 631 879 suavis
650 835 698 878 et
716 827 875 887 mitis,
892 836 942 879 et
959 826 1134 880 multa:
1153 825 1519 893 misericordia:
1538 822 1771 879 omnibus

218 914 546 972 invocantibus
575 923 640 969 te.
682 914 904 969 Auribus
940 917 1171 986 percipe,
1216 914 1456 980 Domine,
1488 916 1772 969 orationem

216 1027 381 1073 meam,
411 1020 459 1062 et
479 1008 689 1061 intende
708 1009 813 1061 coci
842 1008 1212 1077 deprecationis
1240 1023 1383 1060 mete.
1411 1005 1475 1059 In
1500 1007 1583 1059 die
1602 1005 1771 1059 tribu-

216 1102 403 1156 lationis
429 1116 555 1153 mea:
584 1098 797 1151 clamavi
818 1096 887 1150 ad
917 1107 981 1162 te,
1004 1097 1124 1168 quia
1145 1098 1402 1151 exaudis'ti
1424 1115 1523 1151 me.
1551 1095 1673 1151 Non
1694 1104 1772 1151 est

215 1193 378 1246 similis
408 1193 480 1244 tui
509 1192 565 1244 in
594 1190 715 1255 diis,
740 1188 980 1254 Domine,
1002 1197 1051 1242 et
1080 1206 1182 1243 non
1204 1198 1283 1244 est
1312 1188 1589 1243 secundum
1615 1204 1771 1259 opera

219 1290 311 1334 tua.
341 1278 528 1332 Omnes
557 1287 733 1349 gentes
761 1294 1084 1350 quascunque
1104 1279 1271 1349 fecisti
1290 1280 1489 1331 venient
1508 1286 1556 1331 et
1577 1278 1771 1332 adora-

216 1370 320 1423 bunt
351 1387 520 1424 coram
559 1380 626 1435 te,
655 1368 893 1435 Domine,
926 1379 974 1421 et
1007 1367 1369 1441 gloriﬁcabunt
1390 1386 1572 1423 nomen
1608 1380 1764 1424 tuum.

217 1456 450 1522 Quoniam
479 1475 699 1529 magnus
722 1475 775 1512 es
799 1468 871 1522 tu,
897 1467 948 1510 et
967 1459 1160 1528 faciens
1184 1457 1459 1520 mirabilia,
1487 1468 1535 1510 tu
1557 1475 1609 1511 es
1630 1458 1771 1513 Deus

215 1550 353 1602 solus.
376 1548 555 1602 Deduc
576 1566 675 1613 me,
700 1549 934 1613 Domine,
965 1551 1019 1604 in
1048 1550 1127 1602 ria
1159 1558 1273 1611 tua,
1320 1558 1370 1602 et
1411 1550 1676 1621 ingrediar
1715 1553 1768 1604 in

216 1640 403 1691 veritate
422 1639 765 1700 tua;laztetur
788 1656 876 1693 cor
904 1656 1070 1693 meum
1094 1648 1147 1691 ut
1177 1641 1349 1692 timeat
1381 1656 1564 1693 nomen
1605 1648 1763 1693 tuum.

1059 261 1523 317 ΕΟΜΜΕΝΤΑΒΠ
1563 262 1627 316 ΙΝ
1668 262 1993 317 PSALMUS.
2038 263 2224 317 PSAL.
2270 263 2543 320 LXXXVI.

3352 271 3454 325 C30

2353 378 2475 433 PSA
2486 379 2665 434 LMUS
2704 381 2974 437 LXXXVI.

2258 471 2493 527 Psalmus
2518 472 2723 527 Cantici
2756 474 2874 528 ﬁliis
2905 474 3058 529 Core.

1944 561 2304 618 Fundamenta
2332 566 2441 635 ejus
2464 566 2517 619 in
2545 567 2799 621 montibus
2828 566 3041 631 sanctis,
3076 566 3246 637 diligit
3266 565 3449 619 Donu-

1871 670 1968 707 nus
1996 663 2172 724 portas
2200 655 2330 708 Sion
2354 672 2506 725 super
2535 658 2712 710 omnia
2741 655 3070 711 tabernacula
3102 655 3281 710 Iacob.
3330 655 3441 710 Glo-

1870 745 2015 797 riosa
2043 745 2180 797 dicta
2210 754 2327 798 sunt
2357 745 2419 798 de
2439 754 2504 807 te,
2542 748 2722 801 civitas
2745 746 2860 800 Dei.
2886 746 3086 800 Memor
3112 763 3199 800 ero
3225 745 3372 799 Raab
3400 755 3450 800 et

1872 831 2172 903 Babylonis,
2190 836 2459 887 scientinm
2488 851 2585 888 me.
2607 834 2743 889 Ecce
2763 836 3089 906 alienigenae,
3114 848 3163 889 et
3192 835 3375 906 Tyrus.
3401 844 3451 890 el

1871 923 2089 992 populus
2112 922 2441 994 Aftliiopum,
2469 922 2509 976 ii
2533 926 2738 994 fuerunt
2766 924 2892 977 illic.
2928 922 3178 993 Nunquid
3207 925 3334 978 Sion
3364 925 3447 977 di-

1871 1020 1950 1065 cet
1978 1029 1995 1065 :
2028 1011 2219 1077 Homo,
2242 1023 2291 1067 et
2315 1014 2463 1067 homo
2492 1023 2642 1068 natus
2668 1024 2745 1068 est
2777 1016 2831 1067 in
2862 1032 2954 1077 ea,
2987 1025 3036 1069 et
3074 1017 3185 1084 ipse
3218 1015 3449 1086 fundarit

1863 1120 1983 1159 eam
2004 1105 2337 1158 Altissimus?
2359 1104 2611 1159 Dominus
2634 1104 2868 1159 narrabit
2896 1105 2949 1158 in
2973 1103 3257 1175 Scripturis
3288 1121 3451 1177 popu-

1869 1194 2037 1247 lorum
2081 1204 2133 1248 et
2178 1196 2488 1264 principum,
2527 1196 2708 1249 [torum
2742 1195 2829 1266 qui
2858 1198 3063 1266 fuerunt
3100 1196 3157 1249 in
3195 1212 3274 1249 ea.
3305 1194 3451 1251 Sicut

1871 1284 2157 1338 lte:antium
2177 1283 2401 1337 omnium
2430 1282 2679 1337 habitatio
2707 1295 2784 1337 est
2812 1284 2865 1337 in
2896 1291 2961 1336 te.

2445 1388 2877 1427 COMMENTARIUII.

1941 1464 2137 1516 Omnes
2187 1478 2325 1533 pene
2355 1461 2543 1531 psalmi
2592 1461 2683 1531 qui
2727 1461 2779 1515 in
2835 1459 2955 1515 filiis
2979 1459 3120 1516 Core
3149 1461 3445 1528 titulantur,

1870 1553 2050 1607 laetitia
2078 1552 2217 1622 pleni
2245 1561 2387 1607 sunt.
2407 1551 2522 1606 Non
2545 1552 2684 1605 enim
2714 1552 2882 1607 secuti
2906 1552 3235 1621 iniquitatem
3260 1554 3445 1624 patris,

1871 1644 2103 1696 alienum
2133 1659 2162 1695 a
2190 1643 2299 1695 Deo
2328 1641 2500 1709 ignem
2534 1641 2869 1696 libidinosum
2900 1652 3194 1708 assumunt,
3220 1644 3315 1698 sed
3344 1644 3448 1700 hoc

215 1727 484 1797 Conﬁtebor
513 1729 623 1792 tibi,
660 1728 878 1783 Domine
909 1728 1043 1783 Deus
1066 1746 1224 1793 meus,
1255 1731 1308 1781 in
1339 1739 1441 1782 toto
1463 1730 1618 1783 corde
1636 1748 1766 1795 meo,
1803 1740 1843 1797 Β
1875 1741 2116 1787 amantes
2144 1732 2285 1801 quod
2315 1732 2484 1800 diligit
2532 1732 2807 1796 Dominus,
2848 1732 2915 1787 de
2963 1733 3177 1787 civitate
3220 1734 3447 1802 gloriosa

216 1826 254 1870 st
278 1818 569 1888 gloriﬁcabo
599 1836 781 1871 nomen
818 1828 958 1872 tuum
998 1820 1051 1871 in
1088 1828 1351 1872 aeternum.
1396 1816 1529 1881 Quia
1569 1821 1772 1873 miseri-

215 1909 369 1961 cordia
408 1917 494 1962 tua
540 1925 732 1981 magna
781 1918 857 1962 est
900 1926 1053 1981 super
1090 1926 1198 1974 me,
1244 1918 1293 1962 et
1329 1910 1505 1963 eruisti
1546 1912 1773 1964 animum

214 2016 358 2053 meam
381 2016 443 2053 ea:
471 2001 679 2070 inferno
700 2000 953 2071 inferiori.
994 1997 1132 2052 Deus
1151 2037 1166 2063 ,
1196 1999 1356 2069 iniqui
1384 2000 1774 2052 insurrexerunt

214 2104 348 2159 super
383 2106 479 2153 me,
512 2100 560 2143 et
599 2105 864 2159 synagoga
894 2089 1175 2158 potentium
1205 2090 1514 2159 quaesierunt
1541 2090 1771 2141 animam

213 2198 377 2246 meam,
409 2192 457 2235 et
480 2199 584 2235 non
613 2191 987 2259 proposuerunt
1008 2189 1055 2234 te
1078 2182 1133 2234 in
1162 2190 1433 2252 conspectu
1461 2198 1572 2236 suo.
1599 2179 1666 2233 Et
1696 2191 1767 2245 tu,

214 2272 415 2326 Domine
436 2272 596 2338 Deus,
621 2275 893 2326 miserator
912 2281 960 2325 et
980 2273 1288 2336 misericors,
1313 2273 1510 2341 patiens
1531 2283 1579 2325 et
1599 2272 1772 2325 multa:

213 2364 557 2418 misericordia:
582 2374 632 2417 et
662 2380 836 2417 uerax.
875 2362 1088 2433 Respice
1114 2364 1165 2436 in
1191 2380 1288 2425 me,
1321 2373 1371 2416 et
1392 2366 1634 2417 miserere
1650 2363 1769 2428 mei,

214 2453 272 2505 da
295 2454 553 2524 imperium
584 2465 727 2507 tuum
753 2470 908 2522 puero
940 2464 1043 2517 tuo,
1075 2462 1123 2507 et
1146 2455 1339 2507 salvum
1367 2457 1451 2525 fac
1475 2455 1641 2524 ﬁlium
1676 2471 1772 2507 an-

214 2544 331 2599 cilla:
355 2554 470 2599 tute.
495 2544 610 2598 Fac
641 2561 833 2598 mecum
864 2545 1068 2614 siquam
1106 2547 1160 2598 in
1193 2544 1352 2609 bono,
1380 2554 1436 2596 ut
1457 2545 1659 2598 rideant
1686 2543 1772 2614 qui

216 2636 410 2690 oderunt
430 2652 525 2701 me,
549 2647 600 2690 et
622 2638 1011 2708 confundantur
1025 2653 1042 2701 ;
1067 2637 1305 2706 quoniam
1328 2644 1400 2702 tu,
1422 2634 1661 2699 Domine,
1684 2633 1768 2688 ad-

214 2724 367 2794 iuvisti
393 2735 440 2780 et
467 2732 765 2781 consolatus
792 2743 845 2781 es
874 2744 973 2780 me.

764 2835 1194 2873 COMMENTARIUM.

276 2908 401 2964 Dum
456 2912 506 2965 in
553 2912 889 2979 octogesimo
944 2912 1177 2966 secundo
1221 2911 1437 2965 aieret:
1486 2909 1619 2964 Deus
1660 2912 1775 2982 quis

218 3002 378 3054 similis
406 3002 533 3055 tibi?
569 3017 715 3057 nunc
760 3002 812 3055 in
862 3001 1191 3068 octogesimo
1219 3001 1409 3070 quinto
1453 2999 1582 3054 dicit
1612 3017 1623 3052 :
1657 2999 1774 3054 Non

1877 1825 2185 1892 loquuntur.
2238 1820 2393 1887 Quod
2438 1832 2615 1875 tamen
2667 1823 2983 1891 principium
3011 1822 3217 1877 dederit
3244 1824 3449 1892 psalmo

1874 1914 2202 1980 octogesimo
2250 1924 2404 1968 sexto
2450 1912 2745 1983 prophetiae
2796 1912 3038 1981 spiritus,
3094 1913 3444 1982 requiramus.

1872 2003 2241 2058 Fundamenta
2269 2005 2404 2073 ejus.
2437 2002 2621 2057 Adhuc
2652 2019 2758 2057 non
2811 2003 2988 2056 dixisti
3019 2003 3188 2070 cujus,
3220 2012 3275 2057 et
3320 2003 3449 2057 dicis

1867 2093 1978 2163 jam
2007 2094 2161 2162 ejus?
2192 2092 2344 2148 Unde
2374 2101 2596 2163 apparet
2624 2092 2791 2146 Deum
2822 2092 2916 2146 tibi
2937 2091 3237 2145 ostendisse
3262 2091 3449 2145 civita-

1874 2193 2001 2249 tem,
2034 2186 2185 2253 cujus
2212 2194 2265 2239 te
2311 2185 2527 2255 positio.
2559 2182 2684 2237 dum
2710 2191 2954 2237 cantores
2993 2182 3241 2249 Domino,
3270 2184 3449 2252 appel-

1875 2275 2033 2340 lavit;
2057 2284 2111 2329 et
2140 2275 2273 2329 dans
2296 2284 2398 2329 tua:
2443 2273 2757 2342 cogitationi
2784 2287 3123 2341 responsum,
3149 2273 3325 2327 subito
3349 2288 3447 2328 ex-

1872 2370 2116 2425 clamasti
2148 2385 2163 2423 :
2215 2369 2580 2424 Fundamenta
2629 2368 2768 2422 illius
2813 2368 3041 2422 civitatis
3064 2382 3223 2436 quam
3251 2370 3450 2436 cogito,

1872 2460 2027 2527 cujus
2056 2469 2238 2530 portas
2256 2460 2426 2529 diligit
2446 2460 2703 2515 Dominus
2730 2475 2890 2530 super
2903 2459 3081 2514 omnia
3112 2460 3450 2517 tabernacula

1871 2550 2058 2616 Jacob,
2090 2551 2157 2606 de
2184 2567 2288 2620 qua
2329 2552 2558 2621 gloriosa
2589 2552 2727 2605 dit-ta
2758 2558 2881 2604 sunt
2909 2566 2938 2604 a
2984 2551 3290 2620 prophetis;
3329 2550 3450 2604 fun-

1874 2642 2125 2696 damenta
2155 2642 2273 2710 ejus
2303 2643 2353 2695 in
2400 2641 2669 2695 montibus
2720 2641 2934 2695 sanctis.
2985 2640 3060 2694 lbi
3106 2650 3227 2696 sunt
3267 2642 3453 2695 funda~

1874 2743 2052 2787 menta
2081 2733 2334 2800 civitatis,
2363 2747 2499 2801 quos
2525 2731 2768 2786 Christus
2806 2741 3017 2787 montes
3038 2733 3279 2788 excelsos
3308 2733 3451 2800 fecit,

1875 2836 2102 2890 quorum
2134 2822 2360 2876 vertices
2388 2822 2580 2876 omium
2611 2823 2847 2891 pulsant,
2879 2823 2929 2876 in
2954 2823 3145 2890 quibus
3175 2822 3452 2891 transﬁgu-

1874 2922 2059 2965 rantur
2087 2912 2138 2965 in
2162 2911 2462 2981 splendore,
2497 2912 2547 2965 in
2576 2914 2768 2980 quibus
2789 2921 3046 2981 apparent
3073 2928 3191 2967 cum
3215 2928 3280 2967 eo
3306 2912 3452 2985 Moy-

1877 3016 1964 3055 ses
1989 3008 2043 3054 et
2070 2999 2232 3066 Elias,
2264 3000 2316 3054 in
2345 3002 2537 3069 quibus
2566 2999 2674 3055 Lex
2696 3011 2750 3055 et
2783 3001 3067 3069 PrOphetia
3098 3018 3217 3056 cum
3240 3002 3453 3057 Christo

217 3101 288 3146 est
304 3094 482 3147 similis
503 3094 578 3147 tui
610 3093 665 3146 in
692 3093 808 3156 diis,
837 3091 1081 3147 Domine.
1112 3091 1263 3158 Quod
1286 3091 1329 3145 si
1353 3091 1775 3158 interrogaverat
1802 3097 1845 3158 ο
1877 3086 2223 3155 concordant,
2256 3091 2308 3145 in
2334 3091 2527 3159 (ιυιὺιιε
2555 3091 2752 3160 apertis
2779 3092 2946 3156 coelis,
2977 3092 3172 3146 clamat
3206 3091 3366 3147 Pater
3388 3093 3453 3147 de

218 3184 352 3251 quasi
404 3185 640 3252 ignarus,
671 3181 899 3237 edocuit.
951 3181 1026 3237 lbi
1068 3191 1253 3236 contra
1309 3197 1494 3236 omnes
1543 3189 1773 3248 gentes:

219 3272 302 3328 llic
321 3289 502 3328 omnes
526 3283 737 3343 gentes,
765 3273 956 3343 inquit,
978 3289 1112 3343 quas
1139 3272 1329 3335 fecisti,
1354 3289 1461 3327 non
1483 3272 1699 3326 venient
1722 3280 1778 3327 et

218 3363 487 3431 bellabunt,
517 3367 614 3430 ait,
643 3365 781 3419 sicut
814 3366 884 3419 ibi
903 3365 1116 3419 dixerat
1142 3382 1153 3416 :
1187 3364 1290 3419 Sed
1322 3364 1554 3431 venient,
1584 3364 1774 3434 inquit,

219 3463 264 3507 et
286 3454 573 3511 adorabunt
603 3470 784 3510 coram
816 3465 888 3522 te,
914 3454 1159 3510 Domine.
1206 3455 1353 3510 Unde
1383 3456 1484 3510 ista
1512 3456 1605 3509 tibi
1638 3470 1776 3525 prte-

219 3547 460 3616 sumptio?
486 3546 542 3600 Si
574 3547 933 3610 inclinaveris,
968 3547 1160 3615 inquit,
1187 3562 1371 3602 aurem
1402 3555 1571 3611 tuam,
1603 3555 1657 3601 et
1683 3562 1776 3602 au-

220 3636 360 3691 dieris
405 3653 507 3701 me,
553 3648 610 3692 et
657 3638 974 3692 custodieris
1002 3650 1105 3703 me,
1137 3641 1263 3708 quia
1308 3649 1525 3694 sanctus
1552 3654 1689 3704 sum,
1724 3638 1778 3694 id

150 3738 159 3751 '
221 3735 307 3789 est,
330 3730 447 3797 quia
475 3726 839 3784 Sanctiﬁcatus
867 3744 1005 3793 sum,
1047 3738 1098 3782 et
1127 3729 1477 3784 lmtiticaveris
1505 3745 1614 3795 me,
1652 3729 1778 3798 quia

222 3834 385 3875 servus
413 3830 530 3875 tuus
577 3837 716 3885 sum,
741 3830 795 3875 et
816 3822 868 3875 in
895 3821 980 3876 die
1005 3822 1363 3878 tribulationis
1390 3837 1521 3877 mea:
1547 3823 1782 3877 claman-

224 3918 314 3963 tem
341 3927 423 3965 me
449 3911 515 3965 ad
538 3923 591 3967 te
618 3912 939 3976 exaudieris,
971 3920 1024 3966 et
1052 3912 1336 3966 deduxeris
1365 3928 1450 3967 me
1478 3913 1531 3966 in
1560 3913 1645 3967 via
1667 3922 1776 3977 tua,

225 4009 267 4051 et
294 4002 626 4055 ambulavero
654 4001 706 4054 in
737 4002 962 4055 veritate
987 4010 1094 4065 tua,
1127 4009 1180 4055 et
1215 4001 1526 4056 liberareris
1547 4002 1777 4055 animam

225 4105 375 4145 meam
416 4109 480 4147 ex
510 4092 720 4148 inferno
767 4092 1024 4161 inferiori,
1070 4101 1123 4147 et
1151 4093 1249 4147 bes
1301 4093 1527 4162 injustos
1565 4092 1782 4163 spiritus

226 4182 517 4248 immundos,
548 4184 642 4255 qui
673 4184 1077 4239 insurrexerunt
1116 4183 1169 4237 in
1197 4198 1284 4237 me
1311 4183 1633 4248 confoderis,
1655 4192 1781 4238 tunc

227 4270 466 4328 lzctabitur
509 4290 606 4329 cor
658 4289 835 4327 meum
864 4273 931 4328 de
973 4273 1219 4339 victoria,
1268 4284 1325 4329 et
1353 4274 1558 4328 timebit
1586 4290 1778 4329 nomen

226 4368 355 4413 tuum
392 4362 455 4415 de
481 4377 681 4433 pugna.
712 4361 769 4417 In
800 4363 981 4432 praelia
1011 4364 1153 4416 enim
1182 4364 1287 4418 hoc
1316 4380 1476 4417 unum
1508 4371 1562 4416 et
1607 4363 1777 4417 solum

1878 3182 2093 3238 Christo
2122 3200 2220 3239 suo
2254 3202 2266 3236 :
2319 3184 2421 3237 Hic
2455 3193 2556 3249 est,
2604 3184 2657 3237 in
2686 3201 2783 3255 quo
2811 3185 2937 3238 mihi
2986 3184 3113 3238 bene
3149 3187 3451 3255 complacui,

1876 3276 2042 3348 ipsum
2070 3279 2245 3331 audite
2267 3277 2479 3345 (Matth.
2508 3277 2658 3348 ινα).
2692 3277 2749 3331 In
2778 3278 2905 3347 ipsis
2951 3280 3221 3333 montibus
3265 3278 3455 3332 funda-

1877 3377 2056 3423 menta
2082 3377 2205 3422 sunt
2224 3367 2475 3423 Ecclesiae
2505 3368 2782 3423 collocata.
2816 3366 3237 3422 Fundamentum
3277 3378 3453 3423 autem

1878 3458 1952 3513 ibi
1987 3475 2133 3513 nemo
2190 3467 2355 3529 potest
2391 3474 2598 3529 ponere,
2629 3465 2817 3528 prazter
2851 3457 2907 3510 id
2946 3458 3083 3528 quod
3107 3460 3325 3528 positum
3379 3470 3455 3513 est

1881 3549 2078 3621 (lCor.
2129 3552 2227 3619 tu).
2278 3548 2477 3603 Saxum
2533 3549 2673 3602 enim
2704 3548 2935 3618 positum
2981 3557 3060 3602 est
3109 3548 3355 3602 solidum.
3387 3548 3456 3603 Et

1879 3641 1925 3694 si
1970 3640 2089 3710 quis
2136 3648 2331 3709 praeter
2383 3639 2488 3692 hoc
2526 3637 2668 3707 quod
2712 3637 2942 3707 positum
2985 3644 3067 3692 est
3114 3641 3369 3705 posuerit,
3401 3640 3454 3693 in

1878 3745 2095 3784 arenam
2125 3729 2323 3799 posuit.
2367 3728 2471 3783 Sed
2518 3728 2653 3782 forte
2681 3729 2833 3794 dicis,
2881 3728 3014 3782 Cum
3057 3744 3221 3783 unum
3267 3728 3455 3783 funda-

1879 3828 2115 3873 mentum
2163 3826 2425 3871 memoret
2472 3817 2795 3887 Apostolus,
2840 3818 3112 3888 quomodo
3167 3817 3252 3872 hic
3303 3817 3455 3887 plura

1879 3925 2146 3965 memoras
2201 3908 2579 3963 fundamenta?
2620 3908 2699 3962 Ad
2754 3909 2857 3963 hoc
2909 3909 3035 3963 illud
3091 3909 3297 3977 respice
3342 3928 3355 3961 :
3412 3909 3456 3963 si

1878 4016 2060 4068 regem
2087 4000 2285 4053 dixeris
2330 3998 2597 4053 Christum
2642 3999 2833 4062 solum,
2866 4000 3061 4055 dicitur
3088 4001 3205 4062 tibi,
3230 3998 3342 4052 Rex
3372 4014 3458 4052 γε-
3542 4062 3543 4065 η

1879 4106 2003 4160 gum
2033 4098 2142 4153 est;
2174 4090 2219 4143 si
2249 4088 2549 4153 Dominum,
2595 4090 3004 4159 respondebitur
3053 4090 3164 4152 tibi,
3198 4088 3456 4142 Dominus

1880 4180 2265 4237 dominantium
2316 4187 2427 4244 est;
2476 4179 2520 4233 si
2572 4187 2836 4242 sanetum,
2886 4186 3102 4232 sanctus
3148 4185 3456 4232 sanctorum

1882 4281 1983 4329 est.
2030 4270 2119 4326 Sic
2147 4280 2201 4325 et
2228 4271 2272 4325 si
2302 4270 2474 4324 solum
2523 4268 2922 4323 fundamentum
2953 4283 3237 4341 memores,
3270 4268 3457 4324 funda-

1880 4361 2625 4418 mentumfundamentorum
2678 4374 2872 4427 negare
2900 4375 3005 4413 nozn
3036 4361 3256 4429 poteris.
3308 4361 3460 4415 Unde

227 4450 447 4506 solatium
475 4454 657 4513 habui,
681 4452 821 4521 quod
852 4460 905 4506 te
952 4452 1231 4507 Dominum
1264 4469 1437 4507 meum
1470 4470 1552 4507 me
1594 4454 1778 4507 timere
1810 4462 1854 4518 D
1883 4456 2021 4509 idem
2075 4454 2364 4523 Apostolus
2427 4451 2838 4522 supermdilicari
2905 4450 3183 4505 credentes
3245 4450 3461 4505 Christo

229 4539 488 4607 gloriabar,
532 4559 653 4598 cum
681 4543 733 4596 hi
762 4543 852 4613 qui
878 4543 1282 4597 insurrexerunt
1307 4544 1361 4597 iu
1405 4559 1490 4597 me
1518 4559 1623 4597 non
1653 4559 1779 4611 pro-

229 4642 465 4698 ponerent
489 4643 542 4689 te
570 4641 693 4688 ante
722 4634 909 4688 oculos
935 4649 1078 4689 suos.
1104 4633 1299 4689 Verum
1321 4635 1444 4703 quia
1475 4634 1779 4688 misericors

231 4730 275 4774 et
300 4725 568 4780 miseratur
596 4740 673 4788 es,
705 4734 760 4779 et
786 4734 1186 4795 contemptores
1259 4742 1365 4780 non
1395 4725 1779 4779 occideszsicut

232 4811 274 4864 in
299 4815 393 4869 illis
419 4818 721 4873 misericors
740 4832 818 4882 es,
844 4818 895 4871 in
917 4833 1004 4872 me
1022 4833 1187 4872 verax
1207 4826 1344 4881 esto,
1375 4825 1429 4871 et
1450 4816 1515 4871 da
1540 4823 1777 4886 potesta-

206 4918 207 4921 ‘
234 4910 324 4957 tem
346 4916 481 4961 tuam
504 4924 672 4979 puero
688 4916 780 4963 tuo
798 4907 925 4963 Jesn
952 4907 1183 4972 Christo,
1207 4916 1261 4961 et
1280 4908 1485 4961 salvum
1511 4906 1594 4962 fac
1615 4907 1779 4960 tilium

235 4997 413 5052 ancillae
443 5008 543 5054 tua:
572 5000 767 5055 Mariae.
801 5000 896 5053 Illo
925 5001 1065 5054 enim
1116 5006 1433 5066 exsurgente
1482 5014 1511 5052 a
1559 4998 1784 5052 mortuis

237 5092 282 5136 et
306 5092 609 5146 ascendente
638 5093 690 5146 in
720 5092 934 5156 caelum,
960 5106 1056 5145 nos
1081 5091 1309 5160 apostoli
1330 5099 1384 5145 et
1402 5091 1643 5160 discipuli
1668 5088 1784 5157 ejus

239 5171 525 5234 habebimus
551 5183 756 5249 signum
785 5182 957 5235 crucis
985 5181 1101 5250 ejus
1129 5182 1181 5234 in
1210 5181 1352 5235 bono
1376 5197 1495 5235 cum
1522 5180 1782 5234 universis

241 5265 317 5328 qui
340 5268 609 5333 credimus,
642 5272 712 5323 ita
743 5280 802 5324 ut
826 5271 1041 5323 videant
1085 5271 1136 5324 in
1184 5269 1446 5325 frontibus
1484 5272 1677 5325 nostris
1705 5271 1780 5324 si-

241 5367 380 5423 gnum
407 5366 567 5428 tuum,
590 5371 644 5417 et
663 5361 1076 5425 confundantur,
1107 5364 1219 5417 sive
1256 5363 1510 5428 visibiles,
1542 5363 1653 5417 sive
1700 5363 1781 5415 in-

245 5445 455 5505 visibiles
502 5452 717 5509 inimici.
759 5453 817 5509 In
848 5455 961 5523 ipso
990 5454 1130 5507 enim
1179 5455 1329 5521 signo
1359 5453 1592 5522 adjuvas,
1623 5462 1677 5507 et
1728 5454 1779 5507 in

245 5532 348 5603 ipso
373 5544 651 5601 consolaris
680 5562 796 5611 nos,
827 5546 914 5616 qui
944 5559 1131 5612 regnas
1154 5546 1203 5598 in
1228 5545 1415 5600 sa‘cula
1447 5546 1775 5599 sa‘culornm.

251 5625 416 5685 Amen.

1882 4546 2152 4602 desiderat
2172 4553 2226 4600 et
2252 4552 2492 4612 exoptat,
2525 4561 2676 4615 super
2696 4542 3085 4614 fundamentum
3111 4544 3457 4611 apostolorum

1883 4646 1931 4690 et
1951 4636 2312 4708 prophetarum
2343 4633 2503 4707 (Eph.
2533 4636 2611 4703 ιι).
2643 4633 2700 4687 In
2730 4634 2830 4687 hac
2856 4647 2984 4700 ergo
3010 4632 3225 4686 civitate
3254 4647 3459 4685 memo-

1885 4726 2018 4781 rabo
2067 4725 2234 4791 Raab,
2267 4725 2622 4793 exeipientem
2654 4723 2888 4784 nuntios,
2919 4729 2973 4775 et
3002 4719 3324 4791 Babylonem
3363 4719 3458 4775 du-

1883 4826 2092 4871 centem
2122 4818 2382 4887 captivos,
2413 4815 2647 4882 gentium
2676 4813 2882 4868 scilicet
2920 4813 3104 4882 plebes
3131 4813 3374 4868 sordidas
3406 4813 3462 4867 in

1891 4907 2259 4972 fornicatione,
2291 4909 2430 4962 sicut
2454 4906 2620 4968 ltaab,
2644 4912 2699 4957 et
2725 4904 2980 4973 superbas
3002 4905 3051 4957 in
3077 4905 3292 4969 virtute,
3322 4906 3458 4960 sicut

1887 4995 2143 5067 Babylon.
2177 4996 2284 5051 Has
2311 4996 2451 5060 dico,
2485 4994 2674 5062 inquit,
2720 4993 2772 5047 in
2800 4993 2902 5047 ista
2940 4993 3155 5048 civitate
3183 5002 3458 5058 venturas,

1887 5094 1944 5141 ut
1970 5088 2143 5141 sciant
2189 5094 2262 5141 te.
2293 5085 2369 5161 lbi
2397 5085 2536 5139 enim
2593 5092 2647 5137 et
2693 5083 3023 5150 alienigenas,
3073 5083 3144 5137 ibi
3190 5082 3354 5154 Tyrii,
3386 5082 3459 5139 ibi

1884 5178 2045 5233 etiam
2085 5175 2312 5245 populus
2358 5174 2669 5243 [Ethiopum
2718 5173 3022 5228 clamabunt
3068 5174 3136 5229 de
3178 5173 3455 5243 apostolis.

1885 5268 2123 5322 dicentes
2166 5283 2178 5318 :
2211 5265 2510 5319 Audiuimus
2541 5282 2626 5319 eos
2669 5266 3013 5335 unusquisque
3052 5264 3239 5334 linguis
3268 5264 3460 5316 nostris

1885 5358 2141 5428 loquentes
2163 5358 2426 5428 magnalia
2456 5354 2551 5410 Dei
2582 5356 2717 5428 (Act.
2748 5356 2827 5425 ιι).
2862 5354 2935 5408 lbi
2964 5352 3310 5422 cognovimus
3343 5365 3458 5404 ma-

1888 5459 2021 5504 trem
2051 5448 2180 5502 Sion
2210 5449 2498 5512 dicentem,
2530 5448 2673 5517 quod
2719 5448 2880 5501 homo
2921 5453 2976 5499 et
3014 5445 3174 5499 homo
3204 5451 3359 5496 natus
3387 5442 3460 5497 sit

1889 5546 1940 5599 in
1971 5558 2052 5605 ea,
2084 5542 2134 5596 in
2164 5540 2291 5596 Sion
2321 5542 2593 5614 provincia
2622 5546 2843 5594 matrem
2871 5535 3065 5591 civium
3110 5532 3457 5588 Hebraeorum

1889 5636 2149 5689 dicentem
2177 5652 2189 5685 :
2215 5632 2571 5702 Cognovimus
2593 5645 2687 5684 nos
2714 5635 2913 5696 gentes,
2941 5623 3080 5692 quod
3103 5625 3263 5678 homo
3287 5624 3456 5679 Mam

3546 5576 3562 5602 κ
