3870 6182
434 293 530 351 Illi

1751 294 2015 351 ARNOBII

2140 298 2358 353 NIORIS
3569 308 3645 360 ιιι

435 412 638 478 primus
659 410 830 466 laetus
857 412 928 465 sit
957 426 1023 467 ex
1055 419 1195 465 terra
1223 410 1275 463 in
1306 410 1537 463 animant
1569 386 2021 471 viventeminunc
2053 417 2095 469 Λ
2125 426 2215 479 per
2242 427 2335 479 pro
2362 408 2507 463 nobis
2532 412 2698 481 factus
2720 420 2794 464 est
2832 409 2895 480 (ιι
2923 411 3037 464 (.or.
3086 412 3220 476 vni),
3248 413 3317 465 ita
3344 414 3537 466 utriculi
3556 416 3649 478 ejus

433 500 572 555 alius
626 502 789 556 homo
818 501 1137 556 novissimus
1168 499 1335 553 Adam
1391 507 1548 552 natus
1595 497 1666 550 sit
1695 511 1761 549 ex
1792 498 2012 563 virgine,

438 592 491 646 in
510 592 713 662 Spiritu
765 590 1069 645 viviﬁcante
1103 609 1115 643 :
1154 592 1355 661 primus
1410 590 1571 643 homo
1620 594 1842 656 generat
1883 586 2019 641 ﬁlios

439 682 531 750 qui
557 682 865 750 possideant
890 689 1108 745 terram,
1158 679 1425 735 secundus
1475 679 1639 732 homo
1681 686 1904 744 generat
1928 675 2021 744 qui

435 774 749 842 possideant
776 771 964 826 cmlos.
995 770 1136 825 Ecce
1163 771 1325 824 homo
1349 776 1404 823 et
1430 767 1614 831 homo,
1646 767 1749 821 hoc
1775 780 1872 820 vos
1898 779 2022 833 gen-

436 871 523 917 tes
548 862 688 916 unde
736 862 944 917 nostis?
973 861 1031 916 In
1060 860 1210 926 Sion,
1261 859 1315 914 id
1356 867 1458 925 est,
1493 858 1545 912 in
1586 857 1823 922 civitate,
1868 856 2022 924 cujus

442 954 786 1009 fundamenta
828 954 881 1007 in
924 954 1194 1007 montibus
1244 950 1445 1006 sanctis
1472 956 1617 1004 sunt.
1646 947 1722 1002 lbi
1759 948 1914 1002 nobis
1942 947 2022 1001 di-

444 1058 587 1102 etum
617 1055 701 1101 est
724 1065 736 1097 :
770 1045 1026 1101 Dominus
1054 1046 1156 1098 hoc
1180 1042 1422 1097 narrabit
1450 1041 1502 1094 in
1532 1039 1821 1109 Scripturis
1847 1053 2022 1110 popu-

447 1141 617 1195 lo.um
669 1148 723 1194 et
748 1142 1066 1212 principum,
1116 1140 1207 1208 qui
1237 1139 1451 1192 fuerunt
1478 1138 1532 1191 in
1561 1152 1646 1201 ea,
1679 1142 1733 1187 et
1760 1134 1862 1187 hoc
1888 1129 2025 1185 didi-

440 1234 617 1287 cimus
646 1233 789 1303 quod
821 1232 873 1286 in
904 1232 1233 1287 habitatione
1262 1232 1380 1299 ejus
1408 1229 1585 1284 nullus
1611 1227 1713 1281 erit
1743 1223 2021 1286 tribulans,

447 1324 622 1377 nullus
647 1323 941 1392 suspirans,
961 1323 1133 1377 nullus
1162 1320 1505 1386 ﬁens,nullus
1534 1317 1779 1380 atﬁictus,
1809 1314 1905 1370 sed
1931 1314 2024 1367 lte-

440 1415 671 1468 t:mtium
699 1416 800 1469 erit
831 1415 1068 1469 omnium
1115 1414 1376 1468 habitatio
1421 1412 1476 1466 in
1521 1426 1604 1466 ea.
1634 1409 1872 1475 Quorum
1903 1406 2028 1460 laeti-

447 1506 538 1564 tia,
571 1506 694 1573 quia
723 1505 901 1559 verbis
947 1505 1173 1574 exprimi
1223 1519 1332 1558 non
1379 1502 1574 1572 potuit,
1626 1497 2027 1568 comparatione

444 1597 693 1651 distincta
723 1605 824 1662 est,
858 1605 916 1651 ut
942 1606 1141 1666 quanta
1187 1604 1368 1666 potest
1412 1594 1651 1649 omnium
1696 1599 2023 1653 nostrorum,

440 1688 537 1755 qui
564 1688 614 1740 in
639 1688 834 1743 smculo
863 1703 1048 1742 sumus
1097 1688 1277 1741 lrctitia
1307 1687 1358 1740 in
1388 1701 1551 1740 unam
1589 1696 1853 1738 summam
1876 1679 2027 1735 colli-

2119 499 2369 552 inlirmati
2420 500 2527 553 sint
2557 514 2663 568 pne
2692 501 2892 569 inOpia.
2927 499 3156 570 Pauper,
3193 517 3297 556 non
3328 497 3514 556 suam
3538 505 3649 559 diu.

2122 590 2220 642 tias
2251 589 2665 643 immortalitatis
2695 589 2746 643 in
2778 590 3043 658 passione.
3068 588 3235 659 Cujus
3263 593 3398 646 oculi
3440 608 3537 661 pne
3560 596 3654 663 ipsa

2122 681 2431 736 inﬁrmitate
2468 683 2520 736 in
2550 691 2723 737 morte
2750 683 2917 737 clausi
2946 692 3086 737 sunt.
3120 683 3174 736 In
3199 699 3303 751 qua
3330 684 3467 749 dicit,
3497 688 3655 741 medici

2119 773 2380 827 suscitare
2405 789 2510 829 non
2536 781 2775 841 possunt,
2808 772 2860 826 in
2882 790 2986 843 qua
3012 774 3143 829 dicit
3162 775 3388 845 ptgsitum
3415 790 3469 829 se
3495 777 3539 830 in
3562 778 3614 830 la.
3632 796 3656 832 u

2121 863 2379 929 inferiori,
2413 864 2466 918 in
2494 864 2732 918 tenebris
2782 871 2838 918 et
2865 864 2917 918 in
2964 865 3153 918 umbra
3202 866 3404 918 mortis.
3433 865 3659 936 Tempore

2120 968 2229 1023 quo
2259 962 2548 1023 posuerunt
2576 968 2698 1008 eum
2745 954 3205 1009 abominationem
3247 955 3366 1017 sibi,
3396 970 3493 1024 quo
3520 957 3658 1010 tradi-

2122 1053 2209 1100 tus
2237 1053 2320 1099 est
2353 1060 2381 1098 a
2429 1043 2565 1098 Juda
2598 1062 2610 1097 :
2641 1043 2807 1109 Tunc,
2852 1044 3043 1113 inquit,
3073 1044 3292 1116 quando
3319 1046 3529 1101 traditus
3561 1062 3659 1100 sum

2123 1145 2179 1192 et
2225 1154 2333 1191 non
2360 1136 2690 1206 egretliebar.
2722 1134 2958 1191 Calicem
2987 1153 3095 1191 non
3136 1137 3412 1206 exigebam
3433 1138 3660 1207 passionis

2123 1227 2191 1283 de
2216 1227 2759 1296 manibusligautium
2788 1242 2892 1281 me.
2925 1226 3076 1282 Tunc
3124 1228 3268 1299 oculi
3310 1229 3412 1282 mei
3447 1226 3660 1285 inﬁrmati

2123 1329 2246 1374 sunt
2277 1335 2384 1389 prae
2430 1319 2631 1390 inopia.
2681 1320 2798 1375 Non
2837 1320 2985 1374 enim
3025 1320 3219 1375 utebar
3245 1319 3413 1375 salute
3454 1318 3660 1386 Deitatis,

2122 1411 2220 1466 sed
2274 1412 2517 1482 patiebar
2568 1411 2929 1467 inﬁrmitatem
2984 1411 3338 1467 humanitatis
3394 1420 3659 1481 assumpta.

2126 1501 2421 1556 Audiamus
2448 1516 2578 1569 ergo
2602 1501 2728 1572 quid
2759 1502 2871 1571 ipse
2898 1502 3062 1558 homo
3086 1510 3390 1573 assumptus
3415 1502 3661 1572 loquatur:

2126 1591 2321 1646 Fecisti
2361 1592 2506 1645 nasci
2534 1607 2603 1646 ex
2630 1590 2867 1660 Virgine,
2893 1600 2953 1645 ut
2993 1600 3281 1647 narrantes
3309 1592 3553 1646 mirabilia
3570 1599 3660 1655 tua,

2127 1680 2349 1735 credant
2390 1681 2658 1741 homines.
2705 1688 2762 1735 et
2804 1682 2872 1736 ab
2912 1682 3287 1740 incredulitate
3328 1681 3585 1751 fugientes,
3609 1682 3662 1740 ad

444 1779 519 1846 gi,
550 1787 697 1832 tanta
730 1780 781 1833 in
812 1795 919 1835 uno
942 1780 991 1834 ei
1021 1779 1323 1834 habitatore
1362 1776 1631 1837 fundatur,
1662 1790 1759 1845 per
1785 1787 1907 1826 eum
1936 1770 2027 1839 qui
2061 1768 2105 1827 Β
2132 1770 2292 1825 vitam
2321 1770 2602 1837 attingant.
2633 1770 2920 1826 Ambulare
2959 1771 3132 1827 fecisti
3176 1788 3339 1842 super
3387 1787 3580 1842 :equora
3604 1780 3664 1826 tu-

449 1869 685 1923 fnnlavit
714 1884 832 1923 eam
863 1870 1186 1932 Altissimus,
1234 1881 1465 1936 regnans
1513 1879 1636 1921 cum
1681 1862 1835 1926 Filio,
1867 1860 2027 1915 Patre

448 1968 505 2012 ct
557 1957 761 2028 Spiritu
806 1965 1016 2025 sancto,
1067 1974 1165 2029 per
1207 1966 1405 2013 aeterna
1454 1953 1648 2011 srecula
1680 1952 2018 2008 saeculorum.

452 2048 641 2104 Amen.

912 2138 1223 2194 PSALMUS
1270 2138 1571 2194 LXXXVII.

447 2228 727 2284 Canticum
756 2230 945 2300 psalmi
976 2229 1066 2284 lilii
1086 2228 1226 2285 Core
1253 2231 1304 2285 in
1335 2230 1495 2284 tinem
1525 2245 1622 2300 pro
1643 2228 1929 2293 Maheleth,
1960 2230 2028 2285 ad

604 2299 1035 2369 reSpoudendum
1064 2300 1368 2356 intellectus
1392 2300 1557 2354 Eman
1582 2299 1861 2353 Ezrahitae.

520 2408 739 2465 Domine
780 2408 918 2464 Deus
962 2409 1146 2464 salutis
1172 2427 1316 2478 mete,
1353 2412 1407 2464 in
1450 2409 1533 2464 die
1569 2410 1784 2464 clamavi
1805 2417 1854 2463 et
1883 2418 2029 2463 nocte

449 2516 624 2553 coram
654 2508 717 2552 te.
751 2497 919 2552 Intret
961 2501 1018 2553 in
1040 2508 1312 2571 conspectu
1361 2509 1445 2555 tuo
1486 2501 1652 2553 oratio
1677 2516 1810 2564 mea,
1834 2498 2030 2552 inclina

447 2606 626 2643 a‘trem
647 2597 785 2642 luant
814 2588 883 2642 ad
910 2607 1110 2660 precem
1149 2606 1333 2643 meam.
1385 2585 1520 2653 Quia
1558 2589 1754 2659 repleta
1780 2597 1856 2643 est
1877 2589 2029 2643 malis

451 2680 622 2732 anima
644 2696 777 2741 mea,
800 2689 849 2732 et
874 2680 977 2732 vita
1006 2697 1116 2733 mea
1144 2681 1347 2751 inferno
1376 2680 1819 2752 appropinquavit.
1857 2677 2031 2733 Ai'sti-

450 2779 616 2823 matus
661 2785 774 2823 sum
820 2786 931 2823 cum
969 2768 1385 2824 descendentibus
1413 2772 1467 2823 in
1496 2770 1685 2835 lacum,
1727 2771 1893 2840 factus
1917 2785 2031 2823 sum

452 2877 475 2914 s
500 2870 582 2913 cut
609 2860 759 2913 homo
787 2861 901 2913 sine
936 2860 1228 2929 adjutorio,
1272 2862 1409 2914 inter
1435 2871 1661 2914 mortuos
1690 2858 1834 2914 liber.
1883 2858 2032 2914 Sicut

452 2950 702 3004 vulnerati
725 2950 1033 3004 dormientes
1050 2952 1103 3004 in
1125 2951 1392 3021 sepulcris,
1409 2967 1621 3023 quorum
1642 2967 1745 3005 non
1766 2968 1818 3005 es
1840 2967 2033 3005 memor

452 3042 692 3112 amplius,
721 3051 771 3095 et
818 3042 917 3113 ipsi
946 3040 1010 3095 de
1034 3058 1188 3096 manu
1220 3050 1306 3094 tua
1334 3043 1525 3113 repulsi
1552 3050 1689 3095 sunt.
1742 3040 2033 3095 Posuerunt

2130 1862 2329 1916 mentis
2357 1861 2514 1916 siccis
2539 1861 2782 1932 pedibus,
2826 1862 3091 1933 imperare
3122 1865 3317 1930 ventis,
3349 1863 3496 1919 cacis
3515 1864 3662 1919 lumen

2126 1951 2367 2017 reddere,
2398 1951 2790 2009 inﬁrmantibus
2816 1954 3063 2020 salutem,
3097 1957 3324 2012 mortuis
3350 1957 3499 2011 vitam
3531 1971 3669 2028 quam

2127 2043 2417 2097 amiserant
2463 2059 2737 2099 revocare.
2769 2044 2905 2112 Quid
2932 2047 3096 2102 modo
3145 2051 3213 2101 ad
3244 2056 3463 2103 mortem
3495 2063 3569 2102 me
3602 2039 3665 2102 ire

2126 2133 2426 2203 permittis?
2453 2133 2700 2204 Nunquid
2743 2138 3037 2191 narrabunt
3087 2138 3142 2191 in
3189 2139 3442 2208 sepulcris
3487 2137 3665 2192 miseri-

2126 2224 2362 2281 cordiam
2392 2232 2559 2289 tuam,
2589 2233 2683 2280 aut
2702 2225 2755 2281 in
2784 2227 3084 2296 perditione
3111 2229 3273 2299 positi
3297 2236 3570 2296 agnoscunt
3590 2241 3665 2281 ve-

2126 2312 2338 2367 ritatem
2368 2320 2536 2379 tuam,
2567 2323 2660 2368 aut
2688 2324 3017 2384 cognoscunt
3035 2317 3301 2386 justitiam
3332 2327 3466 2372 tuam
3491 2315 3662 2371 reducti

2128 2402 2182 2455 in
2214 2409 2412 2456 terram
2454 2402 2773 2458 oblivionis?
2799 2403 2921 2460 Haec
2959 2416 3085 2460 sunt
3111 2422 3232 2476 qua:
3283 2406 3496 2462 clamavi
3541 2404 3598 2459 ad
3621 2412 3664 2460 te

2128 2491 2180 2545 in
2204 2493 2450 2547 oratione
2469 2508 2587 2548 mea
2608 2493 2733 2549 dum
2749 2494 3013 2550 dicerem:
3040 2496 3103 2552 Si
3125 2498 3244 2569 ﬁeri
3263 2506 3442 2569 potest,
3471 2506 3665 2551 transeat

2128 2601 2159 2637 a
2185 2599 2266 2637 me
2302 2584 2439 2637 calix
2462 2584 2743 2653 passionis.
2777 2585 2972 2641 Verum
2999 2588 3125 2657 quia
3159 2606 3265 2642 non
3291 2598 3450 2659 potest
3475 2588 3663 2642 transire

2128 2676 2230 2729 nisi
2255 2674 2423 2729 bibant
2448 2676 2615 2741 illum,
2644 2677 2740 2748 ﬁat
2766 2678 3002 2733 uoluntas
3045 2687 3130 2733 tua
3163 2678 3353 2751 (Marc.
3389 2676 3663 2747 stv);exal~

2129 2774 2213 2821 ter
2252 2766 2306 2820 in
2336 2781 2515 2831 cruce,
2540 2767 2789 2822 humilier
2814 2769 2869 2822 in
2888 2777 3182 2840 conspectu
3205 2769 3412 2839 judicis,
3440 2776 3491 2823 et
3515 2767 3665 2821 videar

2129 2857 2385 2914 confusus
2412 2859 2465 2913 in
2493 2868 2743 2923 mortem,
2774 2867 2828 2916 et
2864 2861 2969 2916 hoc
3006 2861 3172 2917 modo
3200 2863 3300 2917 sim
3342 2861 3595 2921 exaltatus,
3620 2869 3664 2912 et

2128 2949 2460 3017 humiliatus,
2492 2956 2547 3006 et
2588 2953 2860 3008 confusus.
2889 2952 3088 3009 Verum
3131 2956 3258 3025 quia
3288 2956 3424 3010 inter
3464 2961 3665 3006 mortuos

2130 3039 2267 3095 liber
2295 3055 2433 3103 sum,
2481 3056 2639 3097 mane
2668 3044 2842 3099 oratio
2885 3060 3002 3099 mea
3033 3047 3332 3116 praeveniet
3379 3055 3446 3109 te,
3475 3052 3523 3098 et
3546 3040 3665 3096 vide-

452 3147 531 3185 me
550 3132 603 3183 in
627 3130 743 3184 lacu
771 3131 1028 3202 inferiori,
1051 3132 1104 3184 in
1135 3130 1415 3185 tenebrosis
1453 3140 1501 3186 et
1528 3133 1582 3185 in
1626 3130 1807 3185 umbra
1832 3133 2030 3187 mortis.
2060 3133 2106 3196 C
2137 3130 2269 3184 bunt
2294 3141 2680 3200 resurgentem,
2704 3148 2861 3202 quem
2885 3134 3127 3189 viderant
3151 3143 3264 3189 tota
3289 3136 3372 3190 die
3391 3132 3665 3205 expendisse

448 3221 620 3290 Super
644 3238 725 3274 me
752 3221 1084 3290 conﬁrmatus
1105 3229 1183 3275 est
1220 3222 1363 3293 {uror
1385 3229 1519 3287 tuus,
1555 3231 1603 3276 et
1642 3240 1816 3277 omnes
1844 3224 2031 3292 ﬂuctus

447 3320 566 3364 suos
596 3310 846 3365 reduxisti
876 3328 1026 3389 super
1053 3329 1150 3367 me.
1186 3311 1359 3385 Longe
1399 3315 1563 3385 [eciin
1614 3324 1761 3369 notos
1809 3332 1947 3369 meos
1999 3332 2031 3369 a

447 3419 553 3468 me,
594 3415 871 3473 posuerant
914 3421 993 3458 me
1023 3404 1456 3460 abominationem
1484 3406 1601 3461 sibi.
1646 3406 1890 3462 Traditus
1917 3425 2031 3463 sum

446 3503 502 3547 et
539 3510 640 3548 non
666 3494 982 3566 egrediebar,
1031 3497 1162 3550 oculi
1190 3500 1286 3552 mei
1325 3498 1633 3571 languerunl
1683 3517 1789 3571 pra:
1830 3502 2028 3572 inopia.

453 3583 680 3641 Clamavi
704 3587 773 3640 ad
796 3598 860 3653 te,
886 3587 1127 3654 Domine,
1160 3599 1268 3643 tota
1297 3591 1410 3645 die:
1431 3592 1657 3660 expendi
1677 3591 1747 3645 ad
1776 3601 1822 3645 te
1848 3608 2032 3646 manus

454 3695 611 3733 meas.
666 3678 916 3751 Nunquid
960 3682 1173 3735 mortuis
1203 3670 1676 3752 facics'mirabilia,
1717 3692 1807 3736 aut
1848 3684 2033 3739 medici

455 3769 771 3824 suscitabunt
789 3781 837 3825 et
859 3773 1231 3842 conﬁtebuntur
1252 3775 1383 3827 tibi?
1406 3773 1657 3846 Nunquid
1682 3773 1915 3828 narrabit
1936 3776 2034 3829 alio

457 3862 566 3931 quis
623 3862 677 3914 in
733 3864 964 3932 sepulcro
1013 3865 1423 3920 miscricordiam
1463 3876 1620 3933 tuam,
1669 3876 1721 3921 et
1774 3868 2033 3922 veritatem

451 3961 597 4003 suam
625 3952 678 4004 in
701 3952 1019 4023 perditione?
1058 3952 1311 4028 Nunquid
1338 3968 1706 4030 cognoscentur
1732 3960 1788 4013 in
1816 3960 2033 4015 tenebris

451 4039 720 4095 mirabilia
749 4051 853 4107 tua,
885 4052 933 4097 et
946 4045 1151 4117 justitia
1175 4057 1259 4100 tua
1287 4050 1342 4102 in
1367 4059 1502 4103 terra
1527 4049 1831 4106 oblivionis?
1852 4049 1920 4105 Et
1938 4069 2033 4125 ego

460 4131 527 4184 ml
556 4141 622 4196 te,
652 4131 889 4200 Domine,
922 4139 1157 4203 clamavi,
1181 4148 1230 4192 et
1258 4156 1410 4194 mane
1429 4144 1597 4196 oratio
1624 4159 1737 4197 mea
1758 4145 2036 4214 praeveniet

458 4233 525 4274 te.
556 4221 621 4275 Ut
649 4224 791 4291 quid,
822 4223 1055 4291 Domine,
1088 4230 1290 4300 repellis
1317 4233 1601 4287 orationem
1627 4250 1813 4299 meam,
1843 4235 2034 4292 avertis

459 4314 643 4384 {aciem
673 4324 810 4368 tuam
838 4334 869 4370 a
891 4317 1013 4370 me?
1038 4317 1245 4389 Pauper
1270 4337 1382 4374 sum
1409 4339 1504 4393 ego
1540 4332 1589 4377 et
1626 4325 1683 4377 in
1721 4324 1978 4380 laboribus
2002 4343 2036 4379 a

465 4402 716 4464 iuventute
739 4421 877 4472 mea;
894 4408 1151 4461 exaltatus
1172 4420 1363 4474 autent,
1386 4411 1680 4467 humiliatus
1702 4430 1812 4468 sum
1834 4425 1883 4468 et
1908 4433 2034 4470 con-

2132 3221 2187 3276 in
2215 3237 2375 3277 cruce
2396 3238 2584 3277 manus
2610 3239 2759 3283 suas.
2793 3232 2852 3278 et
2890 3233 3013 3296 post
3049 3226 3166 3281 b:ec
3195 3227 3248 3282 in
3278 3227 3510 3297 sepulcro
3548 3221 3665 3293 posi-

2136 3320 2268 3377 tum,
2317 3328 2348 3366 a
2375 3328 2483 3381 quo
2538 3313 2783 3395 longatus
2820 3323 2903 3370 est
2950 3317 3125 3372 omnis
3171 3318 3390 3381 amicus,
3436 3325 3485 3371 et
3525 3311 3663 3369 omnis

2132 3402 2406 3472 proximus
2426 3418 2525 3471 pro
2550 3403 2664 3474 ipsa
2689 3405 2903 3460 miSeria
2925 3409 3211 3477 passionis.
3232 3408 3395 3463 Intrat
3409 3406 3538 3462 enim
3559 3418 3661 3458 ora-

2133 3490 2214 3546 tio
2252 3490 2369 3560 ejus
2397 3492 2449 3546 in
2480 3501 2771 3564 conspectu
2798 3493 2913 3551 Dei.
2947 3494 3015 3550 Et
3042 3499 3319 3554 inclinavit
3346 3512 3515 3552 aurem
3541 3506 3664 3549 suam

2134 3580 2203 3635 ad
2230 3596 2418 3650 pacem
2447 3581 2581 3651 ejus,
2614 3592 2667 3639 et
2699 3586 2804 3639 vita
2833 3586 2947 3656 ejus
2974 3603 3093 3657 qua:
3136 3589 3193 3643 in
3223 3588 3477 3644 infernum
3503 3598 3665 3656 approv

2131 3672 2429 3744 pinquavit,
2476 3684 2727 3746 exsurgat
2763 3694 2794 3732 a
2831 3682 3075 3736 mortuis.
3105 3680 3247 3737 Dum
3275 3684 3414 3737 enim
3441 3694 3578 3734 mme
3600 3675 3663 3729 la-

2134 3771 2280 3818 etum
2308 3762 2486 3830 fuerit,
2522 3768 2701 3822 statim
2724 3770 2898 3825 oratio
2927 3770 3043 3839 ejus
3067 3774 3379 3842 praeveniet,
3401 3766 3663 3843 promissio-

2134 3868 2257 3909 nem
2287 3858 2695 3913 resurrectionis
2715 3861 3017 3930 perciens,
3043 3872 3102 3917 ut
3121 3880 3233 3919 non
3254 3865 3421 3920 solum
3447 3877 3500 3917 se
3518 3860 3663 3915 viven-

2135 3956 2245 4004 tem
2274 3949 2545 4017 exhibeat,
2566 3951 2663 4007 sed
2688 3960 2742 4007 et
2773 3953 2826 4007 in
2846 3955 3012 4010 cmlos
3036 3958 3411 4013 ascendentem
3438 3948 3659 4011 ostendat

2135 4037 2236 4094 Cui
2258 4041 2427 4110 gloria
2458 4042 2512 4097 in
2531 4044 2723 4099 smcula
2763 4046 3098 4124 saeculorum.
3129 4046 3322 4104 Amen.

2592 4174 2906 4233 PSALMUS
2943 4176 3271 4236 LXXXVIII.

2510 4287 2816 4345 Intellectus
2852 4288 3027 4345 Ethan
3071 4290 3355 4348 Ezrabitaa.

2210 4416 2603 4474 Misericordiae
2629 4419 2839 4476 Domini
2866 4423 2921 4476 in
2950 4433 3199 4479 internum
3236 4422 3467 4479 cantabo.
3517 4417 3573 4473 In
3596 4430 3663 4488 ge-

452 4491 711 4583 rturbatus.
740 4493 811 4548 1n
862 4512 941 4548 me
961 4499 1288 4552 transierunt
1334 4502 1427 4553 ira:
1480 4512 1595 4568 tam,
1627 4511 1677 4556 et
1706 4514 1923 4560 terrores
1963 4508 2035 4562 tui
2065 4504 2114 4564 D
2138 4511 2454 4564 nerationem
2468 4520 2517 4565 et
2536 4515 2918 4583 generationem
2957 4518 3277 4572 annnntiabo
3298 4516 3540 4572 veritatem
3554 4520 3662 4563 tuam

448 4582 887 4638 iconturbaverunt
931 4602 1031 4639 me.
1080 4585 1532 4644 Circumdederunt
1581 4610 1662 4647 me
1705 4594 1837 4647 sicut
1881 4612 2035 4668 aqua,

449 4683 572 4728 ttofa
625 4674 707 4729 die
759 4677 1199 4731 circumdederunt
1248 4696 1328 4732 me
1378 4682 1548 4734 simul.
1598 4681 1871 4756 Elongasti
1898 4704 1930 4740 a
1960 4704 2041 4745 me

454 4767 686 4820 amicum
713 4777 761 4819 et
788 4769 1096 4838 proximum,
1127 4779 1176 4822 et
1200 4780 1344 4823 notos
1370 4766 1509 4825 me'os
1532 4789 1563 4824 a
1598 4774 1820 4829 miseria.

1038 4878 1463 4919 COMMENTARIUM.

521 4970 595 5025 1n
646 4969 813 5039 hujus
858 4973 1047 5041 psalmi
1080 4972 1235 5028 titulo
1289 4972 1643 5029 nominantur
1689 4973 1908 5045 quidem
1946 4977 2040 5032 ﬁlii

448 5057 635 5123 Core,
694 5058 789 5111 sed
844 5059 1082 5128 psalmus
1139 5061 1412 5115 canticum
1462 5076 1622 5116 suum
1679 5078 1778 5132 pro
1850 5062 2040 5119 Malie-

449 5145 567 5200 lcth
623 5144 835 5215 dirigit,
893 5154 949 5199 et
996 5147 1090 5200 dat
1137 5148 1474 5203 intellectum
1515 5151 1688 5205 Eman
1743 5152 2033 5210 Ezrahitte.

452 5231 773 5298 Mabcletb,
833 5231 884 5286 id
941 5238 1066 5296 est,
1141 5234 1509 5303 destitutum,
1586 5249 1783 5294 vocant
1862 5242 2035 5298 Eman

448 5320 691 5389 incpem.
743 5317 883 5387 Ergo
926 5320 992 5373 ad
1039 5319 1361 5376 destitutum
1413 5333 1468 5378 et
1516 5341 1808 5394 pauperem
1856 5344 2035 5385 sermo

441 5418 556 5461 est.
599 5409 773 5462 Credo
816 5408 885 5463 ad
911 5408 1061 5462 illum
1093 5408 1436 5477 destitutum,
1467 5428 1626 5481 quem
1663 5414 2033 5484 relinquentes

446 5496 697 5567 discipuli
749 5499 922 5552 solum
999 5498 1053 5554 in
1128 5485 1379 5554 manibus
1447 5499 1783 5567 ιυιιιυυιιυιιι,
1876 5504 2029 5576 luge-

444 5595 597 5638 runt.
649 5587 725 5640 Ad
773 5603 933 5658 quem
969 5597 1149 5643 autem
1186 5604 1500 5658 pauperem,
1550 5590 1654 5643 nisi
1691 5591 1759 5645 ad
1809 5607 1933 5646 eum
1962 5595 2030 5649 de

440 5686 557 5741 quo
590 5675 875 5742 Apostulns
909 5684 1207 5731 memorat:
1242 5674 1376 5740 Quia
1405 5694 1521 5730 cum
1554 5678 1693 5730 dit-es
1721 5692 1869 5743 esset,
1892 5697 2026 5748 pan.

2142 4601 2198 4653 in
2226 4617 2315 4654 ore
2343 4618 2473 4655 meo.
2528 4601 2781 4666 Quoniam
2821 4606 3029 4660 dixisti:
3055 4605 3121 4661 In
3149 4617 3394 4663 cateruam
3420 4602 3663 4660 misericor-

2140 4690 2229 4743 dia
2257 4691 2602 4761 wdiﬁcabitur
2626 4696 2681 4748 in
2707 4696 2872 4761 caelis,
2914 4697 3293 4767 prteparabitur
3330 4698 3503 4754 veritas
3526 4702 3601 4746 tua
3620 4688 3661 4740 il

2141 4782 2232 4835 eis.
2285 4779 2527 4852 Disposui
2581 4794 2935 4840 testamentum
2962 4790 3135 4844 electis
3163 4792 3319 4854 meis,
3342 4786 3503 4861 juravi
3527 4774 3664 4836 Darid

2139 4889 2283 4928 serra
2312 4891 2443 4939 meo,
2468 4893 2624 4948 usque
2649 4879 2701 4931 in
2734 4889 2978 4934 internum
3008 4882 3311 4953 prwparabo
3349 4895 3504 4937 semen
3530 4885 3658 4928 tanta.

2143 4960 2210 5015 Et
2250 4965 2517 5035 tediﬁcabo
2544 4971 2599 5021 in
2629 4973 3010 5041 generationem
3036 4982 3085 5026 et
3128 4975 3491 5045 generationem
3524 4963 3660 5020 sedem

2142 5063 2301 5108 tuam.
2342 5057 2727 5126 Conﬁtebuntur
2764 5061 2873 5114 caeli
2918 5062 3175 5118 mirabilia
3202 5074 3321 5131 tua,
3352 5061 3574 5121 Domine,
3598 5061 3658 5107 εΙ·

2143 5147 2279 5201 enins
2307 5149 2566 5203 veritatem
2596 5160 2734 5205 tuam
2759 5153 2813 5205 in
2837 5151 3072 5207 Ecclesia
3107 5164 3413 5211 sanctorum.
3446 5146 3659 5216 Quoniam

2142 5238 2253 5307 quis
2293 5238 2346 5290 in
2396 5237 2610 5303 nubibus
2658 5241 2941 5313 aequabitur
2986 5242 3230 5310 Domino,
3276 5238 3449 5298 similis
3472 5239 3555 5293 erit
3574 5232 3660 5287 Dos

2144 5328 2282 5380 mino
2328 5333 2380 5381 in
2424 5329 2548 5399 ﬁliis
2594 5329 2734 5386 Dei?
2756 5332 2894 5387 Deus
2938 5336 3024 5407 qui
3070 5323 3685 5408 gloriﬁcaturinconsilio‘

2139 5426 2470 5483 sanctorum,
2518 5438 2734 5492 magnus
2778 5433 2827 5476 et
2874 5426 3113 5481 terribilis
3158 5444 3307 5499 super
3341 5415 3656 5493 ουιηασνίίι

2141 5508 2356 5561 οἱναιὶίυ
2382 5510 2491 5581 ejus
2520 5521 2659 5566 sunt.
2696 5513 2915 5572 Domine
2942 5518 3081 5573 Deus
3102 5515 3362 5585 uirtutum,
3381 5519 3482 5589 quis
3506 5508 3654 5566 simili!

2129 5600 2274 5651 tibi?
2297 5612 2475 5668 potens
2502 5621 2575 5667 es,
2608 5604 2852 5674 Domine,
2883 5619 2933 5661 et
2958 5612 3142 5665 veritas
3169 5623 3253 5666 tua
3281 5614 3331 5667 in
3351 5607 3544 5664 circuitu
3570 5610 3651 5653 ωσι

2148 5689 2220 5742 Ίὶιι
2250 5690 2534 5747 dominaris
2558 5701 2800 5765 potestati
2829 5703 3021 5768 maris,
3052 5715 3239 5759 motum
3270 5715 3424 5760 autem
3445 5699 3651 5763 Imm“
