3908 6176
291 314 392 372 453

1148 308 1620 364 (ΣΟΜΜΕΝΤΑΒΗ
1659 312 1723 365 ΙΝ
1766 310 2093 366 PSAIMOS.
2139 308 2329 362 PSAL.
2375 305 2693 361 LXXXVIII.

3448 308 3555 361 υιι

292 428 397 500 pius
427 436 478 483 tu
506 423 732 494 mitigas.
781 419 853 474 Tu
883 420 1161 474 humiliosti
1193 421 1323 473 sicut
1349 422 1663 474 uulneratum
1692 438 1863 490 sujrer-
1892 434 1934 483 Α
1967 422 2161 473 inimici
2190 424 2294 485 tui,
2327 420 2575 482 Domine,
2614 420 2748 492 quod
2794 420 3226 489 exprobrauerunt
3262 436 3549 477 commuto-

293 520 433 579 tum,
461 516 514 569 in
545 512 754 568 brachio
782 512 982 564 virtutis
1012 521 1110 563 tua:
1151 511 1436 581 dispersisti
1464 511 1700 563 inimicos
1730 523 1859 562 tuos.

294 609 385 663 Tui
412 615 532 661 sunt
559 605 702 669 coeli,
734 612 782 656 et
812 613 900 655 tua
939 612 1013 655 est
1044 611 1210 665 terra,
1253 600 1423 654 orbem
1449 611 1600 655 terra:
1625 611 1672 654 et
1700 602 1866 671 pleni-

291 698 516 753 tudinem
556 697 668 767 ejus
698 702 750 746 tu
781 691 1044 764 fundasti,
1074 693 1362 762 aquilonem
1392 700 1440 745 et
1467 708 1609 744 mare
1637 701 1689 743 tu
1718 707 1865 744 creo-

291 791 373 845 sti.
424 784 630 841 Thabor
665 794 714 838 et
763 782 994 836 Ilermon
1037 784 1091 834 in
1138 783 1344 836 nomine
1390 790 1476 836 tuo
1514 780 1862 843 exsultabant,

291 894 426 936 tuum
456 879 723 933 brachium
761 892 877 928 cum
913 875 1159 945 potentia.
1200 872 1465 928 Firmetur
1492 891 1674 929 manus
1704 884 1790 927 tua
1818 882 1872 927 et

291 972 543 1029 exaltetur
570 970 783 1022 dextero
812 977 900 1020 tua
918 1007 931 1031 ,
969 967 1174 1038 justitia
1201 976 1250 1019 et
1270 967 1525 1037 judicium
1552 969 1867 1038 praeparatio

290 1067 423 1121 sedis
455 1075 571 1118 tute.
626 1060 991 1114 dliseri'cordio
1035 1068 1085 1111 et
1130 1060 1317 1114 veritos
1362 1060 1652 1131 prcecedent
1679 1060 1869 1132 {aciem

292 1168 448 1222 :uam,
478 1157 657 1212 beatus
683 1156 900 1227 populus
929 1156 1121 1227 quiscit
1134 1151 1513 1225 jubilasionem.
1540 1149 1782 1216 Domine,
1813 1154 1869 1206 in

292 1248 487 1302 lumine
514 1250 679 1302 uultus
709 1249 784 1301 tui
808 1245 1170 1310 ambulabunt,
1201 1255 1250 1299 et
1276 1246 1331 1298 in
1353 1245 1559 1315 justifia
1588 1253 1674 1297 tua
1696 1243 1870 1299 exsul-

294 1336 469 1391 tabant
497 1346 604 1391 tota
634 1338 746 1399 die,
797 1346 845 1390 et
874 1338 927 1390 in
953 1336 1158 1390 nomine
1193 1345 1278 1390 tuo
1307 1332 1690 1391 ea‘altobuutur.
1736 1332 1870 1397 Quo-

291 1445 429 1482 niam
447 1429 615 1499 gloria
645 1430 842 1483 tirtutis
870 1444 1043 1483 eorum
1073 1437 1123 1481 tu
1158 1445 1212 1482 ss
1234 1469 1249 1492 ,
1281 1437 1329 1481 et
1355 1428 1411 1481 in
1439 1426 1753 1497 beneplocito
1784 1437 1867 1481 tuo

291 1519 603 1574 exoltabitur
626 1536 785 1574 cornu
806 1529 1054 1574 nostrum.
1090 1518 1225 1582 Quia
1248 1517 1459 1572 Domini
1484 1527 1561 1571 est
1583 1519 1867 1586 assumptio

292 1619 500 1673 nostra,
528 1617 577 1663 et
603 1609 768 1663 sancti
809 1608 976 1662 Israel
1006 1609 1140 1679 regis
1170 1608 1350 1661 nostri.
1407 1606 1549 1660 Tunc
1588 1609 1786 1661 locutus
1812 1622 1866 1661 es

290 1701 342 1753 in
370 1699 562 1753 visione
582 1699 775 1752 sanctis
804 1699 930 1761 tuis,
962 1708 1012 1752 et
1034 1698 1244 1761 dixisti,
1275 1696 1439 1752 Posui
1467 1696 1785 1767 adjutorium
1808 1699 1864 1752 in

1969 512 2155 565 tionem
2195 511 2384 567 Christi
2427 515 2516 566 tui.
2552 512 2858 566 Benedictus
2890 510 3140 566 Dominus
3172 514 3222 566 in
3255 524 3541 576 internum:

1967 603 2080 670 ﬁat,
2111 604 2225 672 fiat.

2534 689 2968 728 couununnwu.

2039 782 2114 838 De.
2144 795 2385 854 tempore
2414 786 2525 849 illo,
2571 801 2678 854 quo
2709 794 3019 840 numeratus
3054 792 3136 840 est
3164 786 3416 856 populus,
3446 787 3547 841 hu-

1964 875 2054 946 jus
2080 876 2269 945 psalmi
2298 876 2521 930 historia
2546 875 2866 931 declaratur.
2914 875 2962 928 Μ
2969 878 3220 946 ysterium
3252 893 3380 933 vero
3409 878 3548 950 psal-

1967 969 2040 1022 mi
2077 968 2145 1023 ad
2175 969 2382 1021 Domini
2413 967 2583 1023 nostri
2623 968 2925 1037 passionem
2945 969 3270 1024 extenditur.
3303 972 3547 1027 Dicamus

1969 1073 2100 1127 ergo
2129 1059 2277 1127 prius
2304 1059 2616 1114 historicum
2656 1073 2902 1123 sensum,
2932 1067 2987 1112 et
3013 1057 3080 1113 de
3106 1059 3209 1113 hoc
3236 1060 3304 1114 ad
3333 1077 3545 1117 sensum

1967 1150 2249 1221 mysticum
2294 1157 2692 1203 convertamur.
2741 1146 2916 1201 Ethan
2965 1147 3171 1202 Πριηίυὶ
3213 1149 3545 1219 humiliatum

1968 1245 2182 1292 vocant.
2226 1236 2544 1292 Humiliatur
2563 1250 2692 1305 ergo
2720 1252 2815 1292 rex
2835 1236 2999 1292 David
3024 1254 3120 1308 per
3139 1239 3546 1296 diminutionem

1966 1329 2170 1399 populi.
2226 1328 2419 1384 Totum
2445 1329 2513 1383 de
2548 1330 2932 1385 misericordiis
2962 1330 3168 1386 Domini
3198 1334 3398 1388 excitat
3424 1351 3545 1389 car-

1969 1434 2115 1474 men.
2148 1419 2220 1474 Se
2244 1420 2639 1475 misericordias
2665 1421 2793 1475 dicit
2815 1420 3029 1476 Domini
3056 1432 3284 1478 aeternas
3304 1434 3543 1491 cantare,

1966 1510 2136 1564 Deum
2164 1509 2291 1565 dicit
2315 1510 2512 1566 dixisse
2533 1550 2550 1576 ,
2600 1510 2653 1564 in
2682 1520 2940 1565 :eternum
2970 1513 3388 1568 misericordiam
3417 1516 3544 1569 tedi-

1968 1602 2129 1656 licare
2156 1620 2169 1654 :
2200 1603 2368 1657 caelos
2407 1602 2537 1657 dicit
2581 1602 2977 1657 misericordias
3019 1602 3262 1658 conﬁte:i
3312 1604 3544 1671 Domini,

1965 1691 2095 1746 dicit
2140 1692 2244 1746 sibi
2289 1708 2594 1748 servo.suo
2637 1693 2848 1762 jurasse
2871 1734 2885 1758 ,
2935 1704 2992 1748 et
3019 1695 3159 1749 hanc
3181 1698 3459 1750 veritatem
3490 1697 3542 1751 in

288 1799 508 1863 potente,
538 1799 586 1844 et
614 1790 835 1842 eraltovi
862 1789 1074 1842 electum
1105 1789 1167 1841 de
1193 1787 1336 1857 plebe
1363 1804 1494 1841 mea.
1546 1787 1725 1842 Inreni
1752 1787 1866 1841 Da—
1897 1785 1937 1843 Β
1967 1783 2118 1839 caelis
2162 1798 2490 1853 pneparasse
2514 1825 2529 1847 ,
2591 1784 2806 1852 quando
2865 1784 3127 1853 disposuit
3167 1794 3542 1842 testamentum

287 1883 372 1937 rid
397 1899 596 1935 servum
624 1898 809 1945 meum,
852 1882 962 1935 oleo
991 1890 1168 1934 sancto
1197 1896 1308 1933 meo
1335 1881 1462 1933 unxi
1490 1896 1623 1933 eum.
1673 1879 1867 1933 Manus

282 1976 421 2028 enim
448 1990 562 2028 mea
605 1970 942 2026 auailiabitur
978 1973 1053 2035 ei,
1092 1981 1141 2023 et
1170 1970 1434 2024 brachium
1461 1986 1626 2023 meum
1655 1971 1865 2040 confor-

283 2065 415 2120 tabit
437 2082 571 2119 eum.
624 2063 776 2118 Nihil
813 2064 1046 2133 proﬁciet
1072 2064 1308 2118 inimicus
1326 2064 1379 2116 in
1404 2079 1494 2126 eo,
1526 2072 1575 2115 et
1601 2062 1741 2133 ﬁlius
1762 2063 1865 2116 ini-

281 2156 494 2226 quitatis
535 2172 637 2209 non
685 2163 907 2225 opponet
945 2170 1124 2207 nocere
1149 2155 1217 2208 ei.
1262 2152 1332 2206 Et
1376 2153 1643 2207 concidam
1669 2170 1702 2205 a
1732 2154 1866 2224 facie

280 2246 444 2313 ipsius
473 2245 710 2298 inimicos
736 2244 869 2313 ejus,
898 2253 947 2297 et
972 2244 1202 2297 odientes
1219 2260 1333 2297 eum
1362 2245 1415 2296 in
1446 2245 1621 2314 fugam
1647 2260 1860 2297 conter-

281 2344 409 2387 tam.
442 2332 509 2386 Et
540 2334 726 2388 veritos
759 2349 874 2387 mea
901 2342 949 2385 et
977 2332 1330 2387 misericordia
1360 2349 1471 2385 mea
1499 2348 1612 2385 cum
1650 2334 1783 2401 ipso,
1812 2341 1863 2386 et

277 2425 333 2477 in
363 2424 573 2478 nomine
615 2440 728 2477 meo
767 2422 1081 2476 exaltabitur
1126 2438 1285 2476 cornu
1314 2422 1442 2493 ejus.
1491 2422 1562 2476 Et
1589 2439 1777 2493 ponam
1806 2424 1860 2476 in

279 2516 415 2568 mori
446 2530 654 2567 manum
690 2513 800 2583 ejus
824 2553 838 2577 ,
888 2524 937 2567 et
976 2515 1031 2567 in
1076 2514 1373 2582 ﬂuminibus
1418 2514 1682 2567 dexteram
1724 2514 1855 2583 ejus.

281 2604 408 2675 Ipse
435 2606 686 2659 inrocobit
714 2622 795 2659 me
819 2622 837 2659 :
872 2604 1028 2659 Pater
1072 2622 1214 2659 meus
1252 2622 1308 2659 es
1355 2615 1425 2671 tu,
1476 2606 1609 2660 Deus
1644 2624 1785 2661 meus
1811 2617 1861 2661 et

280 2707 547 2768 susceptor
585 2700 768 2752 salutis
796 2714 938 2752 meat.
988 2696 1060 2750 Et
1105 2714 1197 2768 ego
1243 2682 1636 2768 primogenitum
1668 2715 1859 2767 ponam

279 2789 428 2842 illum
451 2830 465 2850 ,
497 2790 753 2842 excelsum
791 2805 901 2858 prce
926 2787 1129 2858 regibus
1158 2797 1326 2842 terrae.
1378 2787 1443 2842 In
1472 2800 1720 2843 wternum
1751 2808 1861 2844 ser-

282 2879 410 2932 vabo
438 2879 516 2932 illi
554 2879 963 2932 misericordiam
989 2895 1153 2932 meam
1178 2918 1192 2942 ,
1228 2888 1276 2931 et
1305 2887 1662 2933 testamentum
1691 2897 1859 2935 meum

281 2970 433 3039 fidele
455 2972 575 3037 ipsi.
624 2969 688 3024 Et
726 2988 914 3040 ponam
956 2989 1007 3025 ιιι
1037 2971 1279 3025 sarculum
1307 2972 1483 3026 steculi
1522 2989 1692 3027 sunen
1721 2974 1852 3044 ejus,

280 3070 329 3112 et
358 3060 597 3113 thronum
635 3062 745 3125 eius
779 3063 909 3114 sicut
936 3062 1043 3115 dies
1084 3062 1213 3116 caeli.
1271 3062 1341 3116 Si
1371 3074 1541 3116 autem
1572 3064 1856 3135 derelique-

1964 1875 2169 1940 electis,
2214 1882 2342 1930 tunc
2372 1875 2584 1944 jurasse
2632 1876 2798 1930 David
2844 1892 3002 1932 servo
3030 1892 3148 1932 suo.
3198 1877 3336 1944 Quid
3364 1888 3546 1934 autem

1957 1963 2211 2035 jurasset,
2244 1966 2467 2020 inferius
2494 1965 2699 2035 pandit.
2741 1965 2894 2032 Quod
2922 1967 2968 2020 si
2995 1968 3157 2023 etiam
3182 1967 3274 2021 lilii
3303 1968 3438 2036 ejus,
3470 1970 3546 2024 in-

1961 2061 2099 2129 quit,
2126 2061 2441 2129 reliquerint
2469 2061 2641 2129 lcgem
2690 2076 2864 2115 meam
2888 2102 2903 2126 ,
2951 2062 3179 2117 visitabo
3219 2063 3272 2116 in
3315 2063 3460 2131 virga
3488 2072 3543 2118 et

1952 2154 2018 2207 -in
2066 2153 2381 2208 verberibus
2425 2159 2644 2221 peccata
2691 2167 2878 2207 eorum
2902 2193 2919 2218 ,
2964 2153 3383 2207 misericordiam
3414 2169 3545 2208 vero

1960 2257 2136 2296 metam
2166 2257 2273 2296 non
2319 2241 2502 2295 tollam
2531 2243 2601 2296 ab
2627 2241 2706 2296 eis
2727 2282 2743 2306 ,
2794 2256 2971 2311 neque
3023 2243 3231 2297 nocebo
3261 2245 3545 2297 veritatem

1960 2348 2158 2388 meam.
2193 2332 2261 2386 Et
2288 2331 2522 2401 adjecit:
2571 2331 2751 2387 Semel
2789 2331 2964 2400 juravi
3001 2332 3054 2386 in
3102 2340 3287 2388 sancto
3315 2348 3458 2394 meo,
3491 2335 3537 2388 si

1960 2421 2127 2477 David
2156 2423 2402 2477 mentiar.
2446 2420 2524 2475 Tu
2551 2430 2752 2486 autem,
2786 2422 3028 2485 Domine,
3062 2423 3298 2491 repulisti
3319 2463 3335 2488 ,
3366 2432 3419 2478 et
3446 2440 3544 2478 ex-

1960 2512 2180 2580 pulisti,
2226 2520 2282 2567 et
2326 2511 2579 2566 distulisti
2619 2494 2889 2565 Christum
2937 2521 3112 2576 tuum,
3147 2513 3198 2567 id
3228 2521 3344 2578 est,
3376 2513 3540 2568 David

1960 2614 2166 2668 regem.
2207 2600 2342 2666 Quia
2375 2616 2469 2669 per
2495 2603 2832 2657 occasionem
2864 2602 3016 2656 unius
3053 2602 3178 2658 facti
3217 2604 3362 2672 ejus,
3398 2614 3547 2660 totus

1968 2691 2196 2759 populus
2239 2694 2484 2746 moritur.
2534 2691 2601 2746 Et
2646 2693 2767 2746 ideo
2795 2693 2908 2746 ait:
2953 2692 3200 2763 Nunquid
3247 2696 3298 2750 in
3344 2711 3539 2753 vanum

1959 2782 2283 2836 constituisti
2317 2780 2453 2837 lilios
2476 2783 2750 2836 hominum
2774 2784 2795 2836 ?
2817 2781 2946 2849 Quis
2971 2794 3053 2839 est
3078 2786 3239 2841 homo
3267 2788 3357 2855 qui
3388 2789 3536 2853 vivit,

1960 2881 2017 2926 et
2042 2888 2149 2927 non
2175 2873 2376 2927 videbit
2404 2874 2671 2928 mortem?
2699 2874 2807 2927 Aut
2825 2875 2944 2943 quis
2964 2876 3105 2929 eruit
3126 2878 3356 2931 animam
3387 2895 3537 2932 suam

1910 2960 1923 2967 ’
1958 2961 2028 3016 de
2080 2977 2243 3016 manu
2282 2961 2475 3016 inferi?
2525 2961 2624 3017 Ubi
2664 2972 2789 3017 sunt
2832 2964 3210 3021 misericordiae
3259 2976 3361 3022 tua:
3408 2971 3547 3023 anti~

1959 3068 2112 3122 qum,
2144 3054 2392 3123 Domine,
2433 3055 2573 3110 sicut
2613 3055 2803 3124 jurasti
2843 3055 3009 3111 David
3051 3058 3104 3112 in
3148 3060 3372 3115 veritate
3412 3064 3541 3117 tua?

281 3155 386 3206 rint
411 3155 509 3223 ﬁlii
552 3154 661 3223 ejus
710 3164 1065 3208 testamentum
1109 3172 1302 3218 meum,
1346 3165 1397 3209 et
1425 3156 1476 3209 in
1492 3156 1705 3225 judiciis
1732 3158 1858 3211 meis
1883 3145 1928 3207 Ο
1960 3144 2199 3202 Sunile
2231 3148 2385 3201 DObiS
2413 3147 2699 3203 historicus
2728 3163 2926 3214 sermo.
2959 3151 3308 3207 θὸοοηίῑθιυυὸ
3335 3154 3400 3208 ad
3430 3171 3537 3226 ΠΨ·

280 3259 384 3296 non
410 3240 783 3297 antbulorerint
799 3262 816 3307 ;
847 3246 892 3298 si
925 3244 1160 3314 justitios
1186 3261 1328 3299 meas
1348 3247 1760 3316 profonorerint,
1809 3256 1858 3301 et

280 3334 529 3388 mandato
555 3350 669 3389 mea
709 3350 813 3389 non
843 3335 1208 3401 rustodierint;
1250 3337 1463 3390 visitabo
1502 3338 1557 3391 in
1584 3338 1728 3408 uirga
1754 3339 1860 3392 ini-

279 3428 501 3496 quitates
527 3444 701 3481 eorum
725 3467 739 3491 ,
769 3429 824 3482 in
866 3427 1151 3481 verberibus
1177 3438 1387 3498 peccata
1415 3444 1607 3482 eorum.
1651 3427 1859 3482 Miseri-

279 3516 514 3571 cordiam
561 3529 730 3570 autem
774 3534 942 3571 meam
987 3534 1087 3572 non
1133 3519 1427 3589 dispergam
1473 3518 1537 3571 ab
1575 3536 1655 3585 eo,
1698 3534 1858 3590 neque

280 3608 471 3662 nocebo
498 3609 554 3661 in
582 3610 791 3661 veritate
819 3625 949 3661 mea.
983 3606 1163 3680 Neque
1182 3607 1471 3680 profonabo
1501 3618 1857 3663 testamentum

279 3717 446 3753 meum
469 3739 484 3759 ,
514 3710 563 3753 et
590 3716 702 3771 quo:
745 3700 1026 3771 procedunt
1072 3701 1136 3754 de
1182 3701 1330 3755 labiis
1377 3703 1504 3755 meis
1533 3719 1636 3756 non
1666 3704 1857 3774 faciam

280 3793 449 3846 irrita.
488 3790 662 3846 Semel
684 3792 854 3862 jurart
882 3794 935 3845 in
965 3803 1144 3847 sancto
1181 3809 1320 3857 meo,
1351 3794 1397 3847 si
1420 3792 1589 3848 David
1614 3797 1853 3859 utentior,

278 3898 449 3935 semen
471 3882 582 3952 ejus
606 3883 661 3936 in
691 3894 935 3936 celet-num
969 3881 1217 3936 manebit.
1260 3882 1329 3935 Et
1358 3883 1570 3937 thronus
1595 3885 1707 3955 ejus
1727 3885 1858 3938 sicut

281 3975 357 4027 sol
384 3975 436 4025 in
467 3984 738 4044 conspectu
759 3991 903 4039 meo,
946 3985 995 4028 et
1028 3976 1158 4028 sicut
1195 3975 1319 4028 luna
1361 3978 1585 4047 perfecta
1623 3979 1678 4030 in
1708 3986 1859 4031 (τεθν-

279 4080 400 4118 num
417 4107 431 4129 ,
464 4075 516 4119 et
554 4067 694 4119 testis
723 4067 774 4119 in
801 4066 925 4120 τατΙο
945 4067 1136 4136 ﬁdelis.
1189 4065 1263 4119 Tu
1290 4082 1407 4120 rero
1433 4069 1663 4138 repulisti
1689 4077 1739 4121 et
1765 4069 1855 4121 de-

280 4155 514 4222 spexisti,
546 4154 789 4208 distulisti
817 4153 1075 4209 Christum
1112 4165 1270 4208 tuum.
1313 4155 1553 4210 Avertisti
1581 4166 1857 4211 testamen-

281 4259 383 4301 tum
410 4249 541 4301 servi
585 4248 690 4310 tui,
734 4250 1024 4319 profanosti
1059 4249 1113 4301 in
1152 4257 1291 4302 terra
1331 4250 1683 4302 sanctum-ium
1722 4249 1852 4319 ejus.

276 4339 592 4392 Destrua'isti
632 4356 810 4392 omnes
855 4354 1000 4409 sepes
1045 4339 1193 4409 ejus,
1242 4341 1457 4409 posuisJi
1501 4349 1857 4395 testamentum

277 4434 386 4503 ejus
408 4432 751 4504 formidinem.
786 4431 1122 4502 Diripuerunt
1155 4448 1268 4485 eum
1309 4449 1486 4486 omnes
1532 4441 1855 4487 transeuntes

1958 3240 2171 3294 sticum.
2218 3240 2275 3293 in
2304 3240 2518 3296 Christo
2558 3244 2699 3296 enim
2743 3244 3106 3299 misericordia
3144 3254 3344 3301 acterna
3372 3246 3537 3301 rediti-

1958 3340 2078 3385 cata
2106 3340 2207 3396 est,
2238 3348 2344 3385 non
2372 3348 2536 3387 manu
2567 3334 2704 3388 facta
2732 3334 3040 3402 aediﬁcatio,
3070 3338 3162 3392 sed
3192 3336 3390 3408 Spiritu
3415 3355 3543 3393 san-

1958 3426 2048 3474 cto
2076 3422 2395 3488 composita.
2437 3420 2602 3490 Cujus
2632 3424 2830 3478 veritas
2857 3433 2940 3478 est
2966 3427 3037 3479 ita
3065 3427 3119 3480 in
3148 3427 3295 3483 oculis
3330 3445 3537 3497 priapo-

1957 3522 2115 3574 rata,
2170 3521 2229 3566 ut
2284 3512 2545 3581 disposito
2610 3521 2932 3571 testamento
2980 3517 3111 3585 legis
3152 3533 3263 3574 sua:
3303 3520 3536 3586 jurasset

1958 3601 2123 3657 David
2153 3618 2312 3658 servo
2334 3618 2456 3668 suo,
2484 3603 2628 3672 quod
2653 3604 2720 3659 de
2743 3604 2916 3660 fructu
2944 3608 3148 3663 ventris
3169 3607 3285 3676 ejus
3314 3620 3535 3678 poneret

1957 3711 2120 3765 super
2160 3694 2341 3751 sedem
2387 3710 2579 3761 suam,
2626 3696 2712 3751 cui
2754 3696 2930 3751 nullus
2977 3697 3166 3753 similis
3212 3709 3353 3754 esset
3396 3700 3535 3755 inter

1959 3785 2096 3840 lilios
2125 3785 2239 3848 Dei,
2273 3795 2331 3840 ut
2359 3792 2441 3841 est
2468 3801 2693 3855 magnus
2719 3795 2776 3842 et
2798 3790 3113 3844 metuendus
3149 3807 3311 3860 super
3347 3807 3536 3848 omnes

1956 3879 2049 3949 qui
2100 3880 2153 3933 in
2195 3879 2424 3934 circuitu
2471 3878 2587 3947 ejus
2633 3888 2776 3934 sunt.
2824 3881 3024 3935 Omnes
3069 3883 3213 3937 enim
3254 3885 3394 3939 servi
3421 3882 3537 3953 ejus

1957 3980 2100 4027 sunt.
2143 3972 2363 4041 Signum
2412 3982 2593 4029 autem
2639 3974 2787 4029 dedit
2833 3975 3069 4045 scipsum
3115 3992 3233 4032 esse
3276 3977 3543 4034 Dominus

1955 4062 2113 4119 Jesus
2140 4065 2414 4130 Christus,
2445 4082 2566 4120 cum
2597 4067 2648 4120 in
2682 4067 2803 4121 navi
2832 4069 3071 4137 positus,
3099 4069 3211 4139 ipse
3232 4070 3541 4125 dominatus

1957 4167 2040 4213 est
2065 4173 2227 4227 super
2253 4165 2573 4227 potestatem
2604 4160 2796 4224 maris,
2823 4168 2878 4214 et
2905 4170 3107 4215 motum
3138 4161 3390 4216 ﬂuctuum
3421 4163 3543 4232 ejus.

1959 4251 2072 4320 ipse
2102 4250 2380 4319 mitigavit,
2413 4258 2466 4304 et
2495 4251 2792 4305 humiliavit
2819 4253 2957 4306 sicut
2983 4254 3319 4307 vulneratum
3349 4271 3541 4323 super-

1956 4345 2081 4398 bum
2131 4343 2303 4414 ipsum
2342 4343 2644 4407 diabolum,
2694 4353 2749 4398 et
2796 4344 2846 4397 in
2876 4346 3070 4399 virtute
3099 4346 3299 4399 brachii
3331 4347 3411 4400 sui
3450 4348 3539 4400 diu

1959 4434 2153 4505 spcrsit
2178 4449 2365 4488 omnes
2392 4434 2683 4489 dmmones.
2727 4434 2875 4490 Tunc
2910 4451 3037 4491 suos
3074 4438 3310 4491 ostendit
3339 4438 3539 4501 caelos,

278 4528 447 4588 siam,
482 4528 648 4595 factus
685 4535 763 4578 est
795 4524 1124 4594 approbrium
1170 4526 1349 4578 vicinis
1394 4526 1520 4577 suis.
1587 4523 1853 4578 Exultoin
1885 4516 1929 4573 Β
1956 4540 2077 4578 cum
2117 4525 2270 4579 caecis
2320 4524 2498 4579 lumen
2545 4524 2804 4580 oculorum
2846 4526 3013 4581 daret.
3092 4524 3252 4580 Suam
3300 4530 3539 4585 ostendit

278 4616 545 4669 dexteram
574 4615 964 4685 deprimentinm
992 4631 1134 4679 eum,
1177 4615 1453 4684 lwtiﬁcosti
1481 4631 1654 4669 omnes
1684 4615 1856 4669 inimi-

275 4722 362 4760 cos
389 4708 520 4777 ejus.
571 4707 811 4759 Arertisti
848 4705 1162 4775 adjutorium
1190 4706 1350 4777 gladii
1378 4705 1523 4775 ejus,
1569 4714 1763 4760 et‘non
1801 4724 1855 4761 es

273 4798 557 4851 auxiliatos
575 4799 620 4849 ei
641 4798 694 4850 in
715 4797 864 4850 bello.
898 4796 1213 4850 Destruasisti
1240 4813 1356 4849 eum
1376 4796 1440 4849 ab
1468 4798 1849 4863 emundutione,

273 4899 323 4940 et
348 4889 523 4940 sedem
549 4887 660 4956 ejus
689 4889 742 4940 in
772 4896 910 4941 terra
952 4888 1209 4941 collisisti.
1258 4886 1536 4941 Minorosti
1584 4888 1690 4941 dies
1721 4897 1850 4942 tem-

273 4979 413 5045 poris
441 4978 574 5049 ejus,
623 4978 893 5049 perfudisti
921 4995 1035 5032 eum
1060 4979 1376 5048 confusione.
1426 4977 1713 5050 Usquequo,
1746 4978 1851 5034 Do-

273 5070 425 5130 mine,
452 5071 638 5122 avertis
664 5070 721 5123 in.
755 5070 931 5139 ﬁnem,
963 5069 1261 5124 exordescet
1288 5071 1585 5141 nelutignis
1612 5072 1693 5124 ira
1723 5079 1809 5124 tuo
1827 5073 1854 5127 ?

275 5157 566 5213 Hemorare
606 5176 719 5231 qut:
758 5177 872 5214 meo
907 5159 1235 5213 substantia:
1270 5160 1500 5232 nunquid
1546 5163 1684 5214 enim
1723 5179 1851 5217 uane

270 5252 579 5305 constituisti
606 5253 745 5321 ﬁlios
782 5252 1091 5306 hominum?
1123 5250 1249 5316 Quis
1276 5262 1353 5306 est
1390 5253 1541 5308 homo
1576 5257 1663 5325 qui
1700 5256 1845 5322 viret,

270 5353 319 5394 et
339 5359 445 5396 non
486 5342 670 5396 uidebit
709 5353 952 5407 mortem,
982 5352 1125 5397 emet
1157 5346 1387 5397 animam
1415 5361 1561 5398 suum
1590 5346 1654 5398 de
1688 5363 1845 5399 manu

269 5434 498 5502 inferni?
529 5432 626 5486 Ubi
654 5444 772 5487 sunt
799 5435 1164 5490 misericordite
1191 5443 1294 5488 tuos
1322 5437 1569 5505 antiqua,
1604 5433 1841 5499 Domine,

267 5524 398 5576 sicut
416 5522 611 5593 jurosti
650 5523 820 5580 Dauid
854 5528 908 5580 in
946 5527 1155 5580 veritate
1190 5527 1317 5580 tua?
1347 5526 1547 5580 Memor
1572 5535 1700 5589 esto,
1734 5525 1844 5579 Do—

268 5616 439 5680 mine,
490 5615 749 5685 opprobrii
797 5634 1054 5671 serrorum
1092 5627 1292 5672 tuorum
1316 5659 1330 5681 ,
1371 5619 1507 5689 quod
1533 5620 1761 5673 continui
1790 5620 1842 5671 in

269 5707 378 5760 sitm
428 5723 542 5763 meo
586 5709 863 5764 nutltorum
921 5711 1165 5782 gentium.
1219 5708 1370 5774 Quod
1409 5710 1842 5780 exprobraremnt

1957 4621 2186 4678 terram,
2218 4630 2337 4670 cum
2363 4615 2602 4685 sepultos
2622 4614 2837 4685 juberet
2864 4632 2981 4670 eam
3011 4624 3252 4671 mortuos
3288 4618 3540 4672 reddere.

1956 4703 2027 4760 Se
2064 4721 2278 4774 quoque
2319 4708 2623 4776 aquilonem
2672 4722 2882 4761 creasse
2921 4706 3194 4771 ostendit,
3243 4723 3364 4760 cum
3416 4708 3541 4775 ejus

1953 4799 2169 4853 ﬂatibus
2216 4800 2523 4869 imperaret.
2556 4799 2770 4853 Thabor
2812 4809 2866 4855 et
2910 4798 3145 4854 ilermon
3193 4801 3247 4854 in
3288 4799 3404 4867 ejus
3430 4814 3541 4854 oo-

1950 4891 2099 4945 mine
2145 4891 2580 4955 exsultaverunt,
2620 4906 2740 4945 cum
2786 4890 3031 4943 viderent
3078 4891 3408 4945 habitatores
3437 4892 3533 4944 lio-

1951 4996 2071 5034 rum
2100 4982 2364 5035 montium
2393 4980 2778 5049 Hierosolymis
2804 4979 3122 5047 vicinorum,
3152 4977 3391 5036 infirmos
3407 4995 3537 5036 suos

1950 5072 2180 5137 salvari,
2209 5073 2276 5126 ab
2303 5087 2370 5126 eo
2397 5071 2720 5143 paralyticos
2747 5072 2958 5138 curari,
2990 5072 3233 5142 leprosos
3262 5074 3535 5136 mandari,

1950 5170 2195 5218 mortuos
2238 5162 2503 5217 suscitari.
2551 5161 2656 5231 Ipsi
2698 5171 2947 5227 montes,
2992 5164 3044 5218 id
3094 5172 3180 5219 est
3217 5164 3433 5219 Thabor
3476 5174 3535 5220 et

1950 5251 2185 5308 Hermon
2209 5293 2224 5316 ,
2275 5252 2328 5306 in
2357 5251 2483 5308 Jesu
2506 5253 2726 5308 nomine
2750 5256 3099 5310 exsultabant
3122 5294 3138 5317 ,
3169 5255 3408 5311 dicentes
3436 5255 3485 5309 ei
3510 5272 3531 5308 :

1951 5346 2121 5401 Tuum
2151 5345 2448 5411 brachium,
2481 5353 2538 5400 et
2564 5354 2652 5400 tua
2690 5348 2955 5417 potentia,
2985 5347 3109 5416 quia
3141 5346 3386 5400 ﬁrmatur
3413 5360 3529 5399 ma.

1954 5453 2054 5491 nus
2101 5444 2229 5502 tua,
2277 5446 2333 5491 et
2386 5437 2655 5493 enitatur
2703 5437 2925 5494 dextera
2978 5446 3066 5492 tua
3107 5452 3273 5505 super
3311 5450 3532 5490 onmem

1949 5529 2322 5596 mgrotantium
2346 5530 2652 5584 sanitatem.
2703 5529 2811 5585 Nos
2838 5529 3185 5589 exsultamus,
3220 5542 3326 5580 non
3354 5525 3532 5583 solum

1952 5631 2004 5676 te
2033 5621 2135 5675 ista
2165 5621 2414 5684 faciente,
2447 5622 2540 5676 sed
2566 5628 2617 5676 et
2649 5621 2942 5691 discipulos
2967 5627 3087 5672 tuos
3114 5618 3387 5682 videmus,
3418 5617 3529 5672 Do-

1951 5713 2092 5766 miue
2118 5755 2130 5776 ,
2175 5712 2227 5765 in
2276 5711 2479 5767 lumine
2524 5713 2701 5767 vultus
2751 5712 2831 5766 tui
2874 5709 3231 5775 ambulantes,
3273 5712 3532 5785 quoniam
