3908 6176
408 288 515 342 ’455

1739 288 2007 343 ΑιιΝοΒιι
2046 287 2347 344 ιυλιοιιιε
2580 266 2587 270 “
3543 294 3625 350 iss

413 406 580 474 gloria
630 411 683 458 et
732 403 899 458 virtus
946 418 1131 458 eorum
1162 412 1218 457 tu
1249 419 1327 457 es.
1372 404 1486 458 Tua
1517 413 1598 458 est
1627 405 1790 465 enim.
1824 405 1980 467 Deus,
2018 411 2056 464 Α
2090 407 2256 459 nostri
2274 402 2615 458 simataranea
2635 406 3160 466 meditabuutur,dies
3181 424 3426 463 summa
3458 427 3629 466 nostra.

414 497 710 567 assumptio
739 496 968 550 hominis
994 535 1009 560 ,
1051 494 1192 564 quod
1224 495 1461 551 locutum
1490 503 1546 550 te
1575 511 1640 550 ac
1668 495 1866 549 dixisse
1894 510 1989 563 per

415 603 477 642 os
503 593 810 640 sanctorum
838 597 989 637 sacra
1021 590 1250 637 testatur
1275 582 1551 653 Scriptura
1572 623 1587 649 ,
1618 583 1843 640 eiecturi
1874 584 1987 637 elc-

413 686 559 733 ctum
587 675 654 730 de
702 674 856 744 plebe
904 673 1037 738 Dei,
1086 673 1138 727 in
1167 688 1276 742 quo
1320 673 1582 741 glorietur
1604 674 1777 741 gloria
1800 687 1992 726 matms

412 775 538 828 tuac,
570 766 659 834 qui
691 765 787 819 tibi
822 763 933 819 Deo
967 764 1172 819 diceret
1198 765 1254 817 in
1280 766 1543 819 veritate:
1576 764 1738 819 Pater
1766 781 1909 819 meus
1938 781 1990 818 es

417 867 488 909 tu.
521 857 598 911 De
626 872 733 926 quo
772 864 827 910 et
856 865 912 909 tu
939 855 1181 911 diceres:
1215 855 1326 924 Ego
1353 857 1765 927 primogenitum
1796 872 1991 926 ponam

414 961 537 1001 eum
556 987 570 1009 ,
602 947 721 999 utin
737 947 942 1000 nomine
956 949 1226 1016 ejusomne
1248 963 1382 1018 genu
1419 949 1657 1017 ﬂectatur
1690 948 1988 1012 cwlestium,

416 1034 740 1087 terrestrium
760 1043 808 1086 et
835 1035 1154 1104 infernarum
1171 1074 1185 1099 ,
1216 1045 1265 1089 et
1285 1038 1451 1091 omnis
1479 1036 1654 1107 lingua
1687 1037 1995 1105 conﬁteatur

414 1126 538 1194 quia
570 1124 822 1178 Dominus
859 1125 1012 1179 Jesus
1050 1126 1103 1179 in
1135 1129 1302 1193 gloria
1329 1139 1404 1181 est
1435 1126 1530 1181 Dei
1559 1127 1736 1182 Patris
1768 1126 1989 1199 (Philip.

416 1216 502 1282 ιι),
533 1217 624 1284 qui
651 1219 831 1287 posuit
853 1217 904 1269 in
927 1217 1175 1270 smculum
1193 1218 1571 1273 stcculisedem
1582 1217 1716 1286 ejus,
1732 1218 1816 1271 cui
1840 1225 1999 1272 testa-

414 1314 654 1360 mentum
677 1322 828 1360 suum
854 1307 905 1360 in
927 1313 1182 1361 aeternum
1207 1306 1432 1363 ﬁdeliter
1455 1318 1667 1373 servat,
1701 1309 1855 1378 cujus
1877 1308 1994 1363 dies

414 1395 555 1449 sicut
569 1394 682 1449 dies
700 1397 821 1450 εωιί
841 1406 965 1449 sunt
984 1397 1322 1463 repromittit.
1348 1396 1442 1451 Hic
1458 1406 1634 1452 tamen
1652 1413 1747 1466 pro
1765 1398 1996 1467 peccatis

416 1485 615 1539 nostris
643 1486 711 1539 ab
740 1486 969 1541 inimicis
994 1487 1103 1541 suis
1128 1494 1323 1550 tentus,
1356 1488 1636 1557 proianata
1664 1498 1744 1543 est
1771 1490 1823 1543 in
1851 1496 1995 1545 terra

414 1576 674 1631 sanctitas
700 1575 833 1645 ejus.
884 1576 997 1630 Non
1035 1577 1327 1647 permittit,
1372 1593 1471 1632 nec
1517 1579 1568 1632 in
1596 1596 1704 1634 uno
1732 1579 1996 1650 discipulo

417 1668 739 1737 adjutorium
771 1669 932 1736 gladii
961 1668 1078 1737 ejus
1104 1707 1119 1731 ,
1156 1669 1249 1723 sed
1278 1669 1472 1724 clamat
1499 1671 1549 1724 ei
1576 1688 1588 1723 :
1622 1670 1863 1725 Reconde
1882 1671 1995 1742 gla-

418 1759 560 1813 dium
589 1768 730 1812 tuum
759 1760 811 1812 in
840 1759 986 1811 theca
1018 1774 1115 1811 sua
1151 1756 1328 1827 (Joan.
1359 1759 1525 1827 xvm).
1572 1758 1638 1811 Et
1664 1775 1783 1814 cum
1810 1772 1992 1828 posset
2024 1769 2065 1828 Β

416 1851 468 1903 ei
495 1849 749 1904 exhibere
777 1849 1053 1918 plusquam
1081 1847 1362 1903 duodecim
1393 1848 1630 1916 legiones
1658 1848 1989 1915 angelorum,

419 1940 591 1994 noluit
630 1940 874 1994 auxiliari
919 1939 967 1994 ei
1017 1940 1069 1993 in
1116 1938 1221 1994 hoc
1248 1938 1417 2003 bello,
1448 1937 1542 1993 sed
1571 1939 1857 1993 minoravit
1880 1939 1995 1994 dies

416 2030 677 2099 temporis
704 2028 837 2097 ejus,
870 2038 925 2084 et
969 2027 1206 2098 perfudit
1233 2042 1356 2082 eum
1393 2036 1541 2082 tanta
1569 2027 1905 2092 confusione,
1936 2037 1998 2083 ut

416 2136 537 2174 cum
588 2121 762 2190 impiis
802 2119 1107 2188 deputatus,
1141 2119 1194 2172 in
1237 2117 1416 2172 medio
1455 2116 1844 2172 homicidarum
1879 2133 2001 2173 cru-

417 2211 494 2266 cis
538 2210 955 2280 compelleretur
998 2209 1179 2263 subire
1226 2208 1546 2280 patibulum.
1603 2207 1722 2262 Non
1767 2215 1852 2263 est
1893 2209 1998 2263 hoc

418 2301 697 2356 irascentis
727 2301 839 2367 Dei,
870 2300 964 2354 sed
989 2299 1309 2355 miserentis.
1340 2297 1479 2366 Quid
1508 2307 1687 2354 tatnen
1715 2298 1843 2355 dicit
1870 2312 1997 2368 quia

418 2392 656 2463 patitur?
705 2406 987 2462 quousque
1032 2389 1344 2466 accenditur
1385 2390 1535 2444 velut
1574 2389 1711 2456 ignis
1759 2390 1838 2443 ira
1868 2388 1997 2443 tua?

419 2480 737 2547 Memorare,
771 2481 1024 2545 Domine,
1054 2481 1179 2550 quia
1207 2494 1273 2534 ex
1301 2477 1518 2548 Virgine
1546 2494 1632 2534 me
1655 2479 1912 2549 genuisti,
1944 2487 1999 2534 et

420 2590 631 2630 memor
657 2582 774 2630 esto
798 2588 916 2644 qua:
957 2572 1027 2627 sit
1053 2586 1172 2626 mea
1201 2571 1518 2626 substantia.
1577 2571 1710 2637 Quia
1741 2586 1860 2625 cum
1890 2584 2001 2623 om-

420 2681 516 2720 nes
543 2666 789 2720 homines
819 2664 1115 2720 moriantur
1141 2663 1192 2716 in
1221 2662 1457 2733 peccatis
1480 2661 1619 2727 suis,
1652 2661 1723 2715 ita
1747 2667 1804 2714 ut
1825 2659 2000 2714 nullus

418 2756 488 2811 sit
515 2755 607 2825 qui
645 2756 821 2821 vivat,
852 2765 907 2809 et
945 2769 1051 2808 non
1081 2753 1259 2807 videat
1284 2761 1544 2816 mortem,
1576 2759 1631 2806 et
1656 2766 1795 2822 pene
1822 2751 1999 2805 nullus

418 2846 507 2910 sit,
541 2845 632 2914 qui
660 2852 815 2899 cruat
845 2845 1076 2898 animam
1105 2858 1253 2897 suam
1277 2841 1345 2897 de
1369 2857 1532 2897 manu
1548 2841 1701 2897 inferi
1734 2842 2000 2912 (conclusa

418 2945 539 2991 sunt
566 2937 699 2990 enim
747 2937 921 2990 omnia
967 2937 1023 2989 in
1069 2935 1459 2999 incredulitate,
1499 2943 1556 2988 ut
1582 2932 1818 2988 omnibus
1844 2935 2000 2989 mise-

420 3030 607 3093 rearis,
648 3026 801 3081 Rom.
832 3028 911 3097 ιι)
930 3068 944 3092 ,
973 3026 1193 3080 veniant
1223 3025 1596 3081 misericordia:
1637 3032 1738 3079 tua:
1766 3024 1998 3095 promis-

2092 512 2203 548 rmn
2232 497 2285 549 in
2314 496 2441 565 ipsis
2468 496 2793 566 septuaginta
2818 498 2961 550 anni.
2996 495 3056 551 Si
3089 508 3260 551 autem
3298 499 3351 551 in
3387 507 3630 568 potentuti-

2092 585 2186 639 bus
2212 587 2474 657 octoginta
2500 589 2665 652 anni,
2707 596 2758 641 et
2784 589 3003 658 amplius
3039 604 3215 644 eorum
3255 589 3395 644 labor
3420 603 3464 645 et
3488 594 3630 648 dolor.

2098 673 2355 738 Quoniam
2388 672 2677 746 supervenit
2702 678 3040 733 mansuetudo
3066 688 3117 733 et
3148 681 3490 751 corripiemur.
3529 683 3636 748 Quis

2092 766 2232 818 aravit
2258 774 2559 835 potestatem
2588 768 2680 821 irte
2704 775 2821 830 tute,
2850 777 2901 821 et
2926 784 3034 837 prie
3060 771 3242 822 timore
3270 779 3353 824 tuo
3374 771 3499 825 iram
3519 786 3635 829 tuom

2092 856 2457 910 dinumerare?
2482 856 2763 912 Dea-teram
2794 868 2931 912 tuam
2955 861 3028 913 sic
3047 870 3220 913 notam
3242 861 3344 931 fac,
3368 871 3414 915 et
3440 863 3639 920 eruditos

2093 946 2247 1000 corde
2275 948 2329 999 in
2357 948 2636 1017 sapientia.
2685 945 3012 1014 Convertere,
3053 947 3293 1015 Domine,
3321 967 3576 1024 usquequo,
3603 970 3637 1012 ιι

2093 1034 2431 1103 deprecabilis
2480 1046 2588 1089 esto
2641 1053 2798 1106 super
2848 1054 3019 1091 servos
3060 1047 3189 1092 tuos.
3250 1038 3445 1110 Repleti
3486 1059 3639 1099 sumus

2093 1140 2246 1178 mane
2289 1126 2649 1179 misericordia
2674 1135 2781 1190 tua,
2818 1128 3203 1188 exsultavimus,
3226 1140 3277 1183 et
3314 1131 3537 1185 delectati
3562 1151 3637 1188 su-

2092 1231 2209 1268 mus
2232 1216 2287 1269 in
2315 1215 2547 1269 omnibus
2575 1217 2750 1270 diebus
2779 1220 2988 1271 nostris.
3035 1217 3221 1272 Lwtati
3248 1236 3417 1274 sumus
3436 1239 3522 1292 pro
3546 1225 3641 1278 die-

2094 1304 2186 1359 bus
2214 1305 2395 1377 quibus
2424 1324 2516 1361 nos
2537 1308 2844 1371 humiliasti,
2876 1310 3025 1363 annis
3053 1310 3235 1380 quibus
3263 1312 3472 1366 vidimus
3497 1314 3634 1368 mala.

2098 1392 2316 1465 Respice
2337 1397 2389 1449 in
2410 1412 2581 1450 servos
2623 1407 2761 1461 tuos,
2792 1408 2841 1451 et
2873 1399 2927 1453 in
2973 1416 3130 1469 opera
3174 1410 3284 1467 tua,
3315 1412 3365 1455 et
3408 1405 3558 1473 dirige
3581 1406 3639 1474 ﬁ-

2092 1486 2194 1539 lios
2229 1502 2423 1540 eorum.
2469 1488 2537 1539 Et
2574 1491 2641 1542 sit
2672 1489 2918 1558 splendor
2954 1489 3168 1546 Domini
3195 1491 3296 1547 Dei
3328 1497 3483 1549 nostri
3507 1511 3638 1565 super

2095 1594 2207 1643 nos,
2240 1588 2289 1632 et
2315 1596 2475 1651 opera
2514 1597 2755 1635 manuum
2801 1593 3090 1637 nostrarum
3144 1585 3312 1656 dirige
3355 1602 3502 1656 super
3540 1602 3638 1650 nos,

2094 1677 2146 1722 et
2172 1683 2299 1740 Opus
2327 1686 2569 1724 manuum
2597 1683 2888 1727 nostrarum
2919 1674 3100 1744 dirige.

2652 1822 3085 1862 COMMENTARIUM.

2160 1938 2532 2007 Octogesimus
2579 1955 2752 1994 nonus
2792 1940 3027 2009 psalmus
3069 1942 3215 1996 canit
3260 1943 3529 1998 Dominum
3555 1959 3642 1997 no-

2091 2037 2282 2096 strum,
2307 2022 2403 2099 qui
2428 2032 2688 2099 refugium
2718 2029 2891 2086 factus
2918 2042 3001 2087 est
3026 2033 3181 2088 nobis
3203 2034 3256 2088 in
3277 2032 3484 2089 Christo
3507 2031 3637 2089 Jesu.

2097 2120 2249 2178 Hunc
2276 2124 2511 2192 essequi
2539 2123 2663 2178 fecit
2689 2133 2920 2189 montes,
2951 2134 3006 2179 et
3033 2123 3262 2180 ﬁrmavit
3291 2133 3480 2180 terram
3504 2135 3552 2179 et
3576 2141 3644 2179 or-

2094 2213 2239 2280 bem,
2269 2228 2299 2267 a
2327 2214 2524 2268 szeculo
2552 2223 2609 2268 et
2636 2214 2687 2267 in
2717 2215 2986 2281 saeculum,
3014 2225 3304 2286 antequam
3332 2216 3430 2271 ista
3460 2214 3642 2280 ﬁerent,

2090 2301 2203 2371 jam
2250 2311 2379 2358 tunc
2404 2316 2679 2372 regnasse.
2720 2303 3024 2372 interroges
3069 2304 3257 2371 David,
3288 2313 3343 2359 et
3390 2304 3527 2359 dicas
3562 2305 3641 2358 ei:

2099 2389 2250 2446 Unde
2279 2392 2381 2446 hoc
2409 2392 2568 2457 nosti,
2600 2393 2724 2460 quia
2753 2392 2896 2447 Deus
2922 2402 3041 2447 tuus
3070 2402 3357 2464 antequam
3385 2392 3527 2449 ﬁeret
3552 2402 3644 2447 ter-

2095 2496 2179 2545 ra,
2221 2480 2333 2548 jam
2373 2482 2515 2537 Deus
2555 2490 2671 2536 erat
2714 2490 2770 2537 et
2806 2484 3099 2551 regnabat?
3129 2483 3484 2554 Respondebit
3525 2484 3642 2537 tibi:

2097 2570 2308 2643 Moyses
2349 2573 2440 2628 ille
2476 2587 2700 2641 magnus
2744 2574 3036 2643 propheta,
3075 2575 3165 2643 qui
3208 2575 3419 2629 locutus
3444 2581 3519 2628 est
3544 2587 3646 2628 cum

2100 2662 2210 2717 Deo
2237 2662 2373 2718 facie
2400 2662 2465 2717 ad
2494 2662 2704 2726 faciem,
2735 2664 2886 2732 quasi
2916 2664 3165 2733 loquatur
3192 2680 3315 2720 cum
3336 2664 3501 2719 amico
3524 2679 3644 2718 suo:

2098 2754 2212 2825 ipse
2231 2769 2301 2809 ex
2329 2770 2423 2809 ore
2442 2753 2537 2809 Dei
2564 2754 2767 2820 didicit,
2792 2764 2846 2808 et
2866 2755 2981 2824 ipse
3009 2769 3108 2811 nos
3133 2755 3338 2809 docuit.
3363 2753 3480 2808 Hinc
3502 2767 3646 2822 quare

2096 2847 2336 2915 egimus?
2365 2846 2497 2912 Quia
2527 2847 2750 2915 legimus
2778 2847 2831 2901 in
2860 2846 3014 2901 titulo
3044 2864 3057 2899 :
3088 2843 3273 2901 Oratio
3301 2846 3521 2901 hominis
3548 2845 3643 2898 Dei.

2097 2936 2226 3005 Qua:
2251 2952 2378 3006 ergo
2406 2939 2474 2992 ab
2513 2938 2631 3007 ipso
2654 2938 2934 3002 didicerat,
2961 2937 3125 3009 ipsius
3167 2937 3219 2991 ei
3261 2937 3456 2991 nomini
3478 2949 3647 2990 conse-

2097 3028 2287 3084 cravit.
2319 3028 2434 3095 Qua
2480 3037 2659 3083 autem
2707 3043 2868 3084 causa
2898 3028 2949 3081 in
2998 3028 3281 3098 mysticum
3317 3027 3491 3081 vadit?
3532 3024 3645 3090 Quis

419 3136 514 3187 sae,
546 3120 792 3186 Domine,
822 3128 875 3175 et
904 3134 1109 3174 memor
1129 3125 1247 3174 esto
1274 3117 1565 3189 apostolos,
1596 3132 1732 3187 quos
1758 3116 1997 3174 continui
2023 3123 2070 3188 (ς
2100 3119 2344 3192 praevidit
2380 3120 2800 3175 anathemabiles
2844 3134 2965 3175 esse
3013 3119 3248 3174 litercses
3267 3162 3281 3185 ,
3315 3117 3536 3174 dicturos
3573 3114 3648 3170 Fi-

424 3213 478 3266 in
525 3212 645 3265 sinu
691 3226 833 3274 meo,
880 3210 1176 3266 lucratores
1218 3209 1505 3264 multarum
1553 3209 1818 3277 gentium,
1862 3223 2000 3277 quos

420 3302 880 3374 exprobraverunt
907 3302 1105 3356 inimici
1143 3301 1238 3365 tui,
1272 3301 1517 3368 Domine,
1545 3315 1682 3371 quos
1707 3300 2002 3370 exprobra-

420 3402 615 3450 verunt
657 3393 724 3448 ad
769 3393 1245 3449 commutationem
1288 3391 1483 3448 Christi
1515 3393 1622 3458 tui,
1655 3392 1818 3447 alium
1846 3392 2002 3447 Chri-

420 3494 559 3542 stum
588 3494 994 3556 exspectantes,
1026 3486 1183 3540 istum
1210 3486 1302 3555 qui
1329 3500 1519 3556 passus
1545 3493 1627 3540 est
1651 3485 1995 3554 denegantes.

423 3577 533 3633 Nos
561 3587 741 3634 autem
768 3578 861 3648 qui
888 3579 1084 3633 scimus
1107 3577 1501 3647 jubilationem,
1519 3577 1573 3631 in
1596 3577 1797 3633 lumine
1823 3578 2001 3632 vultus

418 3670 537 3738 ejus
581 3670 931 3724 ambulemus.
982 3668 1048 3721 Et
1074 3682 1235 3737 quem
1277 3666 1518 3722 ﬁevimus
1545 3667 1835 3737 patientem
1873 3681 2003 3736 gau-

421 3763 645 3818 deamus
685 3776 717 3815 a
764 3762 989 3816 mortuis
1032 3767 1433 3829 resurgentem,
1464 3766 1521 3813 et
1546 3757 1832 3813 adorantes
1855 3773 1997 3824 eum,

421 3853 664 3906 dicamus
703 3851 790 3905 ei:
838 3850 1154 3905 Benedictus
1200 3866 1287 3918 es,
1334 3850 1589 3914 Domine,
1619 3850 1674 3905 in
1700 3857 1997 3905 aeternum:

420 3946 536 4008 ﬁat,
568 3943 680 3997 ﬁat.
738 3941 963 3997 Orantes
1004 3950 1062 3997 ut
1099 3943 1151 3997 in
1195 3940 1301 3997 ﬁne
1338 3951 1526 3997 nostro
1552 3941 1820 3997 confessio
1845 3940 2002 3995 nobis

424 4038 523 4092 ista
554 4033 834 4105 proﬁciat,
884 4050 983 4105 per
1026 4035 1197 4105 ipsum
1240 4034 1522 4088 Dominum
1550 4042 1794 4088 nostrum
1819 4031 2000 4089 Iesum

416 4122 716 4194 Clu-istum,
741 4129 832 4197 qui
862 4135 1051 4195 regnat
1069 4142 1189 4181 cum
1219 4123 1377 4180 Patre
1409 4132 1464 4180 et
1502 4116 1703 4197 Spiritu
1730 4131 1918 4180 sancto
1948 4123 2001 4178 in

419 4219 618 4275 saecula
639 4218 975 4275 smculorum.
1009 4219 1198 4272 Amen.

906 4351 1216 4408 PSALMUS
1246 4350 1527 4405 LXXXIX.

805 4461 989 4518 Oratio
1018 4462 1185 4534 Moysi
1222 4463 1456 4517 hominis
1492 4462 1611 4517 Dei.

497 4574 747 4641 Domine,
788 4576 1045 4647 refugium
1074 4584 1126 4628 tu
1155 4575 1322 4646 factus
1352 4591 1407 4628 es
1437 4574 1583 4629 nobis
1612 4591 1647 4627 ιι
1669 4575 2002 4646 generatione

419 4667 478 4720 in
501 4668 903 4738 generationem.
937 4664 1250 4736 Priusquam
1284 4674 1483 4718 montes
1527 4664 1741 4734 ﬁerent,
1772 4673 1863 4717 aut
1890 4668 2001 4736 [or-

422 4765 653 4809 maretur
675 4766 813 4811 terra
834 4796 849 4822 ,
892 4765 942 4810 et
967 4755 1134 4821 orbis;
1165 4773 1197 4809 a
1216 4755 1405 4810 steculo
1433 4763 1481 4809 et
1518 4755 1575 4807 in
1598 4755 1842 4809 saxulum
1872 4764 1924 4809 tu
1948 4771 2003 4810 es

426 4843 586 4899 Deus.
620 4843 706 4899 Ne
734 4857 937 4900 avertas
965 4846 1223 4901 hominem
1241 4847 1296 4900 in
1323 4845 1685 4910 humilitatem,
1708 4853 1759 4898 et
1783 4846 2002 4901 dixisti:

420 4935 811 5001 Convertimiui,
834 4937 937 5006 ﬁlii
966 4938 1247 4991 hominum.
1283 4934 1540 5001 Quoniam
1560 4936 1699 4990 mille
1725 4938 1854 4991 anni
1883 4946 2004 4991 ante

424 5033 601 5085 oculos
632 5040 743 5083 tuos
770 5040 1015 5100 tanquam
1055 5031 1163 5085 dies
1209 5035 1449 5085 hesterna
1489 5047 1603 5102 qua:
1628 5032 1893 5102 prarteriit.
1936 5030 2004 5084 Et

420 5122 660 5176 custodia
687 5123 742 5174 in
769 5131 935 5182 nocte,
961 5138 1073 5192 qua:
1100 5139 1193 5192 pro
1220 5124 1382 5178 nihilo
1404 5124 1654 5178 habentur
1679 5140 1856 5177 eorum
1876 5124 2003 5176 anni

424 5223 594 5268 erunt.
646 5212 805 5267 Mane
848 5213 978 5266 sicut
1027 5212 1180 5266 herba
1227 5223 1483 5278 transeat,
1531 5232 1684 5269 mane
1728 5216 1912 5285 ﬂoreat
1955 5222 2005 5267 et

421 5314 679 5370 transeat,
709 5320 916 5376 vespere
943 5304 1166 5370 decidat,
1190 5305 1396 5359 induret
1421 5316 1471 5361 et
1503 5316 1724 5361 arescat.
1761 5304 1893 5370 Quia
1913 5306 2006 5359 de-

424 5399 642 5468 fecimus
668 5398 721 5450 in
743 5398 823 5450 ira
847 5404 956 5461 tua,
989 5404 1040 5451 et
1064 5397 1122 5450 in
1147 5397 1320 5467 furore
1343 5406 1428 5449 tuo
1450 5397 1639 5451 turbati
1660 5413 1853 5451 sumus.
1895 5395 2004 5450 Po-

424 5490 575 5543 suisti
616 5491 910 5562 iniquitates
957 5496 1164 5543 nostras
1202 5489 1259 5541 in
1299 5501 1571 5558 conspectu
1602 5501 1684 5544 tuo
1706 5531 1720 5554 ,
1760 5490 2003 5544 sa'culum

425 5590 661 5633 nostrum
685 5583 740 5634 in
767 5582 1143 5636 illuminatione
1181 5581 1348 5635 uultus
1389 5583 1483 5636 tui.
1535 5580 1789 5645 Quoniam
1826 5596 2001 5636 omnes

424 5673 539 5726 dies
558 5676 723 5727 nostri
743 5675 1067 5746 defecerunt.
1108 5683 1157 5729 et
1191 5676 1247 5728 in
1286 5676 1366 5729 ira
1404 5684 1492 5728 tua
1509 5675 1811 5744 defcriinm.
1863 5676 1999 5728 Anni

2100 3213 2231 3267 lium
2259 3213 2371 3278 Dei,
2397 3213 2491 3281 qui
2527 3212 2792 3280 refugium
2830 3211 3004 3266 factus
3041 3220 3126 3265 est
3166 3212 3325 3265 nobis
3351 3211 3401 3264 in
3438 3208 3646 3269 Christo.

2101 3319 2210 3361 non
2260 3303 2424 3359 fuisse
2449 3304 2761 3374 priusquam
2797 3302 3026 3358 mundus
3077 3301 3251 3369 ﬁeret,
3285 3310 3342 3356 et
3378 3299 3651 3355 ﬁrmaretur

2100 3404 2260 3451 terra:
2284 3395 2448 3450 orbis.
2479 3393 2678 3450 Contra
2699 3394 2798 3449 hos
2824 3395 2899 3448 ait
2928 3410 2943 3448 :
2973 3393 3021 3448 Δ
3044 3395 3242 3449 siccato
3271 3402 3329 3449 et
3349 3393 3401 3449 in
3429 3390 3649 3447 saeculum

2100 3492 2159 3539 tu
2185 3499 2245 3540 es
2290 3484 2450 3540 Deus.
2488 3483 2607 3539 Non
2653 3492 2866 3539 avertas
2903 3483 3176 3538 hominem
3204 3484 3258 3538 in
3303 3483 3650 3543 humilitatem,

2100 3576 2206 3631 hoc
2224 3584 2325 3641 est,
2350 3576 2402 3630 in
2429 3575 2725 3630 humilitate
2744 3576 2976 3644 positum
3002 3576 3270 3630 hominem
3299 3589 3402 3629 non
3427 3571 3652 3628 condem-

2102 3681 2220 3732 nes,
2250 3666 2377 3735 quia
2404 3666 2584 3721 dixisti
2616 3683 2629 3719 :
2656 3664 3073 3732 Convertimini,
3106 3664 3198 3720 ﬁlii
3234 3667 3523 3728 hominum,
3566 3663 3652 3715 hoc

2102 3764 2205 3824 est,
2234 3757 2416 3812 dixisti
2458 3767 2511 3813 te
2550 3758 2794 3828 superbis
2820 3757 3103 3822 resistere,
3132 3757 3422 3812 humilibus
3453 3753 3650 3824 gratiam

2101 3848 2427 3904 condonare.
2455 3847 2531 3902 Ne
2560 3849 2822 3903 averseris
2848 3848 3117 3902 hominem
3138 3847 3194 3902 in
3216 3847 3510 3903 humilitate
3528 3840 3647 3912 posi-

2102 3945 2234 4001 tum,
2258 3937 2351 4007 qui
2377 3937 2533 4006 quasi
2553 3938 2717 3991 herba
2745 3938 2933 4001 oritur,
2949 3947 3004 3991 et
3030 3938 3184 4005 quasi
3212 3937 3335 4002 ﬁos,
3356 3935 3493 4006 quod
3515 3943 3650 3986 mane

2102 4036 2299 4093 ortum,
2329 4042 2555 4097 vespere
2599 4027 2813 4082 arescit.
2843 4025 2977 4081 Cum
3003 4026 3146 4097 apud
3176 4036 3226 4082 te
3254 4027 3403 4083 mille
3437 4022 3550 4079 anni
3586 4018 3651 4074 sic

2101 4123 2208 4175 sint
2233 4120 2374 4175 sicut
2401 4134 2506 4173 una
2548 4118 2684 4183 dies,
2712 4127 2804 4172 aut
2836 4119 2972 4173 sicut
2999 4119 3241 4173 custodia
3279 4118 3336 4172 in
3366 4124 3532 4173 nocte.
3559 4109 3651 4164 Cu-

2102 4209 2276 4264 stodia
2301 4210 2355 4264 in
2384 4218 2543 4265 nocte
2569 4216 2758 4277 quarta
2786 4223 2909 4278 pars
2938 4209 3111 4263 noctis
3138 4216 3239 4273 est,
3267 4222 3429 4277 quam
3453 4203 3543 4259 sibi
3570 4214 3650 4269 pa-

2101 4309 2278 4354 stores
2320 4299 2583 4365 dividunt,
2613 4306 2672 4353 ut
2697 4300 2863 4355 ternis
2892 4298 3038 4354 horis
3079 4299 3196 4353 aliis
3234 4294 3649 4354 custodientibus,

2103 4392 2222 4446 aliis
2248 4392 2650 4461 quiescentibus
2678 4399 2998 4445 transeatur.
3027 4389 3180 4457 Quod
3209 4398 3390 4446 autem
3416 4389 3652 4442 memorat

2026 4497 2079 4558 1)
2103 4482 2228 4551 quia
2252 4481 2542 4537 defecimus
2581 4482 2633 4535 in
2664 4482 2742 4536 ira
2771 4489 2857 4535 tua
2876 4520 2890 4545 ,
2922 4481 3026 4539 hoc
3051 4490 3331 4548 memorat,
3361 4478 3498 4550 quod
3524 4482 3647 4531 antev

2103 4587 2289 4627 cessor
2316 4572 2371 4626 in
2401 4572 2608 4642 psalmo
2634 4572 2922 4627 cecinerat.
2952 4570 3079 4627 Post
3105 4572 3288 4642 populi
3319 4579 3582 4625 numerum
3606 4564 3651 4617 in

2101 4665 2182 4720 ira
2209 4663 2632 4722 tua‘defecimus.
2654 4665 2777 4733 quia
2806 4664 3028 4735 posuisti
3054 4666 3363 4735 iniquitates
3388 4667 3584 4717 nostras
3608 4654 3652 4707 in

2103 4763 2397 4826 conspectu
2433 4764 2544 4821 tuo,
2572 4765 2629 4810 et
2654 4756 2906 4811 saeculum
2933 4765 3175 4811 nostrum
3203 4755 3256 4810 in
3275 4755 3472 4809 lumine
3497 4749 3655 4803 vultu!»

2106 4845 2201 4900 tui.
2233 4843 2433 4900 Contra
2469 4845 2691 4900 herbam
2717 4853 2772 4900 et
2794 4861 3065 4911 araneam,
3093 4854 3150 4900 et
3194 4853 3379 4900 contra
3424 4841 3518 4897 ﬂos
3541 4833 3650 4897 feni.

2108 4936 2354 4993 Domine.
2369 4937 2462 5004 qui
2481 4952 2693 5007 semper
2718 4937 2967 4991 misertus
2987 4951 3047 4991 es
3068 4936 3392 5002 hominibus,
3410 4929 3528 5003 quid
3546 4939 3640 4981 mo-

2105 5031 2286 5086 veris?
2316 5029 2434 5085 Tibi
2462 5031 2588 5084 anni
2629 5030 2775 5084 mille
2818 5030 2896 5085 sic
2923 5028 3187 5095 videntur,
3216 5030 3358 5085 sicut
3399 5023 3543 5081 nobis
3565 5030 3647 5071 n0-

2108 5131 2300 5180 cturna
2342 5122 2542 5191 vigilia.
2570 5121 2750 5176 Nostri
2795 5129 2974 5176 autem
3019 5121 3163 5187 anni,
3194 5120 3283 5189 qui
3321 5122 3643 5175 sicutaranea

2108 5216 2454 5279 meditantur,
2483 5215 2573 5269 vix
2611 5222 2671 5268 ut
2720 5213 2942 5268 multum
2971 5212 3242 5282 octoginta
3289 5209 3413 5266 anni
3460 5205 3646 5263 sunt,c|

2107 5311 2229 5379 plus
2256 5316 2340 5363 est
2360 5308 2412 5362 in
2438 5308 2518 5363 eis
2542 5307 2698 5363 nobis
2725 5306 2877 5361 labor
2901 5311 2957 5360 et
2983 5303 3156 5359 dolor.
3188 5302 3323 5370 Quid
3352 5308 3494 5356 tanta
3517 5302 3649 5347 man-

2108 5402 2337 5456 suetudo
2365 5400 2512 5456 venit
2538 5414 2702 5469 super
2728 5398 2992 5453 miseros?
3013 5395 3148 5463 Quid
3173 5405 3279 5450 tam
3300 5392 3522 5464 graviter
3541 5395 3648 5469 corf

2105 5495 2373 5564 ripimur?
2419 5492 2549 5561 Quis
2572 5468 2723 5545 novit
2750 5497 3070 5560 potestatem
3117 5489 3210 5543 ira:
3253 5486 3392 5541 tuac?
3429 5468 3648 5564 Nunquid

2105 5559 2340 5640 sciebam
2363 5593 2415 5637 te
2439 5559 2615 5646 irasci,
2646 5582 2691 5636 si
2719 5559 2819 5649 ego
2848 5580 3103 5651 populum
3130 5571 3491 5634 numerarem?
3510 5559 3649 5621 Sulli-

2104 5684 2272 5736 crrrt,
2299 5675 2422 5742 quia
2451 5670 2953 5743 impeditumgcorde
2987 5670 3160 5725 faciin
3197 5684 3403 5741 sapere.
3431 5662 3638 5717 Conver-
