3870 6182
349 246 439 301 £57

1319 225 1782 287 COMMENTARII
1819 225 1885 280 IN
1926 218 2252 279 PSALMOS.
2295 215 2482 273 PSAL.
2526 213 2653 270 XCI.

2424 108 2459 147 κ

3471 204 3570 257 55ΐῖ

348 369 468 419 tore,
488 351 723 415 Domine,
735 345 1140 418 aliquantulum,
1154 351 1208 399 et
1229 352 1344 399 esto
1370 338 1720 411 deprecabilis
1742 351 1904 407 super
1931 342 1978 399 Α
2006 331 2282 395 Altissimi,
2304 338 2365 384 et
2385 328 2479 397 qui
2510 322 2913 419 inprotectioue
2932 320 3028 377 Dei
3043 321 3164 378 caeli
3184 331 3569 419 commoratur,

346 460 514 503 servos
542 451 679 496 tuos.
710 439 1147 506 Quotiescunque
1172 434 1494 489 transierunt
1515 445 1546 483 a
1576 428 1729 483 nobis
1755 435 1902 481 tene-

345 540 443 593 brae
484 540 823 605 peccatorum
867 544 965 600 per
1007 527 1422 596 correptionem,
1469 521 1623 592 quasi
1669 520 1721 574 in
1751 531 1899 572 mare

343 627 519 698 positis
545 620 961 678 misericordiam
990 618 1282 690 praebuisti,
1310 631 1406 686 per
1431 629 1595 685 quam
1608 609 1902 667 exsultavi-

344 736 453 774 mus
487 726 540 772 et
583 715 835 769 delectati
877 726 1060 767 sumus
1101 710 1155 764 in
1192 709 1440 764 omnibus
1485 705 1673 761 diebus
1706 701 1901 772 quibus

346 822 436 863 nos
462 804 772 867 humiliasti,
804 811 859 856 et
888 802 939 856 in
969 800 1122 854 annis
1139 799 1332 867 quibus
1361 798 1588 853 vidimus
1616 794 1781 849 mala.
1812 791 1902 847 Sic

343 899 419 953 fac
446 908 497 952 et
523 895 700 961 modo,
731 894 856 962 quia
880 893 993 961 jam
1021 890 1294 949 dexteram
1317 899 1463 945 tuam
1492 896 1676 943 notam
1705 884 1898 949 fecisti,

341 997 394 1042 et
436 985 655 1042 erudisti
681 999 797 1048 nos,
830 989 885 1037 et
928 981 1101 1037 fecisti
1143 995 1334 1050 sapere
1361 979 1503 1049 quod
1552 976 1898 1047 desipuimus.

342 1078 452 1133 Noli
479 1074 731 1130 delectari
778 1073 832 1126 in
878 1079 1109 1127 mortem
1155 1079 1414 1133 nostram,
1445 1067 1535 1138 qui
1563 1066 1746 1123 dixisti
1784 1080 1906 1135 pec-

340 1168 576 1223 cantibus
594 1164 1024 1229 :Convertimini,
1056 1161 1149 1217 lilii
1169 1163 1464 1227 hominum,
1481 1162 1607 1230 quia
1634 1175 1742 1215 non
1767 1159 1907 1214 dele-

339 1258 494 1313 ctaris
504 1257 555 1310 in
571 1256 871 1326 perditione
886 1255 1145 1325 vivorum.
1176 1252 1421 1324 Respice,
1446 1253 1691 1318 obsecro,
1713 1251 1767 1304 iu
1787 1264 1903 1306 ser-

340 1364 430 1403 vos
458 1357 580 1402 tuos
603 1347 725 1401 etin
745 1360 905 1419 opera
922 1359 1172 1400 manuum
1198 1352 1430 1409 tuarum,
1443 1343 1591 1412 quia,
1611 1342 1750 1397 sicut
1769 1340 1904 1397 scri-

339 1446 479 1508 ptum
511 1442 624 1501 est,
655 1450 817 1505 opera
856 1449 1106 1488 manuum
1152 1441 1360 1488 tuarum
1403 1447 1502 1487 nos
1540 1447 1755 1497 omnes,
1782 1430 1906 1498 quia

337 1537 510 1599 patres
538 1528 903 1598 indignatione
930 1534 1018 1581 tua
1046 1527 1278 1596 correpti
1303 1525 1630 1587 defecerunt.
1660 1524 1906 1593 Dirigau-

338 1628 420 1674 tur
457 1618 549 1674 ﬁlii
599 1634 784 1673 eorum
831 1630 926 1687 per
971 1617 1254 1671 adventum
1312 1616 1523 1695 Domini
1565 1615 1735 1670 nostri
1780 1613 1906 1669 Jesu

1998 432 2053 479 et
2077 422 2205 477 dicit
2244 418 2471 476 Domino
2503 435 2517 470 :
2542 416 2836 485 Susceptor
2861 428 3013 468 meus
3034 426 3095 467 es
3125 420 3203 477 tu,
3231 420 3286 465 et
3312 411 3571 478 refugium

1997 527 2196 577 meum,
2227 510 2353 580 quia
2381 508 2508 564 dicit
2535 526 2548 560 :
2581 506 2822 577 Sperabo
2842 505 3059 569 incum,
3081 503 3207 573 quia
3234 502 3350 572 ipse
3382 502 3577 557 liberam

1998 602 2076 657 bit
2098 616 2185 656 me
2220 600 2288 654 de
2316 600 2509 668 laqueo
2535 599 2854 658 daemonum,
2886 603 2941 651 et
2977 611 3009 650 a
3039 594 3203 650 verbo
3225 609 3419 664 aspero
3447 609 3575 662 sug-

1998 692 2301 761 gestionum
2348 704 2534 744 eorum
2584 686 2642 741 Si
2686 688 2760 741 ita
2790 685 3022 753 dixeris,
3051 687 3097 740 si
3142 686 3216 740 ita
3262 684 3572 749 credideris,

2000 789 2113 836 tum
2140 781 2355 835 demum
2384 780 2437 833 in
2465 778 2697 848 scapulis
2742 778 2854 833 suis
2895 778 3237 833 obumbrabit
3265 788 3349 844 te,
3377 786 3433 833 et
3474 779 3575 833 sub

2003 871 2193 942 pennis
2220 869 2336 940 ejus
2377 869 2637 939 sperabis.
2686 866 2881 922 Penna:
2927 866 3025 921 Dei
3071 868 3247 936 angeli
3291 867 3408 937 ejus
3452 876 3576 923 sunt

2000 974 2226 1030 quorum
2254 959 2511 1016 custodite
2537 958 2921 1028 mancipamur.
2952 956 3117 1013 Scuto
3144 958 3494 1016 circumdabit
3526 971 3577 1017 to

2001 1050 2201 1105 veritas
2225 1048 2360 1119 ejus.
2407 1046 2573 1104 Scuto
2611 1048 2871 1118 corporis,
2912 1049 3208 1117 sanguinis,
3255 1051 3579 1118 chrismatis,

2001 1154 2111 1209 quo
2138 1147 2292 1196 scuto
2341 1146 2399 1193 et
2448 1137 2784 1193 defendimur
2825 1146 2881 1193 et
2923 1155 3266 1196 coronamur.
3297 1140 3387 1197 Sic
3434 1142 3577 1197 enim

2004 1230 2240 1301 psalmus
2286 1229 2420 1285 alius
2470 1231 2661 1285 asserit
2694 1229 2839 1300 quod
2884 1241 3039 1287 scuto
3090 1232 3244 1287 bona:
3289 1233 3578 1288 voluntatis

2003 1329 2227 1377 coronet
2250 1337 2371 1376 nos.
2399 1320 2513 1376 Hoc
2539 1322 2701 1376 etiam
2725 1322 2778 1376 in
2810 1322 2913 1376 isto
2933 1322 3160 1392 psalmo,
3182 1332 3243 1381 ut
3264 1341 3371 1379 non
3394 1327 3579 1382 timea-

2006 1428 2124 1467 mus
2152 1429 2180 1467 a
2210 1413 2402 1468 timore
2430 1422 2713 1469 nocturno.
2748 1412 3065 1470 Libidinosa:
3100 1416 3307 1472 scilicet
3333 1418 3579 1489 volupta-

2006 1505 2094 1571 tis,
2125 1503 2277 1573 cujus
2298 1506 2489 1573 sagitta
2512 1505 2659 1560 volat
2687 1521 2783 1576 per
2801 1505 2961 1561 diem.
2995 1506 3148 1574 Quod
3178 1509 3320 1564 enim
3350 1510 3402 1564 in
3425 1526 3578 1582 aspe-

2008 1605 2098 1651 ctu
2140 1597 2354 1651 luminis
2383 1598 2799 1668 concupiscitur,
2831 1600 2988 1669 hujus
3028 1602 3303 1670 negotium
3342 1603 3393 1657 in
3438 1612 3578 1659 tene-

336 1708 526 1764 Christi
548 1708 668 1762 Filii
691 1708 784 1774 tui,
799 1715 858 1761 ut
881 1706 952 1763 sit
978 1706 1231 1776 splendor
1256 1692 1466 1760 Domini
1495 1705 1590 1760 Dei
1616 1696 1784 1760 nostri
1811 1720 1903 1759 su-
1939 1701 1983 1760 B
2009 1687 2118 1741 bris
2140 1696 2497 1757 ρεψειταιιιν,
2540 1689 2707 1743 autin
2735 1690 2907 1755 ruina.
2940 1699 3032 1746 aut
3057 1692 3110 1746 in
3134 1692 3400 1749 daemonio
3424 1696 3580 1750 meri—

335 1820 430 1875 per
457 1819 581 1868 nos,
605 1819 698 1874 per
725 1818 884 1873 quem
909 1816 1073 1873 opera
1105 1816 1360 1855 manuum
1385 1804 1694 1853 nostrarum
1715 1796 1907 1870 dirige.-

333 1894 433 1951 Per
457 1896 638 1966 ipsum
662 1894 807 1949 cnim
826 1894 1065 1948 directus
1092 1901 1178 1948 est
1197 1892 1374 1946 omnis
1403 1901 1561 1946 tenor
1585 1890 1910 1961 disciplinae,

335 1987 623 2042 emendata
654 1986 759 2050 lex,
796 1993 1039 2039 correcta
1077 1982 1428 2053 perversitas,
1475 1981 1699 2051 aequitas
1736 1979 1911 2035 adim-

335 2078 516 2149 pleta;
552 2079 654 2149 ipsi
683 2077 849 2149 gloria
884 2077 937 2130 in
969 2077 1164 2131 saecula
1205 2075 1548 2130 saeculorum.
1580 2073 1769 2126 Amen.

836 2186 847 2199 ‘
904 2197 1219 2255 PSALMUS
1254 2196 1366 2253 xc.

793 2308 933 2365 Laus
959 2310 1155 2366 cantici
1185 2309 1285 2380 ipsi
1313 2308 1494 2364 David.

401 2421 504 2487 Qui
530 2421 734 2477 habitat
759 2423 811 2476 in
833 2422 1092 2493 adjutorio
1120 2421 1391 2487 Altissimi,
1410 2423 1465 2476 in
1488 2423 1798 2486 protectione
1822 2420 1915 2477 Dei

329 2516 438 2570 caeli
467 2512 890 2569 commorabitur.
923 2512 1072 2567 Dicet
1100 2512 1323 2567 Domino
1347 2529 1364 2567 :
1388 2511 1667 2583 Susceptor
1695 2529 1837 2568 meus
1860 2529 1917 2569 es

330 2614 403 2669 tu,
434 2615 485 2660 et
522 2607 784 2678 refugium
827 2622 1023 2669 meum;
1050 2603 1192 2659 Deus
1233 2622 1409 2666 meus,
1439 2604 1656 2676 sperabo
1682 2607 1737 2659 in
1778 2622 1912 2661 eum.

329 2696 599 2762 Quoniam
644 2699 758 2767 ipse
785 2696 1015 2752 liberavit
1043 2714 1124 2751 me
1155 2697 1219 2752 de
1247 2700 1426 2766 laqueo
1454 2699 1775 2766 amantium,
1807 2708 1859 2753 et
1885 2715 1918 2752 (ι

329 2787 479 2844 verba
536 2805 741 2859 aspero.
777 2788 1018 2859 Scapulis
1060 2790 1167 2842 suis
1213 2787 1533 2843 obumbrabit
1582 2788 1693 2854 tibi,
1732 2800 1781 2844 et
1827 2789 1918 2845 sub

327 2880 515 2947 pennis
571 2879 686 2948 ejus
736 2876 984 2948 sperabis.
1044 2876 1203 2933 Scuto
1255 2873 1590 2932 circumdabit
1640 2886 1690 2932 te
1735 2880 1920 2932 veritas

327 2971 459 3042 ejus,
510 2987 623 3025 non
676 2969 873 3024 timebis
926 2986 959 3023 a
997 2970 1179 3024 timore
1216 2978 1483 3025 nocturno.
1515 2969 1559 3022 A
1602 2970 1789 3040 sagitta
1832 2986 1920 3023 ro-

2010 1777 2171 1833 dlano
2196 1778 2486 1848 perficitur.
2511 1779 2624 1834 Sed
2650 1781 2696 1835 sl
2743 1781 3067 1838 babitaveris
3112 1784 3166 1838 in
3196 1784 3463 1855 adjutorio
3493 1789 3583 1843 Al-

2010 1869 2220 1936 tissimi,
2249 1871 2441 1926 cadent
2469 1888 2499 1926 a
2526 1871 2694 1927 latere
2733 1881 2827 1929 tuo
2856 1875 3029 1940 mille,
3061 1884 3118 1930 et
3140 1875 3325 1932 decem
3364 1879 3529 1934 millia
3553 1896 3582 1934 a

2009 1959 2211 2015 dextris
2238 1961 2361 2016 tuis.
2381 1962 2663 2017 Sinistrum
2689 1963 2846 2028 ineo,
2865 1965 2955 2032 qui
2983 1965 3083 2019 sub
3108 1967 3307 2022 auxilio
3338 1968 3432 2023 Dei
3455 1969 3583 2037 agit,

2013 2067 2118 2106 non
2149 2054 2473 2116 nominatur,
2514 2055 2607 2108 sed
2653 2056 2793 2110 latus
2821 2064 3026 2110 tantum
3073 2060 3361 2128 exponitur
3397 2068 3583 2115 contra

2012 2143 2155 2212 quod
2183 2143 2330 2197 mille
2358 2143 2655 2213 insurgunt,
2685 2159 2714 2198 a
2732 2145 2944 2201 dextris
2973 2154 3152 2202 autem
3181 2148 3367 2204 decem
3398 2150 3585 2207 millia.

2015 2233 2177 2289 Latus
2198 2235 2308 2290 hoc
2350 2236 2624 2290 sinistrum
2650 2236 2791 2305 quod
2832 2238 3003 2292 noluit
3032 2234 3328 2305 nominare,
3361 2241 3585 2296 liberum

2013 2327 2289 2382 arbitrium
2317 2335 2417 2391 est,
2447 2336 2634 2383 contra
2677 2328 2817 2397 quod
2846 2328 3019 2384 minor
3059 2346 3234 2401 pugna
3261 2332 3503 2398 laxatur;
3536 2336 3585 2390 in

2015 2416 2237 2472 dextera
2266 2425 2443 2472 autem
2469 2418 2563 2472 Dei
2593 2418 2845 2472 auxilium
2874 2428 2975 2473 est.
3008 2420 3075 2474 Et
3102 2421 3223 2476 ideo
3249 2422 3397 2493 prius
3425 2424 3587 2477 nomi-

2014 2510 2164 2565 navit
2208 2511 2367 2575 latus,
2395 2511 2521 2579 quia
2571 2511 2624 2564 in
2667 2511 2889 2566 arbitrio
2934 2521 3035 2578 est,
3058 2520 3117 2567 ut
3137 2512 3327 2568 credas
3347 2516 3509 2585 prius,
3534 2526 3587 2571 ut

2016 2600 2141 2656 dum
2170 2601 2485 2665 credideris,
2527 2601 2752 2669 gratiam
2800 2605 3164 2672 consequaris.
3196 2605 3438 2661 invenies
3482 2616 3589 2662 tam

2017 2692 2365 2762 multiplicem
2390 2693 2646 2747 virtutum
2675 2708 2903 2748 cuneum
2932 2696 3249 2750 auxiliorum
3277 2696 3330 2750 in
3349 2696 3588 2753 dextera.

2016 2782 2135 2854 Ipsa
2165 2790 2338 2839 armat
2366 2783 2603 2854 trophaeo
2624 2784 2797 2839 crucis
2823 2784 3071 2850 frontem,
3095 2786 3206 2856 ipsa
3237 2787 3455 2843 loricam
3479 2805 3590 2860 my-

2018 2877 2303 2932 steriorum
2322 2867 2570 2943 assumit,
2596 2877 2707 2946 ipsa
2734 2877 2954 2946 suscipit
2980 2878 3164 2933 salutis
3190 2879 3446 2946 remedia,
3480 2880 3591 2951 ipsa

2018 2969 2288 3037 loquentis
2325 2969 2576 3039 exprimit
2611 2969 2782 3037 signa.
2812 2969 2943 3023 Nam
2972 2978 3027 3024 et
3051 2971 3193 3039 quod
3222 2958 3485 3027 memorat
3510 2988 3592 3028 sa-

326 3062 471 3116 tante
528 3063 587 3115 in
642 3061 743 3124 die,
799 3077 831 3113 a
870 3061 1073 3132 negotio
1122 3058 1509 3130 perambulante
1557 3060 1613 3113 in
1670 3060 1913 3123 tenebris,
1940 3055 1988 3116 C
2017 3060 2217 3128 pientia
2248 3059 2361 3125 Dei,
2387 3058 2530 3128 quod
2558 3060 2671 3114 vias
2698 3074 2818 3129 qua:
2860 3074 2891 3114 a
2916 3060 3119 3114 dextris
3148 3070 3273 3116 sunt
3308 3063 3457 3117 novit
3485 3063 3593 3118 Do-

327 3152 391 3206 ab
436 3154 657 3208 incursu
705 3161 754 3205 et
801 3151 1052 3205 daemonio
1097 3152 1404 3205 meridiano.
1450 3150 1647 3205 Cadent
1681 3169 1713 3205 a
1760 3152 1918 3206 latere

325 3254 414 3300 tuo
455 3244 625 3307 mille,
655 3249 702 3296 et
731 3242 903 3296 decem
951 3242 1117 3296 millia
1172 3258 1205 3294 a
1247 3242 1445 3296 dextris
1475 3243 1604 3305 tuis,
1634 3242 1704 3294 ad
1745 3251 1793 3296 te
1818 3258 1917 3295 au-

326 3343 429 3389 tem
481 3351 595 3388 non
643 3331 1086 3404 appropinquabit.
1126 3330 1486 3386 Verumtamen
1540 3332 1697 3385 oculis
1747 3331 1918 3385 cousi-

325 3425 562 3487 dcrabis,
597 3435 647 3478 et
670 3424 1053 3478 retributionem
1077 3430 1401 3491 peccatorum
1429 3420 1635 3476 uidebis.
1662 3419 1921 3487 Quoniam

325 3525 380 3568 tu
408 3531 487 3581 es,
514 3515 763 3579 Domine,
793 3530 907 3579 spes
938 3524 1069 3575 mea,
1100 3512 1406 3565 altissimum
1426 3512 1639 3582 posuisti
1667 3513 1921 3583 refugiunt

322 3617 498 3661 mum.
524 3590 671 3659 Non.
698 3604 898 3659 accedet
922 3603 991 3657 ad
1021 3612 1067 3657 te
1092 3602 1304 3667 malum,
1333 3611 1384 3656 et
1404 3601 1664 3673 flagellum
1691 3617 1796 3656 non
1823 3619 1920 3672 ap-

323 3693 709 3767 propinquabit
757 3693 1083 3748 tabernaculo
1127 3700 1234 3746 tuo.
1277 3688 1534 3756 Quoniam
1570 3693 1767 3764 angelis
1815 3693 1922 3746 suis

321 3788 611 3842 mandauit
640 3785 701 3839 de
728 3794 801 3850 te,
825 3794 882 3838 ut
908 3785 1199 3839 custodiant
1234 3791 1283 3838 te
1321 3786 1376 3837 in
1406 3784 1642 3838 omnibus
1669 3786 1762 3838 viis
1801 3785 1919 3838 tuis.

324 3877 396 3932 In
438 3878 693 3933 manibus
719 3876 994 3948 portabunt
1015 3884 1080 3941 te,
1109 3892 1172 3929 ne
1193 3877 1324 3946 [orte
1350 3875 1585 3945 offendas
1605 3875 1675 3928 ad
1700 3875 1925 3944 lapidem

322 3972 517 4043 pedem
540 3979 705 4022 tuum.
722 3966 890 4038 Super
917 3965 1145 4035 aspidem
1165 3975 1214 4020 et
1235 3964 1529 4020 basiliscum
1547 3963 1851 4030 ambulabis,
1876 3973 1926 4018 et

323 4058 671 4115 conculcabis
699 4058 894 4114 leonem
921 4066 972 4110 et
990 4045 1545 4120 draconemQuoniam
1562 4058 1617 4110 in
1646 4072 1726 4111 me
1750 4074 1929 4127 speras

323 4153 403 4207 rit
431 4149 677 4206 liberabo
701 4165 846 4213 eum,
868 4156 1131 4219 protegam
1168 4164 1282 4202 eum
1310 4149 1551 4219 quoniam
1577 4150 1808 4220 cognouit
1834 4166 1928 4205 που

326 4260 452 4298 mea
475 4256 677 4297 meum.
701 4238 954 4296 Clamabit
974 4240 1042 4293 ad
1065 4256 1163 4303 me,
1181 4248 1230 4294 et
1255 4255 1347 4311 ego
1366 4240 1640 4295 exaudiam
1659 4256 1792 4305 eum,
1815 4258 1929 4296 cum

320 4337 444 4406 ipsa
494 4350 621 4389 sum
663 4334 718 4386 in
756 4332 1098 4395 tribulatione,
1129 4333 1346 4402 eripiam
1387 4348 1502 4393 eum
1534 4340 1584 4385 et
1627 4331 1927 4404 gloriﬁcabo

2018 3150 2211 3215 minus,
2238 3164 2501 3220 perversae
2522 3158 2701 3203 autem
2720 3158 2845 3205 sunt
2866 3165 2895 3203 a
2917 3150 3165 3217 sinistris,
3191 3152 3293 3207 hoc
3313 3153 3594 3208 ostendere

2018 3243 2244 3299 fortasse
2267 3243 2454 3308 voluit,
2488 3244 2631 3311 quod
2658 3242 2872 3311 quando
2901 3243 3182 3309 vincimus,
3213 3245 3381 3314 partis
3404 3246 3594 3299 dexte-

2018 3351 2091 3390 rae
2124 3334 2407 3389 virtutibus
2434 3334 2691 3388 tradimus
2726 3352 2737 3386 :
2771 3333 2983 3403 quando
3012 3342 3190 3390 autem
3219 3337 3500 3403 vincimur,
3523 3338 3596 3390 si-

2021 3427 2201 3481 nistra:
2219 3426 2385 3497 partis
2400 3422 2792 3479 inﬁrmitatibus
2812 3425 3158 3494 applicamus.
3190 3425 3458 3480 Auxilium
3486 3442 3595 3481 non

2018 3520 2251 3575 vincitur
2276 3516 2400 3582 Dei,
2429 3515 2523 3571 sed
2571 3516 2739 3569 nostri
2780 3514 2999 3570 libertas
3043 3516 3248 3571 arbitrii
3292 3523 3590 3587 superatur.

2021 3609 2123 3676 Qui
2152 3610 2195 3664 si
2227 3607 2603 3678 propensiores
2630 3606 2884 3661 fuerimus
2913 3605 2964 3660 in
2994 3592 3234 3671 dextera,
3260 3607 3463 3675 angelis
3489 3608 3597 3662 suis

2023 3700 2242 3754 mandat
2268 3698 2336 3754 de
2383 3699 2538 3753 nobis
2564 3706 2622 3753 ut
2656 3697 2957 3754 custodiant
3006 3706 3104 3754 no’s
3132 3699 3185 3752 in
3227 3698 3473 3753 omnibus
3500 3699 3601 3754 viis

2024 3788 2221 3843 nostris
2248 3806 2259 3841 :
2295 3788 2365 3842 ita
2395 3794 2452 3840 ut
2479 3788 2524 3843 si
2553 3802 2715 3857 super
2742 3787 2979 3858 aspidem
3003 3797 3058 3843 et
3084 3788 3385 3845 basiliscum
3411 3790 3601 3845 ambu-

2026 3884 2214 3946 lemus,
2262 3882 2315 3937 id
2353 3890 2455 3946 est,
2486 3896 2651 3951 super
2676 3881 2946 3937 diabolum
2972 3889 3029 3937 et
3057 3896 3276 3951 regnum
3315 3881 3448 3950 ejus,
3481 3898 3602 3936 cono

2026 3976 2238 4030 culcare
2264 3976 2531 4044 possimus
2553 3981 2607 4029 et
2634 3973 2846 4029 leonem
2872 3981 2924 4029 et
2952 3974 3259 4029 draconem.
3293 3972 3415 4027 Haec
3459 3972 3601 4026 enim

2028 4067 2155 4122 dicit
2174 4067 2449 4132 Dominus,
2466 4066 2719 4134 quoniam
2738 4065 2789 4118 in
2807 4080 2893 4119 me
2912 4065 3168 4135 speravit,
3186 4064 3423 4118 liberabo
3443 4078 3563 4117 eum
3585 4080 3598 4128 ;

2029 4166 2307 4231 protegam
2364 4173 2507 4219 eum,
2550 4156 2804 4226 quoniam
2860 4156 3351 4223 cognovit'nomen
3403 4171 3599 4209 meum.

2030 4249 2302 4305 invocabit
2330 4262 2434 4312 me,
2465 4261 2564 4315 ego
2593 4246 2874 4301 exaudiam
2902 4244 3041 4299 cuni.
3079 4242 3212 4298 Cum
3251 4245 3365 4314 ipso
3403 4259 3519 4299 sum
3551 4245 3603 4298 in

2031 4341 2394 4404 tribulatione,
2420 4338 2640 4409 eripiam
2663 4353 2803 4401 eum,
2828 4342 2882 4392 ct
2906 4335 3212 4405 glorilicabo
3238 4349 3379 4389 eum.
3410 4334 3602 4401 Longi-

320 4443 468 4480 eum.
503 4423 861 4495 Longitudine
879 4422 1077 4476 dierum
1105 4421 1305 4491 replebo
1329 4439 1461 4486 eum,
1491 4431 1540 4476 et
1566 4424 1830 4478 ostendam
1850 4424 1927 4476 illi
1957 4420 2005 4480 D
2031 4431 2216 4487 tudine
2241 4431 2445 4485 dierum
2473 4428 2775 4498 adimplcbo
2798 4440 2939 4490 eum,
2963 4432 3017 4480 et
3037 4425 3314 4481 ostendam
3344 4425 3418 4478 illi
3457 4424 3602 4479 salu-

316 4518 578 4574 salutare
594 4532 777 4570 meum.

919 4599 1351 4643 COIXENTARIUH.

394 4698 569 4753 Multi
602 4704 793 4767 putant
819 4697 1120 4751 libertatem
1150 4697 1353 4751 arbitrii
1382 4711 1623 4765 eousque
1645 4696 1745 4752 sibi
1771 4710 1930 4765 posse

314 4788 617 4851 sufﬁcere,
657 4794 717 4840 ut
742 4801 861 4841 sese
908 4802 1007 4855 per
1033 4786 1201 4855 ipsam
1231 4787 1533 4841 libertatem
1578 4787 1646 4841 ab
1686 4787 1929 4842 hostibus

314 4878 707 4936 invisibilibus
734 4892 926 4932 eruere
955 4891 1115 4946 posse
1141 4876 1429 4932 conﬁdant.
1476 4876 1800 4931 Libertatem
1830 4892 1927 4930 au-

312 4981 437 5027 tem
469 4969 714 5034 arbitrii,
740 4968 1020 5037 et/negare
1045 4969 1339 5037 periculum
1363 4976 1465 5033 est,
1496 4978 1551 5023 et
1577 4969 1778 5024 nudare
1807 4983 1931 5038 pec-

313 5070 545 5119 catum.
580 5056 637 5112 Si
658 5061 811 5113 enim
834 5058 1129 5127 negaveris,
1163 5060 1412 5113 omnibus
1445 5057 1594 5113 frena
1631 5059 1855 5125 laxasti;
1887 5058 1934 5113 si

314 5149 660 5214 nudaveris,
683 5148 959 5218 decepisti.
999 5146 1131 5202 Nam
1159 5161 1322 5216 negas
1359 5150 1404 5203 si
1428 5148 1627 5204 dixeris
1658 5166 1670 5201 :
1708 5148 1847 5204 Deus
1886 5149 1930 5204 si

313 5245 463 5309 vult,
501 5243 689 5297 bonus
712 5256 862 5307 sum;
892 5240 939 5295 si
966 5255 1074 5295 non
1102 5240 1232 5303 vult,
1263 5241 1437 5296 bonus
1480 5256 1589 5296 non
1627 5257 1777 5307 sum;
1808 5256 1928 5296 cum

2030 4530 2146 4575 tare
2174 4520 2496 4590 meum;in
2518 4519 2687 4588 gloria
2717 4518 2769 4572 in
2798 4518 2988 4572 saecula
3012 4516 3344 4573 seculorum.
3376 4515 3562 4568 Amen.

2574 4649 2884 4707 PSALMUS
2922 4648 3049 4707 xm.
3092 4708 3101 4719 ,

2369 4763 2609 4823 Psalmus
2635 4764 2830 4820 cantici
2856 4764 2907 4819 in
2935 4763 3022 4818 die
3048 4762 3275 4818 sabbati.

2104 4880 2301 4935 Bonum
2324 4891 2400 4935 est
2426 4880 2659 4949 conﬁteri
2685 4876 2929 4942 Domino,
2951 4886 3001 4931 et
3028 4878 3246 4948 psallere
3270 4879 3464 4933 nomini
3494 4887 3606 4943 tuo,

2030 4972 2310 5026 Altissime.
2335 4971 2414 5023 Ad
2434 4967 2846 5023 annuntiandum
2867 4984 3020 5022 mane
3032 4969 3437 5024 misericordiam
3464 4978 3607 5024 tuam

2030 5071 2081 5117 et
2104 5064 2366 5116 veritatem
2389 5070 2526 5114 tuam
2550 5075 2638 5129 per
2666 5057 2975 5113 noctemJn
3001 5060 3318 5114 decach‘ordo
3345 5061 3607 5131 psalterio,

2032 5172 2144 5209 cum
2171 5155 2372 5208 cantico
2409 5154 2464 5206 in
2491 5151 2709 5206 cithara.
2739 5147 2873 5214 Quia
2903 5150 3169 5204 delectain
3196 5168 3278 5205 me
3303 5152 3359 5205 in
3403 5152 3608 5215 [centra

2033 5257 2136 5311 tua,
2166 5253 2216 5299 ct
2244 5247 2300 5299 in
2336 5242 2569 5314 operibus
2612 5256 2856 5296 manuum
2902 5250 3103 5295 tuarum
3141 5238 3439 5294 meditabor.
3466 5236 3607 5304 Quo-

310 5342 557 5390 constet
590 5331 757 5387 Deum
784 5333 924 5388 velle
970 5346 1161 5387 omnes
1210 5332 1456 5387 homines
1484 5333 1664 5391 salvos
1686 5356 1689 5359 λ
1710 5330 1845 5396 ﬁeri,
1877 5341 1931 5388 et

311 5424 715 5494 unusquisque
754 5439 854 5479 suo
881 5424 952 5479 sit
980 5424 1191 5495 iniquus
1233 5424 1476 5479 arbitrio.
1510 5424 1687 5479 Nudas
1725 5433 1924 5488 autem,

306 5536 447 5576 cum
471 5524 701 5572 tantum
725 5517 828 5587 ipsi
857 5516 1082 5571 arbitrio
1101 5515 1331 5583 dederis,
1355 5524 1415 5571 ut
1435 5531 1556 5571 eum
1579 5518 1741 5571 rebus
1761 5515 1926 5575 divini
2029 5528 2316 5591 cognoscet,
2353 5529 2403 5571 et
2439 5517 2623 5580 stultus
2666 5533 2769 5571 non
2813 5515 3063 5585 intelliget
3111 5514 3238 5567 hac.
3273 5511 3398 5566 Cum
3437 5512 3608 5566 exorti

308 5608 601 5682 adjutus-ii
647 5609 950 5663 denudaris.
984 5608 1115 5663 Nam
1162 5610 1252 5679 qui
1284 5607 1487 5663 habitat
1515 5610 1567 5664 in
1598 5608 1923 5677 adjutorium
2028 5610 2218 5680 fuerint
2262 5616 2557 5678 peccatores
2576 5608 2706 5659 sicut
2749 5608 2952 5676 fenum,
2984 5613 3031 5656 et
3062 5603 3395 5673 apparuerint
3431 5618 3609 5657 omnes

636 5703 901 5760 Ρηιιοι.
955 5700 1107 5759 Llll.

2725 5729 2735 5748 .
3256 5691 3327 5752 ιὸ

2032 5339 2171 5390 niam
2196 5334 2529 5406 magniﬁcam
2557 5342 2677 5386 sunt
2703 5348 2861 5400 opera
2893 5341 3000 5395 tua,
3022 5329 3261 5391 Domine,
3291 5329 3445 5383 nimis
3474 5344 3607 5397 pro-

2031 5427 2211 5498 fundte-
2235 5428 2388 5499 {actae
2423 5434 2541 5479 sunt
2562 5424 2911 5496 cogitationes
2942 5433 3058 5477 tum
3102 5421 3194 5476 Vir
3217 5421 3465 5488 insipiens
3504 5434 3608 5476 non
