3908 6176
352 255 470 310 ’ξδο

1699 243 1969 299 annos“
2007 243 2309 326 temonis
3499 257 3586 318 tas

362 377 450 451 qui
476 382 752 446 operantur
772 370 1111 441 iniquitatem.
1140 365 1207 420 Ut
1227 367 1483 420 intereant
1511 364 1562 418 in
1583 362 1830 450 sarculum
1850 377 1949 416 σω-
1976 363 2026 420 Α
2054 360 2150 416 Hic
2178 371 2452 418 senectam
2498 379 2602 418 non
2650 364 2832 434 ipsius,
2866 365 2959 421 sed
2989 367 3165 423 saeculi
3189 378 3442 426 senectam
3465 389 3584 430 com.

363 445 573 526 culittu
615 471 785 516 autem
813 460 1102 513 Altissimus
1132 457 1186 510 in
1224 464 1493 519 internum,
1534 445 1774 507 Domine.
1809 448 1952 515 Quo-

366 564 508 610 niam
534 570 647 608 ecce
673 552 868 606 inimici
909 549 1003 613 tui,
1034 545 1272 611 Domine,
1303 546 1546 617 quoniam
1595 559 1711 598 ecce
1753 541 1952 594 inimici

367 649 437 701 tui
477 646 731 716 peribunt,
761 652 809 696 et
833 641 1190 711 dispergentur
1217 653 1392 692 omnes
1431 636 1515 707 qui
1544 643 1822 705 operantur
1851 633 1952 686 ini-

367 739 626 806 quitatem.
668 732 737 787 Et
759 731 1072 786 exaltabitur
1109 729 1240 782 sicut
1267 725 1534 779 unicornis
1561 740 1723 778 cornu
1761 738 1949 786 meum,

367 837 416 880 et
439 835 668 882 senectus
688 841 801 878 mea
829 823 886 876 in
909 818 1263 874 misericordia
1291 817 1454 871 uberi.
1490 815 1557 869 Et
1577 815 1811 886 despexit
1831 829 1953 866 ocu—

370 922 449 974 lus
466 933 604 970 meus
624 914 860 969 inimicos
885 922 1018 974 tuos,
1058 917 1107 963 et
1135 908 1198 962 ab
1219 907 1596 978 insurgentibus
1625 907 1678 959 in
1704 921 1784 958 me
1803 904 1954 958 mali-

368 1005 643 1080 gnantibus
673 1004 846 1058 audiet
887 1003 1029 1056 auris
1066 1017 1200 1054 mea.
1226 997 1406 1052 Justus
1431 1006 1486 1050 ut
1527 996 1701 1066 palma
1728 992 1952 1064 ﬂorebit,

369 1109 501 1156 sicut
529 1098 711 1152 cedrus
746 1093 930 1149 Libani
958 1089 1402 1163 multiplicabitur.
1445 1087 1681 1142 Plantati
1719 1088 1776 1140 in
1803 1084 1954 1138 domo

372 1193 602 1255 Domini,
643 1191 697 1242 in
732 1188 880 1241 atriis
921 1184 1103 1238 domus
1140 1181 1235 1235 Dei
1265 1181 1424 1234 nostri
1473 1175 1744 1246 ﬂorebunt.
1775 1172 1954 1226 Adhuc

369 1280 845 1352 multiplicabuntur
895 1278 948 1329 in
992 1281 1196 1328 senecta
1237 1270 1398 1331 uberi,
1443 1278 1493 1322 et
1536 1267 1659 1320 bene
1704 1265 1954 1335 patientes

368 1382 534 1435 erum,
566 1381 620 1424 ut
661 1369 984 1422 annuntient.
1019 1362 1277 1427 Quoniam
1324 1369 1490 1414 rectus
1521 1357 1774 1412 Dominus
1814 1353 1954 1408 Deus

371 1473 558 1529 noster,
584 1471 630 1515 et
652 1476 750 1513 non
781 1468 856 1512 est
885 1456 1130 1527 iniquitas
1155 1453 1210 1506 in
1233 1468 1309 1506 eo.

942 1597 1378 1643 COMMENTARIUM.

2053 459 2335 519 memorat,
2365 451 2490 520 quia
2539 454 2732 509 saecula
2780 453 3055 522 finiuntur,
3104 468 3156 513 et
3183 469 3442 516 senectute
3479 463 3589 517 deli.

2055 543 2220 600 ciunt.
2254 543 2512 599 Dominus
2561 557 2742 600 autem
2787 547 2842 600 in
2889 557 3146 602 internum
3192 551 3469 617 permanet.
3503 552 3596 611 Nec

2053 636 2158 692 hoc
2185 637 2415 706 accipias
2444 638 2670 706 ingrate,
2703 639 2846 707 quod
2885 640 3076 709 palmae
3104 638 3307 695 ﬂorenti
3337 658 3598 713 compara-

2055 728 2192 782 verit
2233 744 2376 796 enm,
2408 731 2531 798 quia
2583 739 2926 800 comparatus
2977 732 3155 786 minus
3200 740 3281 788 est
3328 733 3390 787 ab
3433 749 3492 789 eo
3527 738 3601 792 cui

2055 827 2414 888 comparatur.
2445 821 2560 875 Non
2591 821 2765 890 palma
2798 819 2996 877 ﬂorens
3022 821 3136 891 ipse
3163 829 3261 886 est,
3283 829 3336 876 et
3361 838 3603 892 compara-

2056 911 2132 968 tio
2159 909 2356 965 Christi
2384 909 2678 964 divinitatis
2704 917 3048 980 comparatur
3076 912 3174 981 ipsi
3213 913 3394 981 palma:
3417 929 3602 983 semper

2056 1002 2285 1066 ﬂorenti,
2313 1001 2405 1069 qui
2448 1000 2515 1054 ad
2555 999 2830 1055 dexteram
2874 999 3047 1058 Patris
3091 1003 3311 1067 sedens,
3342 1003 3602 1060 victoribus

2056 1108 2236 1149 ramos
2275 1109 2404 1149 suos
2448 1091 2694 1162 porrigit,
2738 1093 2806 1148 de
2845 1090 3066 1148 ﬂoribus
3102 1095 3211 1150 suis
3249 1109 3488 1150 coronam
3531 1096 3601 1150 tri-

2056 1186 2244 1250 buens,
2299 1191 2354 1240 et
2407 1185 2475 1242 de
2524 1184 2785 1241 fructibus
2836 1192 3096 1254 perpetua
3148 1183 3431 1240 refectione
3480 1185 3602 1252 sagi-

2056 1290 2180 1329 nam
2231 1275 2562 1345 impertiens.
2613 1273 2717 1344 Ipsi
2754 1274 2922 1342 gloria
2966 1274 3020 1330 in
3068 1273 3257 1330 saecula
3299 1274 3604 1330 saeculonun.

2058 1363 2250 1419 Amen.

2591 1451 2907 1509 PSALMUS
2945 1452 3104 1507 XCII.

2093 1544 2234 1600 Laus
2260 1545 2459 1601 cantici
2489 1545 2654 1599 David
2683 1547 2734 1600 in
2765 1547 2852 1600 die
2894 1556 3017 1600 ante
3043 1545 3323 1600 sabbatum
3343 1583 3357 1608 ,
3385 1544 3580 1614 quando

2587 1615 2805 1670 fundata
2835 1624 2917 1671 est
2943 1623 3103 1670 terra.

443 1729 537 1783 Die
564 1726 787 1781 sabbato
816 1720 1014 1777 inimici
1044 1717 1257 1774 Domini
1301 1720 1547 1785 pereunt,
1579 1718 1639 1766 ut
1665 1709 1754 1764 die
1776 1707 1948 1763 domi-

2123 1727 2375 1783 Dominus
2413 1728 2662 1798 regnavit,
2695 1725 2928 1780 decorem
2967 1725 3175 1780 indutus
3213 1731 3308 1791 est,
3329 1725 3524 1778 indutus
3547 1735 3610 1778 est

374 1826 491 1880 nica
544 1821 699 1876 amici
729 1817 940 1873 Domini
992 1814 1342 1893 gratulentur.
1375 1809 1610 1864 Sabbato
1638 1805 1780 1860 enim
1804 1802 1950 1872 jacet

369 1915 628 1970 Dominus
658 1912 711 1965 in
753 1908 999 1979 sepulcro
1043 1892 1309 1966 mortuus,
1339 1908 1393 1956 et
1419 1899 1506 1954 die
1551 1895 1817 1951 dominica
1857 1892 1952 1946 ad-

370 2015 556 2063 oratur
585 2005 724 2059 inter
752 2001 971 2069 angelos
999 1997 1170 2052 vivus.
1201 1994 1259 2048 In
1288 1994 1389 2048 hac
1415 2006 1476 2046 re
1496 1989 1655 2044 nimis
1679 1984 1952 2058 profunda:

325 2120 336 2132 ι
370 2099 524 2155 factm
558 2103 681 2152 sunt
717 2092 1069 2162 cogitationes
1097 2087 1240 2157 ejus,
1265 2100 1398 2154 quas
1437 2083 1522 2136 vir
1557 2080 1815 2150 insipiens
1845 2093 1952 2132 non

357 2187 664 2256 cognoscit,
693 2193 747 2240 et
790 2183 984 2238 stultus
1013 2195 1122 2233 non
1172 2175 1419 2243 intelligit
1446 2188 1530 2228 ea.
1563 2171 1727 2226 Nobis
1772 2176 1953 2223 autem

356 2284 569 2338 bonum
616 2289 716 2342 est,
742 2278 787 2332 si
825 2273 1177 2333 conﬁteamur
1205 2275 1424 2339 peccata
1469 2272 1651 2319 nostra
1689 2259 1950 2330 quotidie,

371 2383 426 2428 et
472 2372 762 2443 psallamus
807 2365 1010 2422 nomini
1039 2363 1154 2432 ejus
1181 2360 1459 2423 altissimo,
1495 2355 1541 2411 si
1578 2352 1954 2409 annunticmus

371 2439 550 2527 mane,
597 2477 626 2514 a
657 2459 890 2514 tenebris
919 2458 1262 2526 peccatorum
1318 2446 1484 2510 exuti,
1530 2439 1951 2498 misericordiam

371 2553 506 2621 ejus,
536 2561 591 2606 et
619 2551 742 2604 dum
769 2545 977 2602 venerit
1002 2542 1153 2597 nobis
1196 2554 1305 2593 nox
1332 2534 1704 2605 quaestionum,
1753 2543 1954 2598 nequa-

371 2659 531 2712 quam
552 2641 618 2695 ad
639 2641 866 2699 libitum,
884 2650 1001 2706 qu:e
1024 2632 1305 2693 nescimus,
1325 2623 1628 2695 usurpando
1649 2623 1947 2690 loquamur.

365 2735 447 2789 De
477 2733 585 2788 Deo
615 2727 932 2796 enimloqui
965 2725 1127 2780 etiam
1157 2737 1279 2776 vera
1311 2719 1434 2787 quia
1459 2713 1818 2786 periculosum
1847 2718 1949 2776 est,

371 2827 671 2879 timeamus.
693 2819 778 2872 :Ea
807 2831 934 2886 ergo
959 2828 1079 2883 quin
1099 2811 1271 2866 lucida
1293 2815 1418 2863 sunt
1439 2808 1490 2861 in
1515 2803 1804 2874 Scripturis
1825 2816 1953 2856 san-

371 2919 491 2982 clis,
511 2912 876 2984 pmjudicium
893 2909 960 2963 ab
975 2905 1216 2963 obscuris
1235 2903 1368 2958 locis
1386 2899 1498 2970 pati
1519 2907 1623 2952 non
1639 2897 1852 2960 debent,
1868 2902 1954 2950 ut-

370 3018 498 3079 pote
519 3005 849 3077 proferamus
869 2999 1066 3070 aliquid
1088 2997 1342 3059 breviter,
1369 3009 1433 3048 ex
1459 3007 1568 3061 quo
1588 2989 1834 3045 universa
1856 3002 1955 3042 no-

2050 1820 2304 1875 Dominus
2329 1819 2684 1891 fortitudinem
2722 1826 2770 1872 et
2797 1817 3070 1888 praecinxit
3087 1833 3160 1870 se.
3184 1814 3386 1869 Etenim
3413 1815 3610 1885 ﬁrmavit

2051 1913 2222 1968 orbem
2263 1921 2430 1975 terrae,
2461 1912 2547 1983 qui
2575 1927 2679 1965 non
2700 1909 3116 1964 commovebitur.
3152 1907 3352 1961 Parata
3377 1906 3509 1961 sedes
3536 1914 3612 1958 tua

2050 2022 2114 2059 ea:
2143 2014 2281 2068 tunc,
2309 2020 2340 2056 a
2367 2001 2556 2057 seculo
2580 2011 2632 2054 tu
2659 2017 2731 2055 es.
2770 1999 3106 2054 Elevaverunt
3126 1999 3365 2068 ﬂumina,
3395 1995 3612 2058 Domine,

2049 2096 2366 2150 elevaverunt
2399 2094 2615 2163 ﬂumina
2651 2109 2822 2147 vocem
2863 2108 3041 2156 suam;
3077 2091 3395 2144 elevaverunt
3421 2089 3612 2157 ﬂumina

2051 2189 2233 2258 [luctus
2254 2203 2394 2250 suos,
2435 2203 2468 2239 a
2505 2185 2710 2240 vocibus
2753 2199 3003 2256 aquarum
3041 2181 3339 2237 multarum.
3372 2176 3613 2232 Mirabiles

2050 2278 2299 2332 elationes
2328 2277 2509 2340 maris,
2552 2273 2806 2329 mirabilis
2830 2277 2885 2327 in
2913 2273 3036 2326 altis
3072 2271 3348 2326 Dominus.
3385 2269 3614 2323 Testimo-

2051 2369 2140 2422 nia
2169 2375 2256 2420 tua
2284 2365 2550 2420 credibilia
2582 2367 2720 2436 facta
2749 2372 2867 2417 sunt
2895 2365 3087 2417 nimis:
3109 2361 3318 2415 domum
3345 2369 3476 2413 tuam
3492 2358 3615 2411 decet

2052 2457 2363 2523 sanctitudo,
2400 2456 2639 2522 Domine,
2662 2456 2714 2510 in
2745 2454 3066 2526 longitudine
3089 2453 3307 2507 dierum.

2625 2625 3063 2668 COMMENTARIUI.

2125 2743 2380 2798 Dominus
2434 2742 2693 2810 regnavit,
2721 2740 2773 2794 id
2828 2748 2928 2805 est,
2956 2753 3182 2808 regnum
3238 2737 3520 2808 assumpsit
3567 2735 3615 2789 in

2055 2852 2235 2893 cruce.
2266 2837 2525 2891 Decorem
2556 2833 2727 2888 induit
2760 2833 2812 2887 in
2842 2822 3257 2887 resurrectione.
3289 2829 3462 2885 Induit
3487 2829 3615 2883 enim

2057 2930 2419 2984 inﬁrmitatem
2449 2928 2501 2981 in
2529 2927 2748 2991 virtute,
2777 2933 2831 2980 et
2862 2923 3141 2995 praecinxit
3170 2938 3229 2978 se
3255 2923 3614 2984 aeternitatem,

2054 3031 2112 3074 et
2141 3019 2344 3074 ﬁrmam
2366 3019 2490 3073 fecit
2512 3025 2707 3072 terram
2739 3017 2790 3070 in
2820 3016 3210 3071 resurrectione
3235 3029 3356 3069 sua.
3386 3013 3451 3068 Et
3477 3026 3619 3083 para-

371 3107 604 3155 scantur.
638 3095 812 3149 Ilabes
854 3093 906 3145 in
948 3088 1123 3144 lucido
1151 3087 1384 3158 positum
1415 3098 1518 3137 non
1549 3093 1953 3173 csserperspna-
1980 3089 2028 3152 (ξ
2061 3117 2166 3164 tam
2217 3107 2397 3164 sedem
2444 3109 2676 3173 habens,
2722 3107 2962 3162 ascendit
3005 3107 3058 3160 in
3099 3105 3296 3161 cm‘um
3334 3105 3521 3160 sedens
3559 3101 3619 3155 ad

373 3207 491 3245 rum
522 3186 888 3255 acceptionem
914 3180 1056 3252 apud
1083 3180 1285 3234 Deum:
1316 3177 1418 3231 hoc
1447 3177 1651 3239 Petrus,
1680 3172 1784 3226 hoc
1813 3168 1950 3224 Pau—

361 3282 472 3343 lus,
514 3279 618 3332 hoc
649 3291 840 3331 omnes
875 3269 1212 3338 evangelista
1250 3275 1528 3322 testantur.
1560 3263 1715 3331 Quod
1751 3263 1792 3317 si
1842 3277 1951 3316 non

356 3372 630 3433 dicerent,
661 3376 768 3421 tam
801 3365 972 3419 lucida
1001 3361 1239 3417 deﬁnitio
1268 3367 1369 3424 est,
1401 3366 1460 3413 ut
1489 3357 1592 3413 illis
1619 3370 1738 3410 eam
1768 3363 1951 3408 tacen-

371 3461 513 3515 tibus
539 3459 898 3516 crederemus.
916 3453 1050 3521 Quid
1069 3453 1243 3506 nunc?
1263 3448 1462 3505 Contra
1484 3449 1620 3502 hanc
1645 3447 1698 3500 in
1721 3447 1950 3499 obscuro

375 3553 609 3609 nascitur
629 3545 1054 3620 quastiozlacob
1080 3545 1258 3609 dilexi,
1279 3542 1417 3597 Esau
1439 3549 1609 3594 autem
1634 3539 1750 3593 odio
1772 3537 1946 3591 habui.

469 3646 551 3698 cui
577 3644 682 3698 vult
709 3643 992 3704 miseretur,
1023 3647 1071 3690 et
1101 3652 1245 3708 quem
1280 3635 1383 3687 vult
1412 3632 1620 3686 indurat
1643 3630 1819 3701 (Rom.
1853 3631 1950 3698 ut),

375 3747 430 3794 et
474 3736 640 3790 multa
665 3733 875 3789 similia.
909 3731 967 3785 In
1013 3729 1097 3783 his
1123 3727 1330 3798 positus
1377 3725 1428 3778 in
1471 3731 1628 3778 nocte
1669 3720 1951 3775 devenisti.

376 3826 491 3881 Non
521 3832 677 3894 potes
714 3822 820 3876 luci
845 3821 953 3875 diei
991 3819 1164 3873 noctis
1208 3814 1367 3882 hujus
1392 3813 1673 3877 caliginem
1719 3811 1950 3873 tradere,

376 3925 430 3971 et
457 3915 564 3970 diei
589 3914 695 3968 mei
723 3911 900 3967 inedio
931 3909 1035 3963 vim
1056 3907 1394 3962 tenebrarum
1424 3903 1637 3958 inferre.
1671 3901 1728 3956 Si
1748 3908 1831 3954 est
1858 3899 1954 3954 tibi

369 4021 577 4066 sermo,
609 4003 864 4058 annuntia
894 4000 1176 4055 veritatem
1201 3999 1254 4051 in
1285 4003 1464 4059 nocte,
1496 3995 1578 4050 sin
1605 3994 1755 4058 alias,
1778 3992 1847 4047 sit
1871 3991 1953 4046 di-

378 4098 516 4166 gitus
547 4105 667 4150 tuus
686 4108 848 4164 super
867 4108 936 4147 os
949 4098 1116 4145 tuum.
1141 4087 1197 4143 Si
1224 4087 1366 4143 enim
1386 4087 1530 4140 mille
1554 4086 1686 4139 tales
1705 4083 1956 4153 qumstio-

380 4204 474 4244 nes
515 4187 773 4250 invenias,
802 4197 1075 4252 nunquam
1102 4179 1356 4251 probabis
1393 4177 1684 4232 Dominum
1718 4190 1813 4246 per
1842 4175 1955 4228 ele-

379 4279 610 4334 ctionem
637 4288 880 4346 personas
920 4285 1084 4326 unum
1106 4269 1270 4338 velle,
1311 4281 1559 4323 recusare
1586 4266 1768 4320 alium.
1801 4264 1958 4320 Aliud

369 4377 481 4432 Vest,
513 4367 559 4422 si
588 4365 782 4421 doceas
807 4361 948 4417 Esau
969 4363 1167 4416 bonum
1196 4359 1359 4416 fuisse
1380 4360 1432 4414 in
1462 4359 1716 4430 operibus
1743 4358 1871 4424 suis,
1903 4365 1959 4412 et

2052 3200 2327 3254 dexteram
2358 3197 2550 3253 Patris.
2584 3198 2735 3253 Hunc
2762 3205 3067 3268 pmconata
3097 3205 3223 3250 sunt
3252 3194 3467 3250 ﬂumina
3495 3193 3620 3250 Seria

2054 3298 2331 3360 pturarum
2381 3299 2706 3351 sanctarum,
2739 3303 2900 3358 super
2928 3289 3068 3342 hunc
3098 3289 3446 3342 elevaverunt
3473 3301 3620 3341 voces

2051 3397 2195 3448 suas,
2225 3397 2254 3435 a
2283 3382 2505 3435 vocibus
2534 3395 2793 3449 aquarum
2823 3379 3126 3445 multarum,
3161 3378 3214 3432 id
3243 3387 3346 3444 est,
3396 3377 3636 3448 gentium,

2051 3473 2326 3544 potentius
2352 3473 2664 3526 clamantes.
2693 3469 2890 3524 Omnes
2915 3470 3055 3524 enim
3086 3470 3369 3538 scripturae
3395 3468 3620 3537 gentium

2051 3581 2212 3621 voces
2240 3565 2457 3629 habent,
2489 3564 2711 3617 virtutes
2731 3563 2958 3627 habent;
2984 3563 3097 3617 ista:
3117 3561 3396 3630 scriptum
3422 3559 3623 3628 regibus

2054 3657 2345 3726 imperant,
2387 3655 2462 3708 illi
2509 3653 2835 3708 deserviunt.
2866 3652 3008 3720 Ergo
3051 3667 3172 3707 cum
3216 3651 3492 3706 elevarent
3530 3648 3625 3702 tiu»

2054 3751 2198 3804 mina
2233 3763 2394 3803 voces
2419 3762 2575 3810 suas,
2618 3745 2877 3799 mirabilis
2912 3743 3084 3798 factus
3125 3753 3206 3798 est
3245 3741 3492 3797 Christus
3527 3740 3630 3794 ela-

2053 3841 2188 3895 tioni
2217 3840 2398 3902 maris,
2429 3838 2480 3892 id
2523 3845 2626 3903 est,
2659 3835 2843 3890 mundi
2875 3835 3032 3904 hujus
3075 3835 3289 3902 regibus
3317 3843 3379 3888 et
3407 3831 3631 3888 sublimi-

2054 3931 2174 3996 bus,
2205 3945 2304 3985 nec
2355 3930 2438 3984 his
2481 3936 2708 3992 tantum,
2759 3925 2852 3982 sed
2896 3934 2950 3980 et
2992 3925 3248 3980 mirabilis
3287 3926 3343 3978 in
3391 3923 3628 3979 excelsis.

2056 4022 2314 4076 Dominus
2341 4021 2508 4075 caelos
2536 4017 2990 4083 ascendens;tunc
3017 4016 3320 4071 testimonia
3351 4016 3448 4070 Dei
3469 4012 3634 4070 credi-

2057 4115 2184 4169 bilia
2215 4114 2352 4167 facta
2381 4119 2506 4166 sunt
2536 4111 2712 4165 nimis.
2747 4109 2903 4164 Dedit
2941 4109 3085 4163 enim
3120 4116 3472 4179 potestatem,
3507 4115 3561 4161 ut
3586 4105 3633 4158 in

2059 4207 2276 4261 nomine
2314 4205 2431 4274 ejus
2467 4203 2726 4258 sanitates
2771 4200 2953 4269 generi
2986 4200 3218 4254 humano
3263 4204 3636 4269 operarentur.

2059 4295 2162 4363 Qui
2203 4311 2323 4350 cum
2370 4295 2466 4349 Dei
2495 4293 2686 4348 Filium
2731 4291 3112 4362 prtedicabant,
3147 4299 3202 4345 et
3243 4290 3309 4343 iis
3340 4290 3445 4343 ista
3495 4289 3636 4355 signa

2061 4386 2400 4451 facientibus,
2435 4384 2736 4439 testimonia
2765 4382 2880 4451 ejus
2909 4380 3046 4436 facta
3070 4389 3194 4435 sunt
3222 4381 3383 4434 nimis
3411 4379 3640 4435 credibi-

362 4460 560 4529 'inique
603 4458 730 4513 odio
766 4455 1026 4510 habitum.
1061 4451 1167 4507 Aut
1214 4450 1380 4506 Jacob
1426 4451 1689 4506 malorum
1735 4465 1955 4520 operum

2066 4479 2168 4543 lia,
2199 4485 2253 4532 et
2291 4476 2508 4531 domum
2556 4475 2675 4544 ejus
2725 4450 2886 4543 quam
2936 4471 3188 4526 Pharismi
3239 4471 3496 4526 dicebant
3541 4484 3641 4522 non

365 4566 532 4606 reum
562 4548 758 4618 injuste
784 4546 1070 4602 delectum.
1103 4541 1212 4597 Sed
1238 4557 1550 4610 rumpamus
1577 4555 1757 4596 moras
1801 4541 1960 4598 alieni

381 4642 577 4710 operis,
611 4650 664 4694 et
693 4640 743 4693 in
768 4637 953 4693 decem
977 4635 1298 4691 chordarum
1327 4633 1582 4701 psalterio
1611 4633 1841 4687 delectet
1863 4648 1964 4688 nos

383 4733 638 4786 Dominus
667 4731 720 4784 in
749 4729 951 4785 factura
982 4742 1078 4783 sua
1105 4736 1162 4782 et
1187 4727 1240 4781 in
1279 4726 1530 4796 operibus
1553 4741 1804 4780 manuum
1826 4723 1960 4794 ejus,

381 4838 516 4890 quas
538 4821 790 4888 expandit
818 4821 871 4874 in
901 4833 1078 4881 cruce,
1111 4818 1164 4872 in
1195 4818 1295 4882 his,
1328 4818 1565 4886 inquam,
1590 4818 1843 4887 operibus
1871 4833 1962 4872 ex-

375 4913 660 4967 sultemus.
691 4909 764 4962 lbi
795 4911 937 4964 enim
964 4908 1300 4979 magnificam
1329 4917 1454 4963 sunt
1481 4923 1644 4979 opera
1675 4907 1815 4976 ejus,
1848 4923 1966 4979 qua:

375 5005 464 5058 .vir
484 5002 740 5070 insipiens
759 5016 865 5052 non
887 5003 1155 5067 cognovit.
1171 4999 1408 5071 Pepulus
1431 5001 1734 5056 incredulus
1751 4999 1964 5056 Judzno-

383 5111 522 5161 rum,
551 5093 644 5163 qui
685 5092 824 5146 sicut
861 5093 1039 5148 fenum
1080 5094 1283 5156 exorti,
1325 5101 1651 5162 paraverunt
1677 5102 1966 5163 operantes

368 5186 740 5254 iniquitatem,
775 5191 832 5236 ut
860 5181 1124 5237 intereant
1153 5184 1206 5236 in
1253 5184 1507 5238 saeculum
1554 5185 1757 5240 saeculi.
1789 5185 1963 5252 Atque

372 5283 612 5336 Domino
655 5277 706 5332 in
737 5284 995 5330 aeternum
1023 5285 1293 5342 ntanente,
1338 5279 1372 5332 ii
1403 5279 1652 5348 peribunt
1678 5288 1733 5334 et
1759 5279 1966 5350 disper-

383 5379 574 5438 guntur
602 5383 764 5438 super
792 5368 1093 5422 universam
1138 5365 1327 5421 faciem
1357 5379 1530 5427 terrae.
1563 5385 1751 5425 omnes
1794 5368 1964 5424 Judaei

385 5473 670 5531 operantes
698 5461 1052 5530 iniquitatem.
1084 5458 1328 5514 Christus
1367 5470 1544 5516 autem
1563 5471 1633 5516 ut
1659 5463 1832 5533 palma
1862 5461 1962 5518 Ilo-

387 5564 498 5618 ret,
529 5556 796 5623 plantatus
825 5555 876 5608 in
906 5555 1123 5609 domum
1169 5569 1340 5618 suam,
1375 5555 1426 5608 in
1472 5556 1622 5610 atriis
1651 5557 1840 5611 domus
1869 5556 1964 5611 Dei

391 5643 558 5696 nostri
604 5641 828 5708 ilorebit,
879 5653 934 5698 et
975 5644 1412 5714 multiplicabitur
1441 5645 1494 5697 in
1525 5654 1738 5700 senecta
1788 5647 1958 5701 uberi.

2063 4581 2224 4638 posse
2251 4565 2523 4634 suscipere
2551 4571 2735 4617 sancta
2768 4561 3210 4631 prmeeptaJeges
3236 4561 3438 4614 veteris
3465 4558 3644 4613 Testa-

2065 4657 2233 4711 menti
2261 4656 2513 4724 suscepit.
2540 4653 2606 4707 Et
2631 4653 2823 4708 decent
2843 4667 2906 4707 ea
2928 4661 3112 4706 sancta
3132 4659 3471 4716 sanctorum,
3494 4657 3553 4704 ut
3580 4649 3644 4700 ibi

2066 4749 2311 4803 habitent
2331 4749 2386 4801 in
2415 4747 2608 4802 saecula
2637 4745 2973 4800 saeculorum.
3007 4744 3200 4799 Amen.

2591 4877 2906 4934 PSALMUS
2942 4875 3122 4932 XCIII.

2389 4989 2632 5046 Psalmus
2659 4989 2825 5044 David
2855 4997 3046 5058 quarta
3074 4988 3304 5043 sabbati.

2138 5108 2276 5162 Deus
2299 5108 2553 5161 ultionum
2583 5104 2857 5165 Dominus,
2882 5102 3020 5156 Deus
3045 5102 3296 5156 ultionum
3327 5102 3489 5156 libere
3534 5099 3646 5169 egit.

2069 5197 2318 5252 Exaltare
2337 5200 2424 5270 qui
2443 5197 2651 5267 judicas
2673 5203 2880 5257 terram,
2899 5193 3053 5246 redde
3072 5192 3459 5246 retributionem
3488 5206 3663 5260 super-

2067 5290 2162 5344 bis.
2197 5289 2462 5361 Usquequo
2509 5296 2827 5359 peccatores,
2859 5285 3097 5349 Domine,
3128 5299 3382 5355 usquequo
3410 5289 3648 5352 peccato-

2067 5398 2147 5435 res
2173 5381 2564 5452 gloriabuntur?
2587 5379 2878 5448 eﬁ'abuntur
2917 5387 2967 5432 et
3011 5378 3281 5447 loquentur
3307 5377 3649 5445 iniquitatem,

2068 5472 2336 5544 loquentur
2363 5488 2536 5527 omnes
2563 5473 2649 5543 qui
2693 5478 2975 5539 operantur
3014 5468 3366 5538 injustitiam?
3391 5463 3650 5533 Papulum

2071 5571 2228 5626 tuum,
2276 5561 2514 5624 Domine,
2555 5560 2970 5624 humiliaverunt,
3022 5569 3070 5612 et
3110 5556 3464 5612 hareditatern
3517 5563 3652 5606 ticam

2069 5660 2390 5705 necaverunt.
2433 5649 2652 5703 Viduam
2698 5659 2745 5703 et
2787 5650 3032 5702 advenam
3062 5650 3450 5718 interfecerunt,
3485 5651 3536 5695 et
3562 5658 3650 5712 pu-
