3870 6182
289 337 379 391 ibi
1177 324 1644 387 COMMENTARII
1685 324 1750 380 ΙΝ
1790 322 2116 381 PSALMOS.
2160 322 2349 379 PSAL.
2394 322 2573 379 XCIV.

3447 321 3553 375 ιιιῑει.

285 451 437 525 pilius
457 447 770 503 occiderunt.
802 443 870 498 Et
894 443 1171 497 dixerunt:
1218 441 1337 498 Non
1375 440 1559 497 videbit
1588 440 1863 506 Dominus,
1896 445 1940 501 Α
1967 438 2273 509 desipuistis
2302 438 2353 492 in
2384 436 2583 509 populo
2610 438 2791 508 positi,
2823 438 2948 495 dum
2978 454 3119 495 unus
3146 439 3367 495 alterius
3386 447 3556 496 secta-

285 556 373 594 nec
398 538 647 608 intelliget
678 533 819 589 Deus
856 531 1037 587 Jacob.
1064 530 1368 605 Intelligite,
1396 532 1694 602 insipientes
1714 529 1771 583 in
1791 545 1878 600 po-

283 634 423 705 pulo,
440 638 492 684 et
509 629 674 692 stulti,
688 625 970 698 aliquando
990 625 1176 695 sapite.
1193 621 1295 687 Qui
1311 624 1563 695 plantavit
1576 636 1753 675 aurem
1772 636 1876 675 non

281 722 474 786 audiet,
506 728 597 773 aut
619 719 706 791 qui
733 716 889 786 ﬁnxit
910 713 1131 778 oculum,
1162 730 1266 769 non
1286 712 1617 766 considerat?
1636 708 1737 774 Qui
1756 726 1874 764 cor-

281 815 405 883 ripit
433 820 608 884 gentes
635 826 741 864 non
778 816 979 881 arguet,
1002 807 1090 878 qui
1117 805 1264 859 docet
1290 805 1547 859 hominem
1573 801 1878 858 scientiam?

279 906 536 960 Dominus
582 904 683 959 scit
727 902 1065 974 cogitationes
1112 899 1408 963 hominum,
1439 896 1682 969 quoniam
1727 909 1877 949 vanas

276 1005 420 1051 sunt.
453 994 646 1048 Beatus
674 993 827 1047 homo
854 1006 1002 1063 quem
1049 999 1103 1043 tu
1131 989 1414 1053 erudieris,
1446 986 1695 1051 Domine,
1737 994 1786 1038 et
1813 984 1877 1037 de

277 1090 391 1160 lege
412 1096 505 1141 tua
534 1085 770 1140 docueris
790 1098 924 1136 eum.
959 1080 1029 1136 Ut
1048 1080 1249 1151 mitiges
1269 1079 1317 1132 ei
1343 1095 1376 1132 a
1396 1076 1572 1133 diebus
1591 1076 1763 1140 malis,
1782 1075 1877 1130 do-

275 1195 371 1234 nec
401 1178 635 1251 fodiatur
651 1174 909 1245 peccaturi
930 1175 1096 1245 (area.
1122 1168 1256 1235 Quia
1276 1186 1380 1225 non
1394 1168 1601 1240 repellet
1619 1166 1877 1225 Dominus

273 1269 477 1340 plebem
516 1284 685 1333 suam,
715 1276 765 1320 et
800 1264 1153 1322 bcereditatem
1196 1279 1345 1318 suam
1387 1278 1492 1316 non
1540 1260 1871 1332 derelinquet.

275 1359 627 1432 Quoadusque
667 1357 875 1429 justitia
918 1347 1243 1410 convertatur
1279 1355 1333 1408 in
1373 1353 1651 1424 judicium,
1694 1361 1744 1405 et
1788 1353 1876 1424 qui

271 1453 433 1524 juxta
458 1451 608 1505 illam
636 1463 811 1503 omnes
839 1448 925 1519 qui
952 1454 1087 1501 recto
1108 1456 1226 1501 sunt
1254 1446 1425 1500 corde.
1454 1442 1582 1509 Quis
1602 1453 1877 1517 consurget

273 1547 406 1603 mihi
433 1545 679 1599 adverstts
700 1542 1047 1613 malignantes
1064 1540 1088 1593 γ
1108 1547 1198 1593 aut
1225 1539 1340 1610 quis
1366 1536 1524 1591 stabit
1551 1552 1747 1589 mecum
1772 1535 1872 1589 ad-

270 1655 458 1695 versus
496 1645 768 1708 operantes
803 1631 1161 1706 iniquitatem?
1190 1629 1317 1685 Nisi
1344 1630 1464 1700 quia
1492 1628 1748 1682 Dominus
1778 1627 1874 1681 ad-

269 1731 407 1802 iurit
424 1745 529 1791 me,
550 1725 705 1798 paulo
724 1726 898 1780 minus
919 1721 1202 1777 habitasset
1229 1722 1283 1774 in
1313 1721 1518 1791 inferno
1536 1720 1715 1773 anima
1732 1734 1868 1772 mea.

1977 531 2107 589 mini
2136 530 2379 601 exempla
2409 530 2475 585 ad
2496 539 2861 603 contemptum
2879 529 3091 589 Domini
3116 551 3129 587 :
3154 541 3230 600 et,
3251 533 3419 601 stulti,
3450 532 3552 589 ali-

1978 621 2192 689 quando
2212 622 2402 692 sapite.
2451 620 2654 689 Quibus
2682 623 2976 695 imperatur
3020 633 3076 681 et
3118 626 3315 683 dicitur
3359 627 3553 698 sapite,

1977 711 2333 766 ostenduntur
2369 727 2468 768 suo
2502 714 2724 769 arbitrio
2761 731 2870 771 non
2896 731 3108 786 sapere.
3150 717 3344 774 Dicunt
3370 718 3552 773 enim:

1977 800 2137 858 Modo
2182 803 2293 880 Deo
2340 804 2467 860 hinc
2504 805 2608 861 erit
2651 822 2822 873 cum,
2852 815 2911 862 ut
2950 809 3132 879 audiat
3157 809 3365 879 singula
3393 811 3556 867 verba

1976 901 2157 948 nostra
2182 933 2197 960 ,
2244 902 2300 950 et
2344 895 2524 951 videat
2568 897 2776 967 singula
2814 913 3038 969 quasque
3064 898 3201 956 iacta
3230 910 3430 958 nostra.
3476 902 3555 958 Ad

1978 982 2092 1040 hzec
2136 985 2496 1055 respondetur
2540 987 2650 1042 eis:
2697 987 2838 1056 Ergo
2882 989 2974 1058 qui
3002 990 3240 1045 auditum
3264 991 3413 1047 dedit
3436 993 3554 1059 tibi,

1978 1074 2093 1145 ipse
2125 1091 2241 1132 non
2269 1077 2444 1145 audit;
2492 1078 2583 1147 qui
2621 1078 2717 1134 tibi
2747 1080 2915 1135 visum
2945 1080 3159 1147 tribuit,
3190 1081 3303 1154 ipse
3337 1100 3443 1140 non
3470 1101 3561 1142 re-

1978 1171 2166 1241 spicit;
2214 1174 2307 1242 qui
2350 1173 2448 1229 tibi
2488 1176 2727 1231 scientiar
2769 1190 3018 1247 saporem
3065 1176 3274 1244 infudit,
3306 1180 3422 1251 ipse
3448 1196 3557 1236 non

1977 1261 2157 1331 sapit?
2196 1262 2293 1317 ille
2340 1270 2485 1320 totus
2522 1266 2785 1336 sapientia
2814 1274 2928 1334 est,
2960 1275 3016 1322 et
3037 1268 3184 1324 videt
3204 1270 3562 1339 cogitationes

1977 1353 2277 1421 hominum,
2299 1357 2390 1426 qui
2406 1357 2507 1412 sibi
2522 1373 2714 1428 sapere
2730 1357 2995 1423 videntur,
3028 1361 3280 1432 quoniam
3312 1362 3442 1432 ipsae
3470 1378 3557 1418 co-

1976 1445 2264 1513 gitationes
2291 1462 2481 1504 eorum
2510 1463 2658 1503 vana:
2685 1457 2827 1505 sunt.
2875 1450 3072 1507 Beatus
3098 1451 3262 1508 homo
3289 1462 3373 1508 est
3396 1469 3558 1525 quem

1978 1537 2081 1594 hoc
2108 1538 2282 1609 ipsum
2310 1538 2547 1595 erudiret
2565 1540 2825 1597 Dominus
2872 1557 2979 1597 non
3008 1543 3256 1612 eligendo
3284 1545 3559 1615 negligen-

1977 1637 2108 1696 tem,
2137 1629 2234 1685 sed
2260 1630 2434 1700 legem
2462 1646 2614 1687 suam
2642 1631 2887 1689 docendo
2914 1633 3244 1689 credentem.
3286 1633 3386 1692 Hic
3417 1636 3559 1692 mlti-

1975 1719 2190 1786 gabitur
2224 1720 2291 1776 in
2337 1721 2526 1776 diebus
2571 1721 2755 1786 malis,
2803 1723 3019 1792 quando
3061 1724 3335 1782 datmones
3371 1735 3559 1797 parant

270 1821 334 1878 Si
350 1819 591 1875 dicebam
609 1818 815 1874 :Motus
843 1825 921 1871 est
946 1832 1034 1887 pes
1062 1830 1226 1879 meus,
1249 1811 1605 1867 misericordia
1621 1820 1707 1864 tua
1720 1810 1876 1881 adju-
1904 1816 1950 1879 Β
1977 1810 2326 1877 peccantibus
2362 1809 2578 1871 foveas;
2617 1820 2747 1867 tunc
2775 1828 2884 1868 non
2908 1813 3135 1884 repellet
3158 1813 3416 1871 Dominus
3443 1817 3562 1888 ple-

267 1914 432 1969 uabat
452 1929 552 1966 me.
579 1908 873 1966 Secundum
903 1905 1284 1962 multitudinem
1305 1905 1540 1959 dolorum
1568 1918 1799 1958 meorum
1818 1902 1874 1955 in

265 2004 434 2061 corde
469 2020 616 2069 meo,
647 2000 1028 2055 consolationes
1070 2008 1170 2054 tua:
1208 1998 1600 2068 lwtiﬁcauerunt
1644 1997 1877 2050 animam

266 2112 467 2153 meam.
500 2076 753 2165 Nunquid
774 2090 1009 2145 adliceret
1038 2087 1128 2143 tibi
1156 2087 1300 2143 sedes
1337 2087 1632 2158 iniquitatis
1658 2086 1743 2157 qui
1771 2085 1881 2155 fin.

265 2192 347 2263 gis
383 2188 621 2243 laborem
649 2186 706 2239 in
752 2182 1055 2256 praecepto?
1091 2179 1383 2252 Captabunt
1424 2179 1482 2235 in
1521 2179 1750 2232 animam
1780 2177 1875 2249 ju-

265 2282 353 2345 sti,
401 2288 455 2333 et
490 2276 797 2348 sanguinem
843 2275 1167 2329 innocentem
1206 2268 1641 2325 condemnabunt.
1690 2267 1761 2322 Et
1800 2269 1878 2339 fa-

1973 1901 2099 1958 bem
2126 1916 2306 1968 suam,
2333 1901 2386 1957 id
2413 1910 2529 1969 est,
2570 1902 2639 1959 de
2674 1919 2775 1959 suo
2803 1905 3002 1961 auxilio
3032 1913 3478 1977 praesumentem,
3507 1916 3563 1965 et

1974 1992 2349 2050 hereditatem
2397 2010 2548 2050 suam
2596 2011 2704 2053 non
2751 1996 3107 2068 derelinquet,
3138 2000 3231 2056 sed
3257 2008 3504 2072 proteget
3531 2018 3562 2057 a

1975 2085 2369 2142 tentationibus
2415 2101 2543 2152 eos,
2573 2087 2706 2143 dans
2733 2087 2812 2143 eis
2838 2088 3182 2146 tolerantiam
3204 2101 3302 2162 per
3330 2093 3563 2163 promis-

1974 2190 2088 2232 sam
2110 2177 2480 2234 haereditatem
2502 2178 2621 2232 vita:
2635 2187 2872 2240 atterunt.
2906 2177 2972 2233 Et
2992 2179 3118 2236 facit
3135 2197 3232 2237 eos
3251 2192 3562 2253 exspectare

1974 2268 2387 2325 retributionem
2410 2307 2426 2333 ,
2480 2269 2833 2340 quoadusque
2873 2270 3138 2339 justitiam
3185 2281 3466 2328 convertat
3508 2275 3562 2329 in

264 2384 384 2429 ctus
408 2380 488 2426 est
502 2369 903 2425 mihi‘Dominus
926 2369 983 2423 in
998 2368 1341 2440 refugium,et
1361 2364 1504 2420 Deus
1528 2380 1669 2419 meus
1696 2365 1753 2419 in
1780 2364 1878 2419 ad-
1969 2358 2178 2430 judicio
2195 2400 2211 2427 ,
2239 2367 2295 2415 et
2321 2360 2412 2431 qui
2442 2365 2629 2415 tenent
2654 2375 2803 2425 eam,
2848 2361 2901 2415 id
2927 2368 3037 2428 est,
3082 2362 3251 2432 ipsam
3272 2361 3559 2432 justitiam,

265 2466 526 2534 iutorium
546 2464 656 2534 spei
673 2478 817 2517 meas.
844 2460 914 2515 Et
935 2460 1114 2515 reddet
1140 2460 1246 2515 illis
1276 2459 1596 2531 iniquitatem
1624 2459 1871 2529 ipsorum,

264 2568 313 2611 et
339 2559 411 2610 in
439 2554 644 2610 malitia
672 2570 847 2609 eorum
868 2551 1130 2624 disperdet
1156 2567 1260 2617 eos,
1285 2548 1549 2621 disperdet
1568 2549 1684 2603 illos
1704 2547 1880 2603 Domi-

263 2663 369 2702 nus
410 2645 554 2700 Deus
583 2653 779 2700 noster.

847 2728 1133 2769 COIIBN'I'A
1141 2726 1288 2767 ιιιυιι.

341 2831 497 2886 Deus
525 2828 718 2883 vindex
743 2842 862 2883 esse
890 2826 1074 2898 populi
1102 2825 1182 2881 sui
1206 2823 1477 2895 judicibus
1497 2823 1661 2887 canit,
1684 2822 1877 2892 quibus

262 2930 398 2984 leve
430 2921 641 2978 videtur
668 2935 927 2991 personas
964 2917 1301 2990 peccantium
1327 2930 1562 2981 sumere,
1584 2916 1638 2970 in
1674 2915 1878 2986 judicio

265 3014 542 3087 orphanis
568 3021 623 3068 et
649 3011 834 3081 egenis
854 3048 868 3074 ,
902 3010 971 3065 ab
1001 3009 1066 3063 iis
1092 3015 1274 3062 autem
1304 3006 1395 3078 qui
1425 3007 1667 3061 exaltant
1696 3004 1879 3061 Domi-

264 3121 413 3163 num
460 3104 514 3159 in
558 3102 812 3159 cordibus
837 3101 969 3166 suis,
1018 3106 1074 3155 et
1096 3097 1341 3168 judicent
1368 3105 1569 3153 terram
1600 3097 1653 3151 in
1681 3112 1879 3167 corpo-

1975 2463 2166 2505 omnes
2207 2450 2300 2520 qui
2346 2458 2498 2506 recto
2544 2457 2670 2505 sunt
2713 2450 2895 2506 corde.
2946 2451 3147 2508 Verum
3174 2454 3300 2522 quia
3327 2454 3559 2525 maligna

1972 2545 2199 2601 consilia
2243 2545 2513 2601 mentibus
2570 2545 2939 2601 ministrantes
3007 2546 3298 2614 insistunt,
3370 2558 3560 2606 contra

1975 2651 2112 2707 quos
2158 2639 2339 2694 animo
2367 2639 2498 2695 satis
2543 2647 2628 2695 cst
2666 2640 2846 2709 arguit
2873 2640 3251 2711 pugnandum,
3290 2643 3384 2714 qui
3412 2645 3562 2700 novit

1976 2744 2078 2801 per
2121 2729 2359 2799 singulas
2399 2745 2641 2800 quasque
2687 2734 3058 2802 suggestiones
3087 2734 3284 2789 acriter
3305 2735 3565 2793 dimican-

1974 2819 2125 2888 dum,
2154 2820 2387 2877 clamat:
2417 2821 2548 2889 Quis
2576 2834 2829 2893 exsurget
2864 2839 3075 2880 mecum
3099 2839 3342 2896 pugnans
3375 2828 3567 2885 adver-

1976 2929 2096 2970 sum
2125 2922 2413 2986 operantes
2440 2916 2814 2986 iniquitatem?
2851 2916 3044 2984 Quaeso
3066 2926 3152 2985 te,
3181 2919 3423 2987 agonista
3450 2919 3565 2975 for-

1976 3008 2182 3064 tissime
2206 3049 2221 3075 ,
2272 3009 2448 3065 indica
2492 3008 2626 3063 mihi
2672 3023 2783 3079 quo
2826 3009 3015 3087 ordine
3059 3011 3293 3068 hostium
3335 3013 3566 3084 impetus

1977 3099 2217 3157 evasisti.
2247 3098 2328 3154 Ad
2356 3100 2470 3154 bzec
2497 3098 2620 3153 audi
2649 3107 2967 3169 responsum
2988 3118 3000 3153 :
3025 3100 3158 3169 Nisi,
3186 3101 3282 3169 ait,
3307 3100 3566 3160 Dominus

264 3202 433 3257 ribus
460 3198 606 3262 suis,
637 3197 674 3251 ii
702 3194 930 3250 reddunt
957 3192 1367 3248 retributionem
1393 3188 1662 3266 superbis.
1692 3189 1875 3260 Appli-
1902 3181 1949 3248 C
1979 3190 2287 3260 adjuvasset
2331 3206 2447 3256 me,
2476 3189 2692 3246 modico
2733 3191 2910 3246 minus
2946 3191 3243 3249 habitasset
3270 3194 3324 3248 in
3354 3192 3565 3251 inferno

262 3305 410 3348 care
451 3302 737 3360 possumus
783 3284 1152 3340 testimonium
1191 3275 1470 3353 Apostoli,
1518 3296 1627 3351 quo
1668 3280 1780 3334 ait:
1811 3278 1874 3334 Si

263 3399 366 3438 nos
403 3382 551 3452 ipsos
576 3377 949 3451 judicaremus,
973 3390 1075 3428 non
1100 3376 1274 3446 utique
1295 3372 1652 3444 judicaremur
1681 3370 1723 3443 (l
1751 3369 1872 3425 Cor.

266 3474 375 3545 si).
419 3472 729 3528 Judicamus
755 3476 935 3523 autem
965 3482 1064 3522 nos
1094 3467 1272 3537 ipsos,
1300 3463 1515 3533 quando
1530 3463 1703 3541 linem
1732 3461 1876 3517 vitiis

264 3564 558 3636 ponimus,
588 3569 643 3616 et
663 3559 985 3630 principium
1015 3558 1298 3613 virtutibus
1325 3556 1669 3612 collocamus.
1721 3552 1877 3622 Quod

262 3657 311 3713 si
347 3670 471 3710 non
496 3652 785 3717 faciemus,
817 3648 1074 3720 populum
1104 3648 1233 3712 Dei,
1264 3647 1316 3701 id
1345 3655 1461 3711 est,
1492 3646 1744 3702 virtutem
1771 3646 1875 3701 bu-

264 3745 577 3808 miliamus,
599 3751 656 3796 et
679 3739 1045 3795 bmreditatem
1075 3736 1189 3806 ejus
1213 3751 1332 3806 quae
1352 3737 1508 3792 nobis
1525 3736 1873 3807 promittitur,

263 3834 610 3908 spernimus,
634 3831 850 3887 viduam
871 3840 926 3885 et
946 3829 1209 3884 advenam
1236 3827 1560 3884 occidentes.
1596 3827 1768 3884 Vidua
1796 3836 1881 3883 est

264 3930 466 3987 anima
506 3942 625 3998 qua:
653 3941 760 3980 non
783 3923 1160 3988 habetvirum,
1185 3920 1407 3977 verbum
1430 3929 1523 3976 aut
1550 3920 1877 3976 intellectum

266 4017 602 4093 prudentiae.
627 4015 826 4072 Hancsi
838 4021 932 4071 aut
945 4012 1113 4068 verbo
1134 4019 1228 4066 tuo
1247 4018 1341 4066 aut
1353 4011 1602 4081 exemplo
1620 4010 1877 4082 decipias,

269 4123 449 4182 quam
489 4106 718 4162 liberare
755 4102 1052 4168 debueras,
1090 4100 1305 4156 viduam
1334 4098 1609 4156 interﬁcis.
1662 4100 1881 4157 Advena

268 4211 395 4268 est,
438 4200 534 4270 qui
578 4198 713 4254 civis
758 4207 879 4253 esse
917 4202 1228 4251 sanctorum
1256 4208 1364 4249 non
1392 4193 1564 4248 novit.
1592 4192 1729 4249 Huic
1756 4194 1802 4248 si
1828 4201 1883 4249 te

268 4303 585 4351 amatorem
612 4289 796 4345 mundi
829 4286 1113 4351 ostendas,
1144 4285 1290 4341 tollis
1316 4286 1367 4340 ei
1388 4281 1547 4340 ﬁdem
1587 4284 1777 4340 futurae
1805 4285 1882 4341 ci-

269 4385 502 4447 vitatis,
541 4390 599 4437 et
620 4380 773 4451 quasi
803 4377 1137 4435 interfeceris
1177 4390 1298 4432 eum
1330 4375 1660 4446 spiritaliter,
1690 4392 1719 4429 a
1753 4390 1885 4446 prm-

268 4476 431 4534 senti
460 4473 667 4545 psalmo
696 4471 953 4541 argueris.
983 4468 1073 4526 Sic
1096 4468 1258 4524 etiam
1287 4467 1517 4539 orphani
1533 4451 1881 4533 occiduntur,

1938 3286 1939 3289 ‘
1977 3281 2156 3336 anima
2184 3296 2322 3335 mea.
2352 3280 2410 3336 Si
2438 3281 2682 3337 dicebam
2712 3296 2833 3336 cum
2864 3282 3115 3355 lacrymis
3141 3282 3405 3352 Domino,
3436 3286 3565 3355 quia

1976 3381 2155 3427 motus
2184 3379 2267 3426 est
2294 3387 2390 3442 pes
2418 3387 2601 3436 meus,
2634 3381 2689 3427 et
2717 3388 2746 3425 a
2769 3374 2904 3429 recti
2935 3383 3121 3431 tenore
3148 3391 3369 3434 aversus
3390 3418 3406 3445 ,
3451 3387 3566 3435 sta-

1976 3462 2072 3515 tim
2090 3468 2297 3517 tantum
2313 3468 2367 3518 et
2382 3463 2614 3532 amplius
2637 3463 3003 3519 misericordia
3022 3466 3139 3535 ejus
3153 3466 3426 3536 adjuvavit
3452 3485 3562 3536 me,

1977 3558 2232 3622 quantam
2255 3552 2652 3608 multitudinem
2679 3553 2925 3609 dolorum
2948 3570 3066 3610 esse
3085 3556 3300 3612 videbat
3321 3559 3374 3613 in
3402 3561 3566 3619 corde

1980 3661 2123 3712 meo,
2141 3655 2194 3702 et
2208 3647 2667 3704 consolationibus
2679 3648 2790 3704 suis
2807 3647 3096 3705 lzetiﬁcavit
3113 3651 3347 3706 animam
3366 3668 3561 3710 meam.

1979 3738 2137 3795 Dicas
2181 3737 2343 3805 forte,
2389 3755 2423 3795 o
2466 3738 2698 3804 auditor,
2747 3739 2965 3808 grandis
3000 3740 3091 3797 hic
3130 3740 3285 3797 labor
3310 3749 3414 3799 est.
3458 3743 3566 3801 Sed

1981 3830 2134 3887 labor
2162 3831 2264 3887 iste
2294 3832 2604 3901 temporalis
2633 3838 2751 3898 est,
2797 3840 2854 3887 et
2879 3833 3160 3903 praemium
3187 3834 3387 3893 laboris
3410 3845 3568 3894 atter-

1985 3937 2151 3989 num;
2200 3938 2308 3979 non
2356 3923 2592 3978 adhaeret
2620 3922 2732 3979 Deo
2759 3924 2916 3980 sedes
2935 3924 3245 3995 iniquitatis.
3295 3926 3398 3996 Qui
3424 3928 3568 3986 enim

1982 4012 2179 4068 format
2222 4012 2607 4081 fatigationem,
2648 4022 2743 4069 aut
2788 4014 3049 4081 laborem,
3093 4024 3186 4071 aut
3229 4016 3471 4074 dolorem
3515 4019 3567 4076 in

1983 4112 2254 4175 prmcepto
2276 4145 2291 4170 ,
2342 4105 2457 4159 sive
2497 4119 2597 4174 pro
2644 4104 2830 4160 labore
2873 4106 3200 4171 certaminis,
3229 4121 3326 4162 seu
3354 4122 3455 4178 pro
3483 4107 3565 4163 ia-

1984 4197 2115 4252 bore
2154 4196 2430 4268 martyrii,
2470 4196 2657 4251 aeterni
2694 4196 2872 4263 gaudii
2895 4197 3173 4266 praemium
3196 4213 3305 4254 non
3332 4201 3564 4270 negavit.

1986 4287 2121 4344 Dum
2189 4288 2334 4343 enim
2390 4286 2728 4358 captaverint
2783 4295 3096 4357 peccatores
3162 4289 3396 4347 animam
3435 4290 3566 4361 justi

1986 4378 2294 4436 conﬁtentis
2339 4378 2507 4435 Deum
2531 4422 2545 4446 ,
2605 4386 2662 4433 et
2703 4380 3020 4449 sanguinem
3064 4380 3183 4450 ejus
3226 4382 3567 4441 innocentem

1988 4473 2467 4530 condemnaverint
2488 4514 2503 4538 ,
2549 4480 2678 4528 tunc
2720 4470 2950 4529 efﬁcitur
2982 4474 3033 4529 ei
3060 4472 3318 4530 Dominus
3346 4475 3399 4530 in
3425 4475 3566 4531 refu-

268 4567 527 4639 Orpbani
570 4572 697 4621 sunt
717 4604 732 4629 ,
773 4564 865 4634 qui
914 4563 1079 4617 Deum
1128 4575 1188 4617 se
1236 4575 1396 4631 posse
1442 4567 1653 4631 patrem
1678 4561 1879 4615 habere
1910 4555 1955 4615 D
1982 4564 2146 4634 ginm,
2177 4571 2235 4618 et
2266 4562 2409 4619 Deus
2432 4563 2535 4618 erit
2564 4564 2616 4618 in
2645 4564 2848 4618 auxilio
2868 4564 2981 4635 spei
3011 4563 3155 4633 ejus,
3201 4565 3274 4619 ita
3303 4574 3362 4620 ut
3382 4566 3567 4623 reddat

268 4668 476 4717 sancte
523 4658 753 4714 vivendo
782 4671 889 4712 non
916 4655 1161 4713 credunt.
1212 4654 1315 4709 llic
1352 4660 1411 4707 tu
1457 4654 1621 4724 sapis,
1653 4661 1708 4728 et
1736 4653 1879 4709 nosti

270 4749 428 4806 ﬁlios
455 4748 553 4804 Dei
581 4748 696 4807 ﬁeri
723 4762 885 4818 posse
909 4745 1223 4809 credentes;
1250 4745 1297 4800 si
1326 4743 1632 4815 exemplum
1661 4751 1879 4800 contra-

272 4847 426 4901 rium
455 4843 729 4913 praebeas,
775 4855 912 4910 quos
952 4854 1012 4894 se
1053 4835 1193 4892 ﬁlios
1233 4837 1329 4892 Dei
1361 4836 1476 4891 lteri
1506 4842 1876 4899 contemnant,

272 4935 563 5003 nrpbanos
589 4932 853 5009 occidisti.
908 4929 1040 4985 Nam
1076 4929 1121 4983 si
1141 4928 1209 4983 de
1236 4928 1321 4985 bis
1348 4929 1605 4999 orphanis
1631 4934 1687 4983 et
1710 4926 1876 4981 adve—

273 5030 369 5084 nis
396 5035 454 5082 et
476 5024 654 5081 viduis
680 5025 819 5093 agit,
851 5036 983 5091 ergo
1009 5023 1099 5092 qui
1129 5020 1417 5092 conjuges,
1454 5028 1544 5077 aut
1574 5021 1751 5085 cives,
1782 5028 1878 5074 aut

276 5120 553 5175 habentes
580 5123 790 5187 patrem
818 5122 873 5169 et
899 5121 1130 5169 matrem
1158 5112 1298 5168 illius
1320 5111 1608 5176 occiderit,
1641 5110 1879 5167 criminis

276 5219 497 5265 reatum
540 5206 739 5267 evadit.
789 5209 895 5260 Aut
938 5205 984 5260 si
1023 5213 1227 5259 taceret
1252 5202 1733 5275 psalmographus,
1760 5202 1880 5271 quis

278 5313 527 5369 unquam
554 5297 625 5353 de
652 5298 757 5353 hoe
789 5296 933 5352 iacto
971 5310 1079 5351 non
1109 5302 1359 5364 argueret
1386 5294 1742 5350 criminosos?
1773 5293 1878 5349 Ve-

278 5405 412 5447 rum
457 5389 581 5461 quia
628 5390 745 5449 haec
783 5395 1004 5458 agentes
1050 5403 1150 5443 nos
1191 5388 1293 5459 ipsi
1342 5387 1435 5457 qui
1487 5394 1737 5457 putamus
1781 5402 1880 5443 nos

278 5496 515 5555 sapere,
544 5483 624 5539 sic
653 5481 809 5537 nobis
830 5481 1062 5546 videtur,
1105 5479 1250 5551 quod
1279 5480 1377 5535 bas
1413 5479 1670 5535 minutias
1698 5479 1880 5533 ruina-

281 5590 414 5631 rum
440 5589 560 5646 quae
578 5589 677 5644 per
700 5588 801 5629 nos
830 5573 963 5628 ﬁunt
992 5585 1099 5628 non
1124 5572 1368 5642 requirat
1394 5570 1654 5627 Dominus
1687 5579 1744 5625 et
1771 5585 1880 5625 non

1982 4658 2060 4716 eis
2088 4659 2397 4728 iniquitates
2425 4659 2694 4729 ipsorum,
2735 4667 2792 4713 et
2827 4659 2880 4713 in
2919 4659 3121 4713 malitia
3146 4658 3420 4729 disperdat
3445 4675 3568 4732 per-

1981 4759 2262 4806 secutores
2306 4766 2494 4807 eorum
2517 4791 2532 4816 ,
2580 4750 2672 4820 qui
2708 4758 2896 4820 regnat
2923 4751 2974 4805 in
3004 4751 3198 4806 stecula
3227 4752 3564 4809 saeculorum.

1985 4841 2170 4897 Amen.

2499 4910 2815 4967 PSALMUS
2854 4910 3035 4966 XCIV.

2428 5002 2570 5058 Laus
2597 5002 2793 5058 cantici
2819 5004 2918 5072 ipsi
2947 5003 3131 5059 David.

2062 5113 2273 5179 Venite,
2294 5116 2606 5171 exsultemus
2634 5115 2883 5180 Domino,
2908 5116 3187 5188 jubilemus
3216 5118 3328 5175 Deo
3345 5120 3568 5173 salutati

1980 5217 2177 5262 nostro.
2208 5206 2634 5279 Pratoccupemus
2656 5207 2842 5279 faciem
2863 5209 2974 5278 ejus
2994 5210 3049 5262 in
3076 5210 3418 5281 confessione,
3442 5210 3568 5262 etin

1982 5301 2196 5370 psalmis
2219 5298 2495 5372 ﬁtbilemus
2520 5302 2585 5354 ei.
2638 5299 2897 5365 Quoniam
2947 5299 3089 5355 Deus
3133 5302 3348 5371 magnus
3383 5299 3567 5352 Domi-

1985 5408 2110 5458 nus,
2141 5401 2189 5445 et
2216 5408 2308 5445 rex
2353 5406 2572 5461 magnus
2600 5406 2753 5463 super
2791 5406 2968 5445 omnes
2999 5390 3151 5451 deos,
3194 5390 3437 5459 qttaniam
3462 5404 3567 5443 non

1985 5483 2197 5552 repellet
2236 5480 2488 5535 Dominus
2536 5481 2731 5552 plebem
2775 5498 2943 5537 suam.
2992 5477 3128 5544 Quia
3173 5481 3229 5532 in
3274 5494 3433 5533 manu
3455 5479 3567 5550 ejus

1981 5584 2104 5628 sunt
2128 5589 2304 5629 omnes
2331 5573 2460 5643 fines
2501 5584 2652 5628 terra
2673 5612 2689 5639 ,
2717 5583 2767 5627 et
2789 5572 3088 5628 altitudines
3119 5572 3370 5626 montium
3406 5571 3568 5643 ipsius

286 5665 558 5734 intelligat
584 5666 684 5723 ista
711 5678 832 5734 quae
860 5678 964 5717 nos
999 5662 1299 5729 intelligere
1325 5661 1592 5723 nolumus,
1621 5660 1885 5718 clamatur
1984 5674 2120 5723 sunt.
2170 5663 2428 5729 Quoniam
2455 5665 2615 5734 ipsius
2653 5673 2729 5718 est
2767 5670 2995 5716 mare.“
3022 5663 3132 5733 ipse
3159 5663 3280 5732 fecit
3303 5661 3435 5717 illud
3457 5701 3472 5729 ,
3520 5673 3569 5716 et

285 5757 453 5815 nobis
478 5778 489 5811 :
516 5757 818 5826 lntelligite,
839 5756 931 5826 qui
962 5752 1273 5825 insipientes
1292 5754 1440 5819 estis,
1473 5754 1525 5808 id
1544 5762 1653 5821 est,
1674 5770 1771 5809 vos
1791 5755 1886 5825 qui
1986 5758 2175 5810 siccam
2205 5770 2388 5808 manus
2416 5755 2527 5826 ejus
2551 5755 2913 5824 formaverunt.
2974 5750 3183 5819 Venite,
3224 5752 3497 5810 adoremus
3525 5765 3573 5813 et
