3908 6176
350 273 454 328 ιῦδ

350 486 472 556 quia
498 487 608 557 ipse
632 496 706 541 est
736 486 991 543 Dominus
1016 489 1152 544 Deus
1179 498 1368 544 noster.
1396 488 1465 541 Et
1483 506 1575 544 nos
1596 493 1815 561 populus
1846 505 1935 560 pa-

350 594 488 632 scua?
514 580 644 650 ejus,
668 589 718 634 et
737 598 851 635 oves
873 599 1058 636 manus
1077 583 1209 653 ejus.
1234 581 1408 637 Hodie
1433 584 1479 638 si
1499 599 1670 637 vocem
1696 582 1808 653 ejus
1836 597 1903 635 au
1919 611 1934 623 -

351 672 568 737 tlieritis,
600 673 762 727 nolite
783 673 1038 731 obdurare
1074 676 1237 731 corda
1276 684 1462 731 uestra.
1497 675 1647 731 Sicut
1672 676 1726 729 in
1754 676 1935 729 irrita-

352 763 487 817 tiane
505 763 783 820 secundum
812 766 947 821 diem
977 768 1275 822 tentationis
1304 768 1360 822 in
1387 767 1589 822 deserto
1607 809 1621 833 ,
1653 767 1740 821 ubi
1769 775 1935 821 tenta-

351 863 526 905 renmt
552 871 633 908 me
661 864 841 925 patres,
863 857 1045 921 vestri,
1073 858 1416 927 probaverunt
1442 866 1493 912 et
1520 857 1753 911 viderunt
1780 873 1938 928 opera

351 961 481 999 mea.
517 942 876 1019 Quadraginta
899 950 1053 1003 annis
1081 948 1307 1019 offensus
1334 951 1408 1022 fui
1429 949 1746 1021 generationi
1773 948 1871 1013 illi,
1891 956 1941 1004 et

352 1036 461 1093 dixi
486 1054 503 1092 :
529 1037 744 1110 Semper
766 1040 819 1094 lii
846 1049 1024 1095 errant
1062 1041 1233 1096 corde.
1259 1040 1330 1095 Et
1356 1042 1446 1096 isti
1474 1058 1577 1095 non
1598 1046 1941 1112 cognouerunt

353 1128 462 1182 uias
490 1145 665 1195 meas,
696 1129 875 1202 quibus
897 1132 1071 1201 juravi
1096 1133 1151 1187 in
1179 1134 1263 1187 ira
1296 1149 1451 1188 mea:
1483 1132 1544 1188 Si
1568 1130 1855 1187 introibant
1882 1132 1937 1185 in

353 1221 577 1291 requiem
595 1238 783 1277 meam.

925 1311 1362 1353 COIIENTARICII.

427 1399 568 1457 Laus
595 1404 791 1460 cantici
817 1406 932 1463 hmo
977 1414 1079 1474 est,
1112 1416 1171 1463 ut
1210 1409 1540 1464 exsultemus
1578 1422 1684 1463 non
1711 1407 1764 1463 in
1792 1406 1941 1464 dele—

353 1495 678 1550 ctationibus
704 1498 887 1563 vanis,
916 1498 1009 1554 sed
1048 1498 1100 1553 in
1130 1499 1393 1566 Domum;
1424 1507 1712 1570 antequam
1734 1514 1940 1570 pracoc-

353 1600 646 1655 cupcmur,
684 1602 785 1643 nos
812 1603 1254 1659 praeoccupemus
1281 1588 1472 1644 faciem
1500 1588 1617 1657 ejus
1642 1589 1696 1643 in
1725 1586 1941 1645 confes-

354 1678 506 1739 sione
544 1686 891 1747 peccatorum
918 1689 1230 1735 nostrorum
1259 1720 1275 1746 ,
1322 1681 1600 1737 credentes
1646 1680 1793 1751 quod
1831 1695 1941 1736 non

1665 271 1938 335 ARNOBII
1976 270 2277 332 JUNIORIS

350 392 695 461 procidamus,
727 402 777 449 et
802 397 1060 467 ploremus
1098 405 1218 453 ante
1251 395 1526 452 Dominum
1552 400 1639 469 qui
1667 398 1792 469 fecit
1818 412 1933 462 nos,
1966 397 2014 457 A

3485 275 3573 332 ibi

2595 410 3031 458 couucunnwu.

2110 488 2214 555 Qui
2241 488 2570 559 ploravimus
2598 491 2920 561 ptenitentes
2947 493 3001 547 in
3029 492 3368 561 nonagesimo
3390 499 3576 562 quarto,

2039 580 2093 636 in
2121 581 2309 651 quinto
2356 588 2412 637 et
2458 585 2809 653 nonagesimo
2852 586 3199 655 gratulemur.
3246 584 3321 640 Ibi
3347 585 3476 640 enim
3500 586 3582 642 do-

2036 687 2183 726 mum
2231 680 2470 727 nostram
2515 672 2789 742 ﬂevimus,
2820 676 3105 733 credentes
3139 692 3239 732 nos
3279 692 3372 746 per
3400 677 3584 732 miseri-

2038 763 2279 819 cordiam
2325 764 2444 834 ejus
2487 765 2555 820 ad
2590 766 3004 823 aediﬁcationem
3027 768 3188 838 hujus
3213 768 3396 826 domus
3418 769 3589 824 iterum

2036 870 2197 927 posse
2211 858 2539 927 pertingere.
2573 856 2724 915 Unde
2751 867 2807 915 et
2833 861 3020 916 titulus
3045 861 3113 917 ad
3139 861 3253 917 haec
3273 861 3450 918 eadem
3473 878 3589 918 con-

2037 948 2229 1013 sentit,
2260 949 2353 1018 qui
2399 958 2523 1019 post
2566 951 2936 1021 captivitatem
2983 954 3154 1025 ipsam
3198 953 3406 1010 domum
3445 953 3591 1009 aedifi-

2037 1038 2150 1093 cari
2178 1040 2497 1110 conscripsit
2520 1056 2731 1111 ,~quam
2768 1041 3040 1100 mdiﬂcans
3077 1043 3345 1110 Christus,
3374 1045 3461 1101 dat
3479 1059 3592 1114 gan-

2038 1129 2187 1185 dium
2213 1131 2361 1187 omni
2390 1139 2548 1188 terra
2568 1172 2587 1200 ,
2610 1142 2667 1190 et
2702 1134 2826 1191 ideo
2855 1134 3069 1203 dicitur,
3099 1143 3160 1192 ut
3186 1144 3365 1192 cantet
3389 1136 3594 1192 Domino

2039 1221 2215 1277 omnis
2251 1230 2399 1278 terra
2432 1224 2709 1281 canticum
2758 1242 2979 1293 novum.
3008 1236 3066 1283 et
3107 1228 3387 1284 benedicat
3420 1243 3593 1284 nomen

2040 1311 2177 1381 ejus.
2221 1312 2429 1370 Habuit
2467 1316 2611 1370 enim
2645 1317 3010 1387 captivitatem
3050 1319 3279 1374 mundus
3307 1334 3401 1390 per
3427 1319 3596 1384 Adam,

2038 1418 2200 1474 quam
2227 1405 2593 1476 captivitatem
2615 1417 2899 1480 postquam
2919 1409 3166 1467 Christus
3192 1412 3464 1477 convertit,
3483 1410 3601 1466 tedi-

2041 1491 2221 1549 ﬂcavit
2259 1496 2478 1552 domum
2516 1498 2958 1566 gloriosissimam
2993 1517 3103 1556 non
3132 1501 3412 1557 habentem
3435 1516 3602 1557 macu-

2042 1585 2149 1640 lam
2187 1602 2363 1656 neque
2399 1602 2615 1656 rugam,
2655 1604 2764 1660 quo
2803 1591 3103 1648 aedificante
3126 1593 3396 1660 .domum,
3424 1593 3601 1664 templa

2040 1677 2291 1734 universa
2335 1679 2608 1735 destructa
2653 1689 2796 1737 sunt.
2840 1680 3132 1738 Probatum
3177 1692 3262 1738 est
3299 1684 3438 1739 enim
3473 1682 3602 1754 quod

355 1767 583 1837 repellet
610 1769 824 1838 plebem
852 1786 1006 1826 suam
1031 1770 1381 1828 conﬁtentem
1418 1774 1551 1840 sibi,
1580 1773 1671 1828 ille
1708 1774 1800 1844 qui
1828 1789 1942 1828 ma-
1974 1779 2018 1841 Β
2055 1787 2247 1830 omnes
2277 1771 2352 1826 dii
2398 1770 2640 1841 gentium
2694 1770 2788 1840 qui
2843 1770 2899 1825 in
2949 1770 3168 1840 templis
3216 1771 3377 1845 positi
3420 1783 3606 1842 essent,

355 1873 494 1928 gnus
519 1867 602 1915 est
629 1875 793 1931 super
819 1862 1020 1927 omnia,
1044 1863 1197 1933 cujus
1216 1865 1338 1920 oculi
1359 1873 1501 1931 sunt,
1530 1866 1684 1935 cujus
1708 1874 1944 1933 montes,

355 1952 447 2020 qui
478 1960 674 2008 terram
702 1954 951 2011 manibus
978 1956 1088 2011 suis
1127 1955 1386 2012 fundavit.
1433 1958 1643 2024 Venite,
1676 1959 1818 2015 hunc
1846 1958 1942 2015 ad-

361 2060 599 2112 oremus,
629 2063 736 2103 non
758 2047 826 2101 εἰη
851 2047 1028 2102 forma
1053 2049 1192 2104 servi
1227 2064 1352 2105 eum
1380 2049 1721 2106 attendentes
1739 2090 1755 2115 ,
1786 2058 1948 2121 pute-

357 2152 479 2192 mus
500 2152 622 2191 eum
652 2137 926 2193 hominem
952 2155 1164 2210 purum.
1196 2139 1256 2194 In
1287 2140 1404 2211 ipso
1433 2148 1535 2208 est,
1566 2141 1658 2210 qui
1685 2141 1801 2197 haec
1828 2156 1946 2197 om-

357 2227 445 2281 nia
496 2226 641 2282 lecit.
686 2228 911 2292 Venite,
967 2229 1253 2285 adoremus
1299 2229 1619 2298 Dominum,
1668 2232 1946 2302 ploremus

356 2317 481 2384 quia
511 2318 631 2387 pius
658 2325 773 2385 est,
807 2318 922 2388 ipse
951 2327 1033 2374 est
1060 2320 1153 2390 qui
1182 2320 1308 2376 fecit
1337 2337 1457 2377 nos.
1498 2321 1618 2393 Ipse
1646 2330 1730 2378 est
1765 2330 1952 2394 pastor

356 2412 511 2481 cujus
540 2429 640 2471 nos
660 2429 792 2469 oves
816 2429 1020 2469 sumus.
1073 2414 1366 2472 Audiamus
1396 2430 1583 2473 vocem
1604 2416 1750 2487 ejus,
1782 2425 1839 2473 et
1864 2433 1953 2474 se-

361 2519 591 2572 quamur
641 2519 763 2559 eum
814 2518 1140 2576 quocunque
1185 2506 1350 2561 vadit.
1397 2506 1524 2563 Ideo
1570 2507 1714 2562 enim
1763 2514 1952 2577 pastor

360 2611 547 2650 vocem
583 2595 649 2650 ad
683 2611 814 2651 oves
841 2596 1056 2661 emittit,
1088 2596 1456 2653 utaudientes
1483 2612 1606 2652 eum
1635 2604 1948 2666 sequantur.

360 2686 467 2740 Aut
511 2687 655 2742 enim
702 2701 897 2757 pascua
930 2694 1221 2756 procurat,
1263 2696 1357 2743 aut
1384 2687 1452 2743 ab
1484 2687 1688 2744 insidiis
1715 2687 1950 2743 ferarum

360 2795 555 2837 eruere
584 2780 785 2837 studet.
838 2780 987 2836 Unde
1016 2780 1292 2835 clamatur
1331 2780 1488 2836 nobis
1516 2780 1675 2836 hodie
1703 2788 1763 2836 ut
1789 2780 1836 2836 si
1862 2795 1954 2836 vo-

359 2889 480 2929 cem
513 2872 630 2942 ejus
654 2873 1016 2938 audierimus,
1050 2887 1158 2926 non
1199 2870 1525 2927 obduremus
1551 2871 1714 2926 corda
1743 2878 1948 2936 nostra,

361 2966 502 3019 sicut
547 2963 793 3019 fecerunt
838 2979 937 3033 per
965 2961 1334 3032 quadraginta
1382 2976 1554 3016 annos
1582 2960 1675 3017 ﬁlii
1702 2961 1868 3017 Israel
1894 2962 1952 3018 in

365 3071 571 3112 eremo.
623 3055 691 3111 Et
726 3056 854 3125 quia
886 3071 993 3113 non
1022 3054 1307 3110 audierunt
1342 3069 1538 3110 vocem
1566 3054 1702 3124 ejus,
1733 3070 1842 3109 non
1870 3054 1953 3109 in-

2056 1863 2365 1920 habitarent
2411 1861 2466 1916 in
2512 1860 2591 1918 eis
2638 1860 2928 1931 daemonia.
2963 1858 3063 1915 Hic
3096 1868 3278 1917 autem
3320 1862 3410 1931 qui
3453 1860 3609 1919 fabri-

2052 1957 2199 2013 cavit
2223 1955 2468 2019 domum,
2502 1954 2619 2024 ipse
2658 1960 2742 2009 est
2773 1953 2866 2024 qui
2906 1953 3076 2008 caelos
3122 1951 3281 2019 fecit;
3325 1954 3497 2009 omnis
3527 1955 3608 2025 qui

2054 2062 2163 2101 non
2233 2044 2525 2101 conﬁtetur
2585 2043 2881 2099 Dominum
2953 2043 3185 2121 Jesum,
3243 2046 3609 2102 anathemabili

2054 2135 2303 2194 fmditate
2347 2136 2671 2207 despicitur.
2725 2136 2828 2202 Qui
2876 2144 3059 2192 autem
3107 2138 3470 2203 confitentur,
3513 2136 3606 2191 ful-

2053 2230 2258 2303 gebunt
2301 2229 2445 2285 sicut
2475 2229 2555 2284 sol
2595 2231 2651 2284 in
2697 2237 2997 2301 conspectu
3035 2231 3149 2286 Dei.
3185 2229 3458 2287 Sanctitas
3483 2230 3612 2285 enim

2051 2329 2105 2377 et
2128 2319 2527 2392 magnificentia
2550 2328 2635 2376 est
2664 2321 2718 2375 in
2751 2322 2868 2390 ipsa
2905 2330 3095 2377 sancta
3119 2322 3459 2378 confessione
3488 2321 3611 2390 ejus.

2052 2412 2336 2470 Universae.
2374 2428 2505 2485 ergo
2547 2415 2735 2483 patriae
2775 2414 3020 2484 gentium
3058 2415 3394 2478 invitamini,
3430 2414 3614 2479 venite,

2052 2503 2242 2561 afferte
2285 2503 2533 2559 Domino.
2583 2504 2724 2571 Quid
2777 2506 3071 2561 sileremus
3128 2504 3390 2560 Domino?
3430 2505 3615 2557 Attene

2050 2594 2285 2664 gloriam
2333 2608 2496 2664 quam
2544 2594 2816 2649 incassum
2856 2592 3017 2648 idolis
3064 2591 3388 2663 prtebuistis.
3436 2588 3619 2643 Aﬂ'erte

2052 2686 2350 2751 honorem,
2399 2699 2508 2755 quo
2553 2684 2748 2739 frustra
2797 2684 3065 2741 idolorum
3111 2684 3382 2739 antistites
3406 2684 3619 2738 honora-

2052 2778 2171 2834 stis.
2222 2777 2418 2832 Tollite
2443 2777 2649 2833 hostias
2677 2778 2745 2832 ab
2775 2776 2963 2843 idolis,
2988 2784 3044 2832 et
3070 2777 3157 2832 hic
3202 2776 3422 2832 introite
3458 2775 3509 2829 in
3530 2773 3617 2829 do-

2052 2884 2200 2924 mum
2219 2883 2380 2938 quam
2399 2868 2711 2935 tedilicavit,
2743 2875 2799 2923 et
2817 2868 3039 2923 adorate
3066 2882 3188 2922 eum
3221 2867 3275 2922 in
3304 2868 3422 2922 aula
3452 2874 3621 2921 sancta

2053 2962 2198 3032 ejus,
2228 2971 2284 3017 et
2309 2976 2444 3031 gens
2469 2962 2616 3030 genti
2644 2961 2817 3017 dicat:
2846 2959 2981 3028 Quia
3003 2970 3147 3015 unus
3168 2959 3429 3015 Dominus
3453 2965 3623 3027 regnat

2054 3071 2086 3110 a
2134 3055 2278 3124 ligno
2322 3055 2536 3121 crucis;
2566 3054 2693 3124 quia
2720 3070 2819 3124 per
2844 3053 3045 3123 lignum
3074 3054 3521 3124 concupiscentiae
3546 3067 3624 3108 re-

365 3146 632 3202 troierunt
657 3145 711 3201 in
736 3147 976 3215 requiem
1007 3145 1144 3215 ejus.
1193 3143 1303 3200 Nos
1332 3151 1511 3199 autem
1546 3144 1826 3199 audiamus
1851 3159 1951 3214 pa-
1979 3152 2025 3217 ι]
2055 3160 2217 3216 gnum
2244 3145 2343 3202 Dei
2371 3146 2438 3201 ah
2467 3146 2775 3201 hominibus
2796 3152 3113 3211 recesserat,
3129 3146 3294 3202 modo
3320 3163 3417 3217 per
3442 3148 3624 3216 lignum

362 3246 564 3295 storem
593 3245 855 3304 nostrum,
887 3243 942 3292 et
970 3251 1260 3305 sequamur
1283 3236 1507 3305 vestigia
1535 3235 1679 3306 ejus,
1727 3243 1786 3291 ut
1825 3250 1953 3291 eva-

363 3329 553 3391 dentes
573 3336 805 3385 mortem
833 3327 1031 3383 deserti
1052 3326 1228 3397 hujus,
1259 3341 1383 3382 cum
1410 3324 1539 3381 Iesu
1567 3330 1762 3381 terram
1786 3323 1955 3381 ﬂuen-

366 3429 474 3477 tem
504 3421 644 3478 Iacte
672 3430 729 3476 et
760 3421 919 3477 melle
964 3435 1269 3476 mereamur
1306 3419 1541 3483 intrare;
1571 3418 1673 3490 ipsi
1699 3419 1871 3489 gloria
1899 3420 1953 3475 in

363 3514 555 3570 saecula
585 3513 922 3570 saeculorum.
955 3513 1143 3569 Amen.

902 3621 1220 3680 PSALMUS
1258 3623 1416 3679 XCV.

416 3719 685 3776 "Psalmus
713 3719 882 3774 David
908 3719 1124 3790 quando
1151 3719 1344 3773 domus
1371 3716 1739 3772 mdiﬁcabatur
1765 3724 1887 3788 post

947 3789 1353 3859 captivitatem.

438 3882 663 3936 Cantate
700 3880 924 3935 Domino
947 3881 1202 3934 canticum
1233 3897 1443 3945 nouum,
1481 3888 1686 3934 cantate
1711 3878 1956 3941 Domino,

367 3976 538 4030 omnis
591 3984 748 4029 terra.
781 3971 1018 4027 Cantate
1048 3970 1289 4026 Domino
1312 4011 1328 4037 ,
1369 3980 1420 4026 et
1458 3970 1738 4025 benedicite
1762 3971 1961 4024 nomini

369 4071 503 4140 ejus,
530 4068 839 4121 annuntiate
860 4066 923 4119 de
949 4065 1031 4119 die
1059 4066 1117 4119 in
1143 4065 1279 4119 diem
1307 4066 1540 4119 salutare
1565 4066 1699 4136 ejus.
1744 4056 1961 4118 Annuu-

370 4162 495 4214 tiate
512 4160 654 4214 inter
680 4167 853 4230 gentes
884 4160 1105 4230 gloriam
1124 4160 1257 4230 ejus,
1280 4160 1336 4212 in
1366 4159 1600 4214 omnibus
1629 4158 1830 4230 populis
1858 4159 1959 4212 mi-

362 4250 559 4307 rabilia
585 4251 717 4321 ejus.
771 4248 1029 4314 Quoniam
1056 4267 1277 4322 magnus
1308 4250 1563 4306 Dominus
1603 4260 1652 4305 et
1677 4251 1961 4306 laudabilis

368 4346 550 4410 nimis,
583 4341 822 4398 terribilis
851 4352 925 4398 est
943 4359 1098 4413 super
1125 4359 1300 4398 omnes
1311 4343 1468 4399 ~deos.
1511 4341 1962 4408 Quoniam-omnes

371 4435 446 4488 «lii
493 4436 721 4505 gentium
760 4434 1018 4488 dwmonia
1042 4476 1057 4498 ,
1103 4433 1360 4488 Dominus
1407 4444 1578 4489 autem
1608 4436 1772 4490 caelos
1821 4436 1961 4507 fecit.

2055 3237 2231 3294 crucis
2275 3252 2499 3306 regnum
2538 3251 2813 3292 reversum
2858 3247 2941 3292 est
2967 3235 3096 3304 Dei,
3144 3238 3236 3306 qui
3266 3238 3495 3293 ﬁrmavit
3520 3252 3627 3292 eam

2054 3328 2110 3385 in
2140 3330 2326 3385 orbem
2352 3337 2529 3394 terrm,
2561 3337 2619 3383 ut
2648 3344 2755 3384 non
2780 3336 3205 3383 commoveatur.
3239 3327 3301 3383 In
3329 3343 3433 3397 qua
3460 3326 3628 3383 Eccle-

2055 3421 2135 3477 sia
2156 3421 2363 3491 judicat
2391 3419 2620 3491 populos
2641 3420 2694 3474 in
2724 3419 3008 3489 aequitate,
3041 3426 3097 3474 et
3123 3426 3318 3489 gentes
3343 3421 3396 3475 in
3425 3420 3500 3474 ira
3523 3434 3628 3474 sua.

2057 3512 2164 3569 Pro
2204 3514 2316 3570 hoc
2361 3529 2527 3585 opere
2573 3513 2823 3567 laetantur
2857 3511 2981 3568 cceli
3008 3512 3062 3566 in
3091 3513 3322 3578 sanctis,
3356 3514 3560 3568 laetatur
3584 3520 3632 3566 et

2057 3611 2202 3660 terra
2233 3604 2286 3658 in
2317 3604 2473 3659 nobis
2502 3602 2893 3674 peccatoribus.
2944 3602 3021 3657 Ad
3051 3603 3156 3658 hoc
3177 3603 3432 3671 gaudium
3458 3618 3634 3659 move-

2057 3704 2147 3751 tur
2175 3711 2323 3752 mare
2345 3737 2361 3762 ,
2400 3696 2590 3764 vulgus
2617 3696 2853 3764 ignobile
2882 3703 2937 3750 et
2965 3694 3252 3762 ﬂuctuans,
3292 3705 3349 3753 et
3375 3693 3636 3768 plenitudo

2058 3785 2205 3855 ejus,
2254 3786 2457 3850 idest,
2490 3786 2683 3841 divites
2711 3786 2855 3855 pleni
2889 3787 3110 3856 opibus,
3163 3786 3201 3840 ii
3237 3792 3638 3842 commoventur

2059 3879 2297 3935 ridentes
2320 3878 2551 3934 humiles
2567 3878 2804 3945 Christi,
2843 3887 2906 3933 et
2932 3879 3168 3948 psalmos
3196 3877 3338 3947 ejus,
3370 3887 3428 3934 et
3453 3877 3640 3934 doctri-

2061 3988 2186 4028 nam
2233 3972 2350 4042 ejus
2376 3971 2594 4041 frigidas
2632 3972 2836 4026 nmnias
2881 3979 3278 4042 computantes.
3330 3971 3498 4040 Ligna
3522 3985 3641 4026 vero

2061 4062 2440 4132 silva'rum,qui
2469 4062 2630 4132 lignei
2658 4070 2713 4117 et
2734 4062 3009 4117 silvestres
3045 4061 3299 4117 videntur
3337 4062 3524 4119 mundi
3565 4076 3642 4117 sa-

2060 4154 2351 4226 pientibus,
2385 4162 2513 4209 tunc
2539 4152 2886 4209 essultahunt
2905 4159 3031 4206 ante
3054 4151 3246 4207 faciem
3271 4152 3508 4219 Domini,
3531 4166 3644 4209 cum

2062 4246 2272 4302 venerit
2293 4244 2540 4315 judicare
2567 4252 2832 4301 terrenos.
2879 4243 2996 4300 Non
3025 4245 3168 4299 enim
3192 4245 3424 4315 judicat,
3448 4254 3508 4302 ut
3533 4261 3644 4316 per-

2062 4356 2224 4396 sonas
2269 4340 2572 4411 potentium
2620 4338 2880 4409 accipiat,
2923 4337 3017 4394 sed
3056 4338 3170 4394 sola
3198 4341 3457 4408 aequitate
3485 4345 3646 4395 totum

2065 4433 2253 4487 orbem
2282 4441 2547 4486 terrarum
2573 4429 2812 4501 judicat,
2844 4438 2900 4485 et
2916 4430 3235 4505 populosin
3264 4433 3498 4487 veritate
3514 4444 3645 4487 «con-

372 4524 644 4594 Confessio
670 4533 719 4579 et
748 4523 1073 4590 pulchritudo
1101 4524 1157 4576 in
1184 4533 1455 4594 conspectu
1483 4525 1598 4594 ejus
1618 4565 1634 4589 ,
1662 4527 1963 4579 .sanctimo-
1992 4519 2041 4578 D
2068 4524 2244 4581 ﬁrmat
2271 4541 2371 4597 per
2396 4526 2577 4582 omnia
2604 4524 2799 4580 saecula
2827 4524 3163 4580 saeculorum.
3194 4523 3389 4579 Amen.

372 4617 463 4668 nia
491 4619 560 4668 .el
600 4616 991 4687 magniﬁcentia
1037 4615 1093 4668 in
1138 4615 1549 4684 sanctiﬁcatione
1590 4617 1720 4686 ejus.
1767 4616 1964 4686 Alfcrte

373 4709 602 4764 Domino
622 4710 809 4781 patria:
827 4708 1075 4780 gentium,
1100 4707 1287 4777 afferte
1306 4706 1535 4762 Domino
1554 4707 1775 4779 gloriam
1797 4719 1846 4763 et
1870 4709 1964 4764 ko-

376 4817 572 4865 norem,
601 4800 784 4868 aﬂerte
827 4799 1052 4853 Domino
1098 4798 1321 4869 gloriam
1365 4799 1562 4853 nomini
1589 4786 1749 4870 ejus;
1779 4799 1967 4854 Tollite

374 4893 593 4953 hostias,
626 4899 675 4943 et
702 4893 913 4945 introite
939 4893 994 4945 in
1024 4893 1161 4945 atria
1180 4891 1319 4962 ejus,
1352 4892 1570 4946 adorata
1598 4891 1877 4948 Dominum
1905 4896 1962 4950 in

376 4983 515 5035 atrio
535 4990 728 5036 sancto
752 4983 883 5053 ejus.
929 4983 1316 5037 Commoveatur
1342 5000 1374 5036 α
1401 4984 1537 5055 {acie
1575 4984 1685 5055 ejus
1726 4987 1966 5040 universa

366 5083 550 5133 τίει-να.
586 5072 740 5127 dicite
766 5073 820 5126 in
847 5072 1236 5144 gentibusquia
1272 5073 1525 5130 Dominus
1561 5077 1811 5148 regnauit.
1864 5075 1966 5130 Et-

374 5165 513 5221 enim
535 5164 759 5219 correxit
785 5161 956 5217 orbem
980 5171 1150 5230 teme,
1173 5167 1258 5235 qui
1278 5179 1381 5219 non
1397 5166 1969 5240 commorebitur,-judi-

367 5257 517 5312 cabit
538 5254 755 5328 populos
797 5257 852 5309 in
901 5257 1160 5327 aequitate.
1198 5254 1468 5311 Ltutentur
1509 5258 1623 5313 coeli
1670 5268 1720 5312 et
1750 5260 1969 5314 exsultet

382 5357 552 5412 terra;
582 5348 1133 5403 commoveaturmare
1152 5347 1485 5419 et-plenitudo
1514 5351 1646 5421 ejus,
1676 5351 1971 5422 gaudebunt

384 5440 551 5510 campi
575 5450 624 5494 et
643 5440 818 5494 omnia
842 5455 957 5510 qua:
981 5439 1035 5492 in
1056 5439 1129 5493 eis
1158 5447 1297 5492 sunt.
1350 5438 1492 5493 Tunc
1511 5440 1841 5496 exsultabant
1868 5458 1974 5497 om-

387 5530 475 5582 nia
498 5530 641 5600 ligna
665 5529 909 5584 silvarum
938 5546 969 5581 a
993 5530 1128 5600 facie
1153 5527 1383 5595 Domini,
1407 5533 1529 5603 quia
1556 5534 1709 5597 venit,
1731 5535 1972 5604 quoniam

2594 4637 2912 4694 PSALMUS
2939 4635 3120 4693 XCVI.

2150 4731 2402 4790 Psalmns
2424 4733 2525 4804 ipsi
2551 4731 2740 4799 David,
2774 4730 2991 4856 qtttando
3017 4737 3161 4785 terra
3188 4729 3308 4799 ejus
3335 4729 3584 4785 restituta

2758 4819 2816 4856 es
2868 4818 2938 4856 ei.

2758 4818 2840 4857 εει
2868 4818 2916 4856 ει
2925 4842 2938 4855 .

2144 4894 2398 4951 Dominus
2443 4894 2692 4965 regnarit,
2743 4891 2959 4947 exsultet
2996 4899 3135 4945 terra
3157 4929 3172 4954 ,
3205 4889 3450 4944 ltetentur
3473 4885 3652 4943 insulse

2070 4990 2265 5045 multa.
2316 4985 2494 5041 Nubes
2537 4995 2587 5041 et
2620 4986 2796 5057 caligo
2839 4985 2893 5038 in
2937 4984 3153 5038 circuitu
3177 4985 3321 5056 ejus,
3355 4983 3569 5054 justitia
3608 4990 3654 5035 et

2062 5082 2319 5154 judicium
2348 5080 2595 5135 correctio
2620 5077 2755 5132 sedis
2784 5077 2916 5147 ejus.
2951 5074 3092 5147 Ignis
3122 5085 3242 5129 ante
3268 5074 3442 5145 ipsum
3462 5087 3652 5145 prlece-

2071 5172 2192 5237 det,
2240 5180 2292 5224 et
2334 5166 2680 5240 inﬂammabit
2717 5170 2773 5221 in
2816 5167 3033 5221 circuitu
3072 5167 3308 5220 inimicos
3335 5164 3471 5235 ejus.
3531 5162 3656 5216 Illu—

2071 5272 2258 5319 xerunt
2303 5261 2511 5333 fulgura
2558 5260 2671 5330 ejus
2710 5258 2822 5313 orbi
2851 5268 3002 5311 terra:
3022 5298 3038 5323 ,
3069 5258 3196 5311 uidit
3224 5265 3275 5311 et
3299 5262 3558 5311 commoto
3584 5263 3657 5306 es:

2075 5365 2229 5409 terra.
2282 5352 2488 5407 Montes
2522 5352 2655 5405 sicut
2674 5366 2800 5404 cera
2826 5349 3091 5417 ﬂuxerunt
3131 5365 3164 5401 a
3203 5348 3337 5419 facie
3361 5344 3598 5408 Domini,
3627 5358 3656 5393 (ι

2075 5446 2209 5518 facie
2239 5442 2447 5497 Domini
2476 5443 2640 5495 omnis
2684 5448 2837 5494 terra.
2888 5437 3329 5492 Atmuntiarerunt
3364 5436 3481 5489 coeli
3499 5432 3656 5505 justi—

2078 5539 2203 5591 tiant
2228 5539 2358 5608 ejus,
2390 5543 2440 5588 et
2463 5533 2694 5588 viderunt
2720 5548 2897 5586 omnes
2923 5532 3099 5602 populi
3124 5532 3340 5602 gloriam
3360 5530 3496 5598 ejus.
3521 5525 3653 5581 Cen-

389 5621 525 5674 renit
545 5621 786 5690 judicare
811 5629 1020 5675 terram.
1070 5618 1337 5675 Judicabit
1364 5623 1535 5678 orbem
1559 5634 1706 5679 terra:
1735 5626 1789 5679 in
1817 5628 1976 5697 qui—
2079 5628 2363 5700 funduntur
2382 5640 2565 5679 omnes
2593 5625 2677 5695 qui
2698 5623 2923 5677 adorant
2948 5624 3226 5693 scu'lptilia,
3251 5634 3300 5675 et
3318 5623 3405 5691 qui
3427 5620 3655 5691 glorian-

390 5721 517 5779 tate,
535 5723 590 5768 et
614 5712 831 5779 populos
858 5715 911 5767 in
942 5713 1153 5768 veritate
1178 5728 1293 5767 sua.

2078 5728 2163 5770 tur
2211 5718 2263 5770 in
2313 5714 2602 5769 simulacris
2650 5714 2774 5768 suis.
2806 5712 3037 5767 Aderate
3079 5730 3221 5776 eum,
3263 5726 3437 5764 omnes
3478 5706 3655 5779 Angeli
