3870 6182
350 427 450 482 465

1288 404 1754 470 GOMMEN’I‘ARII
1788 402 1855 458 IN
1895 397 2220 461 PSALMOS.‘
2263 396 2453 455 PSAL.
2492 394 2713 455 XCVIII.

3491 388 3607 444 4659‘

349 545 477 614 ejus,
507 538 701 592 aitdivit
720 543 770 591 et
796 534 971 589 lctata
999 539 1077 587 est
1103 529 1251 586 Sion.
1283 526 1350 582 Et
1369 527 1750 582 exsultaverunt
1776 523 1902 593 ﬁlia:
1932 518 1979 576 Α
2005 532 2161 569 manu
2181 555 2195 579 ,
2221 517 2376 571 simul
2402 525 2597 571 montes
2627 515 2957 571 exsultabant
2985 531 3017 567 a
3042 522 3313 584 conspectu
3356 509 3580 577 Domini,
3638 568 3643 571 Α

353 603 499 688 inda
539 637 749 701 propter
784 625 982 698 judicia
1013 631 1101 676 tua
1124 663 1139 688 ,
1171 620 1409 674 Domine.
1440 616 1695 681 Quoniam
1726 626 1776 669 tu
1805 613 1915 670 Do-
2016 609 2257 678 quoniam
2300 610 2434 664 venit
2473 609 2713 681 judicare
2752 616 2961 661 terram.
2992 605 3257 660 Judicabit
3283 603 3455 660 orbem
3486 613 3592 657 ter-

353 728 514 780 minus
540 698 833 776 Altissimus
854 735 1006 789 super
1031 731 1227 771 omnem
1252 722 1455 777 terram,
1480 710 1632 763 nimis
1661 707 1919 761 exaltatus
2016 716 2193 753 rarum
2220 700 2274 754 in
2294 699 2501 769 justitia
2528 709 2576 753 et
2601 700 2814 771 populos
2842 700 2896 753 in
2925 698 3183 769 aequitate.

351 832 401 870 es
443 830 597 884 super
642 827 815 866 omnes
857 808 995 862 deos.
1047 803 1146 870 Qui
1194 804 1407 874 diligitis
1458 800 1753 863 Dominum,
1784 795 1921 851 adite

353 905 541 960 malum
567 919 583 954 :
613 898 832 954 custodit
863 896 1112 951 Dominus
1140 894 1341 946 animos
1369 899 1662 945 sanctorum
1690 901 1917 949 suorum,

353 994 414 1048 de
438 1008 595 1047 manu
623 996 944 1061 peccatorum
974 982 1207 1039 liberabit
1233 998 1339 1037 eos.
1378 979 1493 1033 Lua:
1519 987 1633 1033 orta
1659 984 1736 1031 est
1755 976 1919 1047 justo,

353 1094 402 1139 et
432 1082 584 1136 rectis
612 1079 766 1134 corde
789 1078 989 1133 ltetitia.
1020 1073 1312 1137 Lwtamini,
1339 1072 1487 1143 justi,
1518 1071 1573 1123 in
1603 1067 1844 1133 Domino,
1873 1073 1924 1121 et

356 1172 669 1244 conﬁtemini
696 1168 956 1224 memoria:
980 1163 1411 1236 sanctiﬁcationis
1441 1161 1571 1232 ejus.

925 1314 1362 1361 COIIENTABIUI.

428 1444 664 1500 Securus
690 1448 876 1496 cantas
903 1438 956 1492 in
984 1433 1331 1504 nonagesimo
1357 1437 1530 1511 sexto,
1561 1427 1650 1498 qni
1679 1428 1731 1481 in
1758 1439 1929 1481 nona-

360 1534 563 1605 gesimo
611 1531 800 1600 quinto
844 1526 1128 1581 Dominum
1166 1520 1481 1591 cognovisti.
1537 1518 1595 1573 In
1634 1518 1739 1572 hoc
1784 1517 1928 1571 enim

362 1624 593 1695 psalmo,
638 1628 694 1676 et
739 1628 880 1703 trp-ra
922 1616 1157 1672 exsultat
1200 1613 1268 1668 de
1292 1608 1683 1666 resurrectione
1710 1613 1927 1661 sancto-

364 1729 514 1778 rum,
559 1719 616 1766 et
650 1695 835 1765 Insulas
861 1723 969 1763 non
996 1718 1212 1768 omnes,
1261 1701 1356 1756 sed
1385 1700 1438 1754 iu
1466 1697 1660 1768 quibus
1686 1695 1930 1750 habitant

360 1804 554 1860 sancti.
582 1802 723 1857 Ecce
758 1800 900 1855 enim
938 1797 1119 1851 veniet
1144 1795 1283 1849 sicut
1305 1789 1552 1863 promisit
1580 1790 1631 1842 in
1660 1786 1929 1841 anteriore

2584 868 3023 909 COIIEN'I‘ARIUI.

2092 983 2298 1039 Causas
2342 983 2537 1040 cantici
2592 984 2870 1054 prmsentis
2917 984 3029 1055 ipse
3076 982 3310 1053 psalmus
3356 979 3597 1051 exponit.

2024 1074 2163 1131 Dicit
2190 1077 2353 1141 enim,
2388 1076 2510 1131 ideo
2539 1091 2739 1130 novum
2768 1075 3035 1131 canticum
3064 1082 3123 1129 ut
3150 1073 3381 1128 cantetis
3406 1071 3599 1127 exhor-

2026 1174 2128 1233 tor,
2158 1168 2284 1237 quia
2313 1167 2576 1223 mirabilia
2606 1167 2751 1232 fecit,
2783 1174 2857 1232 et,
2888 1166 3025 1222 sicut
3052 1165 3215 1230 dixit,
3238 1164 3359 1219 ideo
3386 1170 3602 1219 cantate

2025 1259 2150 1330 quia
2179 1258 2440 1313 mirabilia
2466 1257 2591 1313 fecit
2614 1275 2628 1323 ;
2652 1256 2802 1327 quasi
2822 1257 2867 1311 si
2887 1256 3121 1310 audisset
3149 1255 3249 1310 sibi
3270 1254 3373 1309 dici
3397 1271 3410 1306 :
3443 1251 3599 1308 Sem-

2026 1363 2125 1419 per
2166 1348 2431 1402 mirabilia
2477 1346 2604 1402 t‘ecit
2651 1346 2930 1409 Dominus,
2954 1361 3061 1400 non
3090 1358 3219 1413 ergo
3249 1359 3464 1408 novum,
3506 1340 3600 1397 sed

2026 1446 2181 1494 vetus
2208 1446 2291 1494 est
2317 1439 2584 1494 canticum
2612 1438 2874 1493 mirabilia
2896 1436 3073 1492 divina
3101 1443 3358 1501 cantare;
3389 1434 3454 1499 ad
3487 1434 3603 1489 1me

2028 1529 2117 1585 ille
2143 1527 2503 1599 respondeat:
2553 1528 2700 1584 Nova
2740 1527 3001 1583 mirabilia
3037 1518 3235 1581 novum
3276 1539 3489 1579 carmen
3511 1539 3603 1593 ex:

2028 1626 2275 1690 poscunt.
2320 1618 2420 1675 Dic
2445 1633 2573 1688 ergo
2602 1633 2817 1674 novum.
2866 1616 3029 1673 Nobis
3055 1632 3174 1686 qutc
3201 1623 3324 1671 sunt
3346 1629 3482 1668 nova
3512 1614 3604 1667 mi-

2028 1707 2238 1775 rabilia,
2266 1708 2659 1778 si‘interrngas,
2686 1707 2828 1763 audi.
2862 1708 3122 1762 Dixerunt
3147 1704 3333 1769 Judaei,
3366 1705 3418 1759 in
3445 1719 3603 1759 cruce

2030 1799 2209 1868 posito
2237 1798 2492 1863 Domino,
2538 1798 2752 1853 Salvum
2789 1799 2951 1869 faciat
2986 1814 3101 1851 eum
3144 1795 3356 1867 (Matth.
3396 1794 3602 1863 xxvn);

362 1894 600 1965 psahno,
627 1886 1112 1958 venietutjudicet;
1132 1886 1304 1939 nubes
1328 1890 1386 1938 et
1411 1880 1585 1948 caligo
1623 1880 1678 1933 in
1704 1876 1940 1932 circuitu-

2044 1892 2179 1946 hunc
2204 1897 2384 1945 autem
2407 1889 2634 1944 salvavit
2663 1889 2881 1944 dextera
2911 1887 3025 1957 ejus
3049 1925 3064 1950 ,
3107 1895 3161 1941 et
3186 1885 3460 1941 brachium
3485 1899 3605 1938 san-

362 1985 501 2052 ejus,
524 1981 728 2049 justitia
774 1986 830 2033 et
860 1976 1121 2046 judicium
1166 1973 1392 2029 directio
1434 1970 1580 2026 sedis
1606 1968 1744 2037 ejus.
1789 1967 1932 2036 Ignis

366 2080 492 2126 ante
537 2085 662 2125 eum
700 2066 998 2138 praecedet,
1051 2063 1187 2134 ignis
1223 2062 1330 2117 duo
1374 2057 1550 2117 ofﬁcia
1594 2065 1927 2129 peracturus.

366 2160 486 2216 Iino
510 2161 655 2216 enim
701 2158 996 2226 eodemque
1043 2161 1264 2226 aspectu
1291 2152 1500 2208 animos
1526 2151 1622 2206 Dei
1649 2150 1931 2215 illuminat,

365 2259 423 2307 et
448 2249 743 2306 inﬂammat
775 2249 1018 2304 inimicos
1039 2246 1173 2315 ejus.
1203 2244 1442 2312 Quando
1465 2242 1811 2314 apparuerint
1833 2240 1936 2295 ful-

366 2356 497 2410 gura
527 2342 646 2410 ejus
666 2339 784 2394 orbi
819 2345 997 2404 terrae,
1028 2344 1157 2391 tunc
1188 2342 1400 2390 montes
1435 2333 1579 2389 sitast
1599 2347 1724 2388 cera
1761 2330 1936 2400 lique-

368 2440 519 2490 scent
544 2440 669 2486 ante
690 2431 879 2486 faciem
900 2429 1033 2499 ejus,
1042 2435 1102 2483 et
1122 2444 1154 2483 a
1176 2426 1311 2483 facie
1329 2426 1541 2482 Domini
1560 2431 1753 2480 tremet
1773 2431 1937 2489 terra,

371 2523 724 2591 omnibusque
750 2520 912 2575 rebus
938 2517 1298 2574 metuentibus
1333 2531 1397 2572 ac
1423 2514 1832 2571 formidantibus
1856 2519 1941 2567 at-

372 2628 475 2683 que
520 2610 894 2674 trementibus,
911 2607 1302 2665 confundentur
1346 2621 1535 2662 omnes
1577 2604 1669 2674 qui
1702 2603 1943 2658 adorant

369 2704 513 2760 idola
536 2745 552 2769 ,
582 2719 705 2759 cum
740 2701 971 2757 viderint
996 2716 1184 2757 omnes
1206 2701 1260 2756 in
1288 2699 1681 2755 resurrectione
1716 2696 1942 2765 gloriam

375 2796 587 2852 Domini
628 2793 757 2849 .Iesu
800 2791 1033 2849 Christi:
1080 2799 1213 2848 tunc
1246 2792 1362 2847 sola
1406 2789 1671 2845 laetabitur
1697 2787 1859 2854 Sion,
1889 2787 1944 2842 id

373 2892 473 2950 est,
505 2883 764 2939 Ecclesia.
812 2881 1167 2936 Exsultabunt
1204 2888 1259 2935 et
1287 2877 1409 2933 ﬁlim
1439 2876 1606 2943 ludar,
1636 2876 1691 2932 id
1717 2883 1819 2941 est,
1849 2891 1942 2947 sy-

374 2988 593 3043 nagoga:
640 2987 854 3037 omnes,
908 2986 1029 3041 quae
1066 2977 1192 3025 ante
1218 2969 1518 3042 adventum
1564 2966 1778 3024 Domini
1819 2981 1945 3036 pro-

374 3065 566 3134 phetas
614 3062 916 3117 habuerunt
970 3059 1259 3115 adventum
1299 3057 1509 3113 Domini
1553 3064 1941 3127 praeconantes.

377 3152 605 3223 Propter
626 3151 825 3221 judicia
852 3151 1063 3207 Domini
1082 3150 1230 3220 ‘justa
1246 3189 1261 3216 ,
1291 3148 1660 3221 prtejudicium
1682 3148 1947 3219 posterio-

2032 1991 2178 2038 ctum
2203 1981 2316 2052 ejus
2356 1990 2487 2037 tunc
2526 1979 2740 2051 quando
2787 1987 2973 2036 notum
3004 1978 3129 2034 fecit
3156 1977 3412 2033 Dominus
3438 1976 3606 2031 salva-

2034 2081 2207 2128 tarem
2229 2088 2402 2139 suum,
2431 2074 2695 2127 suscitans
2722 2087 2845 2127 eum
2884 2088 2913 2125 a
2941 2071 3199 2136 mortuis,
3228 2071 3357 2126 etin
3383 2083 3608 2139 conspo-

2034 2172 2123 2219 ctu
2170 2164 2405 2233 gentium
2436 2163 2692 2218 revelavit
2716 2162 2975 2232 justitiam
3005 2178 3174 2217 suam.
3227 2159 3431 2216 Memor
3467 2160 3608 2215 enim

2036 2252 2135 2307 fuit
2168 2251 2544 2307 misericordiae
2583 2266 2743 2320 quam
2788 2252 3034 2322 promisit
3060 2250 3254 2317 Jacob,
3286 2251 3506 2306 dicens:
3538 2247 3608 2304 Et

2036 2360 2128 2415 ego
2160 2351 2207 2397 te
2244 2344 2435 2415 faciam
2472 2345 2526 2397 in
2566 2352 2766 2414 gentem
2811 2360 3056 2415 magnam
3102 2340 3254 2414 (Gen.
3305 2341 3420 2412 xu).
3459 2340 3609 2397 Hanc

2038 2434 2319 2488 veritatem
2367 2432 2608 2503 implevit
2651 2432 2832 2488 domui
2879 2433 3078 2498 Israel,
3119 2432 3334 2502 quando
3365 2432 3610 2488 viderunt

2039 2539 2226 2581 omnes
2274 2523 2408 2580 ﬁnes
2448 2532 2603 2580 terra:
2648 2525 2879 2579 salutare
2926 2521 3136 2579 Domini
3182 2521 3279 2575 Dei
3305 2521 3487 2576 Israel.
3547 2520 3611 2576 Et

2041 2616 2167 2671 licet
2195 2629 2382 2670 omnes
2427 2613 2714 2685 provinciae
2753 2613 2968 2668 videant
3007 2612 3240 2667 salutare
3265 2613 3496 2676 Domini,
3528 2621 3612 2666 ta-

2040 2721 2166 2762 men
2184 2707 2293 2761 hoc
2312 2721 2422 2759 non
2450 2705 2622 2760 otiose
2644 2712 2891 2760 transeat
2907 2704 3201 2758 intuentem
3225 2742 3240 2769 ,
3284 2702 3427 2772 quod
3453 2701 3613 2757 tinem

2042 2804 2269 2852 terrente
2296 2795 2649 2864 cogitationes
2676 2795 2801 2850 dum
2830 2795 3163 2864 acceperint,
3208 2801 3495 2848 nascuntur
3523 2809 3612 2848 co-

2043 2887 2329 2956 gitationes
2370 2886 2667 2941 cmlestium
2713 2900 2911 2940 rerum.
2959 2883 3027 2938 Et
3053 2884 3181 2955 ipsa;
3211 2882 3409 2939 faciunt
3445 2880 3614 2937 videri

2044 2976 2278 3033 salutare
2322 2975 2537 3032 Domini
2586 2975 2682 3030 Dei
2729 2976 2917 3030 nostri.
2962 2975 3023 3029 In
3064 2975 3169 3030 hoc
3192 2973 3369 3030 studio
3392 2975 3615 3044 jubilate

2046 3066 2292 3133 Domino,
2332 3068 2577 3122 universa
2607 3074 2769 3132 terra,
2799 3065 2850 3121 id
2879 3074 2990 3133 est,
3023 3067 3200 3122 omnia
3229 3066 3468 3121 membra
3498 3081 3616 3121 cors

2045 3159 2194 3230 poris
2220 3160 2421 3215 terreni
2447 3159 2500 3213 in
2528 3156 2706 3215 ofﬁcio
2734 3165 2931 3216 sancta:
2958 3159 3383 3213 conversationis
3406 3156 3612 3213 oil‘erte.

376 3245 450 3300 τῖε
479 3243 734 3312 temporis
760 3257 868 3299 non
893 3242 1182 3302 habebunt
1214 3240 1480 3308 Quoniam
1519 3239 1659 3295 idem
1686 3239 1945 3295 Dominus
1968 3239 2014 3303 C
2043 3251 2161 3307 Non
2180 3265 2300 3306 cum
2323 3250 2552 3315 tristitia,
2577 3240 2670 3305 sed
2702 3256 2982 3305 cantantes
3003 3250 3287 3314 exsultate;
3327 3258 3382 3305 et
3409 3250 3641 3319 psallite

374 3352 519 3392 nunc
540 3377 556 3404 ,
586 3337 678 3405 qui
711 3343 840 3391 tunc
868 3343 992 3390 ante
1018 3334 1307 3391 adventum
1343 3332 1557 3388 Domini
1581 3332 1636 3386 in
1662 3331 1945 3402 synagogis

375 3429 573 3493 illuxit,
601 3428 714 3498 ipse
732 3435 816 3483 est
841 3427 987 3483 solus
1011 3441 1171 3496 super
1209 3439 1400 3481 omnes
1435 3423 1584 3479 deos.
1630 3421 1945 3489 Quicunque

373 3535 505 3591 ergo
531 3521 732 3575 bonum
760 3518 970 3573 Domini
996 3517 1255 3586 diligatis,
1302 3515 1449 3572 odite
1476 3511 1636 3570 omne
1661 3511 1807 3582 quod
1833 3526 1945 3565 ma-

372 3614 486 3668 lum
514 3619 614 3667 est.
644 3609 702 3664 In
731 3609 854 3665 odio
883 3609 1023 3664 enim
1052 3608 1197 3674 mali,
1227 3606 1358 3662 boni
1383 3604 1596 3661 dilectio
1622 3603 1943 3673 comproba-

372 3710 483 3757 tur.
549 3700 657 3756 Sed
691 3708 747 3756 et
781 3700 828 3755 si
854 3699 947 3769 qui
981 3713 1078 3754 vos
1102 3713 1204 3769 pro
1232 3710 1418 3752 amore
1441 3694 1569 3751 boni
1594 3693 1793 3750 fuerint
1820 3708 1945 3764 per—

371 3792 577 3855 secuti,
611 3790 787 3847 secuti
813 3797 1019 3855 estote,
1059 3787 1239 3844 Nolite
1264 3789 1553 3842 timere'eos
1586 3787 1673 3857 qui
1710 3784 1949 3840 occidunt

372 3899 561 3954 corpus
609 3880 819 3953 (Matth.
848 3882 927 3951 ι).
977 3879 1227 3936 Custodit
1268 3880 1421 3935 enim
1450 3877 1711 3935 Dominus
1741 3878 1948 3933 animas

372 3980 684 4028 sanctorum
709 3986 926 4029 suorum
950 4010 979 4035 ,.
997 3979 1053 4025 et
1089 3969 1161 4026 de
1182 3984 1346 4024 manu
1372 3977 1718 4040 peccatorum
1755 3970 1949 4026 liberat

373 4077 488 4118 eas.
517 4061 658 4131 Ignis
683 4062 825 4116 enim
852 4062 945 4130 qui
973 4054 1395 4116 inﬂammaturus
1436 4067 1521 4115 est
1555 4059 1945 4130 delinquentes,

376 4153 469 4206 lux
497 4149 726 4207 efﬁcitur
745 4151 983 4222 justis,et
1007 4152 1168 4207 rectis
1195 4151 1359 4207 corde
1385 4150 1587 4207 latitia.
1619 4150 1793 4206 Nolite
1821 4165 1950 4220 ergo

374 4250 525 4298 metu
560 4257 750 4314 pana,
780 4241 876 4299 sed
904 4242 1103 4298 amoris
1125 4241 1320 4310 gaudio
1338 4256 1556 4297 servare
1577 4241 1861 4311 justitiam,
1892 4248 1952 4296 ut

373 4336 541 4390 etiam
588 4335 644 4389 in
687 4336 793 4391 hoc
835 4335 1037 4393 mundo
1073 4336 1187 4407 jam
1229 4336 1505 4405 gaudeatis
1532 4335 1586 4390 in
1609 4336 1870 4403 Domino,
1895 4344 1953 4392 et

375 4423 741 4480 conﬁteamini
768 4427 1042 4483 memoria:
1080 4426 1380 4483 sanctitatis
1417 4426 1535 4497 ejus
1558 4426 1661 4497 qui
1681 4436 1869 4497 regnat
1896 4428 1951 4483 in

374 4513 573 4569 saecula
597 4514 937 4571 saeculorum.
965 4516 1152 4571 Amen.

896 4644 1208 4702 PSALMUS
1232 4645 1451 4704 XCVII}

947 4757 1187 4816 Psalmus
1209 4759 1413 4817 David._

452 4893 676 4949 Contine
720 4893 949 4950 Domino
989 4898 1244 4952 canticum
1289 4913 1473 4952 novum
1498 4940 1513 4964 ,
1544 4897 1952 4969 iptiamirabilia

378 4989 520 5059 fecit.
554 4987 785 5044 Salvaoit
809 4990 909 5043 sibi
950 4990 1159 5069 dextera
1199 4990 1395 5061 ejus,et
1423 4989 1689 5045 brachium
1715 4998 1951 5044 sanctum

376 5078 510 5149 ejus.
540 5076 737 5133 Notum
755 5080 876 5151 fecit
912 5078 1171 5135 Dominus
1190 5081 1421 5136 salutare
1446 5097 1621 5145 suum,
1651 5082 1705 5134 in
1728 5096 1944 5151 conspe-

375 5180 463 5251 ctu
506 5173 739 5244 gentium
762 5172 997 5227 reuelauit
1017 5174 1285 5244 justitiam
1310 5189 1476 5227 suam.
1524 5171 1843 5227 Recordatus
1870 5179 1949 5227 est

354 5262 745 5316 .misericordia
787 5278 913 5326 suae,
955 5272 1006 5316 et
1027 5265 1257 5318 veritatis
1281 5279 1389 5318 suae
1411 5263 1584 5317 domui
1612 5261 1799 5317 Israel.
1857 5260 1948 5316 Vi-

381 5350 567 5403 derunt
587 5367 761 5405 omnes
787 5353 987 5406 termini
1012 5362 1161 5408 terra
1197 5355 1425 5409 salutare
1452 5352 1551 5408 Dei
1577 5355 1763 5408 nostri.
1793 5351 1946 5407 lubi-

381 5438 486 5493 late
521 5439 663 5503 Deo,
682 5443 859 5497 omnis
886 5452 1041 5507 terra,
1073 5453 1279 5499 cantate
1304 5454 1354 5499 et
1379 5444 1634 5499 exsultate
1656 5453 1707 5499 et
1724 5444 1945 5515 psallite.

380 5529 601 5586 Psallite
642 5532 865 5588 Domino
903 5535 959 5588 in
998 5535 1196 5589 cithara
1217 5576 1233 5601 ,
1259 5544 1309 5590 et
1335 5552 1455 5590 vace
1478 5535 1666 5607 psalmi
1688 5576 1705 5601 ,
1734 5537 1789 5590 in
1816 5535 1947 5589 tubis

379 5619 661 5675 ductilibus
677 5632 733 5675 et
753 5640 872 5678 voce
910 5622 1044 5679 tubte
1069 5640 1288 5681 corneae.
1338 5625 1569 5679 Jubilate
1593 5626 1648 5679 in
1677 5634 1950 5696 conspectu

380 5713 515 5782 regis
535 5711 745 5769 Domini
769 5733 786 5780 ;
816 5726 1075 5771 moveatur
1098 5734 1243 5772 mare
1264 5727 1314 5773 et
1338 5717 1601 5789 plenitudo
1628 5719 1741 5788 ejus
1756 5758 1772 5783 ,
1813 5717 1949 5771 orbis

382 5812 635 5860 terrarum
679 5816 728 5861 et
766 5808 852 5879 qui
899 5807 1130 5862 habitant
1174 5809 1226 5862 in
1268 5826 1346 5864 eo.
1415 5806 1661 5879 Flumina
1704 5806 1952 5879 plaudent

2044 3342 2099 3396 in
2121 3342 2327 3398 cithara
2349 3382 2364 3406 ,
2413 3341 2566 3411 cujus
2588 3348 2777 3397 cantor
2803 3342 2989 3396 invitat
3017 3342 3254 3397 auditum
3273 3383 3287 3407 ,
3321 3352 3375 3397 et
3390 3343 3455 3396 in
3487 3357 3616 3397 voce

2044 3432 2256 3503 psalmi,
2284 3430 2437 3500 cujus
2465 3432 2715 3503 mysteria
2746 3432 2968 3486 incitant
2995 3440 3235 3499 mentes,
3269 3433 3321 3486 in
3351 3432 3493 3488 tubis
3521 3433 3618 3487 du-

2045 3524 2258 3580 etilibus
2285 3523 2415 3578 etin
2442 3538 2581 3578 voce
2608 3522 2747 3577 tuba:
2774 3537 3002 3585 cornere,
3035 3522 3228 3592 quibus
3251 3523 3472 3578 vocibus
3494 3524 3618 3578 belli

2043 3613 2264 3669 victoria
2277 3611 2597 3668 declaratur.
2620 3610 2849 3666 Jubilate
2862 3611 2914 3666 in
2930 3619 3218 3681 conspectu
3236 3612 3373 3681 regis
3389 3613 3616 3677 Domini,
3634 3656 3642 3660 .

2044 3694 2388 3774 conspectum
2411 3701 2618 3757 Domini
2640 3708 3003 3773 praeconantes
3019 3701 3246 3757 seculis.
3270 3701 3444 3756 Nolite
3465 3703 3625 3758 times

2043 3810 2104 3850 re
2119 3833 2137 3860 ,
2157 3793 2377 3850 etiamsi:
2387 3801 2670 3850 moveatur
2694 3792 2923 3848 mundus
2944 3793 3081 3849 sicut
3109 3808 3257 3849 mare
3274 3797 3328 3848 et
3342 3793 3618 3864 plenime

2045 3884 2189 3954 ejus,
2209 3892 2266 3940 et
2283 3884 2630 3951 orbisterrm,
2666 3893 2721 3939 et
2753 3883 2943 3939 omnia
2959 3898 3091 3954 quae
3113 3883 3165 3939 in
3194 3884 3273 3938 eis
3301 3892 3443 3939 sunt.
3474 3882 3625 3940 Tunc

2044 3973 2263 4028 ﬂumina
2283 3974 2539 4045 plaudent
2578 3988 2741 4028 manu
2761 3973 2921 4029 simul
2943 3973 2997 4027 in
3018 3988 3203 4039 unum,
3229 3973 3481 4042 quoniam
3505 3974 3619 4027 nui-

2047 4064 2158 4119 Ium
2177 4079 2317 4134 pene
2335 4064 2533 4119 ﬂumen
2554 4073 2637 4120 est
2657 4064 2710 4118 in
2730 4078 2841 4133 quo
2865 4078 2970 4119 non
2990 4064 3115 4119 data
3133 4070 3258 4119 sunt
3268 4064 3487 4118 remissa
3503 4079 3624 4134 pec»

2048 4162 2311 4218 caterua,
2343 4154 2489 4209 nulla
2517 4168 2657 4223 aqua
2685 4161 2769 4208 est
2808 4164 2926 4222 qum
2947 4168 3053 4207 non
3074 4153 3299 4223 protulit
3325 4167 3393 4207 ex
3416 4168 3475 4208 se
3503 4155 3621 4208 ani-

2048 4259 2193 4299 mam
2223 4244 2488 4299 viventem
2516 4242 2585 4298 ad
2610 4244 2773 4297 vitam
2791 4249 3064 4297 aeternam.
3094 4241 3150 4297 In
3173 4257 3281 4310 quo
3303 4241 3444 4297 facto
3470 4258 3625 4297 mon—-

2051 4344 2133 4390 tes
2177 4333 2539 4399 exsultabant,
2579 4347 2647 4388 ex
2692 4346 2916 4401 quorum
2944 4330 3237 4386 visceribus
3279 4332 3625 4400 egrediuntur

2051 4424 2227 4481 fontes
2270 4424 2363 4494 qui
2392 4422 2592 4479 faciunt
2632 4420 2849 4477 ﬂumina
2873 4462 2887 4487 ,
2935 4429 3409 4490 montesquorum
3446 4423 3625 4493 capita

2053 4519 2220 4576 culos
2245 4518 2490 4590 pulsant,
2508 4532 2735 4589 quorum
2763 4517 3088 4572 habitatores
3113 4517 3250 4572 callo
3278 4517 3439 4573 vicini
3460 4527 3618 4573 sunt.

1983 4597 2036 4660 Ι)
2059 4609 2124 4666 Ili
2152 4610 2494 4667 essultabunt
2530 4625 2651 4666 cum
2685 4609 2895 4664 venerit
2916 4608 3081 4677 judex
3101 4645 3116 4671 ,
3141 4616 3200 4661 ut
3213 4607 3419 4676 judicet
3437 4608 3624 4664 orbem

2054 4712 2213 4760 terra:
2252 4704 2307 4758 in
2342 4703 2630 4773 aequitate,
2672 4710 2727 4756 et
2776 4700 3000 4770 populos
3043 4699 3096 4753 in
3128 4699 3373 4755 veritate.
3432 4696 3628 4754 Omnes

2054 4792 2225 4848 sancti
2251 4790 2621 4855 exsultabant,
2651 4789 2775 4857 quia
2805 4795 3176 4841 remunerator
3202 4787 3501 4842 sanctitatis
3527 4787 3623 4841 ade

2052 4884 2232 4949 venit,
2261 4883 2354 4953 qui
2381 4890 2569 4950 regnat
2592 4881 2646 4935 in
2667 4878 2861 4934 smcula
2890 4877 3223 4934 saeculorum.
3257 4879 3446 4935 Amen.

2548 5007 2862 5065 BSALMUS
2900 5006 3125 5063 XCVIII.

2610 5119 2850 5177 Psalmus
2876 5119 3069 5175 David.

2121 5258 2374 5315 Dominus
2400 5256 2952 5328 regnavit,irascontur
2978 5256 3178 5327 populi,
3195 5256 3280 5326 qui
3309 5253 3449 5307 sedet
3475 5270 3627 5324 super

2050 5349 2315 5413 cherubin,
2338 5356 2599 5403 moveatur
2628 5356 2785 5402 terra.
2816 5345 3069 5401 Dominus
3093 5347 3147 5399 in
3181 5343 3311 5398 Sion
3331 5355 3627 5415 magnus;et

2051 5440 2280 5496 melsus
2327 5455 2479 5510 super
2522 5454 2698 5493 omnes
2744 5438 2979 5509 populos.
3025 5433 3382 5504 Conﬁteautur
3427 5437 3631 5488 κοπιπηὶ

2054 5542 2139 5588 tua
2159 5548 2366 5603 magno,
2397 5530 2639 5602 quoniam
2681 5528 2903 5584 terribile
2927 5536 2977 5581 et
3002 5534 3235 5579 sanctum
3262 5532 3355 5587 est,
3386 5533 3436 5578 et
3461 5524 3628 5582 honor

2051 5624 2186 5695 regis
2226 5623 2480 5694 judicium
2517 5621 2704 5692 diligit.
2749 5618 2823 5673 Tu
2869 5616 3064 5687 parasti
3111 5614 3446 5681 directiones,
3478 5617 3626 5687 judi-

2054 5716 2189 5770 cium
2230 5724 2281 5769 et
2314 5714 2572 5783 justitiam
2595 5713 2649 5764 in
2676 5707 2836 5765 Iacob
2864 5716 2915 5760 tu
2954 5705 3138 5770 fecisti.
3174 5703 3418 5760 Exaltate
3449 5705 3626 5760 Domi-

2054 5821 2174 5860 num
2204 5803 2369 5860 Deum
2398 5810 2646 5867 nostrum,
2693 5806 2742 5852 et
2767 5796 2981 5853 adorate
3005 5793 3278 5851 scabellum
3307 5796 3486 5868 pedum
3499 5795 3632 5863 ejus,
