3870 6182
300 359 398 412 ιω

1631 354 1902 414 ARNOBII
1943 353 2247 416 JUNIORIS
3188 408 3191 410 .
3457 366 3548 421 463

297 474 541 543 quoniam
570 480 804 526 sanctum
835 483 925 529 est.
963 471 1165 544 Moyses
1188 484 1236 526 et
1266 473 1437 527 Aaron
1462 474 1516 526 in
1538 469 1888 526 sacerdotibus
1918 471 1965 528 Α
1996 469 2180 543 Moyse
2231 473 2442 530 locutus
2471 482 2571 530 est.
2605 474 2722 544 ipse
2762 459 2850 529 est.
2892 473 3040 529 Deus.
3067 474 3158 544 qui
3198 475 3318 530 fecit
3354 494 3470 543 nos,
3493 480 3552 537 de

295 565 426 635 ejus,
456 574 503 618 et
533 563 749 618 Samuel
775 566 909 618 inter
936 583 1022 618 eos
1043 566 1128 637 qui
1155 565 1394 619 invocant
1422 581 1607 619 nomen
1635 566 1765 636 ejus.
1802 563 1890 617 In-

295 657 547 711 tocabant
576 655 930 713 Dominum,ct
958 659 1066 728 ipse
1087 657 1398 712 exaudiebat
1423 676 1509 712 eos
1526 699 1540 723 ,
1567 659 1620 712 in
1647 657 1888 711 columna

297 749 443 803 nubis
470 747 770 821 loquebatur
790 749 861 802 ad
899 766 1005 803 eos.
1033 747 1400 803 Custodiebant
1430 751 1721 803 testimonia
1750 750 1880 818 ejus,

293 850 346 894 et
371 850 684 912 praeceptum
705 841 841 912 quod
867 841 1006 895 dedit
1030 842 1152 895 illis.
1185 839 1407 894 Domine
1434 839 1572 894 Deus
1612 849 1803 903 noster,
1833 848 1887 891 tu

293 929 608 986 cxaudiebas
639 947 760 995 eos;
790 931 926 985 Deus
969 941 1019 985 tu
1069 933 1321 1003 propitius
1351 933 1495 1003 fuisti
1539 933 1630 996 eis,
1664 941 1713 984 et
1759 931 1889 984 ulci-

293 1038 439 1076 scens
466 1023 518 1077 in
549 1039 726 1103 omnes
758 1024 1146 1078 adinventiones
1174 1042 1222 1079 eo.
1238 1041 1370 1078 rum.
1419 1021 1662 1076 Exaltate
1707 1020 1888 1076 Domi-

295 1132 417 1168 num
443 1113 610 1169 Deum
650 1126 901 1181 nostrum,
932 1125 981 1169 et
1019 1115 1235 1170 adorale
1263 1117 1314 1170 in
1343 1124 1514 1171 monte
1551 1124 1730 1168 sancto
1776 1112 1911 1184 ejus,

294 1208 537 1276 quoniam
565 1216 776 1261 sanctus
799 1207 1052 1262 Dominus
1074 1206 1213 1261 Deus
1242 1216 1433 1261 noster.

878 1357 1311 1397 COMMENTARIUM.

365 1477 670 1533 lrascantur
714 1477 932 1548 populi,
982 1487 1038 1532 et
1083 1478 1138 1532 in
1186 1475 1420 1532 elatione
1464 1477 1743 1532 Dominum
1791 1493 1891 1534 no-

295 1583 466 1630 strum
495 1572 677 1629 Jesum
706 1571 976 1628 Christum
1003 1573 1286 1644 aspiciant.
1312 1573 1429 1644 Ipse
1457 1573 1701 1642 regnavit
1728 1587 1889 1643 quem

295 1683 522 1738 regnare
542 1684 703 1739 super
729 1685 789 1724 se
818 1684 925 1724 non
954 1675 1163 1740 putant.
1197 1667 1317 1739 ipse
1336 1668 1486 1724 sedet
1506 1685 1668 1739 super
1695 1670 1889 1725 cheru-

297 1759 406 1824 bin,
431 1767 905 1829 quantumcunque
927 1767 1207 1816 moveatur
1227 1767 1390 1814 terra.
1408 1759 1527 1830 ipse
1555 1759 1659 1815 erit
1678 1761 1730 1814 in
1761 1758 1889 1815 Sion

1993 579 2101 633 quo
2123 564 2334 636 Moyses
2364 565 2574 622 locutus
2603 574 2716 633 est,
2748 565 2892 636 quod
2923 565 3111 622 fecerit
3139 567 3402 623 hominem
3424 571 3553 640 ;ipse

1992 655 2119 712 fecit
2150 673 2270 724 nos,
2313 658 2430 727 ejus
2467 659 2610 714 enim
2637 657 2843 713 factura
2871 673 3056 713 sumus
3101 674 3283 714 omnes
3311 660 3550 716 homines.

1991 747 2232 820 Denique
2261 751 2415 804 multi
2462 751 2738 820 cupientes
2767 749 2935 816 tilios,
2967 750 3093 820 quia
3135 749 3272 805 Deus
3306 767 3408 806 non
3453 751 3553 820 dat,

1993 857 2098 896 non
2136 842 2360 898 habent.
2396 842 2546 897 Multi
2570 843 2837 911 nolentes,
2870 843 2994 913 quia
3040 843 3361 899 seminantes
3387 845 3556 902 nolunt

1991 930 2242 997 fructum,
2273 949 2340 988 eo
2367 933 2509 1002 quod
2537 942 2723 989 contra
2755 933 2997 989 ordinem
3026 934 3231 1000 nolunt,
3267 936 3420 990 etiam
3444 939 3558 1006 quia

1992 1023 2189 1092 injuste
2217 1026 2441 1090 nolunt,
2471 1025 2617 1082 Deus
2653 1026 2796 1096 juste
2843 1035 3147 1084 creaturam
3189 1026 3335 1096 jubet
3386 1031 3558 1084 semini

1991 1114 2121 1170 dare
2141 1132 2486 1186 responsum;
2511 1125 2566 1173 et
2605 1126 2662 1172 ut
2691 1119 2949 1189 probetur
2977 1118 3104 1189 quia
3145 1119 3258 1187 ipse
3287 1117 3406 1173 fecit
3442 1135 3558 1184 nos,

1991 1208 2119 1262 dum
2150 1225 2258 1264 non
2291 1219 2478 1265 nostro
2519 1210 2742 1264 arbitrio
2771 1211 2857 1264 vel
2886 1210 3084 1265 dantur
3111 1210 3236 1276 lilii,
3270 1211 3354 1266 vel
3380 1226 3558 1279 negan-

1991 1307 2099 1354 tur.
2131 1299 2293 1370 Ergo,
2329 1302 2453 1372 quia
2491 1303 2607 1373 ejus
2636 1303 2866 1372 populus
2906 1318 3107 1368 sumus,
3139 1301 3423 1358 efﬁciamur
3446 1319 3561 1359 oves

1992 1407 2207 1462 pascute
2248 1392 2385 1462 ejus,
2413 1402 2770 1463 agnoscentes
2817 1403 3092 1464 pastorem
3137 1393 3400 1449 dicentem
3425 1413 3437 1446 :
3461 1393 3560 1467 Ego

1991 1500 2106 1538 sum
2134 1494 2314 1555 pastor
2351 1483 2510 1540 bonus
2541 1485 2718 1555 (Joan.
2753 1497 2808 1556 ι)
2827 1528 2841 1554 ,
2874 1495 2931 1540 et
2958 1486 3219 1542 intremus
3243 1494 3423 1556 portas
3459 1486 3562 1555 ejus

1993 1574 2048 1628 in
2083 1574 2422 1631 confessione
2469 1577 2722 1643 unitatis;
2765 1567 3048 1636 laudantes
3091 1593 3290 1633 nomen
3337 1585 3562 1632 sanctum

1994 1665 2130 1736 ejus,
2162 1668 2288 1737 quia
2334 1669 2514 1726 suavis
2541 1678 2661 1736 est;
2692 1670 3007 1736 credentes,
3049 1657 3173 1739 qtiia
3219 1677 3305 1724 est
3344 1670 3392 1722 in
3419 1677 3562 1723 mter-

1995 1775 2124 1812 num
2152 1760 2522 1816 misericordia
2543 1760 2660 1830 ejus
2683 1760 3044 1826 credentibus,
3065 1768 3123 1814 et
3143 1758 3565 1830 promissionibus

297 1863 542 1920 magnus,
574 1850 689 1921 ipse
736 1850 984 1906 excelsus
1030 1865 1194 1916 super
1239 1865 1430 1904 omnes
1456 1850 1706 1920 populos.
1749 1848 1892 1905 Sane
1923 1848 1970 1908 B
1995 1851 2112 1921 ejus
2132 1851 2350 1915 veritas.
2381 1867 2502 1922 qua:
2528 1860 2711 1908 manet
2737 1853 2792 1907 in
2820 1851 3014 1908 saecula
3027 1852 3363 1907 saeculorum.
3388 1849 3562 1903 Amen.

299 1941 403 1996 hoc
423 1941 562 1996 scire
589 1955 687 1995 nos
715 1941 987 2006 convenit,
1010 1940 1154 2010 quod
1183 1941 1359 1995 honor
1376 1940 1517 2009 regis
1531 1938 1791 2010 judicium
1811 1941 1892 1996 di-

301 2032 448 2100 ligit;
481 2047 589 2087 non
617 2031 763 2087 enim
793 2031 985 2086 timent
1023 2029 1303 2099 judicium,
1336 2029 1439 2084 nisi
1490 2030 1582 2099 qui
1623 2045 1682 2085 se
1717 2030 1895 2085 sciunt

299 2124 500 2179 habere
525 2123 670 2196 quod
693 2123 815 2192 jure
852 2125 1124 2195 puniatur,
1158 2122 1356 2178 factum
1396 2123 1602 2178 scilicet
1645 2137 1754 2192 quo
1794 2137 1890 2177 ex-

301 2216 598 2271 honoratus
625 2223 709 2270 est
733 2213 892 2270 Deus.
927 2213 992 2268 Hi
1022 2223 1200 2269 autem
1230 2215 1319 2284 qui
1368 2215 1631 2270 honorem
1679 2213 1892 2270 Domini

299 2308 411 2363 suis
436 2307 707 2364 mentibus
733 2317 1100 2371 servaverunt,
1125 2307 1177 2362 hi
1193 2306 1451 2376 judicium
1481 2308 1707 2376 diligunt
1725 2325 1738 2360 :
1756 2308 1894 2362 sicut

299 2400 375 2455 illi
397 2415 429 2456 e
457 2400 728 2456 contrario
745 2407 1010 2466 metuunt,
1034 2400 1125 2470 qui
1146 2400 1322 2454 sciunt
1341 2415 1400 2455 se
1430 2399 1482 2453 in
1511 2399 1893 2454 contumeliam

300 2493 461 2561 regis,
492 2492 625 2562 legis
646 2493 764 2563 ejus
787 2493 909 2564 jura
938 2493 1190 2557 violasse,
1223 2493 1277 2547 in
1309 2493 1505 2563 quibus
1531 2509 1628 2548 rex
1667 2493 1766 2548 iste
1793 2509 1893 2564 pa-

302 2587 442 2641 ravit
464 2587 795 2657 tequitatem.
822 2586 963 2656 Ergo
989 2586 1302 2656 mquitatem
1330 2585 1696 2642 custodientes
1714 2599 1894 2654 regem

303 2680 672 2742 honorant.et
723 2679 900 2734 honor
927 2679 1030 2733 iste
1064 2677 1322 2747 judicium
1372 2693 1484 2732 non
1527 2677 1702 2746 timet,
1765 2677 1895 2745 quin

305 2770 468 2825 immo
499 2769 660 2825 etiam
700 2769 892 2838 diligit.
925 2769 1042 2839 ipse
1089 2777 1266 2824 tamen
1292 2768 1628 2838 judicaturus
1656 2775 1758 2833 est,
1788 2768 1897 2836 ,qui

304 2860 560 2931 iustitiam
589 2870 644 2917 et
667 2861 926 2932 judicium
952 2862 1004 2916 in
1027 2861 1193 2916 Jacob
1234 2860 1376 2927 fecit,
1420 2861 1512 2929 qui
1532 2861 1721 2915 habuit
1747 2859 1900 2932 Moy-

304 2969 400 3010 sen
431 2963 487 3010 et
515 2955 694 3010 Aaron
721 2955 773 3009 in
803 2955 1173 3010 sacerdotibus
1192 2955 1321 3020 suis,
1343 2954 1434 3023 qui
1459 2955 1646 3009 habuit
1669 2954 1898 3010 Samue-

306 3045 410 3101 lem
456 3045 686 3101 similem
715 3045 864 3116 ipsis.
895 3045 1074 3116 Ipsum
1111 3061 1270 3114 quem
1313 3046 1399 3100 isti
1432 3045 1818 3100 invocaverunt
1845 3051 1901 3099 et

306 3137 542 3192 exauditi
581 3145 724 3202 sunt,
756 3152 879 3192 cum
919 3137 973 3191 in
1004 3137 1252 3192 columna
1291 3136 1445 3192 nubis
1484 3136 1806 3206 loquebatur
1831 3135 1898 3191 ad

2577 1983 2893 2042 PSALMUS
2929 1982 2990 2040 C.

2481 2099 2722 2155 Psalmus
2761 2099 2862 2170 ipsi
2895 2097 3081 2153 David.

2069 2232 2487 2288 Misericordiam
2531 2243 2583 2288 et
2618 2233 2876 2305 judicium
2919 2233 3141 2288 cantabo
3183 2233 3296 2297 tibi,
3342 2231 3563 2287 Domine.

1997 2327 2237 2381 Psallam
2257 2336 2306 2380 et
2324 2327 2613 2398 intelligam
2642 2328 2697 2380 in
2728 2327 2808 2380 via
2837 2325 3190 2388 immaculata,
3235 2324 3440 2393 quando
3493 2340 3571 2376 ve-

1997 2420 2111 2474 nies
2175 2419 2245 2472 ad
2271 2434 2369 2472 me.
2396 2416 2830 2471 Perambulabam
2857 2419 2912 2470 in
2937 2415 3233 2470 innocentia
3264 2415 3426 2469 cordis
3462 2414 3568 2473 mei.

1997 2513 2053 2566 in
2090 2511 2259 2566 medio
2288 2510 2468 2564 domus
2512 2527 2658 2565 mea.
2690 2507 2814 2564 Non
2854 2508 3204 2580 proponebant
3251 2517 3371 2560 ante
3415 2505 3570 2560 oculos

1997 2621 2138 2658 meos
2185 2621 2290 2657 rem
2328 2603 2614 2674 injustam:
2645 2603 2890 2674 facientes
2934 2600 3386 2670 prcetvaticationes
3429 2597 3570 2650 adiri.

2000 2693 2126 2748 Non
2155 2694 2373 2749 adhaesit
2401 2694 2527 2748 mihi
2559 2710 2647 2748 cor
2674 2709 2906 2764 pravum,
2939 2691 3286 2745 declinantem
3309 2706 3339 2742 a
3366 2703 3444 2742 me
3469 2703 3574 2740 ma-

2000 2785 2198 2858 lignum
2217 2801 2321 2840 non
2340 2783 2730 2856 cognoscebam.
2756 2774 3118 2836 Detrahentem
3140 2790 3337 2834 secreto
3357 2778 3575 2848 proximo

2000 2894 2113 2943 suo,
2163 2878 2298 2930 hunc
2344 2873 2700 2946 persequebar.
2752 2871 2985 2942 Superbo
3028 2871 3177 2926 oculo
3217 2882 3270 2924 et
3313 2863 3577 2923 insatiabili

2003 2969 2174 3032 corde,
2196 2966 2420 3022 cumhoc
2448 2982 2550 3020 non
2571 2964 2803 3024 edebam.
2825 2962 2976 3016 Oculi
3001 2963 3102 3016 mei
3123 2961 3192 3014 ad
3221 2961 3401 3030 fideles
3423 2967 3575 3018 terra,

2001 3070 2058 3114 ut
2083 3061 2295 3116 sedeant
2329 3074 2556 3122 mecum;
2588 3055 2858 3110 ambulans
2896 3057 2952 3109 in
2979 3056 3061 3108 uia
3107 3052 3460 3113 immaculata,
3507 3047 3580 3100 hic

2004 3155 2134 3210 mihi
2174 3153 2520 3208 ministrabat.
2547 3150 2672 3207 Non
2701 3147 2948 3204 habitabit
2968 3148 3023 3200 in
3052 3145 3222 3200 medio
3261 3143 3438 3197 domus
3468 3153 3582 3193 mets

305 3246 422 3286 eos.
448 3229 514 3285 Hi
535 3230 914 3287 custodiebant
945 3230 1248 3285 testimonia
1269 3230 1386 3300 ej'us
1408 3237 1462 3284 et
1490 3237 1755 3300 przecepta
1784 3245 1900 3299 qua:

2007 3247 2091 3319 qui
2121 3245 2248 3317 facit
2274 3243 2584 3316 superbiam,
2615 3242 2699 3314 qui
2722 3243 2944 3313 loquitur
2972 3240 3152 3310 iniqua
3179 3252 3289 3289 non
3326 3233 3511 3287 direxit
3534 3232 3583 3282 in

307 3323 454 3379 dedit
482 3323 578 3378 eis.
608 3321 923 3394 Quicunque
961 3335 1090 3390 ergo
1112 3322 1390 3376 imitantur
1418 3336 1534 3388 eos,
1565 3321 1617 3376 hi
1642 3320 1902 3391 judicium

310 3416 546 3469 futurum
577 3430 685 3469 non
716 3413 893 3470 solum
913 3430 1022 3469 non
1051 3421 1318 3479 metuunt,
1345 3412 1439 3467 sed
1460 3413 1625 3490 etiam
1653 3412 1897 3480 diligunt.

309 3506 561 3561 Dicamus
591 3519 722 3574 ergo
750 3505 978 3560 Domino
1007 3513 1196 3561 nostro
1237 3503 1366 3560 Jesu
1393 3502 1610 3560 Christo
1644 3523 1656 3557 :
1692 3503 1770 3557 Tu
1820 3519 1899 3566 es,

311 3597 554 3663 Domine,
585 3597 677 3667 qui
705 3613 829 3653 cum
857 3596 1042 3668 Moyse
1064 3604 1263 3652 etcum
1286 3597 1463 3652 Aaron
1512 3597 1725 3652 locutus
1744 3611 1822 3663 es,
1845 3603 1905 3650 tu

310 3689 575 3744 exaudisti
599 3704 713 3754 eos,
739 3697 795 3743 tu
824 3689 1087 3759 propitius
1125 3688 1270 3743 fuisti
1295 3681 1429 3754 illis,
1454 3699 1514 3743 tu
1540 3688 1821 3743 vindicasti
1850 3688 1904 3742 in

310 3782 560 3838 omnibus
607 3781 799 3836 studiis
845 3797 1054 3836 eorum.
1085 3780 1397 3836 Exaltemus
1447 3793 1577 3847 ergo
1617 3778 1904 3834 Dominum

312 3874 480 3929 Deum
511 3880 755 3929 nostrum
795 3873 848 3926 in
894 3872 1129 3927 Christo.
1181 3871 1250 3925 Et
1299 3872 1586 3927 adoremus
1628 3871 1682 3926 in
1721 3879 1906 3926 monte

313 3973 504 4020 sancto
533 3963 668 4033 ejus,
701 3963 753 4017 in
783 3962 1102 4019 celsitudine
1131 3960 1253 4017 fidei
1300 3961 1435 4031 ejus,
1461 3977 1580 4033 quae
1626 3961 1908 4016 altitudine

314 4073 410 4113 sua
432 4055 602 4112 nubes
628 4063 897 4126 penetrat,
927 4053 1055 4110 dum
1082 4054 1351 4110 credimus
1396 4054 1651 4124 quoniam
1684 4055 1798 4124 ipse
1825 4062 1910 4108 est

315 4149 573 4206 Dominus
597 4147 742 4204 Deus
773 4155 974 4212 noster,
1015 4147 1101 4203 cui
1147 4147 1316 4216 gloria
1365 4147 1417 4201 in
1464 4146 1658 4202 smcula
1684 4146 1909 4202 saeculo-

316 4257 453 4299 rum.
486 4241 678 4296 Arinen.

843 4308 969 4365 PSA
978 4308 1161 4364 LMUS
1196 4307 1357 4363 XCIX
1369 4350 1381 4362 .

751 4400 993 4457 Psalmus
1029 4402 1084 4456 in
1112 4399 1474 4456 confessione.

388 4540 617 4596 Jubilate
645 4539 776 4606 Deo,
818 4539 988 4593 omnis
1020 4545 1188 4600 terra,
1219 4536 1401 4589 sei-vite
1428 4533 1652 4589 Domino
1688 4537 1741 4589 in
1771 4535 1907 4590 lceti-

2005 3318 2276 3406 conspectu
2305 3335 2570 3390 oculorum
2591 3347 2838 3387 meorum.
2866 3328 2931 3384 In
2953 3328 3208 3382 matutino
3230 3318 3583 3393 interﬁciebam

2005 3443 2183 3482 omnes
2231 3434 2526 3496 peccatores
2569 3431 2756 3487 terraz,
2802 3427 2862 3473 ut
2907 3416 3260 3487 disperderem
3289 3414 3352 3469 de
3396 3411 3586 3467 cit'itatt

2007 3519 2218 3576 Domini
2249 3533 2424 3573 omnes
2453 3524 2724 3587 operantes
2750 3514 3091 3584 iniquitatem.

2580 3658 3021 3702 COMMENTARIUI.

2078 3785 2344 3839 Iudicium
2363 3784 2477 3837 sine
2505 3776 2865 3835 misericordia
2893 3776 2958 3828 iis
2987 3773 3074 3844 qui
3094 3787 3198 3826 non
3231 3771 3431 3842 [adurit
3451 3766 3590 3819 mise-

2009 3879 2292 3934 ricordiam
2323 3874 2537 3947 (Jerem.
2571 3871 2656 3941 u),
2687 3864 3115 3924 misericordiam
3147 3869 3330 3916 autem
3353 3858 3592 3947 facientes

2009 3969 2246 4026 evadunt
2269 3945 2552 4037 judicitnn.
2581 3957 2700 4018 Scis
2726 3972 2878 4027 ergo,
2908 3973 2942 4012 o
2973 3956 3166 4018 homo,
3200 3951 3347 4006 unde
3389 3945 3592 4019 ponaris

2009 4065 2063 4121 in
2083 4065 2360 4120 dexteram
2386 4056 2656 4130 pastoris?
2677 4053 2783 4108 Fac
2798 4047 3222 4106 misericordiam
3251 4052 3311 4100 et
3326 4039 3593 4111 judicium,

2009 4170 2232 4212 securus
2261 4129 2534 4221 exspecta.
2593 4146 2712 4202 Non
2759 4144 2903 4199 enim
2944 4139 3074 4196 dicit
3109 4136 3325 4208 injustis
3365 4131 3432 4187 ad
3474 4129 3593 4184 sini-

2009 4259 2176 4306 stram
2198 4246 2390 4317 positis
2420 4261 2433 4296 :
2468 4241 2550 4296 Ite
2577 4242 2630 4295 in
2675 4241 2849 4311 ignem
2878 4245 3147 4294 internum.
3196 4229 3326 4298 quia
3363 4222 3594 4317 mentiti3

2011 4344 2137 4415 quia
2160 4311 2425 4402 fornicati,
2449 4336 2573 4405 quia
2596 4334 2805 4388 diversa
2833 4328 3068 4383 facinora
3098 4320 3477 4383 commisistis;

2013 4409 2137 4506 quia
2172 4452 2185 4486 :
2219 4431 2448 4490 Esurivi,
2481 4438 2530 4482 et
2558 4443 2664 4480 non
2705 4422 2920 4477 dedistis
2941 4419 3067 4474 mihi
3092 4415 3446 4475 manducare;
3474 4409 3618 4471 sitivi,

2013 4503 2063 4582 et
2089 4543 2194 4582 non
2228 4522 2446 4596 putastis
2472 4536 2585 4582 me;
2613 4515 2932 4588 peregrinus,
2962 4519 3010 4564 et
3039 4525 3143 4562 non
3178 4503 3476 4574 suscepistis
3496 4512 3597 4559 me;

319 4637 411 4691 tia.
454 4633 676 4689 Introite
700 4635 755 4688 in
786 4641 1058 4703 conspectu
1085 4632 1196 4702 ejus
1234 4631 1287 4683 in
1317 4630 1678 4683 exsultatione.
1715 4626 1909 4684 Scitote
1939 4604 1985 4664 υ
2010 4621 2270 4690 inﬁrmus,
2301 4624 2348 4670 et
2378 4631 2482 4668 non
2511 4610 2756 4703 uisitaslls
2779 4623 2858 4661 ’πε
2887 4603 3100 4703 (Μαξυις
3133 4602 3299 4703 ξίν)-
3324 4597 3600 4703 (ληξῖέῗο

319 4729 560 4800 quoniam
587 4727 840 4782 Dominus
867 4728 974 4797 ipse
1002 4735 1078 4780 est
1104 4723 1276 4788 Deus;
1307 4724 1415 4794 ipse
1443 4723 1565 4794 fecit
1591 4739 1703 4786 nos,
1727 4732 1777 4776 et
1805 4739 1908 4776 non

320 4823 421 4892 ipsi
460 4838 576 4875 nos.
607 4818 838 4890 Populus
883 4818 996 4888 ejus
1035 4827 1084 4870 et
1109 4833 1224 4870 oves
1269 4830 1478 4887 pascua:
1519 4815 1658 4886 ejus,
1701 4814 1911 4867 introite

321 4913 630 4984 portas’ejus
658 4913 712 4965 in
742 4911 1084 4980 confessione,
1117 4910 1254 4963 atria
1280 4909 1393 4978 ejus
1413 4909 1468 4962 in
1497 4906 1722 4978 hymnis,
1746 4905 1913 4975 conﬁ-

322 5007 498 5062 temini
525 5006 624 5060 illi.
659 5002 897 5057 Laudate
939 5019 1123 5056 nomen
1161 5003 1274 5072 ejus
1302 5001 1588 5072 :quoniam
1632 5000 1802 5052 suavis
1837 5006 1913 5052 est

325 5099 610 5161 Dominus,
641 5097 695 5150 in
725 5105 971 5150 attentum
1017 5092 1371 5148 misericordia
1418 5093 1549 5164 ejus,
1581 5100 1628 5146 et
1678 5107 1832 5162 usque
1859 5092 1914 5144 in

322 5193 703 5263 generationem
730 5196 778 5240 et
806 5186 1185 5258 generationem
1213 5184 1398 5238 veritas
1423 5183 1553 5254 ejus.

905 5333 1340 5375 COIIENTARIUH.

398 5461 585 5516 Omnis
615 5467 755 5512 terra
779 5455 844 5510 ad
864 5453 1237 5524 jubilationem
1260 5449 1537 5509 invitatur,
1571 5453 1630 5501 ut
1657 5446 1774 5501 sine
1795 5458 1917 5515 per—

325 5571 580 5613 sonarum
603 5551 918 5624 acceptione
937 5549 1137 5603 sciatur
1151 5560 1269 5601 esse
1288 5543 1500 5599 vocatio
1521 5559 1533 5595 ε
1551 5541 1729 5596 Venite
1740 5555 1919 5594 omnes

326 5649 412 5722 qui
439 5646 707 5710 laboratis,
739 5655 788 5700 et
832 5641 1036 5697 onerati
1081 5639 1204 5693 estis
1237 5634 1461 5708 (Matth.
1498 5631 1606 5703 χι),
1639 5640 1694 5687 et
1723 5632 1918 5722 intrate

330 5742 382 5798 in
413 5745 702 5810 conspectu
729 5735 846 5803 ejus
886 5732 939 5786 in
968 5728 1348 5786 exsultatione.
1387 5723 1593 5779 Scitote
1630 5721 1773 5791 quod
1815 5721 1919 5773 Do-

331 5836 509 5896 minus
541 5830 693 5890 Jesus
738 5826 984 5884 Christus
1031 5838 1139 5881 non
1172 5829 1252 5878 est
1282 5819 1417 5876 alius
1462 5831 1620 5889 quam
1665 5816 1754 5884 qni
1796 5831 1918 5872 cum

2014 4687 2152 4779 ignis
2171 4705 2487 4762 criminibus
2513 4702 2797 4759 debeatur,
2826 4712 2921 4752 cur
2948 4691 3261 4748 criminibus
3291 4705 3400 4743 non
3435 4687 3599 4753 impu-

2014 4810 2158 4857 tetur
2185 4796 2505 4869 supplicium
2540 4807 2649 4862 quo
2689 4789 2913 4844 crimina
2943 4802 3040 4856 per
3070 4780 3500 4869 misericordiam
3519 4788 3600 4869 rc-

2013 4862 2324 4946 mittantur:
2351 4885 2432 4940 Ite
2452 4898 2600 4953 ergo,
2621 4879 2816 4949 inquit,
2841 4879 2896 4931 in
2924 4878 3098 4948 ignem
3126 4883 3376 4928 teternum
3399 4862 3597 4938 (Ibid),

2014 4984 2140 5054 quia
2162 4980 2306 5036 unde
2349 4977 2488 5046 ignis
2514 4971 2874 5040 exstinguitur
2918 4963 3339 5054 contempsistis.
3378 4955 3605 5054 Audistis

2016 5042 2160 5131 enim
2174 5042 2454 5142 scriptum,
2471 5065 2616 5139 quod
2636 5063 2962 5132 eleemosyna
2985 5075 3018 5110 a
3032 5063 3242 5128 peccato
3257 5052 3443 5107 liberat
3459 5042 3598 5116 (Tob.
3689 5062 3696 5067 τ

2019 5170 2142 5240 xu).
2179 5163 2414 5220 Audistis
2442 5161 2565 5232 quia
2605 5158 2745 5213 sicut
2772 5154 2910 5223 ignis
2953 5147 3307 5217 exstinguitur
3346 5144 3417 5240 ah
3453 5152 3601 5206 aqua,

2020 5262 2090 5314 ita
2105 5233 2181 5314 [ab
2209 5257 2551 5326 eleemosyna
2574 5249 2838 5306 tolluntur
2857 5245 3107 5300 universa
3121 5246 3364 5310 peccata.
3388 5233 3466 5326 l_te
3486 5240 3604 5294 ergo

2021 5353 2075 5408 in
2098 5353 2296 5421 ignem,
2319 5323 2653 5418 quia‘vivere
2681 5355 2805 5398 eum
2833 5337 2987 5394 vobis
3012 5349 3110 5389 vos
3135 5329 3356 5386 fecistis.
3391 5323 3504 5394 Ego
3525 5335 3605 5372 auo

2021 5455 2131 5501 tem
2160 5439 2588 5498 misericordiam
2634 5436 2786 5495 vobis
2833 5445 2998 5503 super
3033 5426 3234 5482 faciem
3261 5431 3451 5481 teme,
3489 5425 3601 5512 culti

2019 5538 2221 5612 judicio
2251 5534 2351 5591 feci
2373 5532 2602 5596 cantari,
2623 5536 2683 5584 ut
2711 5528 2800 5583 ille
2824 5522 3084 5612 judicium
3107 5516 3393 5612 evaderet,

2025 5599 2377 5684 sericordiam
2418 5637 2525 5676 non
2557 5624 2796 5687 negaret.
2833 5611 3062 5667 Psallam
3089 5622 3221 5676 ergo
3244 5613 3298 5661 et
3323 5599 3602 5687 intelligant

2027 5722 2082 5774 in
2110 5718 2199 5772 via
2229 5713 2566 5773 immaculata
2585 5748 2602 5773 ,
2628 5677 2709 5762 vet
2746 5703 3042 5772 intelligam
3068 5695 3285 5768 quando
3321 5688 3510 5786 venies.
3541 5677 3600 5750 ad

2028 5827 2137 5881 me,
2169 5819 2226 5865 ut
2255 5809 2298 5864 si
2322 5803 2587 5874 hospitem
2617 5810 2671 5855 te
2708 5797 2913 5864 videro,
2946 5790 3263 5861 suscipiam;
3291 5783 3335 5839 si
3377 5783 3594 5835 esurieuo
