3870 6182
326 344 428 400 ιω

1343 336 1815 400 COMMENTARII
1851 335 1922 394 IN
1959 334 2292 395 PSALMOS.
2336 336 2526 393 PSAL.
2567 335 2655 393 Cl.
3505 337 3611 393 Αιῗο

324 471 449 522 tem.
496 456 749 514 reﬁciam.
791 453 1095 526 intelligam
1135 453 1353 524 quando
1376 454 1580 519 venies,
1623 467 1693 509 ne
1718 458 1904 523 putem
1936 458 1979 513 Λ
2010 450 2243 519 Domini,
2265 461 2317 507 et
2342 452 2548 507 laudem
2575 452 2687 523 ejus
2725 453 2782 506 in
2822 450 3134 507 Jerusalem.
3170 450 3237 507 In
3259 456 3611 510 convenientia

322 550 739 621 qualemcunque
764 547 1061 612 hominem,
1077 553 1133 601 et
1152 560 1414 601 recusem.
1430 544 1489 600 Si
1516 544 1659 600 enim
1678 558 1903 615 peram-

321 642 494 699 bulem
521 641 573 696 in
604 639 913 697 innocentia
960 637 1142 694 cordis
1184 637 1311 703 mei,
1341 651 1449 692 non
1496 650 1744 707 propono
1778 642 1906 690 ante

321 732 505 788 oculos
549 745 700 785 meos
745 744 860 784 rem
904 729 1178 810 injustam.
1222 727 1483 797 lnjustum
1529 735 1614 782 est
1658 726 1801 781 enim
1847 733 1908 780 ut

320 824 555 882 consorti
601 830 807 878 natura;
849 837 960 877 non
1005 813 1295 887 miserear,
1347 820 1403 895 in
1455 834 1565 888 quo
1613 818 1904 884 inhabitas,

318 916 544 972 Christe.
576 913 684 970 Sed
726 921 783 970 et
822 913 1084 970 iacientes
1116 912 1618 983 praevaricationem
1655 911 1782 966 odio
1804 911 1905 965 ba-

318 1007 490 1067 beam.
522 1021 630 1060 non
652 1005 928 1061 adhaereat
952 1004 1083 1060 mibi
1113 1020 1208 1060 cor
1233 1019 1478 1075 pravum.
1502 1002 1847 1059 Declinantes
1875 1018 1909 1057 a

318 1111 400 1152 me
427 1096 694 1165 malignos
721 1112 829 1152 non
857 1109 1203 1164 cognoscam,
1228 1094 1485 1164 loquaces
1511 1092 1752 1151 occultos
1780 1106 1907 1164 per-

316 1201 530 1258 sequar,
578 1201 701 1241 cum
748 1185 996 1256 superbis
1038 1192 1095 1239 et
1121 1184 1316 1239 invidis
1355 1199 1464 1239 non
1492 1182 1904 1238 communicem.

2007 544 2222 616 populos
2250 544 2308 597 in
2343 558 2532 607 unum,
2563 554 2612 597 et
2638 560 2811 615 reges,
2859 551 2917 597 ut
2955 546 3181 598 serviant
3228 542 3475 600 Domino.
3508 544 3612 600 Re-

2005 634 2219 706 spondit
2235 636 2284 688 ei
2309 635 2366 689 in
2389 636 2472 690 uia
2502 636 2705 690 virtutis
2735 648 2878 691 sum:
2895 633 3223 692 Paucitatem
3244 637 3443 692 dierum
3469 655 3614 693 meo-

2006 741 2122 779 rum
2174 727 2358 779 nuntia
2381 725 2529 781 mihi.
2578 724 2666 780 Ne
2700 740 2903 781 revoces
2934 744 3015 782 me
3061 730 3115 783 in
3155 729 3372 784 dimidio
3411 729 3613 785 dierum

2006 834 2258 882 meorum,
2275 819 2329 871 in
2345 819 2740 890 generationeet
2755 822 3134 891 generationem
3156 825 3286 877 anni
3311 824 3403 877 tui.
3425 822 3619 887 Initio,

2010 916 2083 974 tu,
2116 908 2359 973 Domine,
2387 918 2578 964 terram
2600 910 2853 982 fundasti,
2881 920 2932 965 et
2951 929 3108 983 opera
3131 929 3380 967 manuum
3406 924 3615 969 tuarum

2008 1009 2129 1052 sunt
2155 999 2286 1055 ctuti.
2323 997 2435 1071 Ipsi
2456 999 2713 1072 peribunt,
2749 1011 2801 1055 tu
2837 1012 3009 1057 autem
3043 1021 3338 1074 permanes,
3365 1015 3414 1059 et
3432 1022 3611 1061 omnes

2008 1091 2140 1144 sicut
2169 1091 2873 1148 uestimentumveterascent.
2911 1092 2980 1146 Et
3005 1096 3137 1152 sicut
3159 1096 3478 1166 opertorium
3498 1112 3613 1149 nm-

2012 1176 2145 1237 tabis
2171 1201 2256 1239 eos
2284 1193 2334 1239 et
2353 1183 2710 1251 mutabuntur,
2735 1194 2791 1239 tu
2820 1195 2992 1241 autem
3018 1187 3155 1241 idem
3183 1189 3294 1258 ipse
3319 1204 3392 1252 es,
3417 1196 3468 1241 et
3486 1188 3639 1241 anni»

316 1277 420 1333 Sed
460 1278 572 1333 sint
597 1276 742 1333 oculi
787 1276 893 1331 mei
943 1292 1107 1346 super
1131 1275 1317 1331 ﬁdeles
1359 1283 1540 1341 teme,
1570 1274 1664 1344 qui
1712 1282 1908 1330 terram
2014 1276 2085 1329 tui
2110 1291 2215 1331 non
2244 1276 2510 1347 deﬁcient.
2536 1258 2663 1331 Filii
2690 1293 2953 1331 servorum
2975 1286 3181 1331 tuarum
3208 1276 3539 1343 habitabant,
3563 1287 3613 1331 et

298 1370 557 1440 corporis
579 1369 663 1424 sui
690 1367 923 1424 ﬁdeliter
947 1375 1185 1433 servant,
1210 1375 1271 1423 ut
1308 1367 1395 1423 isti
1424 1365 1650 1422 sedeant
1675 1380 1906 1421 mecum.
2011 1381 2181 1424 semen
2211 1384 2387 1423 eorum
2408 1368 2461 1422 in
2489 1369 2733 1423 circulum
2762 1368 3033 1442 dirigetur.

315 1462 611 1519 Ambulans
636 1468 816 1516 autem
837 1461 892 1515 in
912 1460 998 1515 via
1022 1459 1363 1516 immaculata
1382 1459 1473 1515 hic
1492 1458 1625 1514 mihi
1644 1458 1907 1513 minister.
2476 1466 2477 1469 “
2593 1515 2611 1519 Α
2627 1516 2640 1519 _
2678 1517 2686 1519 Α
2716 1516 2831 1519 an,
2880 1517 2895 1519 ,
2991 1517 3003 1519 _
3427 1498 3453 1518 .

316 1515 439 1608 ut;
458 1515 704 1623 ista...
732 1515 802 1606 τὼ
829 1551 915 1607 his
941 1550 1141 1619 aliquid
1170 1549 1431 1620 consequi
1457 1549 1549 1620 qui
1578 1549 1912 1619 reprehensi-
2584 1515 3026 1561 σοπηεκτλκιυιτ

315 1643 488 1699 uniter
510 1644 705 1698 vivunt
725 1642 777 1697 in
804 1641 968 1697 domo
993 1656 1136 1696 mea.
1167 1640 1287 1697 Non
1314 1640 1578 1696 inhabitet
1601 1639 1911 1711 superbiam
2086 1631 2338 1702 Legimus
2402 1634 2697 1690 clamorem
2747 1632 3110 1691 Sodomorum
3176 1633 3482 1691 ascendisse
3541 1634 3619 1691 ad.

315 1731 534 1799 iaciens,
560 1731 615 1787 id
640 1738 747 1796 est,
778 1732 833 1787 iu
853 1730 1019 1787 domo
1038 1731 1285 1801 corporis
1306 1732 1558 1786 meinati
1581 1730 1789 1786 habitet
1807 1730 1912 1785 ini-
2013 1724 2204 1793 Deum,
2235 1737 2293 1783 et
2318 1726 2393 1781 ita
2421 1726 2641 1783 demum
2680 1727 2972 1799 sulphureo
2998 1741 3093 1783 eos
3120 1726 3290 1783 imbre
3315 1733 3607 1783 crematos.

314 1823 504 1887 micas,
554 1824 649 1892 qui
672 1822 867 1879 suadet
902 1824 1175 1879 contemni
1195 1822 1503 1881 Dominum.
1525 1822 1659 1890 Quia
1684 1823 1800 1878 haec
1825 1830 1910 1878 est
1940 1831 1985 1893 Β
2012 1814 2166 1873 Prius
2184 1832 2316 1887 ergo
2341 1833 2505 1888 quam
2533 1820 2602 1875 ad
2620 1818 2809 1876 ﬂetum
2830 1828 2887 1876 et
2913 1818 2980 1874 ad
2996 1819 3261 1891 jejunium
3288 1835 3388 1891 pro
3415 1834 3612 1891 pecca-

313 1913 461 1971 radis
509 1914 798 1984 superbire.
828 1914 937 1969 Sed
975 1914 1031 1969 in
1069 1914 1349 1969 matutinis
1380 1912 1700 1970 interﬁciant
1722 1928 1914 1970 omnes

315 2013 631 2075 peccatores
676 2011 857 2071 terrm,
898 2004 953 2061 id
998 2014 1102 2072 est,
1138 2005 1194 2059 in
1223 2006 1342 2076 ipso
1390 2011 1514 2060 ortu
1560 2020 1662 2060 suo
1687 2011 1912 2075 peccata

314 2094 545 2151 orientia
566 2094 907 2163 interﬁciant,
929 2102 988 2151 et
1011 2097 1194 2151 vivere
1216 2112 1325 2152 non
1346 2097 1519 2152 sinam
1537 2111 1661 2152 cum
1681 2102 1912 2166 pereant

313 2185 380 2243 de
403 2188 628 2243 civitate
645 2186 885 2243 Domini.
915 2188 1118 2245 Civitas
1141 2187 1357 2245 Domini
1387 2188 1567 2243 anima
1592 2195 1778 2243 nostra
1805 2196 1909 2255 est,

314 2279 370 2333 in
384 2292 489 2347 qua
511 2278 724 2334 habitat
744 2293 843 2333 rex
859 2323 874 2348 ,
896 2284 951 2337 et
980 2282 1151 2334 sancti
1192 2279 1377 2349 apices
1396 2279 1547 2335 cives
1570 2277 1688 2345 Dei,
1721 2279 1814 2348 qui
1841 2294 1910 2335 ex

314 2372 429 2442 ipso
453 2372 591 2427 nati.
641 2371 778 2428 Cum
807 2387 939 2442 ergo
962 2381 1264 2430 nascuntur
1302 2382 1650 2445 peccatorum
1704 2375 1911 2443 cogita-

316 2462 488 2518 tiones
512 2463 571 2517 in
599 2463 798 2530 annua,
830 2478 958 2518 mox
986 2471 1047 2518 ut
1072 2472 1217 2519 nata:
1239 2463 1439 2520 iuerint
1475 2466 1808 2521 occidantur.
1840 2465 1909 2521 Et

317 2560 547 2622 pereant
564 2552 635 2608 de
652 2553 869 2611 civitate
895 2552 1110 2609 Domini
1129 2568 1319 2612 omnes
1345 2556 1437 2626 qui
1474 2565 1769 2626 operantur
1808 2557 1906 2611 iui-

313 2644 599 2714 quitatem,
628 2651 686 2698 ut
708 2645 785 2699 sit
811 2644 1069 2701 Dominus
1090 2644 1144 2719 in
1170 2646 1389 2700 civitate
1416 2660 1513 2700 sua
1541 2646 1903 2716 requiescens,

311 2749 430 2790 cum
475 2737 630 2792 omni
669 2736 935 2792 comitatu
950 2737 1234 2799 virtutum;
1259 2738 1349 2793 cui
1390 2737 1561 2809 gloria
1609 2737 1667 2793 in
1711 2738 1905 2795 smcula

310 2825 653 2882 saeculorum.
676 2825 882 2882 Ament
966 2866 993 2877 ..

894 2914 1210 2973 PSALMUS
1247 2916 1333 2974 CI.

311 3001 492 3061 Oratio
542 3008 796 3078 pauperis
834 3023 957 3063 cum
1004 3009 1338 3075 anxiaretnr,
1366 3017 1424 3063 et
1448 3023 1633 3066 coram
1675 3010 1909 3067 Domino

790 3078 978 3134 elludit
1005 3095 1223 3149 precem
1248 3096 1421 3135 suam.

2015 1908 2086 1963 tis
2111 1908 2310 1964 nostris
2353 1908 2591 1964 animum
2618 1917 3016 1977 convertamus,
3050 1926 3158 1966 non
3186 1910 3482 1966 audeamus
3527 1908 3613 1966 di-

2013 2013 2159 2067 cere,
2177 1998 2397 2057 Clamor
2421 2016 2576 2057 meus
2603 2002 2670 2057 ad
2701 2010 2754 2058 te
2781 2002 3081 2073 perveniat.
3113 2002 3190 2058 Ne
3235 2001 3374 2059 forte
3402 2018 3512 2058 non
3540 2003 3605 2060 sit

2013 2090 2137 2148 talis
2156 2092 2380 2160 clamor,
2402 2093 2497 2163 qui
2516 2090 2938 2151 miscricordiam
2957 2102 3339 2170 consequatur.
3368 2095 3446 2151 Ne
3471 2096 3607 2152 forte
3679 2148 3681 2150 .

2035 2183 2176 2240 sitin
2196 2178 2379 2251 eoirs,
2400 2190 3012 2258 causatio,.maledictio;
3034 2190 3290 2257 adulatio,
3315 2188 3601 2255 detractio,

2035 2276 2337 2344 insultatio,
2361 2281 2783 2344 mendacium,et
2799 2291 2990 2337 caetera
3013 2280 3096 2336 his
3113 2281 3269 2337 factis
3282 2282 3625 2339 similiaJiis

2032 2380 2166 2437 ergo
2184 2369 2329 2423 vitiis
2344 2368 2594 2439 pessimis
2613 2380 2799 2427 nostro
2818 2371 3055 2426 clamore
3072 2362 3321 2434 sonante,
3334 2371 3606 2441 rogandus
3624 2406 3629 2411 η

2034 2466 2122 2513 est
2145 2459 2309 2525 Deus,
2335 2475 2401 2516 ne
2423 2461 2628 2516 clamor
2644 2462 2735 2517 blc
2757 2462 2823 2516 ad
2846 2478 2965 2516 eum
2988 2462 3285 2531 perveniat.
3312 2461 3414 2518 Sed
3450 2470 3521 2525 te,
3550 2462 3629 2516 in.

2037 2551 2314 2619 siquibus
2340 2550 2495 2607 factis
2522 2554 2749 2608 ne'ariis
2790 2553 3103 2609 constitutis
3135 2553 3317 2615 nobis,
3349 2567 3635 2623 rogemus.

2037 2640 2281 2697 dientes
2300 2658 2316 2697 :
2337 2640 2415 2698 Ne
2431 2651 2645 2698 avertas
2662 2641 2852 2699 faciem
2869 2653 3014 2698 tuam
3036 2659 3068 2698 a
3099 2654 3204 2700 me.
3228 2644 3285 2698 Ei
3313 2642 3606 2699 dicendum
3628 2683 3632 2687 ‹

2038 2734 2358 2788 estzAverte
2385 2733 2572 2803 faciem
2600 2744 2745 2788 tuam
2774 2751 2806 2789 a
2832 2737 3059 2805 peccatis
3082 2732 3392 2806 meis(Psal.
3416 2748 3465 2800 L,
3493 2734 3519 2788 i
3537 2734 3605 2805 I).

2009 2824 2404 2883 Renuntiemus
2433 2841 2564 2896 ergo
2592 2827 2844 2885 omnibus
2880 2829 3028 2884 vitiis
3063 2836 3118 2883 et
3156 2826 3521 2898 passionibus,
3551 2833 3603 2881 et

2005 2916 2134 2974 facti
2154 2930 2421 2991 pauperes
2440 2920 2653 2990 spiritu,
2671 2919 2941 2991 praeterita
2970 2918 3169 2975 nostra’
3184 2919 3325 2975 facta
3347 2918 3604 2990 plangen-

2005 3016 2109 3078 tes,
2142 3011 2217 3066 ita
2239 3027 2339 3068 nos
2357 3012 2598 3081 in'bujus
2626 3013 2865 3069 carmine
2908 3011 3106 3083 psalmi
3135 3010 3421 3067 fundamus
3443 3025 3627 3066 orant

2008 3108 2107 3167 tes,
2132 3110 2194 3158 ut
2217 3102 2423 3159 clamor
2440 3109 2626 3159 noster
2652 3103 2720 3159 ad
2747 3118 2869 3159 eum
2898 3101 3197 3174 perveniat,
3230 3110 3286 3158 et
3314 3112 3423 3158 aen
3449 3116 3626 3157 avet!»

376 3189 609 3245 Donsine
626 3229 642 3256 ,
679 3191 873 3246 exaudi
908 3193 1207 3247 orationem
1235 3208 1436 3257 atem,
1465 3203 1517 3249 et
1542 3194 1741 3250 clamor
1760 3210 1905 3251 meas
1928 3196 1976 3263 C
2005 3199 2084 3247 tat
2109 3191 2301 3249 faciem
2322 3204 2477 3249 suam
2505 3209 2536 3247 a
2566 3194 2739 3249 nobis.
2767 3192 2906 3261 Quid
2942 3203 3128 3250 tamen
3146 3194 3337 3250 ﬂentes
3364 3194 3604 3250 dicamus

309 3281 379 3335 ad
402 3291 452 3336 te
474 3283 673 3338 uernat.
701 3280 828 3337 Non
852 3292 1057 3337 avertas
1081 3284 1270 3355 faciem
1298 3292 1441 3338 tuam
1482 3301 1515 3337 a
1541 3301 1654 3350 me;
1684 3286 1741 3339 in
1773 3301 1902 3357 (pta-

308 3388 507 3446 cunque
546 3372 631 3427 die
672 3373 891 3428 tribulcr
933 3374 1133 3429 inclina
1179 3376 1251 3429 ad
1284 3390 1367 3431 me
1404 3391 1583 3430 aurem
1622 3385 1788 3432 tuam.
1835 3376 1909 3434 In

309 3478 618 3535 quacunque
657 3463 743 3520 die
787 3465 1094 3519 invocarem
1144 3472 1196 3518 te
1216 3502 1232 3528 ,
1281 3466 1519 3520 uelociter
1555 3465 1748 3522 excudi
1800 3483 1903 3523 me.

311 3551 445 3619 Quia
471 3554 775 3627 defecerunt
793 3557 929 3611 sicut
951 3558 1125 3628 [unius
1145 3555 1257 3611 dies
1279 3556 1399 3623 mei,
1420 3565 1471 3612 et
1489 3574 1609 3613 ossa
1635 3574 1752 3614 mea
1770 3560 1917 3616 sicut

309 3647 559 3701 cremium
604 3654 870 3702 aruerunt.
904 3645 1189 3703 Percussus
1216 3664 1332 3703 sum
1370 3658 1428 3703 ut
1469 3651 1647 3722 fenum
1687 3660 1739 3706 et
1765 3653 1907 3708 aruit

310 3754 399 3795 cor
423 3755 621 3805 meum,
649 3739 771 3810 quia
790 3736 983 3794 oblitus
1008 3752 1123 3794 sitm
1150 3741 1415 3797 comedere
1432 3757 1622 3813 panem
1647 3759 1837 3799 meum.
1858 3744 1917 3798 Α-

308 3846 424 3886 race
449 3831 801 3904 gemitusmei
822 3832 1045 3887 adhcsit
1070 3850 1130 3887 os
1161 3819 1331 3887 meum
1353 3833 1505 3888 carni
1525 3850 1672 3890 mete.
1702 3834 1919 3893 Similis.

309 3924 473 3994 factus
523 3939 638 3978 sum
669 3924 904 3994 pelicano
941 3924 1268 3991 solitudinis,
1299 3928 1467 3997 factus
1494 3942 1610 3981 sum
1652 3930 1783 3982 sicut
1809 3946 1907 4001 ny-

308 4015 542 4070 cticoraa:
587 4016 644 4069 in
682 4014 965 4071 domicilio.
1017 4015 1263 4089 Vigilavi,
1306 4026 1359 4070 et
1399 4019 1566 4089 factus
1611 4035 1727 4073 sum
1773 4022 1906 4075 sicut

308 4124 485 4175 passer
517 4108 781 4162 solitarius
809 4108 865 4161 in
894 4116 1046 4162 tecto.
1080 4107 1213 4164 Tota
1247 4109 1330 4163 die
1356 4108 1741 4180 exprobrabant
1777 4112 1905 4166 mihi

307 4198 507 4253 inimici
544 4198 669 4262 mei,
697 4207 748 4252 et
770 4201 857 4271 qui
888 4198 1175 4253 laudabant
1214 4216 1296 4254 me
1323 4199 1596 4254 adversum
1633 4219 1717 4255 me
1750 4202 1906 4274 jura-

310 4289 452 4345 bant.
485 4285 626 4354 Quia
654 4291 878 4344 cinerem
919 4299 1165 4362 tanquam
1202 4308 1391 4363 partem
1428 4292 1826 4361 manducabam,
1855 4305 1905 4350 et

308 4389 484 4450 potum
514 4396 684 4434 meum
712 4397 827 4434 cum
856 4381 979 4451 [ictu
1017 4381 1311 4437 miscebam.
1356 4381 1399 4435 Α
1427 4385 1562 4457 facie
1599 4384 1695 4440 ira:
1732 4394 1781 4439 et
1816 4387 1902 4441 in-

311 4474 632 4546 dignationis
675 4476 960 4545 tuut,quia
1002 4475 1205 4530 elevans
1247 4474 1455 4531 allisisti
1496 4495 1596 4533 me.
1628 4476 1754 4535 Dies
1800 4482 1901 4536 mei

2011 3296 2129 3349 nos,
2158 3285 2250 3355 qui
2277 3300 2378 3355 pro
2424 3285 2661 3357 peccatis
2707 3292 2949 3351 oramus,
2978 3287 3064 3342 his
3090 3285 3374 3343 versiculis
3400 3287 3599 3343 edoce-

2009 3389 2129 3431 mur
2162 3392 2175 3427 :
2210 3373 2356 3440 Dies,
2401 3374 2593 3445 inquit,
2620 3373 2730 3431 mei
2776 3375 2917 3430 sicut
2954 3376 3141 3431 umbra
3170 3376 3600 3447 declinaverunt,

2008 3467 2057 3524 id
2088 3475 2190 3530 est,
2205 3464 2412 3538 perdidi
2440 3467 2588 3537 quod
2604 3466 2732 3533 vixi,
2759 3468 2882 3538 quia
2913 3467 2965 3522 in
2990 3466 3229 3538 peccatis
3256 3469 3397 3524 sicut
3418 3469 3625 3525 fenum.

2006 3561 2142 3615 arui.
2175 3559 2379 3615 Fanum
2425 3566 2605 3616 autem
2634 3567 2693 3615 et
2734 3560 2930 3630 stipula
2960 3569 3016 3616 et
3059 3560 3260 3630 lignum
3298 3575 3421 3617 esca
3467 3561 3626 3631 ignis

2006 3659 2108 3707 est.
2144 3648 2208 3706 Et
2237 3649 2359 3706 ideo
2387 3648 2636 3714 tribulor,
2665 3649 2790 3720 quia
2828 3658 2890 3704 et
2915 3663 3037 3706 ossa
3084 3664 3206 3705 mea
3246 3652 3381 3707 sicut
3435 3652 3599 3706 l'rixo-

2007 3740 2168 3806 rium,
2202 3742 2255 3797 id
2282 3750 2383 3807 est,
2406 3740 2718 3797 fasciculum
2745 3741 3003 3797 Sarmenti
3023 3738 3252 3808 aridum,
3271 3741 3345 3796 ita
3360 3741 3623 3798 confrixa.

2006 3843 2153 3902 sunt,
2186 3833 2373 3905 parata
2404 3832 2473 3889 ad
2502 3831 2809 3891 incendium
2846 3833 3126 3904 gehennte.
3159 3831 3452 3889 Percussus
3479 3848 3599 3887 sum

2005 3927 2146 3982 sicut
2168 3926 2448 3991 fenum,.et
2475 3927 2617 3980 aruit
2643 3941 2739 3982 cor
2766 3922 3279 3982 meum.Percussus
3299 3942 3417 3982 sum
3446 3941 3599 3983 com-

2005 4017 2299 4088 punctionc
2321 4016 2481 4072 futuri
2512 4017 2777 4087 supplicii,
2812 4026 2869 4072 et
2890 4027 3113 4090 propter
3131 4018 3236 4073 boc
3256 4018 3453 4074 oblitus
3479 4032 3598 4072 sum

2004 4106 2333 4163 manducare
2354 4121 2566 4177 pacem.
2584 4109 2629 4160 A
2648 4121 2783 4162 voce
2812 4115 2993 4162 autem
3011 4107 3242 4177 gemitus
3263 4107 3392 4174 mei,
3421 4106 3619 4161 adluat

2005 4207 2190 4255 serunt
2217 4213 2340 4254 ossa
2370 4212 2491 4253 mea
2520 4198 2666 4252 carni
2692 4204 2842 4261 mete,
2868 4198 3042 4253 factus
3071 4212 3189 4253 sum
3219 4198 3357 4254 sicut
3392 4199 3613 4270 pelica-

2004 4308 2106 4348 nus
2135 4290 2186 4347 in
2219 4293 2524 4359 solitudine,
2560 4294 2608 4349 id
2636 4304 2737 4359 est,
2769 4296 2903 4349 sicut
2932 4294 3046 4350 avis
3075 4295 3165 4349 illa
3193 4311 3356 4367 quam
3399 4294 3599 4367 pelica-

2004 4400 2131 4439 num
2160 4393 2376 4452 vocant,
2400 4400 2520 4456 qua:
2542 4395 2648 4441 non
2680 4386 2885 4440 habitat
2907 4385 3008 4440 nisi
3038 4385 3093 4440 in
3120 4385 3366 4454 desertis,
3392 4384 3598 4441 habens

2005 4493 2157 4534 escas
2183 4492 2391 4534 veneno
2413 4479 2578 4533 eremi
2603 4487 2658 4533 et
2678 4478 2893 4534 incultis
2915 4478 3361 4533 amaritudinibus
3388 4477 3592 4550 plenas.

307 4567 435 4620 sicut
465 4564 651 4619 umbra
679 4565 1085 4632 declinaverunt,
1104 4577 1153 4620 et
1178 4584 1270 4640 ego
1292 4566 1423 4623 sicut
1455 4570 1629 4642 fenum
1662 4573 1798 4626 arui.
1825 4569 1900 4627 Tu
1929 4575 1978 4633 1)
2006 4568 2203 4625 Factus
2222 4586 2339 4625 sum
2361 4569 2499 4626 sicut
2524 4568 2839 4642 nycticorax
2859 4569 2911 4624 in
2934 4567 3226 4625 domicilio.
3258 4568 3466 4625 Corvus
3486 4585 3598 4641 pra:

309 4667 500 4723 autem,
538 4656 781 4723 Domine,
824 4659 876 4712 in
926 4667 1172 4711 (sternam
1218 4676 1510 4730 permanes,
1534 4671 1583 4714 et
1604 4662 1900 4717 memoriale

308 4758 451 4805 tuum
496 4752 551 4804 in
590 4751 923 4822 generatione
968 4759 1019 4804 et
1059 4751 1463 4821 generationem.
1496 4750 1572 4805 Tu
1617 4768 1899 4824 exsurgens

307 4840 629 4896 misereberis
646 4839 798 4905 Sion,
813 4843 932 4912 quia
956 4850 1153 4912 tempus
1171 4841 1447 4896 miserendi
1467 4842 1597 4914 ejus,
1621 4845 1741 4915 quia
1762 4845 1899 4899 venit

308 4942 529 5004 tempus.
584 4928 841 4998 Quoniam
871 4931 1173 5004 placuerunt
1198 4935 1352 4988 servis
1394 4937 1494 4989 tuis
1530 4936 1727 5008 lapides
1760 4934 1905 5008 ejus,

297 5036 356 5107 et:
380 5033 531 5079 terra!
557 5026 668 5097 ejus
695 5025 1092 5080 miserebantur.
1127 5024 1198 5079 Et
1228 5024 1473 5081 timebunt
1500 5039 1677 5099 gentes
1705 5022 1893 5085 nomen

310 5126 476 5181 tuum,
523 5114 763 5180 Domine,
795 5124 845 5170 et
873 5132 1050 5171 omnes
1092 5134 1235 5188 reges
1284 5125 1438 5172 terra:
1481 5120 1701 5190 gloriam
1730 5130 1891 5175 tuam.

315 5206 449 5273 Quia
489 5208 763 5279 aediﬁcavit
808 5206 1062 5264 Dominus
1102 5208 1260 5275 Sion,
1284 5217 1333 5263 et
1370 5208 1619 5265 videbitur
1646 5212 1701 5265 in
1727 5212 1896 5285 gloria

307 5314 422 5353 sua.
449 5298 697 5375 Respexit
735 5302 789 5356 in
828 5302 1115 5356 orationem
1153 5302 1442 5367 humilium,
1488 5312 1540 5356 et
1566 5320 1669 5358 non
1698 5305 1897 5375 sprevit

310 5407 490 5459 preces
515 5367 713 5446 eorum.
753 5391 1063 5448 Scribuntur
1104 5393 1214 5448 lucc
1257 5394 1313 5447 in
1353 5397 1682 5466 generatione
1708 5394 1892 5464 altera,

313 5493 360 5538 et
386 5485 600 5554 populus
629 5487 714 5558 qui
732 5484 988 5540 creabitur
1016 5485 1248 5540 laudabit
1269 5485 1570 5542 Dominum.
1603 5486 1737 5554 Quia
1773 5505 1895 5560 pro-

313 5575 482 5643 spexit
525 5577 588 5630 de
625 5578 827 5632 excelso
868 5594 981 5644 suo,
1012 5576 1267 5633 Dominus
1312 5578 1376 5632 de
1416 5578 1539 5633 ctelo
1591 5580 1645 5634 in
1701 5589 1891 5634 terram

313 5668 531 5736 aspexit.
559 5668 625 5724 Ut
661 5670 861 5724 audiret
890 5671 1105 5741 gemitus
1135 5670 1569 5742 compcditorum,
1594 5679 1648 5724 ut
1678 5671 1896 5726 solreret

318 5758 449 5814 ﬁlios
499 5760 917 5834 interemptorum
974 5762 1042 5818 Ut
1081 5764 1387 5818 annuutient
1426 5764 1478 5816 in
1523 5761 1653 5817 Sion
1706 5779 1890 5817 nomen

2006 4660 2286 4734 nigredine
2312 4662 2572 4718 obscurus
2618 4669 2721 4725 est,
2750 4661 2862 4732 jam
2893 4670 3051 4718 nocte
3071 4661 3222 4732 quasi
3253 4660 3475 4730 nigrior,
3509 4663 3596 4717 cui

2004 4763 2060 4813 et
2088 4753 2388 4812 obscuritas
2417 4754 2752 4824 nig‘redinem
2800 4753 3052 4821 geminat.
3090 4750 3231 4822 Ergo
3274 4762 3329 4807 et
3357 4767 3478 4823 ego,
3508 4752 3594 4807 in-

2003 4846 2139 4917 quit,
2171 4844 2499 4919 duplicatam
2530 4845 2860 4916 nigredincm
2890 4852 3233 4916 peccatorum
3286 4842 3340 4901 in
3385 4861 3473 4902 me
3501 4845 3618 4902 de--

2002 4940 2242 5010 plorans,
2266 4954 2425 4994 voces
2451 4954 2601 4993 meas
2621 4937 2775 5008 quasi
2805 4938 3116 5010 nycticorax
3138 4936 3332 5007 dirigo,
3355 4938 3608 4994 clamans

2003 5031 2172 5098 solus,
2204 5032 2344 5086 sicut
2371 5046 2560 5101 passer
2587 5029 2862 5086 solitarius
2897 5030 2950 5084 in
2988 5028 3235 5085 uadilicio.
3262 5028 3322 5084 In
3349 5044 3453 5101 qua
3481 5038 3610 5085 tota»

1996 5120 2083 5177 die
2112 5122 2576 5192 exprobraverunt
2623 5137 2711 5176 me
2740 5120 2943 5176 inimici
2982 5121 3141 5188 mei,
3174 5129 3230 5177 et
3268 5120 3361 5190 qui
3391 5119 3614 5175 dudum.

1996 5212 2351 5267 laudaveram
2374 5227 2484 5278 me,
2512 5226 2654 5267 nunc
2675 5211 2959 5267 adversum
2988 5229 3076 5267 me
3095 5212 3370 5281 jurabant,
3404 5210 3457 5265 id
3486 5217 3609 5276 est,.

1998 5321 2105 5361 non
2135 5304 2283 5359 letho
2333 5304 2476 5358 illius
2502 5305 2698 5359 vivam.
2730 5304 3015 5371 Quomodo
3061 5304 3205 5358 enim
3255 5303 3494 5369 vivebas,
3528 5312 3591 5357 ut

1998 5397 2077 5452 sic
2103 5396 2176 5450 illi
2194 5396 2479 5465 jurarent?
2506 5393 2990 5466 Idco,inquit,.sic
3031 5393 3305 5463 iurabant,
3342 5393 3467 5462 quia
3512 5394 3589 5449 ci-

1999 5502 2185 5543 nerem
2231 5487 2372 5543 sicut
2408 5502 2605 5557 panem
2650 5486 3061 5549 manducabam,
3092 5492 3145 5539 et
3171 5492 3359 5555 potum
3406 5499 3591 5541 meum

1994 5579 2207 5635 ﬂetibus
2232 5578 2541 5635 miscebam.
2574 5577 2688 5634 Hoc
2715 5578 2919 5648 quare?
2957 5577 3003 5630 A
3026 5575 3163 5631 facie
3190 5575 3283 5631 ira:
3300 5585 3404 5632 tum
3432 5586 3487 5632 et
3506 5577 3597 5632 iu—

1994 5670 2318 5740 dignationis
2345 5676 2469 5726 tute.
2501 5668 2667 5740 Cujus
2717 5668 2847 5723 irae?
2888 5665 2994 5721 Pro
3039 5666 3278 5738 peccatis
3318 5668 3503 5737 utique
3532 5665 3593 5720 in

1988 5761 2190 5833 judicio
2220 5761 2429 5818 debitae.
2462 5758 2522 5816 In
2567 5775 2675 5830 quo
2703 5759 2789 5814 hic
2836 5759 3114 5814 elevantur
3153 5768 3207 5814 ct
3258 5759 3595 5822 enitantur,
