3870 6182
249 352 343 403 471

1573 343 1845 401 ARNOBII
1881 342 2182 401 JUNIORIS

3397 344 3497 399 ‘7‘!

249 461 319 513 ibi
348 458 634 515 allidantur
663 472 880 519 necesse
919 465 1016 515 est.
1066 457 1198 513 Cum
1229 473 1357 531 ergo
1382 458 1645 515 moriatur
1661 472 1822 515 omne
1850 462 1895 516 Λ
1926 466 2226 523 manantes,
2256 466 2314 514 et
2366 464 2509 514 terra
2564 474 2704 516 nova
2745 467 2829 516 est
2867 459 3054 515 mortis
3091 461 3352 528 gremium
3392 479 3496 516 non

249 563 416 616 genus
436 549 710 602 hominum
734 549 786 603 in
809 548 1060 617 peccatis,
1083 548 1210 617 quid
1230 558 1495 619 superest,
1518 550 1689 605 nisiut
1700 562 1824 619 per-

252 655 382 692 εηιιτι
407 639 569 693 totius
599 638 775 693 saeculi
804 638 895 691 tibi
926 652 1112 706 preces
1131 635 1293 694 ﬂebili
1317 638 1552 695 etl'undat
1585 638 1825 707 eloquio?

253 730 437 785 Nullus
483 730 623 784 enim
654 729 964 793 salvabitur,
992 729 1092 783 nisi
1140 736 1216 794 tu,
1265 730 1506 796 Domine,
1537 742 1828 796 exsurgens

254 818 583 893 miserearis:
609 817 760 874 Sion.
820 818 978 875 Venit
1019 819 1162 875 enim
1208 828 1417 890 tempus
1456 828 1514 874 ut
1551 820 1736 877 venias
1774 825 1830 873 et

257 908 558 963 miserearis
599 906 748 961 Sion.
779 906 911 975 Quia
959 908 1322 977 beneplacitos
1358 909 1658 967 habuerunt
1690 907 1829 962 servi

258 998 333 1051 tui
360 998 564 1068 lapides
607 999 745 1067 ejus.
779 997 1005 1068 Lapides
1033 999 1219 1067 utique
1258 999 1325 1054 de
1366 999 1560 1071 quibus
1588 998 1782 1067 legitur
1814 1014 1826 1051 :

262 1088 486 1158 Lapides
509 1089 639 1159 justi
690 1090 974 1144 volvuntur
1014 1090 1068 1147 in
1114 1090 1347 1157 ea.‘Qui
1389 1091 1529 1145 enim
1570 1090 1708 1145 servi
1740 1089 1832 1143 Dei

260 1188 402 1245 sunt,
426 1180 562 1234 bene
591 1180 667 1234 illi
695 1180 907 1249 placent
923 1181 1042 1234 libri
1062 1196 1250 1237 omnes
1275 1182 1469 1239 veteris
1485 1180 1832 1244 Testamenti,

261 1270 355 1341 qni
383 1271 580 1325 habent
600 1271 651 1325 in
676 1286 734 1326 se
754 1286 917 1324 unum
934 1270 1160 1339 lapidem
1183 1271 1507 1339 angularem.
1526 1270 1634 1325 Nec
1661 1269 1834 1325 solum

265 1358 469 1430 lapides
504 1360 873 1430 beneplacitos
913 1360 1245 1426 habuerunt,
1277 1360 1371 1415 sed
1421 1367 1476 1414 et
1500 1368 1675 1419 terra:
1720 1359 1838 1430 ejus

265 1429 681 1505 miserebuntur.
716 1448 881 1503 Terra
926 1448 1179 1519 lapidum,
1208 1464 1436 1518 corpora
1477 1456 1601 1502 sunt
1630 1429 1839 1501 anima-

265 1538 539 1595 rum.Non
568 1541 740 1596 solum
766 1541 921 1595 nobis
949 1541 1138 1595 anima:
1166 1549 1361 1596 sanctm
1378 1540 1608 1611 placent,
1626 1540 1672 1595 si
1700 1540 1840 1595 servi

266 1628 364 1685 Dei
392 1646 593 1695 sumus,
626 1631 719 1686 sed
754 1630 867 1704 ipsa
892 1645 1117 1701 corpora
1147 1646 1333 1686 eorum
1361 1631 1415 1685 in
1444 1630 1635 1699 quibus
1661 1629 1839 1685 amicti

269 1729 414 1783 sunt.
444 1721 591 1787 torti,
623 1720 906 1789 combusti,
940 1736 1003 1776 ac
1030 1720 1254 1776 diversis
1280 1718 1557 1793 suppliciis
1588 1720 1863 1778 macerati.

1924 549 2252 613 habens,sed
2268 550 2473 606 habens
2499 551 2662 606 vitam
2689 550 2973 607 Dominum
3001 550 3182 607 Jesum
3208 552 3495 619 Christum,

1924 639 2017 707 qui
2047 646 2234 709 regnat
2262 640 2317 694 in
2343 640 2536 697 saecula
2563 641 2899 697 saculos-um.
2929 642 3119 698 Amen.

2494 749 2808 807 PSALMUS
2835 750 2943 807 Cll.

2423 838 2664 895 Psalmus
2690 842 2791 911 ipsi
2821 841 3006 895 David.

2001 931 2241 998 Benedic,
2284 934 2459 986 anima
2486 950 2620 999 mea,
2647 934 2891 999 Domino,
2928 943 2979 989 et
3015 938 3190 989 omnia
3228 951 3343 1006 quis
3370 936 3506 988 intra

1930 1039 2013 1077 me
2029 1031 2148 1077 sunt
2175 1024 2371 1077 nomini
2396 1034 2576 1078 sancto
2595 1023 2726 1094 ejus.
2763 1023 3005 1088 Benedic,
3035 1027 3208 1078 anima
3234 1042 3368 1091 mea,
3396 1024 3506 1079 Do-

1932 1115 2092 1179 mino,
2132 1121 2183 1168 et
2218 1114 2326 1168 noli
2365 1114 2593 1168 oblivisci
2630 1132 2805 1170 omnes
2847 1115 3203 1170 retributiones
3246 1118 3378 1188 ejus.
3412 1117 3510 1181 Qui

1933 1208 2242 1277 propitiatur
2266 1207 2498 1261 omnibus
2523 1208 2879 1278 iniquitatibus
2908 1210 3028 1271 tuis,
3054 1209 3139 1279 qui
3165 1218 3319 1261 sanat
3338 1224 3510 1262 omnes

1933 1297 2264 1367 inﬁrmitates
2304 1306 2434 1350 tuas.
2470 1296 2570 1363 Qui
2589 1297 2793 1351 redimit
2824 1296 2889 1352 de
2923 1297 3131 1351 interitu
3159 1299 3314 1351 vitam
3348 1306 3508 1361 tuam,

1934 1388 2021 1459 qui
2059 1392 2275 1440 coronat
2302 1395 2352 1440 te
2373 1388 2429 1440 in
2473 1386 2826 1441 misericordia
2850 1395 2898 1441 et
2935 1385 3367 1441 miserationibus.
3414 1387 3514 1452 Qui

1936 1477 2098 1547 replet
2108 1477 2166 1530 in
2187 1476 2334 1531 bonis
2362 1476 2674 1530 desiderium
2704 1485 2862 1542 tuum,
2895 1477 3220 1530 renovabitur
3244 1484 3302 1529 ut
3327 1477 3517 1547 aquilis

1932 1566 2172 1636 juventus
2200 1573 2308 1618 tua.
2342 1562 2565 1619 Faciens
2585 1565 2966 1619 misericordias
2997 1563 3269 1629 Dominus,
3298 1575 3350 1619 et
3368 1566 3515 1635 judi-

1940 1655 2075 1708 cium
2117 1652 2351 1707 omnibus
2394 1653 2642 1723 injuriam
2685 1653 3011 1723 patientibus.
3056 1651 3226 1707 Notas
3264 1655 3387 1724 fecit
3410 1654 3518 1707 uias

1940 1762 2062 1800 suos
2100 1744 2290 1816 Moysi,
2319 1754 2372 1799 et
2392 1745 2518 1815 ﬁliis
2547 1743 2715 1799 Israel
2754 1745 3056 1800 voluntates.
3075 1761 3215 1799 suas.
3245 1744 3518 1800 Miseram

271 1814 590 1887 miserantes
625 1828 961 1868 veneramur.
992 1811 1270 1879 Quomodo
1298 1810 1649 1867 miserantes?
1676 1811 1841 1865 Dolor
1871 1811 1913 1871 Β
1943 1844 1993 1889 ει
2019 1810 2317 1893 Mn
2343 1810 2614 1900 mnam,
2664 1836 2972 1905 (cum,
3004 1844 3055 1889 α
3083 1835 3298 1889 Μυκη

272 1909 428 1965 nobis
448 1916 527 1965 est
554 1907 608 1963 in
637 1907 925 1963 stilictione
945 1917 999 1963 et
1027 1908 1286 1979 supplicio
1314 1923 1421 1977 quo
1448 1906 1591 1977 passi
1618 1911 1761 1971 sunt,
1789 1912 1844 1960 et

273 1999 526 2071 gaudium
566 1999 721 2055 nobis
763 2006 845 2055 est
868 1999 920 2053 in
967 2000 1368 2070 perseverantia
1410 2012 1519 2069 qua
1579 1996 1842 2065 vicerunt.

274 2088 410 2145 Cum
439 2102 585 2157 ergo,
610 2087 858 2158 Domine,
884 2097 937 2144 et
966 2096 1023 2145 tu
1051 2089 1280 2154 veneris,
1330 2098 1385 2143 et
1410 2087 1581 2143 sancti
1625 2086 1703 2141 tui
1747 2100 1848 2157 pro

278 2179 585 2235 testimonio
612 2180 843 2235 nominis
890 2180 966 2235 tui
1005 2180 1146 2249 passi
1176 2178 1391 2243 fuerint,
1424 2186 1551 2234 tunc
1589 2176 1852 2232 timebunt

278 2279 466 2339 gentes
490 2278 544 2326 et
569 2286 756 2326 omnes
776 2284 928 2343 reges
950 2279 1102 2326 terrae
1121 2271 1345 2342 gloriam
1368 2280 1532 2326 tuam.
1556 2270 1706 2325 Tunc
1723 2270 1850 2326 aedi-

282 2361 523 2418 tieabitur
551 2358 787 2417 Ecclesia
828 2369 919 2417 tua
961 2362 1013 2417 in
1041 2361 1191 2429 Sion,
1224 2371 1279 2417 et
1309 2361 1575 2418 videberis
1601 2362 1654 2416 in
1681 2364 1852 2429 maje-

281 2461 420 2509 state
443 2460 550 2514 tua.
574 2468 694 2508 cum
722 2454 1021 2524 respexeris
1034 2454 1100 2509 de
1121 2455 1335 2510 excelso
1362 2463 1455 2511 tuo
1468 2454 1593 2511 Iesu
1621 2454 1851 2519 Christo,

284 2553 342 2599 ut
370 2542 554 2598 audias
582 2544 837 2615 gemitum
866 2545 1311 2619 compeditorum,
1341 2553 1397 2600 et
1424 2546 1599 2601 solvas
1614 2544 1751 2601 ﬁlios
1776 2547 1857 2601 in—

286 2646 693 2709 teremptorum.
725 2637 1038 2708 lnterempti
1084 2648 1208 2695 sunt
1242 2647 1423 2710 patres
1464 2640 1632 2695 nostri
1672 2654 1859 2695 omnes

288 2730 455 2784 sancti
501 2729 594 2799 qui
631 2729 786 2784 nobis
814 2729 1238 2799 praedicaverunt
1263 2727 1554 2785 Christum.
1584 2729 1694 2785 Nos
1730 2744 1858 2800 ergo

1944 1943 2081 1981 cors.
2106 1924 2233 1981 Non
2269 1928 2325 1981 in
2348 1936 2648 1997 perpetuum
2681 1927 2956 1990 irascetur,
2996 1941 3156 1997 ireque
3192 1926 3248 1978 in
3274 1934 3521 1980 retentum

1945 2017 2357 2073 eomminabitur.
2376 2014 2500 2071 Non
2525 2014 2800 2069 secundum
2828 2022 3038 2085 peccata
3065 2023 3244 2068 nostra
3279 2014 3400 2084 fecit
3425 2029 3522 2067 no-

1948 2108 2045 2174 bis,
2066 2124 2228 2180 ueque
2252 2107 2527 2165 secundum
2552 2107 2846 2179 iniquitates
2863 2113 3068 2161 nostras
3104 2104 3337 2159 retribuit
3354 2101 3519 2158 nobis.

1953 2198 2210 2263 Quoniam
2235 2198 2513 2252 secundum
2533 2196 2859 2251 altitudinem
2887 2195 2998 2250 caeli
3035 2211 3069 2247 α
3097 2203 3255 2258 terra,
3284 2192 3523 2248 corrobo-

1950 2291 2083 2344 rauit
2116 2288 2520 2343 misericordiam
2555 2304 2700 2343 suam
2726 2303 2879 2357 super
2897 2287 3130 2340 timentes
3166 2300 3240 2338 se.
3269 2286 3525 2351 Quantum

1954 2380 2112 2441 distat
2124 2388 2266 2434 ortus
2294 2376 2361 2432 ab
2387 2378 2665 2442 occidente,
2694 2377 2844 2448 longe
2872 2376 2989 2447 fecit
3010 2392 3042 2428 a
3062 2374 3210 2430 nobis
3232 2376 3526 2446 iniquitates

1955 2478 2184 2523 nostras.
2225 2466 2491 2532 Quomodo
2517 2469 2785 2522 miseretur
2820 2475 2967 2537 pater
3003 2465 3258 2534 ﬁliorum,
3289 2465 3529 2518 misertus

1955 2570 2033 2616 est
2052 2559 2300 2615 Dominus
2325 2560 2612 2614 timentibus
2625 2575 2700 2625 se,
2715 2559 2959 2629 quoniam
2973 2558 3205 2627 cognovit
3229 2556 3529 2627 ﬁgmentum

1957 2659 2208 2705 nostrum.
2234 2648 2550 2703 Recordatus
2584 2658 2661 2702 est
2703 2648 2945 2718 quoniam
2964 2646 3128 2716 puluis
3159 2644 3528 2705 sum;me

1960 2742 2090 2797 sicut
2111 2742 2283 2812 fenum
2333 2740 2443 2794 dies
2455 2738 2587 2808 ejus,
2600 2746 2841 2809 tanquam
2878 2738 2977 2807 ﬂos
3014 2738 3128 2807 agri
3166 2737 3240 2790 sic
3265 2734 3528 2804 eﬁlorebit.

290 2820 435 2887 ligati
450 2836 663 2875 eramus
686 2836 715 2874 8
737 2819 955 2886 satana.
972 2822 1096 2889 Iulia
1118 2821 1152 2875 ii
1168 2822 1257 2892 qui
1270 2831 1568 2891 senuerunt
1580 2838 1685 2885 nos
1697 2823 1865 2878 verbo
1966 2834 2223 2903 Quoniam
2258 2834 2470 2903 spiritus
2497 2829 2829 2903 pertransibit
2854 2832 2910 2883 in
2934 2829 3117 2891 illoret
3148 2844 3251 2881 non
3268 2826 3530 2887 subsistet,

288 2913 434 2975 vitm,
467 2911 680 2967 fuerunt
708 2912 1035 2984 interempti.
1083 2914 1153 2967 At
1182 2915 1271 2969 ubi
1317 2916 1664 2984 cognovimus
1686 2931 1782 2972 eos
1809 2916 1863 2971 in

1962 2939 2014 2987 et
2032 2946 2135 2984 non
2161 2933 2428 2998 cognoscet
2445 2922 2663 2993 amplius
2681 2921 2847 2975 locum
2872 2936 3038 2973 suum
3063 2916 3421 2973 Misericordia
3438 2933 3534 2969 au-

294 3003 442 3058 cmlis
464 3003 695 3072 gaudere
728 3012 783 3058 et
810 3004 1084 3075 possidere
1110 3006 1335 3074 gloriam
1364 3006 1582 3073 Christi,
1607 3006 1866 3067 aediﬁcata
1967 3033 2068 3079 rem
2096 3020 2306 3076 Domini
2330 3016 2400 3081 ab
2427 3024 2639 3077 curuo,
2671 3021 2721 3066 et
2747 3028 2903 3083 usque
2925 3011 2980 3064 in
3018 3019 3265 3065 externum
3290 3023 3447 3078 super
3473 3008 3540 3059 ti-

296 3104 375 3151 csl
400 3096 451 3149 in
478 3096 630 3151 nobis
658 3095 808 3163 Sion,
832 3105 887 3151 et
914 3098 1171 3175 visustest
1213 3099 1469 3154 Dominus
1494 3100 1549 3155 in
1587 3100 1862 3170 majestate

1968 3122 2161 3170 mentes
2182 3128 2315 3167 eum.
2339 3107 2409 3162 Et
2437 3107 2645 3179 justitia
2666 3104 2808 3158 illius
2826 3103 2881 3156 in
2909 3103 3047 3173 ﬁlios
3070 3100 3324 3170 ﬁliorum,
3348 3099 3429 3152 his
3455 3097 3541 3169 qui

297 3201 412 3241 sua.
437 3184 743 3241 Gaudemus
770 3187 932 3253 enim,
975 3168 1099 3256 quia
1128 3189 1363 3259 respexit
1393 3190 1449 3244 in
1473 3190 1744 3247 orationes
1771 3204 1862 3246 eo-

1969 3213 2177 3263 servant
2204 3164 2561 3257 testamentum
2584 3198 2715 3268 ejus.
2748 3194 2820 3248 Et
2846 3209 3096 3248 memores
3123 3200 3241 3245 sunt
3266 3189 3540 3244 mandato-

301 3292 439 3341 rum,
470 3284 525 3329 et
566 3290 672 3331 non
712 3277 913 3347 sprevit
942 3293 1129 3348 preces
1155 3294 1361 3334 eorum.
1404 3278 1723 3351 Scripsimus
1749 3295 1872 3351 pas-
1971 3296 2266 3367 πηηίρείιη
2286 3291 2356 3346 ad
2384 3287 2676 3362 faciendum
2702 3302 2783 3340 ea.
2817 3283 3068 3338 Dominus
3104 3284 3159 3336 in
3192 3281 3314 3336 culo
3344 3280 3545 3350 paravit

301 3367 480 3421 siones
518 3382 702 3424 eorum
740 3368 793 3424 in
830 3371 1113 3442 progenies
1158 3370 1388 3437 alteras,
1427 3379 1483 3427 et
1521 3373 1747 3442 populus
1780 3372 1872 3441 qui
1972 3390 2143 3445 κάρη,
2176 3401 2351 3449 mm,
2381 3390 2431 3436 ει
2457 3395 2669 3451 regnum
2713 3377 2876 3448 ipsius
2913 3375 3147 3429 omnibus
3175 3369 3540 3427 dominabitur.

303 3457 571 3513 creabitur
615 3475 781 3531 usque
821 3460 874 3514 in
902 3458 1280 3531 sempiternum
1306 3461 1485 3521 laudat
1510 3461 1794 3527 Dominum
1819 3463 1874 3518 in
1976 3478 2269 3535 Βεηοάίσίιο
2283 3473 2527 3537 Domino,
2554 3466 2917 3539 omnesangeli
2937 3466 3068 3537 ejus,
3091 3472 3318 3535 potentes
3345 3464 3546 3524 uirtute,

304 3550 505 3607 sanctis
520 3548 648 3605 suis.
665 3550 740 3606 lbi
762 3553 1089 3607 conveniunt
1115 3554 1301 3625 populi
1316 3554 1370 3609 in
1391 3570 1578 3621 unum,
1607 3563 1663 3610 et
1688 3570 1874 3623 regna,

308 3651 364 3696 ut
388 3643 620 3697 serviant
635 3641 880 3698 Domino.
900 3642 1003 3698 Per
1020 3658 1155 3713 quos
1179 3646 1417 3715 paucitas
1435 3644 1642 3701 dierum
1664 3653 1878 3700 nostro-

1980 3572 2224 3644 [acientes
2250 3564 2455 3621 verbum
2478 3559 2713 3622 illius,ad
2732 3556 3042 3612 audiendam
3060 3568 3230 3609 uocem

1979 3642 2110 3731 ejus.
2136 3655 2428 3712 Benedicite
2455 3652 2705 3715 Domino,
2737 3663 2912 3704 omnes
2943 3647 3152 3701 uirtutes
3171 3644 3302 3714 ejus,
3322 3642 3550 3731 ministri

309 3750 427 3788 rum
472 3736 703 3802 regitur,
746 3742 802 3790 et
848 3736 1125 3790 nuntiatur
1158 3735 1311 3791 nobis
1345 3750 1513 3805 prope
1552 3750 1670 3790 esse
1700 3735 1878 3803 tinem,
1980 3730 2217 3822 ἠιιῌικί
2264 3745 2438 3818 facitis
2478 3741 2789 3797 voluntatem
2815 3738 2946 3808 ejus.
2980 3733 3270 3790 Benedicite
3308 3730 3551 3791 Domine,

310 3827 557 3896 reliquum
577 3842 716 3892 esse,
742 3834 797 3879 ut
825 3836 873 3879 et
894 3827 978 3896 qui
1004 3834 1216 3880 utuntur
1243 3825 1337 3879 hoc
1376 3826 1591 3889 sa'culo,
1639 3834 1880 3905 tanquam
1983 3842 2156 3897 οιηηία
2176 3853 2331 3907 opera
2345 3835 2475 3906 ej“,
2502 3834 2558 3886 iu
2586 3832 2723 3887 omni
2743 3830 2855 3885 loco
2879 3825 3245 3883 dominationis
3266 3822 3557 3893 ejus;bene-

314 3934 415 3973 non
441 3925 669 3970 utantur.
698 3915 936 3970 Prwterit
963 3917 1096 3970 enim
1115 3916 1284 3987 ﬁgura
1309 3915 1460 3985 hujus
1480 3915 1656 3969 mundi
1691 3913 1740 3983 (1
1763 3913 1881 3969 Cor.

315 4008 429 4076 vn),
455 4014 509 4062 et
531 4014 843 4062 transeunte
868 4006 1056 4074 ligura,
1086 4006 1265 4061 veniet
1292 4006 1490 4060 veritas
1516 4003 1778 4073 Christus,
1802 4006 1888 4060 cui

318 4097 541 4153 dicimus
573 4115 584 4150 :
617 4096 673 4151 ιη
702 4097 897 4153 secula
918 4096 1233 4151 saeculorum
1276 4102 1403 4150 sunt
1445 4095 1571 4150 anni
1600 4095 1695 4149 tui.
1732 4092 1890 4148 initio

1986 3934 2089 3995 dic,
2112 3930 2285 3985 anima
2305 3930 2438 3992 mea,
2460 3924 2702 3978 Domino.

2555 4047 2988 4092 COIIENTARIUI.

2066 4175 2439 4233 Benedicimus
2464 4186 2563 4227 nos
2606 4168 2909 4231 Dominum,
2934 4180 3055 4220 cum
3098 4162 3322 4217 iacimus
3353 4155 3567 4228 aliquod

320 4199 519 4245 terram
547 4189 662 4260 ipse
691 4187 942 4253 fundasti,
977 4194 1031 4243 et
1059 4186 1182 4243 caeli
1209 4201 1371 4257 opera
1397 4200 1652 4261 manuum
1683 4192 1894 4239 tuarum
2066 4186 2341 4257 Benedicti

321 4289 464 4336 sunt.
498 4249 613 4335 Νοή
633 4294 762 4348 ergo
791 4249 990 4335 novum
1011 4249 1295 4333 Dominum
1334 4256 1620 4332 adoramus
1648 4275 1704 4329 in
1741 4273 1897 4330 Chri-
1994 4270 2102 4325 tale
2121 4281 2258 4338 opus
2281 4250 2388 4334 quo
2416 4274 2613 4316 nomen
2643 4257 2857 4348 Domini
2881 4249 3404 4348 benedicatur._Nam
3431 4262 3567 4348 quo-

323 4381 428 4437 sto,
458 4372 553 4426 sed
581 4339 817 4442 euquui
843 4377 944 4435 est,
976 4377 1031 4425 et
1056 4384 1268 4438 semper
1294 4368 1437 4423 idem
1467 4375 1571 4434 est,
1599 4367 1750 4437 cujus
1770 4367 1896 4420 anni
1995 4358 2157 4414 modo
2176 4362 2353 4446 potest
2371 4353 2510 4407 Deus
2524 4351 2591 4405 ab
2611 4348 2827 4446 homine
2845 4344 3109 4446 benedici,
3127 4342 3349 4446 hoc
3371 4339 3572 4446 solum-

326 4428 435 4521 non
453 4461 721 4518 deﬁcient.
742 4428 899 4529 δηθά
927 4428 1105 4516 autem
1126 4428 1192 4514 de
1211 4459 1350 4514 cmlo
1378 4466 1432 4514 et
1454 4428 1594 4513 terra
1621 4428 1769 4520 dicit,
1794 4456 1898 4527 ipsi
1929 4525 1974 4540 n
1999 4447 2160 4540 "md?
2205 4443 2350 4515 quod
2384 4458 2521 4540 ρρξιε
2540 4457 2610 4540 εξ
2635 4438 2883 4540 omnibus
2906 4428 3575 4540 interipribusnostri—s

329 4554 600 4628 peribunt,
625 4525 1034 4624 promissionem
1056 4549 1200 4605 illam
1228 4547 1525 4615 continuat,
1556 4563 1661 4619 qua
1686 4525 1902 4604 cautum
1929 4525 1977 4584 Ῑ)
2005 4537 2252 4597 ciendum
2276 4532 2472 4628 -est?Si
2500 4531 2644 4628 enim
2671 4525 3047 4628 misericordes
3064 4525 3319 4628 fuerimus

332 4611 416 4701 est
444 4644 676 4699 futurum
704 4642 897 4698 coelum
919 4654 1117 4696 novum
1154 4647 1211 4694 et
1236 4647 1433 4694 terram
1460 4653 1673 4704 novam,
1704 4638 1757 4693 in
1786 4654 1862 4708 qu

2006 4632 2149 4695 liter,
2173 4635 2229 4682 et
2273 4625 2362 4680 ille
2397 4637 2520 4679 cum
2546 4618 2881 4677 henedicitur
2922 4631 2954 4670 a
3000 4615 3175 4678 nobis,
3204 4611 3580 4712 propitiabitur

333 4698 435 4791 bus
600 4698 891 4787 servorum
940 4728 1138 4787 Christi
1190 4728 1449 4783 habitent.
1482 4698 1677 4781 Paulus
1720 4698 1907 4781 servus
2009 4719 2256 4777 omnibus
2269 4712 2639 4784 iniquitatibus
2653 4708 2867 4771 nostris,
2885 4712 3040 4761 sanat
3052 4698 3583 4759 omnesinﬁrmitates

338 4826 568 4887 Christi,
597 4823 842 4878 similiter
887 4829 941 4877 et
982 4834 1171 4876 omnes
1219 4818 1449 4889 apostoli
1501 4817 1643 4873 servi
1686 4816 1902 4871 Christi.

340 4915 451 4971 Nos
477 4913 566 4984 qui
594 4910 914 4969 credidimus
957 4926 1054 4982 per
1078 4925 1199 4976 eos,
1217 4909 1309 4967 ﬁlii
1333 4923 1609 4965 servorum
1638 4907 1802 4977 ipsius
1819 4922 1910 4962 su-

344 5019 480 5060 mus.
523 5001 591 5056 Et
617 5002 663 5056 si
699 5001 866 5057 secuti
894 5000 1148 5055 fuerimus
1173 4998 1393 5067 vestigia
1437 5013 1643 5063 eorum,
1673 4997 1810 5052 sicut
1836 4996 1909 5050 illi

344 5095 561 5160 Christi,
590 5091 949 5149 habitabimus
970 5105 1092 5145 cum
1112 5090 1190 5145 eis
1210 5090 1262 5144 in
1289 5086 1426 5146 ccelo
1450 5103 1591 5144 novo
1618 5095 1674 5142 et
1699 5086 1751 5141 in
1775 5094 1914 5141 terra

349 5203 507 5245 nova.
533 5186 599 5240 Et
626 5197 807 5240 semen
829 5182 975 5237 verbi
1001 5182 1143 5249 quod
1164 5181 1315 5236 nobis
1340 5195 1488 5250 spem
1513 5177 1659 5233 dedit
1693 5177 1917 5233 creden-

348 5281 510 5343 tibus,
541 5284 670 5331 tunc
696 5274 874 5345 capiet
900 5272 953 5326 in
981 5272 1410 5327 remuneratione
1449 5277 1631 5324 nostra
1668 5268 1916 5333 fructum,

350 5368 493 5440 quod
517 5368 628 5436 jam
658 5365 816 5420 ﬁnem
845 5378 954 5418 non
981 5360 1195 5426 habeat,
1226 5358 1317 5415 sed
1358 5365 1573 5413 maneat
1600 5357 1859 5412 directum
1887 5371 1916 5410 a

2012 4818 2243 4873 nostras,
2255 4807 2427 4876 replet
2446 4805 2499 4859 in
2514 4803 2668 4859 nobis
2681 4799 3001 4856 desiderium
3017 4804 3274 4859 nostrum,
3289 4801 3343 4850 et
3362 4798 3585 4869 coronat

2012 4920 2112 4961 nos
2137 4903 2190 4958 in
2219 4912 2386 4966 regno
2405 4912 2523 4962 suo,
2546 4909 2646 4965 pro
2672 4890 3016 4947 miseratione
3035 4902 3129 4942 sua
3144 4893 3198 4940 et
3225 4881 3588 4938 misericordia

2011 5010 2127 5053 sua.
2160 4987 2588 5045 Misericordibus
2608 4982 2751 5037 enim
2766 4980 3003 5035 dicturus
3023 4985 3107 5031 est
3124 4993 3137 5030 :
3161 4974 3359 5039 Venite,
3381 4971 3587 5025 benedi-

2014 5085 2081 5138 cti
2105 5081 2278 5135 Patris
2306 5077 2424 5141 mei,
2445 5073 2686 5145 percipite
2710 5085 2919 5140 regnum
2942 5066 3077 5139 quod
3096 5064 3232 5119 vobis
3260 5069 3497 5134 paratum
3516 5066 3590 5113 est

2015 5173 2077 5228 ab
2097 5172 2294 5243 origine
2316 5167 2495 5223 mundi
2516 5162 2728 5237 (Matth.
2750 5158 2964 5230 xxv).ln
2993 5172 3098 5227 quo
3126 5168 3291 5223 regno
3313 5167 3456 5206 mors
3486 5167 3591 5205 non

2015 5264 2138 5328 erit,
2171 5276 2268 5316 nec
2281 5259 2414 5314 dura
2440 5262 2688 5312 senectus
2712 5248 2954 5307 debilitat
2979 5248 3134 5310 vires,
3158 5244 3254 5300 sed
3274 5249 3593 5298 renovantur

2019 5354 2092 5410 ibi
2128 5352 2452 5421 juventutes,
2483 5354 2542 5400 ut
2568 5343 2784 5412 aquilae,
2838 5340 2912 5394 ibi
2962 5335 3395 5393 misericordibus
3442 5332 3594 5387 faciet

352 5422 857 5523 Decb-revocabile;
882 5455 948 5510 ad
968 5422 1242 5509 dimidium
1262 5450 1465 5506 dierum
1486 5450 1655 5520 prima
1672 5446 1922 5513 iuventus
2021 5437 2413 5497 misericordias
2431 5434 2705 5498 Dominus,
2736 5438 2793 5485 et
2810 5428 3066 5523 judicium
3087 5424 3335 5523 omnibus
3355 5422 3596 5523 iniuriam

484 5559 539 5605 et
565 5515 812 5605 ultimum
838 5515 1046 5602 dierum
1071 5548 1338 5599 senectus.
1369 5540 1448 5596 lbi
1490 5515 1622 5607 ergo
1663 5536 1777 5606 jam
1825 5551 1924 5591 nec
2021 5530 2364 5607 patientibus.
2386 5526 2507 5597 Ipse
2526 5526 2706 5615 utique
2726 5519 2993 5615 Dens,_qui
3017 5526 3171 5615 notas
3198 5516 3322 5615 fecit
3347 5515 3460 5568 vias
3478 5528 3599 5565 suas

356 5644 409 5701 in
438 5639 655 5696 dimidio
699 5639 904 5695 dierum
934 5635 1220 5697 liniuntur,
1271 5646 1370 5687 nec
1409 5629 1460 5685 in
1487 5633 1761 5684 senectute
1804 5641 1922 5680 mo-

2025 5621 2213 5694 Moysi.
2241 5621 2353 5691 ipse
2377 5617 2469 5686 qui
2498 5613 2732 5672 ostendit
2752 5611 2870 5666 tlliis
2890 5609 3054 5664 Israel
3074 5607 3404 5661 voluntatem
3429 5617 3594 5694 suam.

951 5728 1076 5785 novi
1101 5691 1245 5791 sunt,
1283 5737 1460 5781 rorem
1511 5717 1926 5776 immortalitatis
2027 5691 2145 5785 ipse
2164 5720 2246 5767 est
2273 5710 2409 5765 Deus
2439 5710 2491 5763 in
2530 5705 2753 5768 Christo,
2792 5702 2905 5759 sive
2933 5699 3177 5754 mundum
3205 5698 3484 5752 concilians
3517 5691 3598 5761 (ll
