3908 6176
118 380 206 439 673

1009 376 1511 435 .COMMENTARII
1547 378 1614 434 IN
1650 378 1975 437 PSALMOS.
2015 383 2203 440 PSAL.
2245 385 2372 440 CIII.

3244 389 3346 443 474

116 501 220 557 Cor.
244 498 320 568 v),
345 498 464 553 sive
484 502 694 551 sanctos
726 508 1092 557 remunerans,
1123 494 1238 548 sive
1274 493 1665 548 misericordias
1692 496 1739 554 Α
1768 506 1948 553 rantes
1969 499 2133 554 verbo
2168 500 2301 570 ejus.
2335 498 2489 555 Hunc
2515 500 2833 556 benedicent
2861 500 3083 555 virtutes
3109 490 3371 556 omnium‘

115 588 525 646 misericordibus
570 586 787 641 faciens.
828 584 951 655 ipse
997 586 1089 656 qui
1126 586 1353 656 patiens,
1408 585 1523 654 ipse
1569 585 1663 653 qui

115 681 318 736 multum
364 677 669 732 misericors
710 684 810 740 est,
841 675 888 731 si
935 690 1033 730 nos
1071 675 1263 729 viderit
1297 675 1566 744 patientes
1610 680 1666 729 et

116 766 486 829 misericordes,
533 779 642 819 non
696 763 990 819 secundum
1032 772 1251 832 peccata
1280 771 1462 818 nostra
1506 760 1666 817 faciet

116 858 267 919 nobis,
298 870 473 923 neque
498 854 787 909 secundant
816 853 1103 923 injustitias
1123 863 1332 908 nostras
1350 852 1536 907 reddet
1563 867 1664 906 no-

118 951 200 1013 bis,
227 946 317 1002 sed
343 944 635 1001 secundum
664 943 994 999 altitudinem
1019 943 1141 999 coeli
1159 958 1189 997 a
1209 952 1371 1008 terra,
1387 940 1667 998 conﬁrmat

120 1055 257 1109 super
299 1054 398 1093 nos
443 1036 867 1093 misericordiam
893 1051 1063 1091 suam.
1094 1034 1161 1088 Et
1200 1042 1459 1104 quantum
1505 1033 1667 1088 distat

120 1140 247 1187 ortus
271 1131 335 1185 ab
362 1145 582 1197 occasu,
632 1136 837 1183 tantum
864 1129 1079 1196 elongat
1126 1143 1157 1181 a
1184 1128 1338 1182 nobis
1357 1127 1667 1196 iniquitates

120 1230 323 1275 nostras.
372 1217 526 1279 Sicut
553 1226 708 1289 pater
736 1217 893 1284 filiis,
924 1219 1002 1273 sic
1025 1218 1364 1273 miserebitur
1391 1217 1579 1282 nostri,
1619 1217 1667 1271 si

121 1314 463 1371 misericordes
492 1312 767 1368 fuerimus.
791 1312 847 1367 Si
867 1311 1265 1368 consideremus
1290 1312 1344 1365 in
1362 1310 1668 1366 hominibus

121 1404 357 1470 ﬂentibus,
380 1414 477 1458 aut
504 1403 802 1471 egentibus,
828 1402 910 1457 vel
942 1403 1314 1458 necessitatem
1344 1400 1668 1471 patientibus

121 1494 398 1564 ﬁgmentum
425 1500 690 1559 nostrum,
722 1493 774 1547 in
803 1507 907 1563 qua
936 1507 1186 1551 mensura
1212 1492 1384 1549 mensi
1411 1490 1668 1546 fuerimus

119 1585 316 1639 aliorum
342 1584 727 1650 necessitates,
745 1584 800 1638 iu
828 1597 893 1637 ea
933 1582 1187 1637 metietur
1221 1581 1395 1638 nobis.
1438 1580 1554 1635 Non
1592 1579 1667 1643 iui

120 1676 393 1731 misericors
439 1675 497 1730 in
546 1691 707 1730 causa
734 1676 929 1740 aliena,
985 1690 1092 1730 non
1129 1676 1262 1730 mihi
1297 1676 1580 1732 miseretur
1612 1675 1667 1729 in

119 1781 236 1821 mea.
283 1765 521 1821 Subveni
546 1767 746 1835 egenti,
788 1766 1101 1821 subvenitur
1135 1766 1285 1821 mihi.
1313 1766 1512 1822 indulsi
1539 1781 1661 1835 pec-

1765 591 2011 647 inimicaz.
2042 593 2175 663 Ipsm
2214 594 2358 649 enim
2398 593 2597 649 faciunt
2634 596 2964 650 voluntatem
3012 596 3145 664 ejus.
3195 594 3347 650 Hunc

1764 684 2087 738 benedicunt
2114 686 2293 738 omnia
2323 700 2487 755 opera
2517 685 2632 753 ejus
2670 686 2722 739 in
2765 687 2911 739 omni
2939 687 3059 741 loco
3098 687 3349 741 domina-

1765 773 1925 827 tionis
1944 774 2077 843 ejus.
2096 774 2406 844 Ubicunque
2426 776 2567 829 enim
2596 777 2771 844 aliqua
2801 788 3043 831 creatura
3072 785 3170 839 est,
3196 777 3348 831 locus

1762 864 2142 919 dominationis
2181 865 2297 932 ejus
2343 871 2445 928 est,
2499 865 2622 934 quia
2670 866 2784 934 ipse
2835 867 3037 939 creavit
3078 868 3344 921 universa.

1765 952 1918 1009 Hunc
1945 955 2200 1023 operibus
2226 954 2310 1010 bis
2337 955 2617 1011 benedicat
2668 956 2844 1010 anima
2892 964 3072 1011 nostra
3110 956 3160 1009 in
3199 957 3345 1010 omni

1768 1053 2027 1115 tempore,
2076 1047 2169 1115 qui
2216 1055 2409 1115 regnat
2435 1062 2556 1101 cum
2597 1042 2758 1103 Patre
2809 1056 2864 1102 et
2909 1047 3110 1116 Spiritu
3137 1053 3342 1111 sancto,

1764 1153 1862 1208 per
1889 1140 2069 1194 omnia
2096 1139 2290 1194 saecula
2328 1139 2660 1194 saeculorum.
2694 1140 2881 1193 Amen.

2310 1228 2622 1284 PSALMUS
2658 1228 2786 1283 CIII.

2228 1335 2231 1339 ‘
2265 1317 2504 1376 Psalmus
2533 1320 2630 1389 ipsi
2662 1319 2851 1380 David.

1840 1409 2078 1475 Benedic,
2103 1411 2277 1464 anima
2307 1426 2440 1474 mea,
2488 1409 2738 1473 Domino;
2768 1409 2991 1463 Domine
3019 1407 3153 1463 Deus
3180 1424 3341 1469 meus,

1768 1502 2133 1573 magniﬁcatus
2169 1519 2222 1556 es
2242 1502 2577 1556 uehementer.
2612 1501 2994 1573 Confessionem
3029 1510 3078 1554 et
3117 1500 3345 1555 decorem

1767 1593 2001 1658 induisti,
2043 1595 2259 1648 amictus
2286 1593 2478 1647 lumine
2519 1595 2648 1647 sicut
2692 1595 3007 1647 uestimento.
3048 1590 3345 1646 Extendens

1769 1683 1948 1737 caelum
1974 1685 2107 1737 sicut
2124 1684 2327 1755 pellem,
2367 1686 2452 1755 qui
2475 1685 2605 1757 tegis
2626 1686 2772 1756 aquis
2800 1686 3066 1754 superiora
3091 1684 3219 1754 ejus.
3246 1679 3345 1745 Qui

1770 1775 1919 1844 ponis
1946 1775 2130 1829 nubem
2145 1791 2413 1830 ascensum
2434 1784 2592 1839 tuum,
2611 1776 2695 1845 qui
2723 1773 2955 1828 ambulas
2982 1790 3134 1843 super
3153 1787 3348 1842 pennas

118 1856 256 1919 “Mi:
284 1855 590 1926 indulgetur
642 1855 793 1909 mihi-
834 1854 1183 1911 considera“
1227 1856 1386 1911 “aius
1420 1854 1668 1925 ﬁsmenti
1699 1846 1747 1907 Β
1770 1874 2049 1920 uentorum.
2086 1867 2186 1934 Qui
2215 1868 2348 1939 facis
2375 1867 2587 1939 angelos
2617 1876 2726 1921 tuos
2753 1868 2984 1937 spiritus,
3013 1874 3061 1918 et
3087 1865 3348 1918 ministros

121 1961 192 2001 me
224 1953 464 2015 agentem
515 1946 571 2000 in
602 1948 868 2012 mollibus,
899 1955 957 2002 et
979 1947 1129 2003 dolui
1167 1962 1329 2017 super
1373 1947 1589 2013 nudum,
1613 1954 1671 2002 et

121 2035 289 2090 vestivi
314 2050 456 2090 eum.
494 2034 765 2092 Esurienti
809 2051 1140 2107 eompassus,
1187 2036 1313 2093 alui.
1359 2035 1501 2105 Ergo
1544 2037 1671 2107 quia

120 2125 423 2180 cotisidcravi
445 2126 758 2195 ﬁgmentum
781 2142 945 2182 unum
965 2142 1143 2183 meum
1163 2136 1220 2182 et
1232 2127 1533 2196 indigentis,
1548 2144 1673 2184 cori-

120 2216 295 2271 siderat
337 2225 392 2272 et
419 2218 515 2273 ille
544 2216 853 2286 ﬁgmentum
886 2233 1082 2284 meum,
1106 2224 1163 2274 et
1185 2218 1516 2283 recordatur,
1546 2220 1672 2288 quia

122 2322 227 2362 caro
252 2322 364 2361 sum
402 2314 626 2362 terrena
664 2317 720 2362 et
744 2308 934 2377 pulvis.
962 2307 1047 2362 Ex
1067 2323 1175 2378 quo
1202 2308 1248 2364 si
1279 2308 1528 2377 dignatus
1552 2308 1670 2364 fue-

121 2397 194 2463 rit,
220 2412 313 2451 nos
332 2398 536 2466 poterit
555 2398 833 2453 suscitare.
864 2398 996 2455 Nam
1016 2399 1062 2454 si
1102 2399 1204 2454 hoc
1224 2414 1334 2455 non
1362 2406 1526 2464 esset,
1548 2399 1673 2468 quis

122 2497 428 2559 computaret
466 2489 760 2556 hominem,
790 2491 884 2559 qui
921 2491 1059 2546 sicut
1084 2489 1183 2545 llos
1210 2492 1341 2559 agri,
1382 2491 1456 2545 ita
1475 2491 1669 2555 ﬂoriet,

122 2586 166 2630 et
189 2580 397 2634 transiet
441 2582 666 2649 spiritus
687 2581 803 2650 ejus
827 2581 895 2636 ab
933 2596 1021 2643 eo,
1051 2590 1106 2636 et
1148 2596 1254 2636 non
1281 2589 1383 2647 est,
1414 2590 1470 2637 et
1497 2583 1672 2638 locum

123 2685 254 2724 suum
291 2686 395 2726 non
419 2680 682 2739 agnoscet
715 2672 961 2741 amplius.
986 2671 1043 2726 Si
1072 2686 1201 2727 vero
1253 2672 1672 2728 misericordiam

124 2760 442 2827 temporalem
474 2762 876 2817 exercuerimus
914 2760 1165 2817 fratribus
1207 2764 1421 2830 nostris,
1464 2763 1675 2819 miseri-

122 2847 330 2903 cordiam
356 2865 755 2920 consequemur
800 2852 1202 2921 sempiternam,
1230 2867 1390 2922 quam
1434 2854 1674 2923 perficiet

125 2954 263 3009 super
285 2941 537 2997 timentes
563 2957 622 2997 se
643 2942 920 2998 Dominus.
941 2941 1208 2998 Justitiam
1229 2950 1409 2999 autem
1437 2959 1588 2998 suam
1615 2944 1672 2998 in

126 3029 239 3086 tilias
264 3031 494 3088 ﬁliorum
523 3035 633 3103 qui,
657 3035 910 3103 quoniam
933 3052 1040 3090 non
1064 3044 1352 3105 potuerunt
1378 3053 1671 3108 pauperum

123 3126 379 3181 carnalium
401 3142 590 3183 curam
620 3141 824 3196 gerere,
847 3129 1161 3198 spiritalium
1183 3143 1474 3200 pauperum
1488 3145 1671 3187 curam

125 3226 340 3283 egerunt,
369 3227 428 3273 ut
453 3230 552 3274 aut
596 3220 781 3286 verbo,
813 3229 906 3275 aut
933 3224 1179 3293 exemplo
1216 3238 1333 3287 suo,
1365 3223 1431 3277 ad
1455 3222 1675 3292 justitixe

124 3305 307 3363 divitias
335 3317 636 3381 provocent
654 3311 965 3382 spiritaliter
1001 3314 1385 3379 mendicantes.
1414 3312 1471 3368 Si
1491 3314 1572 3369 vis
1595 3315 1677 3368 vi-

123 3395 228 3453 dere
261 3400 477 3456 divitem
529 3409 584 3456 et
627 3402 954 3469 mendicum,
985 3404 1157 3459 sancti
1185 3405 1416 3473 apostoli
1452 3403 1675 3460 Joannis

125 3487 220 3557 lege
243 3491 618 3564 Apocalypsin.
645 3493 782 3550 Huic
808 3509 935 3563 ergo
962 3494 1162 3550 similes
1180 3503 1306 3550 sunt
1327 3510 1513 3550 omnes
1538 3494 1675 3550 divi-

125 3586 189 3633 tes
205 3580 252 3633 in
275 3597 403 3637 auro
431 3590 493 3638 et
513 3591 737 3651 argento
763 3602 776 3638 :
809 3592 865 3639 et
891 3586 946 3639 in
974 3585 1097 3650 ﬁde,
1121 3585 1290 3639 autin
1318 3585 1570 3654 operibus
1593 3585 1676 3654 ju-

123 3669 253 3725 stitiaa
276 3673 659 3729 mendicantes.
716 3673 929 3730 Iustitia
957 3682 1135 3729 autem
1163 3675 1256 3730 Dei
1293 3675 1346 3729 in
1372 3672 1508 3730 ﬁlios
1537 3676 1673 3730 tilio-

127 3773 240 3813 rum.
257 3762 369 3818 Filii
394 3765 767 3834 apostolorum
793 3772 916 3820 sunt
942 3779 1129 3820 omnes
1151 3764 1389 3832 magistri
1408 3765 1668 3821 bonorum

124 3852 458 3909 consiliorum.
504 3852 573 3907 Et
612 3856 751 3909 sicut
776 3855 877 3924 ipsi
931 3851 1025 3908 ﬁlii
1077 3868 1263 3909 eorum
1309 3862 1451 3921 sunt,
1480 3855 1552 3908 ita
1579 3852 1672 3923 qui

123 3940 315 3997 audiunt
358 3960 474 4010 eos,
520 3942 614 3999 ﬁlii
643 3942 874 4000 filiorum
927 3953 1070 4009 sunt,
1102 3944 1462 4001 custodientes
1500 3951 1668 3999 testa-

123 4040 331 4088 mentum
352 4036 468 4102 Dei,
503 4045 559 4090 et
585 4036 846 4091 memoria
876 4043 1121 4090 tenentes
1139 4034 1389 4090 mandata
1413 4034 1528 4097 Dei,
1560 4049 1668 4089 non

124 4129 171 4174 ut
184 4121 418 4180 inﬂentur
435 4128 681 4188 scientia,
705 4127 798 4182 sed
821 4133 880 4180 ut
900 4124 1096 4181 faciant
1115 4140 1180 4180 ea
1208 4139 1328 4195 qua:
1353 4125 1668 4180 memoriter

52 4280 53 4285 η
122 4224 310 4269 norunt.
341 4216 630 4272 Videamus
656 4231 800 4272 nunc
826 4217 1003 4282 illum,
1034 4217 1120 4272 cui
1148 4215 1309 4270 Pater
1332 4217 1383 4270 in
1412 4216 1562 4272 cmlis
1581 4231 1670 4286 pa-

124 4304 240 4356 ravit
262 4306 438 4361 sedem
480 4323 653 4362 suam.
690 4308 949 4363 Dominus
976 4309 1117 4363 enim
1162 4308 1391 4364 Domino
1435 4308 1663 4379 paravit.

123 4385 301 4450 Etdieit
319 4396 573 4453 Dominus
585 4398 826 4464 Domino,
841 4396 978 4453 Sede
995 4416 1030 4452 a
1051 4398 1248 4453 dextris
1261 4400 1386 4453 meis
1401 4397 1515 4470 (Ps.
1533 4401 1661 4466 cxx).

123 4480 184 4537 Ibi
220 4500 340 4555 ergo
362 4488 525 4543 sedet
543 4503 792 4557 regnans,
823 4496 880 4544 et
916 4491 1067 4558 regni
1104 4491 1220 4559 ejus
1248 4505 1359 4545 non
1392 4490 1495 4545 erit
1522 4488 1661 4544 ﬁnis.

1773 1966 1884 2013 tuos
1901 1960 2073 2029 ignem
2094 1969 2344 2015 urentem.
2386 1959 2487 2025 Qui
2517 1957 2747 2030 fundasti
2797 1966 2988 2010 terram
3019 1970 3172 2024 super
3192 1953 3351 2008 stabi-

1771 2046 1967 2101 litatem
1982 2063 2151 2112 suam,
2173 2064 2276 2102 non
2294 2047 2626 2103 iuclinabitur
2636 2049 2690 2101 in
2710 2046 2952 2101 saeculum
2965 2045 3157 2100 steculi.
3189 2044 3353 2114 Abys~

1771 2153 1859 2192 sus
1885 2138 2017 2191 sicut
2035 2139 2389 2197 uestimentum
2429 2140 2645 2192 amictus
2673 2140 2804 2209 ejus,
2835 2152 2986 2207 super
3013 2145 3211 2201 montes
3239 2141 3352 2191 sta--

1773 2226 1896 2282 bunt
1925 2245 2089 2300 aqua.
2117 2230 2192 2283 Ab
2221 2230 2573 2299 increpatione
2600 2236 2688 2281 tua
2710 2229 2925 2300 fugient,
2946 2241 3114 2293 a‘roce
3142 2224 3352 2278 tonitrui

1772 2320 1847 2373 tui
1867 2318 2234 2389 formidabunt.
2258 2319 2551 2374 Ascendunt
2571 2328 2785 2383 montes,
2807 2327 2856 2371 et
2878 2316 3188 2370 descendunt
3212 2330 3353 2377 cam-

1773 2408 1827 2477 pi
1863 2409 1919 2461 in
1963 2406 2131 2461 locum
2184 2424 2333 2477 quem
2384 2407 2614 2479 fundasti
2668 2408 2763 2460 eis.
2806 2405 3100 2459 Terminum
3139 2404 3352 2474 posuisti

1772 2513 1918 2568 quem
1960 2513 2065 2551 non
2104 2496 2564 2569 transgredientur,
2586 2512 2746 2567 neque
2776 2502 3129 2548 convertentur
3157 2493 3352 2563 operire

1774 2598 1983 2642 terram.
2014 2586 2118 2651 Qui
2144 2589 2333 2641 emittis
2363 2588 2529 2657 fontes
2551 2588 2603 2641 in
2624 2583 2956 2648 convallibus,
2978 2585 3112 2637 inter
3132 2582 3352 2636 medium

1773 2680 2023 2734 montium
2050 2677 2430 2749 pertransibunt
2460 2692 2622 2748 aqua.
2656 2673 2915 2729 Potabunt
2962 2689 3135 2728 omnes
3181 2672 3352 2727 bestite

1770 2771 1907 2840 agri,
1934 2765 2298 2839 exspectabant
2324 2769 2506 2838 onagri
2531 2766 2690 2823 inniti
2715 2782 2828 2820 sua.
2861 2764 3031 2834 Super
3047 2780 3108 2817 ea
3126 2764 3352 2818 volucres

1771 2859 1881 2913 cali
1893 2857 2211 2923 habitabant,
2227 2857 2289 2911 de
2298 2858 2462 2912 medio
2480 2866 2736 2928 petrarum
2747 2855 2939 2908 dabunt
2950 2870 3138 2908 vocem.
3160 2852 3352 2924 Riguus

1770 2958 1968 3006 montes
1997 2950 2060 3004 de
2084 2948 2428 3021 superioribus
2456 2949 2582 3012 suis,
2613 2948 2675 3001 de
2704 2950 2872 3019 fructu
2917 2960 3123 3016 operum
3154 2954 3352 2998 tuorum

1768 3045 2047 3099 satialitur
2072 3051 2230 3097 terra.
2258 3041 2556 3109 Producens
2581 3042 2752 3112 fenum
2774 3040 3108 3110 jumentis,et
3147 3037 3352 3090 herbam

1770 3134 2003 3189 servituti
2028 3134 2307 3189 hominum.
2335 3133 2401 3187 Ut
2421 3133 2608 3187 educas
2627 3148 2813 3202 panem
2842 3130 2902 3185 de
2929 3140 3084 3193 terra,
3108 3139 3156 3183 et
3184 3132 3350 3184 vinum

1700 3203 1746 3265 θ
1777 3223 2000 3294 lwtiﬁcet
2019 3242 2110 3279 cor
2128 3225 2368 3279 hominis.
2402 3223 2471 3278 Ut
2488 3224 2742 3278 exltilarct
2769 3223 2954 3293 faciem
2973 3224 3027 3275 in
3047 3222 3178 3285 oleo,
3200 3231 3249 3275 et
3267 3234 3352 3293 pa-

1774 3314 1855 3366 nis
1870 3329 1958 3367 cor
1981 3313 2205 3367 hominis
2231 3312 2521 3382 conﬁrmet.
2544 3309 3083 3378 Saturabunturligna
3096 3308 3288 3377 campi,
3306 3318 3352 3362 et

1771 3404 1913 3457 cedri
1933 3402 2118 3457 Libani
2147 3420 2275 3474 quas
2300 3403 2582 3472 plantavit;
2605 3402 2708 3455 illic
2734 3418 2963 3471 passeres
2992 3400 3349 3470 nidiﬁcabunt.

1772 3489 1991 3545 Herodii
2018 3490 2199 3545 domus
2228 3489 2333 3545 dux
2373 3498 2449 3543 est
2474 3505 2679 3555 eorum,
2706 3499 2903 3542 montes
2954 3489 3140 3542 excelsi
3170 3491 3349 3554 cervis,

1770 3591 1915 3653 petra
1944 3582 2199 3653 refugium
2226 3580 2489 3643 erinticiis.
2515 3577 2662 3632 Fecit
2690 3578 2865 3631 lunam
2902 3577 2955 3630 in
2984 3583 3231 3647 tempora,
3277 3573 3355 3628 sol

1771 3672 2004 3743 cognouit
2030 3678 2265 3725 occasum
2289 3685 2457 3723 suum.
2491 3667 2720 3722 Posuisti
2749 3668 2997 3731 tenebras,
3024 3673 3073 3719 et
3110 3668 3249 3737 facta
3276 3672 3350 3717 est

1769 3778 1893 3826 nos,
1923 3763 1978 3815 in
2006 3762 2121 3831 ipsa
2166 3760 2548 3830 pertransibunt
2594 3773 2768 3812 omnes
2800 3756 2973 3812 bestia:
2996 3757 3157 3811 silvae.
3183 3755 3351 3808 Catuli

1768 3855 1974 3908 leonum
2012 3854 2290 3924 rugientes,
2314 3860 2372 3905 ut
2406 3852 2613 3922 rapiant
2642 3858 2690 3903 et
2726 3857 2959 3923 quaerant
2988 3866 3021 3902 a
3046 3847 3155 3902 Deo
3183 3863 3351 3901 escam

1769 3946 1887 4000 sibi.
1922 3941 2080 3998 Ortus
2103 3953 2188 3997 est.
2209 3945 2308 4005 sol,
2332 3952 2382 3997 et
2422 3943 2722 4014 congregati
2762 3950 2902 4004 sunt,
2931 3948 2977 3994 et
3013 3942 3066 3994 in
3107 3939 3353 3992 cubilibus

1766 4037 1875 4090 suis
1902 4033 2303 4088 collocabuntur.
2331 4031 2509 4086 Exibit
2540 4032 2691 4086 homo
2719 4031 2789 4093 ad
2834 4047 2962 4101 opus
2990 4046 3166 4094 suum,
3196 4039 3242 4082 et
3283 4028 3352 4081 ad

1767 4126 2117 4197 operationem
2138 4139 2285 4191 suam
2310 4139 2470 4193 usque
2497 4123 2567 4174 ad
2597 4138 2876 4193 vesperam.
2911 4119 3077 4184 Quam
3105 4121 3351 4191 magnifi-

1766 4225 1883 4272 cata
1901 4223 2021 4272 sunt
2035 4232 2191 4287 opera
2216 4222 2324 4280 tua,
2342 4213 2589 4268 Domine!
2608 4215 2781 4267 omnia
2802 4214 2856 4267 in
2884 4214 3140 4281 sapientia
3162 4212 3350 4282 fecisti,

1765 4310 1977 4381 impleta
2017 4317 2093 4362 est
2114 4316 2253 4362 terra
2279 4306 2607 4377 possessione
2643 4312 2753 4357 tua.
2788 4302 2903 4357 Hoc
2938 4319 3080 4377 mare
3107 4319 3350 4373 maguum

1766 4408 1815 4455 et
1843 4401 2127 4471 spatiosum
2154 4397 2412 4461 manibus,
2439 4395 2546 4450 illic
2568 4395 2772 4466 reptilia
2793 4410 3008 4466 quorum
3031 4410 3134 4447 non
3154 4403 3229 4446 est
3255 4408 3352 4445 uu-

1769 4509 1958 4547 merus.
1999 4490 2264 4544 Animalia
2290 4488 2478 4560 pusilla
2524 4496 2638 4541 cum
2666 4485 3030 4559 magnis,‘illic
3059 4501 3209 4538 nares
3230 4499 3350 4554 per-

122 4568 223 4629 ldeo
244 4550 366 4646 quia
392 4577 498 4633 dici
518 4550 713 4649 potest,
737 4550 788 4634 si
802 4550 1015 4651 semper
1034 4550 1320 4635 fuit'Filius
1340 4594 1462 4636 cum
1483 4579 1662 4646 Patre,
1691 4550 1742 4610 Ῑ)
1772 4584 2078 4637 transibunt.
2109 4550 2420 4636 Draco-iste
2447 4595 2593 4645 quem
2635 4550 2885 4650 formasti
2906 4552 2996 4630 ad
3032 4550 3349 4630 illudenaum

122 4669 359 4730 quomodo
386 4670 436 4724 ei
465 4678 593 4725 ante
619 4672 846 4739 paravit,
865 4679 913 4725 et
946 4678 1133 4740 postea
1158 4670 1328 4725 dixit:
1354 4670 1528 4726 Sede?
1557 4670 1661 4724 Ad-

121 4758 401 4813 verteodum
430 4768 515 4814 est
557 4774 686 4827 ergo
731 4760 857 4829 quia
885 4761 1020 4816 Filio
1047 4762 1280 4817 hominis
1300 4762 1504 4832 paravit
1528 4760 1669 4816 Deus

121 4845 275 4902 sedem
300 4866 468 4905 suam.
521 4851 653 4906 Nam
704 4850 868 4907 Filius
901 4852 998 4907 Dei
1042 4854 1137 4923 qui
1183 4853 1468 4923 assumpsit
1508 4852 1666 4907 istum

122 4929 283 4990 Filium
310 4939 558 5003 hominis,
594 4956 808 5010 semper
827 4938 923 4995 fuit
951 4943 1004 4997 in
1032 4942 1152 4997 sinu
1183 4940 1372 5008 Patris,
1398 4949 1453 4997 et
1492 4949 1592 5006 est,
1615 4947 1671 4995 et

120 5022 299 5083 futurus
324 5043 424 5086 est.
467 5031 618 5087 Sicut
655 5035 797 5089 enim
826 5031 1048 5099 ﬂuvius,
1077 5034 1320 5103 quamvis
1347 5048 1444 5104 per
1470 5032 1668 5087 multas

122 5121 353 5175 terrarum
396 5123 701 5192 provincias
746 5124 924 5188 vadat,
946 5124 1013 5179 de
1041 5125 1163 5180 sinu
1191 5132 1366 5178 tamen
1398 5121 1558 5178 fontis
1584 5124 1667 5183 sui

120 5221 359 5280 nunquam
398 5214 617 5281 recedit,
649 5215 721 5269 ita
750 5222 805 5270 et
832 5215 928 5270 Dei
957 5215 1122 5271 Filius
1150 5214 1428 5271 invisibilis
1463 5215 1669 5269 lactetur

118 5315 219 5356 cum
245 5303 424 5371 Iacob,
453 5308 728 5377 splendeat
756 5308 809 5362 in
838 5308 1004 5372 rubo,
1036 5308 1107 5363 sit
1130 5308 1184 5361 in
1211 5306 1458 5363 columna
1487 5304 1663 5370 nubis,

1769 4674 1837 4737 ei,
1864 4672 2036 4727 omnia
2059 4687 2090 4724 a
2106 4680 2150 4725 te
2177 4678 2497 4742 exspectant,
2513 4678 2570 4722 ut
2597 4668 2686 4722 des
2715 4667 2820 4721 illis
2848 4680 3015 4720 escam
3036 4666 3089 4718 in
3107 4674 3342 4734 tempore.

1772 4765 1946 4819 Dante
1974 4772 2022 4817 te
2046 4763 2149 4818 illis
2179 4763 2440 4835 colligent,
2480 4762 2740 4833 aperiente
2763 4769 2811 4812 te
2835 4773 3045 4812 manum
3073 4764 3212 4809 tuam
3241 4771 3351 4809 om-

1771 4856 1860 4909 nia
1912 4854 2254 4925 implcbuntur
2290 4853 2533 4908 bonitate.
2564 4852 2833 4906 Avertente
2868 4857 3036 4903 autem
3079 4858 3127 4901 te
3165 4847 3347 4919 faciem

1773 4944 2131 5008 turbabuntur,
2162 4943 2365 5015 auferes
2394 4942 2628 5013 spiritum
2652 4956 2827 4994 eorum
2860 4948 2906 4993 et
2933 4940 3186 5010 deﬁcient,
3220 4948 3268 4991 et
3293 4937 3345 4991 in

1766 5034 2019 5103 pulverem
2047 5047 2193 5085 suum
2221 5038 2552 5084 revertentur.
2585 5028 2804 5103 Emittes
2849 5029 3081 5100 spiritum
3121 5038 3258 5081 tuum
3296 5036 3346 5080 et

1767 5125 2090 5187 creabantur,
2139 5132 2187 5176 et
2217 5121 2480 5176 renovabis
2510 5122 2693 5187 faciem
2722 5129 2888 5175 terrae.
2929 5119 3012 5175 Sit
3041 5121 3207 5192 gloria
3236 5116 3346 5173 Do-

1767 5216 1891 5270 mini
1922 5217 1975 5269 in
2003 5215 2264 5277 stcculum,
2291 5214 2547 5269 (celabitur
2575 5212 2831 5267 Dominus
2860 5213 2916 5266 in
2945 5212 3180 5281 operibus
3215 5211 3339 5264 suis.

1768 5304 1869 5369 Qui
1896 5305 2103 5375 respicit
2133 5312 2322 5358 terram
2374 5311 2424 5357 et
2464 5305 2589 5375 facit
2616 5320 2729 5357 eam
2778 5314 3010 5368 tremere,
3059 5301 3148 5373 qui
3174 5300 3343 5371 tangit

120 5392 175 5477 fit
198 5394 246 5451 in
285 5400 526 5456 columna
571 5401 728 5469 ignis,
775 5401 846 5456 sit
890 5401 943 5455 in
972 5400 1135 5465 nube,
1166 5400 1236 5455 sit
1264 5400 1318 5454 in
1345 5399 1497 5464 duce,
1529 5398 1661 5452 etin
1765 5406 1960 5450 montes
1994 5404 2040 5449 et
2095 5394 2363 5465 fumigant.
2396 5391 2627 5448 Cantabo
2680 5392 2907 5448 Domino
2960 5393 3012 5445 in
3060 5392 3162 5444 vita
3204 5406 3343 5453 mea,

119 5494 206 5548 qua
230 5488 450 5545 voluerit
486 5492 654 5549 forma
700 5508 799 5562 pro
841 5491 1015 5546 salute
1052 5491 1356 5555 hominum,
1385 5490 1451 5544 de
1490 5488 1663 5543 Patris
1760 5487 1982 5558 psallam
2035 5484 2259 5540 Domino
2312 5501 2421 5539 meo
2473 5485 2701 5565 quandiu
2748 5502 2879 5540 sum.
2928 5482 3219 5537 Iucundum
3273 5482 3344 5534 sit

122 5578 273 5630 tamen
299 5580 417 5634 sinu
442 5595 547 5636 non
587 5581 809 5637 recedit.
841 5581 951 5634 Nec
995 5580 1138 5634 enim
1185 5576 1450 5647 legis:Qui
1480 5576 1574 5631 fuit
1606 5577 1657 5631 in
1758 5580 1807 5633 ei
1847 5578 2102 5647 eloquium
2146 5586 2343 5639 meum,
2382 5592 2474 5645 ego
2520 5593 2636 5630 vero
2688 5575 2976 5629 delectabar
3007 5572 3061 5626 in
3092 5569 3342 5636 Domino,

121 5664 218 5718 sinu
241 5666 424 5734 Patris,
453 5670 682 5739 sed,Qui
703 5680 784 5726 est
813 5672 866 5726 in
904 5672 1022 5726 sinu
1051 5669 1368 5737 Patris,ipse
1395 5668 1650 5722 narravit.
1764 5669 2019 5739 Deﬁcimt
2045 5675 2333 5737 peccatores
2364 5683 2395 5719 a
2427 5675 2559 5721 terra
2580 5675 2625 5721 et
2646 5666 2827 5737 iniqui,
2875 5665 2948 5717 ita
2986 5670 3040 5716 ut
3072 5677 3173 5716 non
3202 5660 3339 5728 sint;

124 5754 249 5816 lluuc
271 5764 581 5821 benedicunt
600 5766 790 5831 angeli,
821 5771 1069 5830 potentes
1095 5763 1345 5824 virtutes,
1375 5761 1653 5826 ohtempc-
1761 5758 1984 5823 bcncdir,
2017 5758 2190 5812 animo
2214 5773 2344 5822 mea,
2379 5754 2618 5811 Domino.
