3908 6176
87 381 171 434 6ῗῖ

1070 367 1544 430 COMMENTARH
1583 365 1650 421 IN
1690 363 2021 424 PSALMOS.
2066 369 2259 425 l’SAL.
2300 370 2433 429 CIV.

3258 374 3363 428 478

85 510 278 553 morsus
295 494 578 563 eﬂugiunt.
609 491 761 547 Nune
778 490 1051 547 evasimus
1078 496 1292 546 montes
1319 486 1585 549 acvsilvas,
1610 492 1666 540 et
1694 485 1741 542 Α
1770 481 1927 537 masti
1960 500 1973 536 :
2004 483 2149 553 quod
2186 490 2365 541 autem
2395 486 2638 555 sequitur
2664 484 2732 541 ad
2761 484 3087 544 illudendum
3118 486 3225 550 eis.
3258 488 3364 543 illis

86 588 234 642 facies
279 584 436 640 nobis
461 583 588 640 caeli
634 580 961 652 resplendet,
994 581 1048 636 in
1084 594 1192 650 qua
1216 579 1458 634 videmus
1485 576 1667 631 lunam

86 681 283 742 laetam,
316 678 370 731 in
400 685 646 745 tempore
682 673 953 744 passionis
999 673 1269 728 lucentem
1309 671 1365 725 in
1405 667 1662 724 tenebris.

87 773 131 825 In
172 784 278 839 quo
306 777 489 824 tamen
535 775 781 835 tempore
822 765 977 821 doce.
1006 764 1066 820 In
1107 773 1354 834 tempore
1400 761 1666 833 passionis

87 861 318 915 diximus.
348 856 668 925 Quomodo?
694 855 831 923 Quia
878 863 1007 912 tunc
1043 854 1137 910 Sol
1161 855 1389 921 justitiae
1409 865 1665 908 occasum

88 969 247 1017 suum,
287 952 403 1024 ipsa
444 959 596 1006 sexta
623 952 757 1007 hora
785 950 891 1006 dici
926 950 1109 1020 posuit
1138 947 1410 1012 tenebras,
1441 953 1498 1001 et
1523 944 1666 1000 facta

91 1053 162 1100 est
201 1058 325 1108 nox,
359 1043 415 1097 in
442 1057 553 1112 quo
581 1042 913 1097 transierunt
954 1055 1143 1095 omnes
1183 1039 1370 1095 bestiae
1406 1037 1687 1099 silvarum.

93 1132 464 1188 Pharisaeon
491 1131 717 1190 ferocia.
756 1138 817 1184 et
838 1146 1027 1186 eorum
1048 1131 1140 1199 qui
1160 1128 1425 1185 devorant
1448 1128 1663 1199 plebem

94 1222 175 1278 Dei
219 1223 358 1278 sicut
384 1238 566 1279 escam
612 1222 788 1293 panis,
821 1230 930 1276 tam
977 1222 1247 1292 spiritales
1284 1221 1472 1277 bestiae
1499 1234 1663 1290 quam

93 1315 330 1371 carnales.
364 1313 471 1369 Sed
492 1321 780 1385 propterea
816 1313 968 1369 dedit
990 1313 1173 1368 lunam
1192 1313 1248 1367 in
1280 1320 1461 1375 nocte,
1494 1319 1553 1365 ut
1573 1310 1666 1365 ha-

90 1407 259 1460 bentes
286 1405 469 1460 lumen
497 1405 739 1472 caeleste,
772 1404 1007 1461 ferarum
1049 1405 1320 1462 morsibus
1345 1402 1658 1458 evadamus.

92 1496 142 1551 la
164 1497 270 1566 ipsa
307 1496 453 1551 enim
476 1498 866 1554 tenebrositate
903 1498 1021 1568 ejus
1048 1497 1324 1553 abundant
1344 1496 1514 1552 .catuli
1542 1496 1660 1551 leo-

88 1602 217 1653 num,
249 1586 303 1641 id
321 1596 426 1654 est,
454 1585 547 1643 ﬁlii
575 1588 879 1643 daemonum
898 1632 913 1655 ,
943 1603 1135 1645 omnes
1160 1588 1399 1643 haeretici
1428 1603 1538 1643 non
1569 1586 1662 1643 do-

89 1684 252 1732 centes
269 1685 477 1744 sancta,
499 1678 596 1735 sed
624 1679 898 1747 rugientes
939 1687 1000 1733 ut
1023 1679 1257 1749 rapiant,
1286 1686 1343 1733 et
1360 1686 1606 1747 quaerant
1628 1694 1660 1733 a

90 1766 185 1824 Deo
211 1767 399 1823 tollere
418 1782 597 1824 escam
623 1768 744 1823 sibi.
769 1768 901 1824 Orto
928 1776 1109 1824 autem
1138 1767 1266 1824 Sole
1287 1767 1526 1838 justitiae,
1544 1769 1659 1825 sive

1770 572 1955 641 utique
1996 573 2090 644 qui
2117 589 2281 629 naves
2327 584 2612 642 recusant,
2654 584 2710 631 et
2735 578 2887 646 quasi
2937 578 3199 634 animales
3243 580 3360 636 sine

1767 660 2023 730 magistro
2050 663 2318 718 catholico
2356 673 2412 719 et
2439 666 2506 720 ab
2540 668 2805 736 apostolis
2841 667 3070 724 ducente
3106 669 3354 725 traditio-

1769 768 1893 808 nem
1920 753 2139 823 legis,se
2176 753 2425 811 ﬂuctibus
2460 766 2517 812 et
2553 759 2923 817 altitudinibus
2953 762 3189 817 tradunt.
3220 760 3361 832 Ergo

1766 846 1891 914 quia
1920 856 2071 901 extra
2109 846 2402 903 Ecclesiam
2429 857 2587 917 sunt,
2620 851 2762 906 inter
2789 853 3043 907 animalia
3085 854 3276 923 pusilla
3306 865 3363 911 ct

1766 944 1958 1007 magna
1978 946 2237 1009 vagantes
2264 940 2544 995 inveniunt
2562 942 2874 1010 draconem,
2900 944 2973 999 ita
3002 945 3104 1000 sibi
3133 946 3361 1002 illuden-

1766 1034 1907 1101 tgm,
1939 1020 1997 1083 ut
2025 1038 2216 1099 putent
2262 1046 2322 1086 se
2368 1031 2560 1099 melius
2606 1034 2888 1091 catholicis
2934 1051 3160 1105 sapere,
3208 1043 3262 1091 ct
3292 1039 3361 1092 ad

1765 1118 2046 1175 arbitrium
2074 1137 2227 1177 suum
2250 1122 2530 1179 inveniunt
2549 1134 2820 1196 perpetuae
2841 1128 3031 1183 mortis
3060 1128 3357 1196 interitum,

1764 1224 1885 1264 cum
1915 1210 2235 1271 devenerint
2273 1213 2329 1268 in
2372 1213 2717 1284 profundum.
2751 1215 2889 1284 Quid
2918 1225 3098 1273 tamen
3128 1226 3218 1283 tu,
3252 1219 3361 1275 Do-

1762 1300 1927 1367 mine,
1960 1304 2165 1372 patiens
2194 1313 2244 1357 et
2268 1306 2485 1360 multum
2511 1309 2906 1365 misericors?et
2924 1308 3092 1364 Judaei
3114 1317 3169 1364 et
3190 1309 3361 1365 haere-

1766 1391 1879 1456 tici,
1911 1399 1968 1447 et
1995 1392 2188 1462 ingrati
2216 1395 2373 1450 simul
2393 1412 2515 1453 cum
2543 1399 2714 1453 servis
2744 1400 2869 1463 tuis,
2900 1415 3092 1455 omnes
3120 1400 3357 1470 quandiu

1762 1480 1818 1536 in
1846 1483 1950 1538 isto
1978 1492 2104 1539 sunt
2142 1500 2589 1555 corporc,omnes
2614 1506 2644 1544 a
2675 1498 2728 1547 te
2768 1500 3086 1561 exspectant
3161 1501 3220 1547 ut
3263 1492 3377 1549 des

1763 1573 1868 1631 illis
1896 1590 2078 1631 escam
2104 1577 2158 1629 in
2189 1584 2435 1647 tempore
2461 1579 2587 1634 isto.
2613 1579 2719 1636 isto
2749 1583 2873 1636 vitae
2899 1584 3201 1653 praesentis,
3232 1585 3356 1656 quia

1760 1667 1807 1721 si
1834 1675 1893 1721 tu
1921 1683 2029 1722 non
2055 1668 2289 1735 dederis,
2317 1670 2495 1726 nullus
2513 1672 2733 1742 colligit.
2759 1673 2953 1743 Aperis
2971 1691 3190 1731 manum
3212 1687 3356 1732 tuam

1761 1772 1925 1828 super
1949 1757 2124 1815 bonos
2150 1766 2207 1823 et
2232 1760 2432 1827 malos,
2463 1769 2519 1817 et
2548 1762 2740 1833 imples
2778 1779 2939 1820 omne
2967 1766 3166 1820 animal
3193 1767 3357 1822 bene-

92 1866 382 1927 resurgente
404 1859 473 1913 ab
510 1857 699 1914 inferis
719 1858 950 1915 Domino
978 1858 1047 1913 ad
1064 1858 1298 1925 Iudaeos,
1326 1859 1440 1915 sive
1466 1874 1658 1915 exsur-
1689 1857 1736 1917 Β
1763 1849 2031 1912 dictione;
2060 1850 2157 1907 88d
2184 1867 2309 1907 cum
2342 1855 2542 1909 avertis
2572 1854 2759 1910 faciem
2789 1864 2965 1922 tuam,
3010 1865 3139 1914 tunc
3167 1861 3355 1914 turba-

89 1957 229 2017 gente
249 1965 346 2018 per
367 1949 723 2005 assertionem
764 1950 1087 2006 catholicam
1130 1960 1320 2007 contra
1348 1952 1660 2018 haereticos;

91 2039 178 2094 hoc
209 2053 339 2107 ergo
362 2039 580 2095 oriente
615 2041 883 2096 universae
908 2040 1191 2111 diﬂ‘ugiunt
1214 2043 1421 2108 bestiae,
1446 2043 1667 2098 tenden-

92 2137 159 2185 tes
180 2129 420 2195 insidias,
442 2138 501 2184 et
526 2130 580 2184 in
603 2132 872 2187 cubilibus
898 2133 1011 2189 suis
1038 2134 1470 2190 secollocabunt.
1493 2133 1668 2190 Judaei-

89 2221 456 2293 adsynagogas
483 2237 629 2289 suas,
660 2233 718 2279 et
758 2224 997 2280 haeretici
1036 2225 1104 2280 ad
1126 2225 1376 2297 synedria
1404 2240 1519 2282 sua.
1551 2226 1664 2282 Illic

88 2314 554 2381 congregabuntur,
586 2324 642 2371 et
665 2316 901 2386 quandiu
932 2318 1242 2387 resplendet
1267 2318 1429 2374 nobis
1462 2317 1558 2373 Sol
1580 2319 1664 2389 ju-

86 2403 242 2468 uitiae,
273 2403 352 2457 illi
378 2404 437 2458 in
477 2405 746 2461 cubilibus
769 2408 881 2462 suis
909 2406 1203 2474 dormiunt,
1237 2425 1343 2465 non
1371 2419 1497 2465 sunt
1542 2412 1661 2466 ausi

86 2495 213 2549 exire
230 2494 298 2548 ad
316 2495 510 2552 lucem.
534 2495 720 2553 Omnis
739 2499 884 2553 enim
912 2500 1003 2570 qui
1026 2501 1166 2555 male
1181 2501 1309 2571 agit,
1332 2503 1448 2557 odit
1463 2502 1657 2558 lucem.

85 2581 169 2649 Qui
211 2586 329 2640 odit
370 2585 592 2642 fratrem
620 2603 808 2655 suum,
839 2589 1158 2646 intenebris
1185 2592 1444 2658 ambulat,
1488 2593 1660 2648 bestia

84 2681 171 2739 est,
198 2674 403 2732 dormit
448 2686 505 2733 et
533 2679 651 2748 ipse
691 2693 814 2734 cum
843 2678 1043 2736 Judaeis
1070 2690 1125 2736 et
1157 2683 1425 2739 haereticis
1466 2703 1479 2737 :
1523 2685 1661 2740 sicut

80 2762 228 2820 imi
250 2766 305 2821 in
334 2768 603 2825 cubilibus
631 2770 984 2839 infidelitatis,
1031 2781 1089 2828 et
1125 2773 1362 2831 haeretici
1395 2776 1448 2830 in
1477 2777 1662 2831 cubili—

80 2855 167 2910 bus
188 2858 345 2913 malae
388 2859 723 2917 credulitatis
750 2864 1021 2919 collocant
1066 2879 1126 2920 se
1161 2874 1218 2921 et
1255 2866 1548 2922 dormiunt.
1578 2869 1658 2924 Ita

84 2949 155 3003 bis
172 2950 237 3005 de
256 2950 443 3007 medio
470 2960 586 3028 atra
618 2970 726 3010 nox
755 2956 864 3010 odii
887 2957 1063 3012 oculis
1079 2972 1268 3013 eorum
1296 2959 1574 3025 incumbit,
1604 2969 1660 3015 et

84 3038 201 3094 nihil
231 3051 433 3110 praeter
452 3045 704 3101 tenebras
727 3046 970 3103 videntes
998 3049 1051 3103 in
1085 3049 1522 3106 odio‘dormiunt.
1553 3051 1657 3119 Qui

83 3138 245 3185 autem
266 3133 434 3188 homo
454 3146 540 3190 est
566 3143 623 3191 et
650 3153 759 3192 non
782 3137 913 3201 fera,
937 3140 1083 3196 exiet
1109 3141 1178 3196 ad
1205 3158 1343 3213 Opus
1359 3158 1517 3216 suum
1542 3160 1656 3200 cre-

1767 1945 1988 2012 buntur,
2010 1960 2135 2001 cum
2156 1944 2374 2001 auferes
2427 1948 2648 2016 spiritus
2673 1957 2950 2004 eorumet
2965 1949 3279 2015 defecerint,
3303 1959 3357 2006 et

1765 2037 1819 2092 in
1850 2045 1992 2093 terra
2019 2053 2119 2094 sua
2147 2046 2510 2104 revertentur,
2534 2040 2602 2095 de
2626 2055 2733 2110 qua
2762 2043 3027 2119 assumpti
3052 2052 3197 2098 sunt.
3222 2041 3358 2101 Cum

1764 2136 1946 2183 autem
1974 2126 2139 2184 fuerit
2182 2130 2596 2186 resurrectionis
2642 2138 2887 2201 tempus,
2929 2134 3115 2188 veniet
3139 2133 3357 2203 spiritus

1764 2226 1907 2283 tuus,
1937 2225 1993 2273 et
2021 2220 2482 2275 resuscitabuntur
2500 2220 2555 2274 hi
2576 2221 2631 2274 in
2652 2222 2847 2289 quibus
2867 2223 3140 2279 renovasti
3167 2222 3356 2279 faciem

1764 2314 1940 2373 terrae,
1965 2308 2058 2376 qui
2077 2308 2131 2363 in
2146 2310 2440 2365 novitatem
2460 2310 2585 2366 vitae
2607 2312 3036 2379 ambulaverunt,
3055 2314 3147 2383 qui
3169 2315 3356 2370 ambu-

1764 2401 2010 2456 laverunt
2038 2403 2094 2456 in
2121 2402 2418 2458 novitatem
2465 2404 2717 2474 spiritus,
2749 2412 2806 2459 et
2842 2421 2953 2461 non
2979 2415 3356 2462 remanserunt

1762 2491 1817 2546 in
1844 2501 2111 2548 vetustate
2139 2494 2364 2560 litterae,
2406 2496 2459 2550 in
2496 2496 2693 2564 quibus
2720 2497 2903 2552 omnia
2931 2508 3101 2553 vetera
3132 2502 3355 2554 transie-

1762 2595 1899 2651 runt,
1929 2595 1980 2640 et
2006 2589 2145 2658 facta
2164 2596 2284 2640 sunt
2310 2589 2485 2642 omnia
2512 2605 2646 2643 nova
2668 2588 2741 2657 (ll
2765 2590 2885 2645 Cor.
2908 2589 2990 2661 v).
3021 2589 3081 2644 In
3105 2590 3234 2661 ipsis
3253 2592 3354 2645 erit

1761 2680 1932 2748 gloria
1957 2679 2171 2734 Domini
2196 2679 2251 2733 in
2268 2680 2462 2735 saecula
2484 2681 2825 2749 saeculorum,
2842 2691 2965 2737 cum
2985 2682 3177 2738 beatus
3196 2682 3354 2738 fuerit

1761 2774 1815 2828 in
1844 2774 2099 2845 operibus
2125 2774 2266 2840 suis,
2305 2788 2425 2843 quae
2465 2791 2609 2832 nunc
2639 2785 2896 2846 operatur
2933 2791 3057 2832 cum
3099 2774 3260 2832 Patre
3299 2785 3354 2831 et

1760 2869 1964 2940 Spiritu
1993 2876 2184 2927 sancto
2210 2885 2223 2931 ;
2247 2871 2338 2940 qui
2378 2872 2600 2941 respicit
2628 2880 2861 2937 terram,
2894 2871 2945 2925 id
2977 2879 3092 2935 est,
3124 2886 3354 2941 corpora

1762 2961 2027 3027 fidelium,
2058 2970 2115 3017 et
2143 2961 2272 3017 facit
2313 2976 2377 3017 ea
2417 2970 2652 3017 tremere
2675 2962 2935 3031 judicium
2963 2961 3236 3023 futurum;
3262 2961 3354 3030 qui

1761 3054 1930 3122 tangit
1976 3062 2188 3109 montes
2235 3062 2291 3108 et
2337 3052 2621 3123 fumigant.
2665 3053 2866 3108 Fumus
2893 3053 3158 3108 montium
3185 3052 3354 3107 nubes

1756 3144 1906 3202 facit.
1953 3145 2095 3215 Ergo
2142 3161 2238 3201 eos
2283 3146 2377 3216 qui
2424 3161 2644 3202 sensum
2690 3146 2758 3200 ad
2803 3146 3030 3214 gloriam
3078 3144 3354 3200 caelestem

81 3220 212 3287 dens,
243 3231 301 3278 et
326 3224 469 3281 bene
496 3228 741 3294 credens,
770 3238 825 3285 et
846 3231 914 3287 ab
935 3236 1255 3303 operatione
1275 3250 1371 3291 sua
1394 3252 1557 3306 quam
1579 3238 1652 3291 in-
1680 3230 1727 3293 Β
1757 3238 2017 3302 exaltant,
2044 3238 2118 3293 ita
2145 3246 2207 3292 ut
2232 3239 2375 3308 apud
2398 3239 2652 3293 homines
2681 3239 2735 3292 in
2765 3246 2910 3292 terra
2939 3237 3205 3291 imminuti
3233 3251 3353 3290 esse

81 3313 293 3383 choavit,
322 3318 627 3376 lucescente
649 3322 748 3377 sibi
782 3324 908 3380 Sole
927 3325 1166 3395 justitiae,
1203 3336 1459 3398 operatur
1485 3340 1653 3398 usque

83 3420 365 3477 vesperum,
382 3409 434 3464 id
455 3419 557 3476 est,
582 3413 883 3482 quandiuiu
907 3416 1010 3472 hac
1030 3417 1148 3474 luce
1167 3418 1441 3489 perdurat,
1464 3426 1519 3475 et
1540 3422 1651 3477 haec

82 3511 170 3553 non
196 3502 308 3556 suis
335 3502 538 3558 viribus
565 3514 822 3575 reputans
846 3508 1044 3564 clamat
1072 3528 1086 3563 :
1111 3511 1281 3577 Quam
1311 3514 1650 3581 magnilicata

80 3596 184 3643 aint
208 3606 374 3661 opera
406 3600 516 3659 tua,
542 3594 803 3653 Domine!
836 3597 1027 3655 Omnia
1059 3602 1174 3658 haec
1201 3604 1255 3659 in
1289 3605 1550 3675 sapientia
1580 3607 1653 3662 fe-

81 3678 198 3745 cisti,
229 3683 347 3738 sive
370 3683 590 3740 visibilia
614 3689 910 3745 secundum
937 3690 1252 3762 Apostolum
1270 3738 1284 3761 ,
1327 3699 1439 3753 sive
1467 3700 1648 3755 invisi-

80 3767 184 3861 bilia
212 3774 435 3845 (Colon.
462 3778 525 3848 ι).
548 3778 771 3850 Repleta
795 3791 877 3838 est
906 3785 1049 3838 enim
1077 3793 1220 3842 terra
1243 3798 1489 3844 creatura
1510 3793 1646 3861 ejus.

81 3859 316 3920 Venimus
356 3866 425 3922 ad
467 3867 600 3926 lines
638 3880 829 3940 terrae,
860 3875 1123 3933 intremus
1162 3895 1306 3935 nunc
1334 3894 1500 3937 mare.
1534 3859 1651 3938 Hoc

81 3968 208 4009 mare
227 3971 483 4026 magnum
513 3968 569 4015 et
590 3963 885 4032 spatiosum
902 3988 916 4023 :
933 3983 1042 4023 non
1070 3976 1125 4024 te
1152 3969 1311 4026 docet
1329 3988 1429 4043 pro
1452 3988 1646 4042 magno

80 4046 319 4114 propheta
339 4050 785 4123 psalmographus
803 4056 1126 4125 patriarcha,
1151 4059 1316 4116 immo
1337 4060 1392 4116 S.
1417 4061 1648 4132 Spiritus

80 4133 121 4187 in
162 4137 243 4191 his
287 4141 379 4208 qui
429 4141 683 4211 loquitur,
732 4144 837 4202 hoc
882 4164 989 4203 non
1027 4149 1213 4204 habuit
1258 4151 1473 4214 docere,
1522 4154 1647 4224 quia

79 4238 308 4296 magnum
325 4240 567 4289 estmare
578 4242 633 4288 et
647 4238 962 4307 spatiosum,
987 4246 1041 4295 et
1062 4241 1135 4295 ibi
1154 4244 1396 4312 repentis
1416 4230 1646 4313 quorum

82 4331 172 4371 non
199 4328 280 4374 est
306 4337 471 4377 nume
500 4339 583 4387 us,
623 4326 914 4383 animantia
941 4345 1131 4400 magna
1159 4340 1216 4387 et
1234 4348 1419 4403 parva,
1438 4342 1493 4389 et
1521 4338 1648 4407 quia

82 4407 140 4464 ibi
154 4424 319 4468 naves
343 4422 651 4471 transeunt:
668 4433 773 4472 non
795 4419 900 4475 hoc
924 4420 1105 4477 docuit
1129 4425 1276 4492 quod
1298 4425 1473 4480 nullus
1496 4427 1649 4495 igno-

83 4508 177 4567 rat,
205 4503 297 4557 sed
327 4505 469 4560 scire
498 4521 599 4561 nos
625 4508 795 4563 voluit
820 4525 971 4566 mare
1001 4527 1252 4590 magnum
1276 4524 1329 4570 et
1348 4517 1643 4589 spatiosum

1756 3328 2054 3394 videantur,
2078 3336 2140 3383 ut
2165 3329 2218 3382 in
2239 3327 2421 3384 futuro
2442 3329 2785 3383 inveniantur
2804 3328 3024 3391 excelsi,
3047 3326 3146 3381 hos
3168 3334 3353 3394 tanget

1751 3417 2031 3485 Dominus,
2055 3427 2112 3473 et
2137 3418 2269 3473 dant
2289 3417 2494 3473 fumum
2522 3418 2633 3473 oris
2652 3418 2754 3482 sui,
2776 3416 3116 3486 proferentes
3142 3432 3351 3471 sermo-

1752 3526 1912 3577 nem,
1940 3511 2033 3583 qui
2072 3511 2242 3567 nubes
2286 3518 2413 3566 sunt
2452 3510 2765 3573 oculorum,
2806 3515 2866 3563 et
2908 3507 3107 3564 facient
3148 3508 3347 3562 multos

1749 3604 1966 3674 plorare
1992 3612 2211 3674 peccata
2239 3620 2334 3659 sua
2355 3642 2369 3667 ,
2412 3602 2609 3657 multos
2648 3601 2831 3655 lavare
2871 3615 2936 3654 ea
2964 3601 3345 3671 eleemosynis,

1750 3696 1948 3757 multos
1975 3694 2321 3752 festinare‘ad
2375 3695 2579 3753 fontem
2621 3702 2852 3749 sacrum.
2884 3690 2976 3748 Sic
3016 3705 3146 3761 ergo
3189 3701 3341 3748 tactu

1750 3786 1848 3841 Dei
1874 3793 2088 3842 montes
2115 3787 2378 3857 fumigant
2406 3785 2473 3840 ad
2502 3784 2907 3839 inundationem
2938 3784 3189 3847 nubium,
3223 3799 3345 3852 quae

1748 3878 1984 3949 pluviam
2011 3877 2203 3935 dantes
2224 3887 2355 3933 tam
2397 3878 2586 3933 sordes
2613 3876 2868 3940 abluunt,
2898 3891 3060 3945 quam
3103 3875 3344 3945 frugibus

1748 3979 1805 4026 et
1825 3972 2106 4027 arboribus
2126 3971 2378 4028 nascendi
2402 3971 2614 4041 copiam
2635 3969 3032 4025 administrant.
3049 3966 3345 4024 Cantemus

1748 4076 1879 4131 ergo
1906 4063 2007 4134 ipsi
2040 4063 2267 4118 Domino
2293 4062 2406 4117 Deo
2434 4069 2626 4117 nostro
2654 4061 2708 4116 in
2734 4062 2845 4115 vita
2872 4068 3081 4123 nostra,
3107 4066 3166 4113 et
3191 4058 3340 4129 psal-

1748 4155 1923 4210 lamus
1968 4155 2018 4211 ei
2064 4155 2299 4224 quaudiu
2354 4153 2611 4219 vivimus;
2660 4153 2841 4208 suavis
2885 4154 2955 4207 sit
3002 4153 3055 4208 ei
3103 4152 3343 4207 laudatio

1748 4253 1932 4301 nostra
1961 4245 2246 4302 catholicis
2265 4242 2650 4298 aséertionibus
2666 4241 3137 4306 suaviﬁcala,niliil
3150 4242 3343 4297 morbo

1746 4332 2054 4390 Judaeorum
2073 4374 2088 4400 ,
2118 4334 2249 4388 nihil
2276 4332 2465 4387 morbo
2493 4331 2869 4387 haereticorum
2907 4332 3291 4387 circumferens
3325 4350 3337 4385 :

1748 4436 1809 4482 ut
1835 4437 1892 4483 et
1918 4442 2017 4483 nos
2044 4426 2372 4482 delectemur
2410 4426 2465 4480 in
2495 4424 2724 4480 Domino
2749 4439 2871 4479 cum
2900 4421 3130 4480 deiicere
3158 4438 3342 4492 caepe-

1748 4519 1857 4574 rint
1882 4519 2137 4585 haeretici,
2167 4526 2259 4574 aut
2287 4517 2520 4579 Judaei,a
2550 4522 2780 4578 terra,et
2808 4516 3006 4588 iniqui,
3031 4517 3104 4572 ita
3142 4524 3203 4571 ut
3231 4531 3340 4572 non

82 4602 210 4653 esse,
242 4607 458 4648 omnem
510 4597 680 4666 legem
720 4602 846 4654 novi
874 4608 930 4656 et
957 4605 1155 4661 veteris
1183 4604 1543 4677 Testamenti,
1578 4610 1649 4665 ibi
1683 4597 1737 4659 Β
1759 4612 1869 4667 sint
1897 4630 1910 4665 :
1941 4618 2070 4666 tunc
2098 4611 2216 4665 laeta
2242 4610 2417 4665 anima
2448 4617 2630 4664 nostra
2668 4610 2993 4665 benedicens
3019 4610 3247 4665 Domino
3287 4609 3341 4664 in

84 4682 333 4767 tepentia,
359 4697 590 4752 quorum
619 4704 725 4744 non
764 4697 849 4745 est
891 4709 1145 4751 numerus
1173 4715 1187 4750 :
1215 4697 1267 4751 in
1300 4698 1417 4767 lege
1455 4698 1644 4765 Judaei,

83 4766 124 4859 in
148 4769 260 4838 lege
285 4772 550 4839 Samaria,
573 4787 627 4832 et
654 4778 709 4832 in
732 4780 849 4850 lege
869 4782 1133 4852 haeretici,
1166 4795 1220 4842 et
1240 4788 1293 4842 in
1315 4766 1435 4859 lege
1455 4792 1649 4847 catho-

83 4855 182 4951 lici;
225 4861 278 4917 in
320 4864 441 4934 lege
480 4880 662 4935 reges,
692 4874 971 4941 consules,
1020 4876 1231 4944 divites,
1274 4855 1564 4951 pauperes;
1589 4890 1645 4942 in

80 4945 178 5016 lege
200 4954 376 5022 pusilli
401 4964 460 5012 et
481 4961 677 5029 magni.
696 4960 773 5018 lbi
796 4981 958 5021 naves
984 4945 1290 5035 transeunt,
1308 4945 1436 5028 solae
1465 4945 1651 5031 Eccle-

80 5039 155 5137 siae
179 5045 547 5139 universarum
574 5054 990 5125 provinciarum,
1022 5076 1140 5131 quae
1169 5064 1411 5133 epibatas
1440 5065 1650 5139 [ascen-

79 5132 261 5206 siones]
285 5135 490 5193 ducunt
518 5141 585 5195 ad
614 5157 777 5213 regna
809 5149 1099 5218 caelorum,
1133 5169 1163 5208 a
1193 5132 1499 5214 civitatibus
1540 5167 1650 5214 ter-

81 5222 207 5277 renis
240 5225 310 5319 ad
331 5227 608 5286 civitatem
636 5233 934 5295 Jerusalem
980 5251 1207 5300 matram
1247 5255 1506 5306 nostram.
1547 5250 1648 5319 Qui

81 5319 241 5409 autem
268 5316 385 5373 sine
421 5336 559 5377 nave
586 5323 747 5381 fuerit
786 5330 838 5384 in
868 5332 973 5389 hoc
996 5337 1134 5391 mari
1162 5353 1359 5408 magno
1401 5316 1668 5407 inventus,

79 5409 292 5503 "ueniet
316 5411 609 5473 draconem
653 5422 747 5491 qui
795 5423 1055 5484 formatus
1100 5439 1182 5486 est
1220 5433 1289 5487 ad
1316 5433 1645 5491 illudendum

185 5497 491 5594 Notandum
521 5515 699 5567 tamen
742 5522 826 5570 est
853 5518 977 5586 quia
1008 5519 1119 5576 Deo
1150 5521 1373 5578 dicitur:
1399 5525 1512 5581 lllic
1540 5535 1639 5594 est,

78 5591 252 5683 inquit,
282 5594 450 5653 draco
478 5614 636 5670 quem
675 5605 945 5677 formasti,
977 5613 1104 5683 quia
1147 5614 1423 5673 Manichaei
1462 5591 1645 5676 dicunt

78 5680 351 5755 principem
381 5692 722 5752 tenebrarum
752 5715 780 5754 a
810 5717 869 5758 se
898 5680 1097 5760 habere
1128 5708 1467 5778 principium.
1501 5707 1642 5779 Ergo

77 5779 123 5825 ιιι
144 5786 383 5836 creatura
413 5784 712 5856 assignetur
734 5791 865 5861 Deo,
890 5794 1002 5853 Deo
1022 5795 1234 5866 dicitur,
1260 5798 1429 5865 Quem
1457 5809 1510 5856 tu
1535 5800 1642 5857 for-

1753 4704 1902 4759 omni
1930 4712 2170 4773 tempore
2205 4701 2546 4772 ipsi.gratias
2570 4709 2721 4771 aget,
2745 4701 2832 4756 cui
2859 4701 3031 4770 gloria
3063 4701 3114 4755 in
3145 4701 3341 4757 saecula

1754 4795 2089 4851 saeculorum.
2122 4792 2310 4847 Amen.

2304 4880 2526 4938 PSALM
2535 4881 2619 4937 US
2653 4881 2783 4938 CIV.

2416 4971 2662 5027 Alleluia.

1824 5066 2153 5139 Con/itemini
2178 5065 2420 5129 Domino,
2441 5073 2491 5117 et
2508 5066 2739 5118 invocato
2762 5080 2947 5119 nomen
2966 5064 3099 5136 ejus,
3132 5081 3341 5119 «ranun-

1753 5162 1881 5215 tiate
1904 5163 2039 5215 inter
2066 5167 2237 5230 gentes
2264 5172 2422 5227 Opera
2450 5157 2583 5228 ejus.
2614 5154 2831 5210 Cantate
2858 5158 2905 5211 ei
2942 5166 2992 5211 et
3028 5156 3238 5229 psallite
3264 5157 3334 5220 ei,

1754 5262 1969 5307 narrate
1995 5251 2168 5306 omnia
2207 5246 2465 5303 mirabilia
2494 5249 2625 5319 ejus.
2672 5247 2986 5304 Laudamini
3025 5250 3079 5303 in
3126 5249 3338 5303 nomine

1753 5354 1931 5399 sancto
1952 5345 2091 5415 ejus;
2114 5342 2309 5397 lactem:-
2327 5355 2414 5394 cor
2432 5341 2768 5412 quaerentium
2787 5339 3086 5395 Dominum.
3109 5338 3338 5405 Quwrile

1751 5432 2051 5501 Dominum,
2095 5443 2142 5488 et
2169 5432 2565 5503 conﬁrmamini,
2595 5433 2809 5504 quaerite
2835 5434 3021 5505 faciem
3063 5433 3173 5503 ejus
3202 5448 3339 5485 sem-

1752 5545 1861 5599 per.
1905 5526 2208 5582 Mementote
2246 5523 2559 5580 mirabilium
2598 5526 2709 5596 ejus
2756 5542 2870 5598 quae
2914 5526 3063 5597 fecit,
3094 5523 3337 5595 prodigia

1748 5621 1860 5690 ejus
1884 5628 1934 5674 et
1952 5618 2153 5692 judicia
2179 5619 2281 5673 oris
2320 5618 2448 5689 ejus.
2483 5615 2672 5672 Semen
2714 5616 2974 5670 Abraham
3014 5615 3147 5669 sei-ri
3195 5614 3341 5684 ejus,

1749 5712 1848 5781 ﬁlii
1875 5710 2038 5766 Iacob
2075 5710 2217 5766 electi
2255 5708 2381 5780 ejus.
2417 5706 2538 5780 Ipse
2577 5706 2831 5763 Dominus
2872 5705 3012 5761 Deus
3054 5714 3247 5767 noster,
3278 5708 3334 5761 in

1750 5804 1987 5859 universa
2035 5812 2161 5859 terra
2184 5801 2383 5873 judicia
2430 5800 2559 5872 ejus.
2611 5797 2812 5855 Memor
2854 5800 3035 5872 fuitin
3082 5801 3336 5854 sa’culum
