3908 6176
622 373 725 426 479

1974 367 2244 423 ARNOBll
2281 368 2583 426 JUNIORIS
3727 387 3805 441 ικθ

622 489 910 542 testamenti
935 489 1033 548 sui,
1063 486 1196 540 verbi
1223 486 1357 556 quod
1381 485 1644 538 mandavit
1672 485 1722 537 in
1745 484 1884 537 mille
1903 484 2195 552 generatio-
2222 485 2273 542 Λ
2302 482 2381 536 los
2399 523 2411 547 ,
2445 490 2499 536 et
2528 484 2670 538 misit
2699 483 3018 540 Paraclitum
3040 527 3055 552 ,
3085 489 3175 556 qui
3204 486 3257 541 in
3297 498 3572 560 conspectu
3596 498 3804 563 gentium,

621 595 728 630 nes.
763 573 914 640 Quod
939 576 1192 646 disposuit
1221 575 1289 627 ad
1313 575 1601 638 Abraham,
1633 583 1682 625 et
1703 573 1982 643 juramenti
2021 573 2099 624 sui
2128 573 2198 624 ad

625 667 798 720 Isaac.
845 665 914 719 Et
939 668 1118 720 statuit
1145 666 1274 720 illud
1299 665 1459 719 Iacob
1501 665 1555 718 in
1593 674 1918 734 prteceptum,
1951 673 1998 716 et
2030 661 2197 716 Israel

617 760 672 811 in
705 768 1057 812 testamentum
1102 768 1378 819 (etei-num,
1423 759 1633 810 dicens:
1668 755 1780 809 Tibi
1827 756 1958 809 dabo
2008 764 2194 808 terram

617 849 868 904 Chanaan
915 853 1197 922 funiculum
1244 850 1557 903 hereditatis
1614 859 1811 902 vestra}.
1859 847 1984 901 Cum
2031 858 2196 900 essent

616 958 826 994 numero
848 942 1000 1006 brevi,
1027 942 1321 1010 paucissimi
1349 950 1398 992 et
1426 942 1610 993 incola:
1637 939 1763 1009 ejus.
1799 937 1866 990 Et
1885 939 2196 1007 pertransie-

616 1046 737 1088 runt
765 1033 826 1088 de
853 1044 1001 1104 gente
1024 1035 1076 1088 in
1105 1043 1322 1104 gentem,
1349 1041 1397 1086 et
1427 1033 1490 1086 de
1515 1049 1670 1102 regno
1691 1031 1760 1084 ad
1787 1030 2028 1101 populum
2059 1031 2191 1084 alter

616 1143 748 1178 rum.
783 1124 905 1178 Non
936 1126 1138 1196 reliquit
1166 1126 1419 1178 hominem
1450 1140 1632 1177 nocere
1659 1125 1812 1186 eis,et
1827 1123 2075 1190 corripuit
2099 1138 2192 1191 pro

615 1219 688 1270 eis
721 1234 883 1286 reges.
918 1215 1095 1269 Nolite
1124 1225 1330 1286 tangere
1363 1216 1580 1268 christos
1608 1231 1764 1278 meos,
1796 1224 1844 1267 et
1863 1215 1914 1266 in
1934 1214 2192 1284 prophetis

615 1310 740 1362 meis
768 1307 924 1360 nolite
951 1307 1247 1375 malignari.
1273 1305 1340 1358 Et
1368 1307 1563 1358 vocavit
1586 1307 1772 1375 fantem
1801 1301 1952 1357 super
1982 1313 2188 1367 terram,

616 1410 666 1452 et
705 1415 852 1453 omne
881 1401 1192 1469 frumentum
1220 1398 1368 1467 panis
1395 1397 1651 1450 contrivit.
1681 1387 1826 1449 Misit
1851 1405 1972 1449 ante
1992 1411 2076 1448 eos
2119 1397 2193 1448 vi-

615 1504 767 1541 rum:
796 1489 849 1540 in
879 1504 1074 1541 servum
1105 1487 1418 1540 venundatus
1447 1496 1523 1538 est
1543 1485 1753 1556 Ioseph.
1782 1485 2196 1539 Humiliaverunt

615 1579 670 1633 in
705 1579 1028 1648 compedibus
1065 1579 1215 1649 pedes
1243 1579 1372 1648 ejus,
1411 1580 1602 1647 ferrum
1643 1579 1938 1647 pertransiit
1965 1579 2192 1630 animam

615 1670 746 1739 ejus,
773 1669 932 1723 donec
957 1670 1146 1722 veniret
1166 1666 1368 1722 verbum
1407 1669 1536 1738 ejus.
1570 1666 1841 1738 Eloquium
1878 1667 2088 1720 Domini
2112 1669 2194 1720 in-

617 1763 897 1830 ﬂammavit
925 1778 1055 1824 eum,
1086 1761 1223 1814 misit
1252 1774 1342 1812 rex
1371 1769 1419 1813 et
1438 1759 1586 1814 solvit
1603 1775 1738 1824 eum,
1767 1761 2001 1829 princeps
2030 1775 2193 1829 popu-

2298 573 2449 639 quasi
2479 571 2614 640 ignis
2657 573 2927 643 dispersus
2947 617 2960 640 ,
3005 576 3369 632 universarum
3405 581 3624 649 gentium
3647 602 3742 655 qua:
3765 593 3805 644 in

2297 664 2544 730 prtescnti
2576 673 2729 717 erant
2758 665 2960 732 linguas
2997 667 3049 720 in
3088 669 3360 737 apostolos
3385 682 3654 739 reseraret,
3681 676 3739 729 ita
3763 690 3806 733 ut

2296 751 2437 818 quod
2469 753 2783 822 imperatum
2825 754 2998 810 fuerat
3024 757 3076 810 in
3114 760 3361 827 praesenti
3400 762 3610 829 psalmo,
3637 765 3695 818 ab
3719 768 3804 836 ipso

2296 841 2497 910 Spiritu
2517 853 2702 898 sancto
2728 853 2855 900 tunc
2880 847 3242 917 adimpletum,
3267 858 3451 916 gentes
3477 851 3596 920 ipsze
3627 855 3685 910 de
3706 871 3801 926 apo-

2295 934 2446 987 stolis
2472 933 2746 989 dicerent:
2778 934 2968 991 Nonne
3004 940 3115 1002 isti,
3149 940 3420 1007 inquiunt,
3468 941 3654 997 Galilei
3689 951 3804 999 sunt?

2293 1035 2343 1077 et
2369 1027 2619 1096 quomodo
2647 1043 2742 1082 nos
2767 1031 3111 1100 unusquisque
3139 1031 3328 1101 linguis
3357 1036 3538 1087 nostris
3573 1037 3805 1091 audivimus

2293 1133 2378 1170 eos
2407 1117 2663 1188 loquentes
2691 1120 2954 1190 magnalia
2985 1119 3082 1174 Dei
3106 1121 3240 1190 (Act.
3271 1138 3307 1176 ιι
3326 1123 3378 1190 )?
3406 1124 3548 1178 Tunc
3573 1139 3684 1194 ergo
3708 1141 3804 1192 gen-

2295 1209 2437 1261 tibus
2464 1210 2691 1264 conl'essi
2717 1219 2840 1265 sunt
2862 1212 3162 1276 Dominum,
3192 1222 3248 1267 et
3268 1215 3633 1270 invocaverunt
3652 1233 3802 1274 nomen

2294 1297 2426 1364 ejus,
2459 1314 2652 1353 nomen
2683 1301 2825 1368 quod
2855 1299 3036 1355 Iudaea
3060 1303 3173 1356 sola
3201 1293 3484 1367 retinebat,
3505 1313 3620 1360 tunc
3638 1325 3803 1363 annun-

2297 1391 2562 1445 tiaverunt
2583 1391 2720 1445 inter
2743 1400 2930 1459 gentes
2950 1394 3210 1461 magnalia
3235 1394 3369 1462 ejus.
3395 1395 3534 1450 Tunc
3547 1398 3654 1465 jure
3671 1401 3803 1467 primo

2294 1488 2564 1534 cantatum
2608 1489 2691 1535 est
2718 1481 2770 1535 in
2801 1482 3032 1536 adventu
3070 1485 3238 1538 sancti
3283 1485 3507 1554 Spiritus
3533 1488 3741 1551 alleluia,
3765 1491 3802 1543 in

2293 1583 2400 1637 quo
2431 1580 2778 1626 narraverunt
2805 1573 2983 1626 omnia
3010 1573 3275 1628 mirabilia
3315 1575 3460 1644 ejus,
3491 1586 3542 1630 et
3566 1577 3805 1633 docuerunt

2294 1671 2479 1729 gentes
2503 1663 2605 1718 hoc
2631 1663 2818 1718 ordine
2861 1683 2874 1717 :
2919 1665 3094 1721 Nolite
3135 1667 3340 1722 laudari
3368 1669 3418 1722 in
3459 1671 3638 1724 virtute
3662 1686 3804 1740 regum

2294 1763 2622 1821 vestrorum,
2654 1771 2828 1825 neque
2869 1758 2920 1811 in
2948 1759 3186 1827 potentia
3215 1761 3514 1830 praeliorum
3539 1772 3804 1829 vestrorum,

618 1853 783 1904 lorum
812 1861 860 1903 et
889 1850 1081 1903 dimisit
1107 1866 1240 1903 eum.
1267 1848 1539 1902 Constituit
1568 1866 1682 1902 eum
1726 1850 1988 1902 dominum
2012 1850 2192 1902 domus
2225 1843 2266 1901 Β
2293 1845 2387 1900 sed
2416 1845 2748 1915 deponentes
2773 1849 3044 1917 potentias
3069 1865 3291 1904 arcuum
3335 1859 3390 1904 et
3427 1861 3618 1906 scutum
3643 1862 3690 1908 et
3711 1855 3801 1922 gla-

617 1958 744 2004 suw,
774 1950 823 1993 et
851 1941 1132 2010 principem
1163 1940 1329 1992 omnis
1355 1940 1688 2009 possessionis
1717 1955 1843 1992 suat.
1877 1938 1946 1992 Ut
1972 1939 2194 1992 erudiret

617 2031 872 2100 principes
909 2030 1019 2099 ejus
1051 2031 1181 2082 sicut
1209 2031 1550 2098 semetipsum,
1579 2037 1629 2082 et
1649 2045 1792 2083 senes
1831 2029 1942 2101 ejus
1963 2030 2192 2100 pruden-

617 2121 742 2174 tiam
772 2119 989 2173 doceret.
1023 2118 1092 2171 Et
1120 2119 1331 2172 intravit
1354 2117 1520 2172 Israel
1544 2120 1597 2171 in
1627 2117 1934 2189 Egyptum,
1964 2129 2013 2173 et
2029 2119 2192 2174 Iacob

617 2211 794 2263 accola
820 2211 917 2280 fuit
963 2211 1017 2262 in
1063 2219 1198 2262 terra
1239 2208 1419 2262 Citam.
1463 2206 1530 2260 Et
1575 2211 1722 2262 auxit
1766 2211 2006 2279 populum
2048 2227 2196 2264 suum

617 2301 951 2362 vehementer,
981 2309 1030 2351 et
1057 2300 1284 2368 ﬁrmavit
1310 2315 1420 2351 eum
1449 2315 1600 2369 super
1632 2301 1864 2354 inimicos
1890 2301 2018 2370 ejus.
2057 2301 2194 2354 Con-

617 2393 759 2444 t-ertit
800 2407 888 2444 cor
915 2407 1090 2444 eorum
1129 2400 1184 2442 ut
1225 2390 1427 2444 adirent
1472 2395 1711 2460 populum
1757 2392 1893 2462 ejus,
1935 2401 1984 2445 et
2023 2393 2195 2446 dolum

618 2485 844 2553 facerent
873 2484 926 2534 in
959 2498 1128 2534 servos
1157 2483 1288 2552 ejus.
1336 2481 1482 2534 Misit
1529 2480 1745 2552 Moysen
1785 2501 1980 2537 servum
2028 2501 2195 2552 suum,

619 2575 789 2628 Aaron
814 2591 956 2646 quem
977 2575 1123 2644 elegit
1157 2575 1341 2644 ipsum.
1369 2573 1550 2626 Posuit
1580 2577 1633 2628 in
1663 2577 1736 2630 eis
1757 2577 1905 2629 verba
1931 2579 2195 2647 signorum

619 2681 823 2718 suorum
849 2675 898 2718 et
926 2667 1279 2736 prodigiorum
1309 2666 1362 2718 in
1392 2674 1530 2718 terra
1567 2666 1746 2719 Cham.
1788 2666 1932 2720 Misit
1963 2667 2194 2722 tenebras

619 2769 670 2813 et
699 2757 1002 2820 obscuravit,
1043 2771 1092 2811 et
1121 2776 1222 2812 non
1252 2759 1574 2813 exacerbavit
1600 2776 1857 2813 sermones
1895 2776 2032 2813 suos.
2064 2758 2198 2814 Con-

619 2853 765 2904 vertit
793 2868 952 2921 aquas
975 2869 1148 2904 eorum
1177 2854 1230 2904 in
1251 2853 1569 2921 sanguinem,
1596 2861 1646 2904 et
1665 2851 1849 2905 occidit
1869 2853 2050 2921 pisces.
2075 2851 2200 2905 Edi-

621 2941 696 2993 dit
733 2950 867 2992 terra
895 2957 1068 2993 eorum
1100 2958 1259 2993 ranas
1287 2942 1340 2992 in
1367 2939 1706 3010 penetralibus
1736 2958 1911 3012 regum
1951 2942 2194 3011 ipsorum.

621 3031 768 3085 Dixit
797 3042 845 3084 et
866 3033 1000 3084 venit
1027 3033 1307 3102 caenomyia
1328 3042 1377 3085 et
1402 3034 1643 3103 cyniphes
1670 3035 1722 3086 in
1747 3035 1978 3089 omnibus
2009 3035 2199 3104 finibus

621 3139 814 3176 eorum.
850 3122 1031 3176 Posuit
1059 3123 1256 3192 pluvias
1281 3139 1452 3176 eorum
1482 3124 1784 3193 grandinem
1803 3163 1816 3186 ,
1859 3127 2025 3195 ignem
2055 3142 2196 3179 com-

2295 1937 2438 1992 diurn
2467 1948 2521 1992 et
2546 1940 2765 2003 bellum,
2804 1955 2992 2008 pacem
3021 1942 3294 1996 assumite.
3327 1941 3394 1996 Et
3411 1942 3658 1997 Christum
3683 1960 3805 2012 quem

2294 2027 2642 2096 praedicamus
2661 2027 2831 2094 vobis,
2843 2037 3022 2084 vestro
3040 2031 3242 2086 nomini
3257 2033 3474 2099 sociale,
3491 2042 3545 2087 ut
3561 2050 3646 2088 vos
3661 2036 3736 2102 qui
3752 2035 3805 2088 di-

2293 2117 2474 2171 cimini
2496 2127 2699 2186 gentes,
2718 2119 2967 2174 dicamini
2986 2119 3294 2183 Christiani.
3312 2131 3367 2178 et
3386 2124 3649 2178 laudemini
3669 2126 3711 2178 in
3730 2140 3802 2178 no-

2295 2207 2440 2261 mine
2459 2217 2643 2264 sancto
2667 2208 2800 2277 ejus.
2819 2208 2886 2264 Et
2908 2211 3117 2265 laetetur
3130 2227 3226 2266 cor
3250 2222 3497 2275 vestrum,
3510 2214 3594 2283 qui
3616 2215 3804 2282 quaeritis

2296 2295 2611 2362 Dominum;
2659 2299 2879 2367 quierite
2918 2298 3221 2367 Christum,
3263 2311 3319 2357 et
3357 2303 3724 2357 conﬁrmamini.
3759 2302 3806 2356 Et

2295 2385 2417 2454 quia
2449 2387 2688 2442 ascendit
2715 2387 2768 2440 in
2797 2388 2964 2451 caelis,
2997 2397 3052 2444 ct
3077 2398 3230 2459 parat
3262 2391 3410 2445 vobis
3435 2391 3663 2459 gaudimn
3697 2407 3803 2445 sem-

2295 2477 2582 2547 piternum,
2605 2481 2838 2549 quandiu
2860 2481 2926 2536 ad
2946 2497 3066 2537 eum
3088 2485 3419 2552 pertingatis,
3441 2485 3642 2552 quaerite
3661 2485 3804 2538 faciem

2299 2568 2418 2636 ejus
2445 2586 2673 2640 semper,
2721 2581 3047 2628 mementote
3092 2575 3357 2630 mirabilia
3405 2576 3516 2644 ejus
3554 2590 3660 2644 qua:
3697 2573 3807 2638 fecit,

2298 2671 2416 2726 quae
2443 2675 2602 2729 supra
2631 2661 2861 2716 diximus
2903 2662 3142 2731 prodigia
3172 2663 3319 2732 ejus,
3347 2664 3535 2732 judicia
3571 2663 3668 2717 oris
3703 2661 3804 2730 ejus,

2298 2763 2627 2818 quzecunque
2652 2751 2913 2820 apostoli,
2936 2767 3268 2821 qutecunque
3289 2761 3514 2824 quatuor
3529 2751 3808 2819 evangelista:

2298 2846 2580 2905 testantur,
2613 2855 2718 2894 non
2748 2857 2814 2896 ex
2843 2843 3087 2910 gentibus
3111 2845 3421 2909 venientes,
3449 2844 3535 2899 sed
3560 2859 3621 2898 ex
3649 2842 3808 2896 semine

2299 2929 2567 2985 Abraham
2611 2934 2751 2987 servi
2795 2933 2941 3002 ejus,
2971 2936 3060 3004 qui
3086 2946 3210 2991 sunt
3237 2935 3334 2991 ﬁlii
3362 2937 3521 2992 Jacob
3543 2935 3677 2991 electi
3700 2933 3804 3001 ejus.

2299 3021 2413 3077 Non
2439 3031 2520 3078 est
2545 3025 2688 3078 enim
2716 3023 2958 3082 Christus
2979 3027 3120 3082 Deus
3141 3043 3351 3092 recens,
3383 3044 3484 3083 non
3507 3027 3699 3089 advena,
3726 3037 3804 3076 non

2301 3113 2551 3178 novitius,
2580 3114 2674 3168 sed
2693 3105 2812 3183 ipse
2833 3123 2915 3169 est
2940 3116 3194 3171 Dominus
3224 3117 3366 3172 Deus
3392 3126 3578 3180 noster,
3602 3114 3679 3182 qui
3699 3126 3807 3167 scm-

622 3211 879 3266 burentem
906 3214 959 3265 in
991 3222 1125 3265 terra
1152 3214 1397 3281 ipsorum.
1422 3212 1493 3266 Et
1517 3216 1764 3283 percussit
1792 3217 1962 3270 vineas
1988 3234 2163 3271 eorum
2181 3260 2196 3284 ,

2304 3219 2403 3274 per
2431 3203 2528 3258 fuit
2554 3222 2566 3256 :
2599 3211 2653 3259 et
2681 3206 2771 3273 qui
2800 3206 2852 3260 in
2897 3205 3245 3261 Hebrzeorum
3293 3217 3448 3276 gente
3475 3215 3656 3260 tantum
3679 3215 3804 3256 cete-

621 3311 671 3354 et
709 3301 955 3370 ﬁculneas
981 3319 1153 3354 eorum
1172 3343 1185 3365 ,
1219 3311 1266 3356 et
1295 3305 1528 3357 contrivit
1555 3305 1752 3374 lignum
1790 3307 1973 3376 [inium
2001 3325 2194 3362 eorum.

626 3392 775 3445 Dixit
797 3401 847 3446 et
874 3394 1008 3453 venit
1031 3393 1226 3446 locusta
1254 3405 1302 3446 et
1328 3393 1561 3460 bruchus,
1595 3397 1740 3465 cujus
1762 3414 1862 3452 non
1884 3409 1996 3452 erat
2025 3415 2201 3454 nume-

624 3497 732 3534 rus.
764 3479 833 3533 Et
859 3481 1075 3534 comedit
1111 3499 1260 3536 omne
1291 3486 1462 3553 fenum
1489 3488 1544 3539 in
1575 3496 1707 3540 terra
1746 3505 1948 3553 eorum,
1981 3501 2032 3544 et
2057 3507 2197 3545 com-

627 3571 733 3624 edit
760 3587 958 3624 omnem
987 3573 1205 3640 [metum
1243 3583 1392 3627 terra
1425 3592 1615 3629 eorum.
1661 3575 1730 3630 Et
1769 3582 2015 3648 percussit
2053 3599 2202 3636 omne

625 3663 1016 3730 primogenitum
1044 3663 1097 3713 in
1127 3669 1265 3713 terra
1294 3679 1464 3716 eorum
1483 3704 1498 3728 ,
1530 3667 1780 3734 primitias
1815 3671 1980 3723 omnis
2009 3671 2200 3726 laboris

626 3768 818 3804 eorum.
846 3750 913 3803 Et
934 3751 1112 3806 eduxit
1140 3768 1225 3804 eos
1251 3768 1363 3805 cum
1393 3765 1603 3824 argento
1633 3767 1680 3810 et
1711 3775 1864 3824 auro,
1896 3770 1944 3813 et
1966 3778 2068 3815 non
2089 3773 2203 3820 erat

627 3844 679 3904 in
709 3840 932 3895 tribubus
978 3858 1152 3894 eorum
1190 3843 1445 3910 inﬁrmus.
1491 3843 1690 3899 Lanato
1733 3859 1810 3902 est
1847 3849 2108 3922 ngyptus
2148 3861 2201 3908 in

627 3931 940 4001 profectione
959 3947 1150 3995 eorum,
1175 3933 1294 4002 quia
1315 3933 1540 3988 incubuit
1562 3938 1710 3992 timor
1728 3957 1900 3994 eorum
1919 3959 2072 4013 super
2092 3962 2198 4000 eos.

629 4021 894 4092 Expandit
933 4023 1114 4077 nubem
1143 4025 1196 4076 in
1225 4027 1585 4094 protectionem
1613 4048 1818 4094 eorum,
1860 4044 1911 4088 et
1946 4037 2112 4105 ignem
2143 4046 2200 4090 ut

627 4117 816 4168 luceret
844 4117 917 4169 eis
944 4132 1032 4185 per
1059 4125 1277 4170 noctem.
1313 4115 1576 4174 Petierunt
1607 4131 1655 4174 et
1694 4126 1825 4178 venit
1853 4129 2092 4180 coturnix
2113 4167 2126 4190 ,
2150 4139 2200 4183 et

629 4223 760 4276 pane
799 4208 909 4261 ειειί
951 4209 1201 4261 saturavit
1227 4224 1330 4261 eos.
1366 4207 1596 4280 Disrupit
1622 4223 1817 4281 petram
1853 4226 1903 4268 et
1937 4218 2199 4286 ﬂuxerunt

629 4314 807 4368 aqua,
839 4299 1069 4351 abierunt
1098 4299 1150 4351 in
1180 4299 1312 4352 sicco
1341 4300 1573 4367 ﬂumina.
1607 4299 1858 4364 Quoniam
1885 4324 2078 4363 memor
2102 4312 2200 4380 fuit

630 4390 764 4444 verbi
785 4392 951 4444 sancti
972 4392 1070 4452 sui,
1089 4390 1223 4461 quod
1243 4391 1418 4444 habuit
1437 4393 1505 4445 ad
1523 4395 1777 4451 Abraham
1798 4415 2007 4468 puerum
2028 4419 2193 4458 suum.

632 4479 701 4534 Et
721 4480 895 4533 eduxit
919 4482 1158 4550 populum
1179 4499 1324 4534 suum
1344 4484 1397 4536 in
1417 4485 1778 4551 exsultatione,
1802 4500 1850 4543 et
1871 4492 2054 4548 electos
2079 4512 2197 4550 suos

631 4579 686 4628 in
714 4575 912 4628 ltetitia.
942 4573 1010 4627 Et
1037 4574 1177 4628 dedit
1203 4576 1308 4629 illis
1349 4579 1579 4646 regiones
1622 4583 1872 4650 gentium,
1915 4596 1964 4638 et
2002 4586 2200 4644 labores

635 4668 934 4737 populorum
971 4665 1320 4737 possederunt.
1379 4666 1440 4720 Ut
1492 4670 1780 4731 custodiant
1806 4675 2201 4747 justiﬁcationes

636 4759 764 4828 ejus,
795 4768 844 4812 et
871 4759 1029 4830 legem
1054 4759 1164 4829 ejus
1195 4759 1472 4829 requirant.

1207 4905 1634 4944 COMSHZNTARIUM.

714 5023 935 5077 Alleluia
973 5025 1024 5077 in
1053 5025 1155 5078 isto
1184 5025 1387 5094 psalmo
1417 5025 1729 5094 principium
1758 5032 2008 5100 sumpsit,
2036 5047 2196 5100 quam

641 5115 732 5184 qui
822 5115 1236 5185 interpretantur
1285 5115 1451 5184 gloria
1503 5116 1613 5171 Deo
1657 5121 1883 5174 creatori
1928 5123 2194 5188 omnium,

643 5219 827 5258 verum
863 5203 1063 5258 dicunt.
1097 5204 1175 5258 Ad
1203 5220 1388 5258 omnes
1427 5206 1564 5258 enim
1602 5217 1784 5274 gentes
1813 5211 2036 5279 imperat
2066 5230 2199 5267 nun-

643 5295 764 5349 tiari
792 5294 1012 5364 gloriam
1042 5293 1157 5362 ejus
1175 5335 1189 5359 ,
1227 5302 1281 5348 et
1309 5295 1545 5349 enarrari
1574 5297 1746 5350 omnia
1776 5299 2034 5353 mirabilia
2062 5302 2194 5370 ejus,

641 5386 909 5454 quomodo
929 5401 994 5439 ex
1017 5385 1218 5452 virgine
1239 5393 1411 5448 natus,
1427 5385 1692 5452 quomodo
1713 5389 1951 5458 exemplo
1966 5398 2018 5443 et
2039 5392 2200 5445 verbo

643 5477 843 5539 docuit,
865 5477 1132 5545 quomodo
1153 5477 1375 5529 virtutes
1399 5477 1652 5542 exercuit,
1675 5479 1938 5545 quomodo
1965 5481 2014 5534 in
2045 5497 2201 5536 cruce

645 5567 914 5636 pependit,
946 5565 1213 5635 quomodo
1239 5573 1498 5623 mortuus.
1530 5566 1779 5634 sepultus,
1811 5572 2118 5635 resurrexit,
2147 5580 2201 5625 et

648 5677 707 5714 ca
739 5677 857 5731 qua:
884 5669 1008 5714 ante
1036 5660 1336 5728 passionem
1363 5658 1543 5713 docuit
1561 5688 1582 5719 ,τ
1614 5667 1733 5727 post
1759 5662 2198 5720 resurrectionem

647 5767 796 5807 suam
831 5753 1017 5804 iterum
1047 5748 1374 5804 conﬁrmavit
1395 5791 1407 5811 ,
1441 5749 1704 5815 quomodo
1746 5752 1979 5806 ascendit
2007 5755 2057 5806 in
2087 5770 2196 5808 cu:-

2299 3295 2507 3349 monias
2530 3296 2918 3361 collocaverat,
2951 3313 3090 3352 nunc
3116 3299 3256 3363 vult,
3293 3309 3349 3353 ut
3375 3300 3425 3352 in
3454 3298 3672 3351 universa
3697 3302 3803 3346 terra

2297 3385 2406 3440 sint
2428 3385 2626 3453 judicia
2653 3387 2784 3454 ejus.
2817 3386 2953 3453 Quid
2991 3404 3130 3443 nunc
3156 3390 3346 3454 vultis,
3387 3387 3575 3442 Judaei?
3600 3385 3751 3442 Dicite,
3771 3379 3802 3432 si

2299 3476 2489 3542 vultis;
2540 3479 2809 3545 arguimus
2852 3495 2948 3533 vos
2994 3489 3309 3544 noscentes,
3343 3488 3395 3534 et
3428 3479 3630 3532 dicimus
3650 3471 3799 3526 vobis:

2299 3564 2482 3622 Falsas
2509 3568 2717 3621 habetis
2756 3569 3064 3638 scripturas.
3091 3568 3144 3622 Si
3177 3584 3304 3623 vere
3331 3569 3467 3622 Deus
3491 3573 3597 3620 erat
3619 3561 3693 3630 qui
3713 3572 3800 3612 cum

2299 3657 2569 3713 Abraham
2597 3659 2806 3714 locutus
2833 3667 2932 3722 est,
2955 3675 3049 3714 cur
3071 3660 3213 3728 quod
3243 3659 3484 3728 promisit
3504 3655 3694 3720 implere
3724 3662 3800 3702 non

2299 3747 2509 3816 potuit?
2537 3746 2594 3800 Si
2635 3762 2740 3802 non
2769 3749 2960 3817 potuit,
2984 3749 3326 3817 omnipotens
3366 3764 3466 3802 non
3488 3754 3588 3809 est;
3615 3743 3653 3796 si
3671 3735 3798 3810 ροιυίί

2301 3845 2355 3891 et
2384 3837 2586 3902 noluit,
2617 3838 2870 3892 mentitus
2898 3847 2997 3893 est.
3031 3837 3110 3892 Ad
3141 3839 3254 3893 htec
3286 3837 3476 3893 Paulus
3513 3835 3702 3892 clamat,
3727 3825 3802 3880 lle-

2301 3927 2473 3982 braaus
2501 3941 2566 3981 ex
2614 3926 2885 3982 Hebraeis:
2924 3929 3253 3997 lmpossibile
3299 3938 3382 3985 est
3430 3923 3621 3982 mentiri
3658 3921 3798 3974 Deum.

2301 4017 2500 4073 Docete
2538 4033 2666 4086 ergo
2694 4019 2969 4088 impletum
2993 4020 3136 4088 quod
3161 4020 3363 4088 juravit
3388 4021 3522 4075 Deus
3547 4033 3631 4087 per
3650 4017 3800 4067 semel-

2301 4108 2506 4177 ipsum,
2555 4108 2738 4164 dicens
2782 4127 2793 4162 ε
2835 4109 2891 4163 In
2938 4111 3141 4164 semine
3187 4118 3281 4165 tuo
3331 4109 3630 4166 htereditabo
3663 4112 3802 4157 omnes

2299 4206 2514 4267 gentes;
2534 4199 2676 4268 quod
2703 4199 2965 4268 disposuit
2993 4199 3058 4254 ad
3085 4200 3378 4268 Abraham,
3405 4209 3457 4256 et
3477 4192 3723 4268 juramenti
3742 4186 3801 4241 sui

2300 4289 2366 4343 ad
2394 4288 2568 4355 Isaac,
2599 4291 2784 4344 statuit
2813 4290 2939 4345 illud
2967 4289 3133 4345 Jacob
3178 4292 3229 4344 in
3278 4295 3659 4361 prmceptum.et
3680 4278 3800 4335 Israel

2301 4379 2353 4431 in
2382 4387 2758 4434 testamentum
2787 4388 3046 4436 aeternum
3065 4421 3080 4446 ,
3127 4380 3313 4435 dicens
3331 4381 3470 4436 :Tibi
3490 4376 3676 4448 quidem
3698 4368 3800 4424 dabo

2300 4479 2500 4524 terram
2542 4467 2828 4532 Chanaan,
2877 4472 3168 4526 funiculum
3215 4471 3530 4527 hereditatis
3562 4455 3800 4520 πωπω

2304 4565 2517 4632 quando
2545 4564 2649 4620 hoc
2677 4565 2872 4621 factum
2903 4571 3022 4622 est?
3050 4566 3185 4622 Cum
3205 4568 3379 4624 adhuc
3405 4574 3572 4622 essent
3595 4577 3653 4618 ex
3675 4558 3798 4610 Chal"

2301 4672 2523 4712 numero
2567 4657 2774 4724 breves,
2824 4659 3127 4728 paucissimi
3175 4667 3230 4714 et
3276 4661 3460 4715 incola:
3505 4659 3551 4710 in
3595 4667 3664 4708 ea.
3691 4647 3799 4700 Τιιιιε

2301 4750 2720 4818 pertransierunt
2747 4750 2812 4805 de
2840 4759 2998 4819 gente
3026 4751 3077 4805 in
3107 4762 3318 4819 gentem
3339 4791 3354 4814 ,
3383 4751 3446 4805 de
3472 4762 3618 4816 regno
3640 4741 3800 4794 Chana-

2303 4857 2540 4896 nteorum
2569 4844 2917 4913 adpopulum
2947 4843 3352 4915 Egyptiorum,
3385 4859 3485 4897 non
3526 4848 3679 4892 tanien
3712 4841 3798 4897 ρετ·

2302 4933 2445 4987 misit
2466 4933 2734 4988 hominem
2757 4949 2950 4988 nocere
2976 4949 3088 4998 eos,
3112 4944 3167 4987 et
3195 4933 3449 5003 corripuit
3472 4945 3561 5000 pro
3579 4926 3646 4980 eis
3666 4931 3796 4983 rosei.

2301 5025 2439 5080 sicut
2461 5025 2731 5091 Amalech,
2755 5034 2809 5080 et
2829 5034 3073 5089 caeteros,
3096 5033 3152 5080 et
3170 5025 3299 5080 dixit
3325 5025 3401 5080 eis
3427 5043 3438 5076 :
3461 5019 3615 5075 Nolite
3633 5018 3797 5100 tansete

2302 5116 2530 5170 christos
2552 5131 2718 5180 meos,
2756 5126 2809 5170 et
2833 5116 2884 5168 in
2905 5115 3195 5185 prophetas
3214 5129 3364 5169 meos
3381 5112 3538 5167 nolite
3560 5103 3793 5185 malignan-

2307 5205 2456 5261 Unde
2484 5205 2736 5261 Amalech
2765 5222 2859 5261 rex
2888 5184 3021 5262 dixit
3043 5206 3110 5260 ad
3137 5207 3402 5261 Abraham
3429 5224 3439 5258 :
3468 5202 3566 5256 Nisi
3593 5197 3707 5250 Deus
3729 5184 3795 5284 atl-

2306 5298 2602 5351 monuisset
2629 5312 2714 5352 me
2745 5304 2902 5352 nocte
2931 5298 2984 5350 in
3014 5297 3527 5359 visione,habueram
3552 5293 3738 5358 peccare
3759 5288 3793 5325 In

2306 5396 2387 5453 te;
2417 5389 2508 5442 sed
2549 5389 2806 5458 corripuit
2835 5405 2921 5444 me
2950 5390 3001 5443 in
3029 5389 3266 5453 visione,
3297 5397 3351 5442 et
3388 5378 3638 5439 admonuit
3670 5384 3735 5426 me
3756 5370 3794 5463 ιξι

2306 5493 2489 5548 rogem
2520 5488 2590 5543 te,
2618 5487 2672 5534 et
2695 5495 2817 5534 ores
2843 5496 2941 5550 pro
2969 5495 3072 5534 me.
3101 5478 3316 5548 Egimus
3333 5478 3573 5531 hactenus
3593 5475 3640 5522 et
3660 5465 3793 5560 ηιξδυ·

2307 5587 2427 5627 cum
2449 5579 2501 5626 et
2526 5572 2838 5626 historicum
2876 5586 3113 5631 sensum,
3140 5567 3233 5623 sed
3281 5584 3381 5624 una
3405 5565 3548 5621 nobis
3568 5561 3791 5628 quaestiun-

2305 5663 2424 5716 cula
2457 5660 2663 5715 videtur
2710 5663 2759 5715 in
2809 5662 3066 5716 manibus.
3111 5660 3367 5725 Quies-itur
3410 5655 3541 5710 cnim
3583 5633 3790 5725 quonwdtI

2306 5755 2656 5810 verbumhoc
2686 5753 2953 5809 mandavit
3000 5754 3050 5807 in
3096 5753 3238 5806 mille
3281 5746 3654 5820 generationes,
3690 5720 3788 5800 (ιυοδ
