3870 6182
91 258 164 316 ιει
957 251 1420 312 COMMENTARII
1460 254 1525 309 IN
1563 253 1888 312 PSALMOS.
1931 255 2118 311 PSAL.
2160 257 2288 312 CIV.

3185 257 3290 311 489.

87 369 310 442 disposuit
336 366 398 422 ad
425 365 727 421 Abraham?
755 363 862 419 IIas
891 365 1035 420 mille
1075 367 1452 434 generationes
1477 381 1608 435 gen-
1639 377 1685 428 Α
1717 368 1889 436 cipem
1919 371 2092 422 omnis
2117 369 2470 438 possessionis
2497 386 2605 424 sum
2625 411 2638 436 ,
2671 370 2844 423 omnis
2871 371 3194 433 sanctitatis,
3230 383 3286 426 ut

87 466 193 517 tium
231 458 476 517 edocere,
524 455 777 509 laciniosa
815 455 945 509 satis
977 457 1211 510 narratio
1254 455 1472 523 ﬂagitat.
1505 455 1610 511 Sed

87 561 218 622 prout
235 548 566 620 potuerimus,
589 545 810 614 juvante
835 547 1082 612 Domino,
1099 549 1414 604 commatice
1438 558 1612 602 trans-

84 656 239 697 eamus
293 639 355 694 de
379 644 533 705 gente
577 636 644 690 ad
682 645 923 704 gentem,
956 637 1023 691 de
1050 652 1217 704 regno
1256 639 1322 692 ad
1351 641 1608 709 populum

85 733 296 786 alterum.
319 729 426 783 Noe
448 737 552 782 tres
574 727 708 782 ﬁlios
729 729 938 792 habuit,
963 727 1085 782 Sem
1101 770 1114 792 ,
1138 729 1303 782 Cham
1319 771 1333 795 ,
1356 730 1606 801 Japheth.

85 821 186 875 Sem
228 819 564 889 primogenito
597 833 720 886 pars
747 817 884 872 facta
910 827 991 872 est
1015 834 1045 871 a
1074 818 1286 873 Persida
1327 828 1381 874 et
1407 821 1608 875 Bactris

88 927 219 978 usque
252 911 298 964 in
337 908 532 962 Indiam
571 909 728 976 longe
755 916 810 962 et
851 924 1015 977 usque
1045 908 1460 974 Rhinocoruras,
1489 926 1608 980 quae

87 1002 220 1070 spatia
259 1009 507 1054 terrarum
548 999 747 1053 habent
787 1001 992 1068 linguas
1035 1015 1282 1055 sermone
1328 1002 1607 1057 barbarico

90 1093 234 1159 viginti
251 1099 301 1146 et
319 1100 538 1159 septem,
566 1091 616 1144 in
637 1092 831 1160 quibus
852 1091 1042 1160 linguis
1064 1101 1251 1159 gentes
1269 1101 1394 1146 sunt
1414 1095 1608 1162 patria-

90 1200 177 1237 rum
211 1183 590 1253 quadringentae
631 1199 741 1248 sex,
791 1199 896 1236 non
925 1185 1254 1238 diversarum
1283 1185 1601 1251 linguarum,

88 1275 172 1337 sed,
194 1283 240 1326 ut
259 1274 378 1337 dixi,
408 1273 734 1328 diversarum
760 1274 1051 1342 patriarum
1071 1291 1083 1326 :
1102 1275 1248 1328 verbi
1271 1276 1460 1341 gratia,
1485 1291 1604 1330 cum

88 1381 167 1418 una
191 1367 346 1431 lingua
387 1364 574 1419 Latina
603 1367 702 1428 sit,
733 1367 833 1420 sub
867 1381 970 1419 una
1011 1365 1186 1433 lingua
1226 1365 1447 1420 diverse
1483 1375 1607 1421 sunt

88 1456 248 1523 patriae,
275 1455 592 1519 Brutiorum,
624 1454 976 1520 Lucanorum,
1008 1455 1318 1525 Apulorum,
1349 1454 1606 1510 Calabro-

88 1562 191 1610 rum,
218 1545 496 1609 Picentum,
516 1545 831 1607 Tuscorum,
857 1553 912 1600 et
941 1546 1023 1600 his
1051 1554 1211 1614 atque
1239 1544 1605 1613 hujuscemodi

85 1635 230 1704 patriis
252 1636 431 1689 similia
461 1636 508 1689 si
547 1635 802 1690 dicamus.
833 1633 1001 1689 Cham
1031 1650 1157 1690 vero
1179 1635 1441 1690 secundus
1469 1635 1605 1689 ﬁlius

1714 459 1951 515 erudiret
1969 462 2244 530 apostolos
2265 462 2401 516 sicut
2419 461 2673 531 seipsum,
2697 463 2785 531 qui
2809 460 3108 530 profecerat
3128 472 3286 516 :etatc

1711 558 1764 603 et
1791 551 2052 619 sapientia
2071 592 2086 616 ,
2118 560 2172 605 et
2199 568 2354 606 senes
2379 553 2630 614 suos,hos
2657 553 2800 622 ipsos
2829 561 3008 621 patres
3047 555 3282 608 omnium

1709 641 2070 706 credentium,
2119 643 2455 711 prudentiam
2497 643 2734 706 doceret,
2813 652 2866 695 et
2896 643 2947 696 iu
2989 645 3284 698 ministerio

1709 731 2089 786 absconditam.
2117 734 2263 787 Tunc
2294 733 2508 787 intravit
2529 733 2686 786 Israel
2714 733 2762 786 in
2789 733 3074 802 Egyptum
3099 736 3283 788 videns

1709 821 1893 884 Deum,
1919 824 2191 891 apostolos
2214 824 2350 878 inter
2373 823 2698 887 idololatras,
2723 831 2777 876 et
2798 823 2961 877 Jacob
2983 825 3160 878 accola
3186 825 3282 878 fuit

1703 906 2436 978 interratjhauaan;etauxit
2481 915 2730 984 populum
2762 915 2876 982 ejus
2904 915 3088 980 nimis,
3123 917 3192 969 ita
3224 924 3284 970 ut

1707 1000 1872 1054 millia
1893 1001 2163 1054 hominum
2187 1002 2441 1056 haberent
2462 1019 2556 1058 cor
2576 1019 2737 1057 unum
2763 1012 2818 1058 et
2838 1005 3068 1057 animam
3094 1022 3273 1058 unam.

1707 1087 1774 1142 Et
1801 1090 2137 1144 conﬁrmavit
2165 1107 2260 1145 cor
2303 1092 2419 1160 ejus
2467 1108 2630 1162 super
2667 1109 2852 1146 omnes
2899 1094 3139 1148 inimicos
3167 1093 3280 1162 ejus

1705 1180 1794 1246 qui
1825 1182 2088 1246 negabant
2117 1197 2257 1236 eum.
2288 1181 2706 1238 Contemnentes
2733 1185 2872 1238 enim
2894 1201 3020 1249 eos,
3051 1186 3278 1254 apostoli

1707 1270 1950 1323 conversi
1973 1277 2094 1322 sunt
2123 1271 2187 1323 ad
2215 1281 2416 1340 gentes.
2446 1272 2774 1327 Conversnm
2798 1284 2876 1327 est
2899 1291 2992 1328 cor
3019 1276 3275 1342 gentium,

1705 1365 1764 1409 ut
1791 1357 2001 1412 odirent
2035 1361 2286 1428 populum
2316 1361 2448 1430 ejus,
2482 1372 2536 1416 et
2563 1364 2868 1418 occidentes
2896 1373 3156 1434 martyres
3183 1366 3278 1417 dn-

1705 1449 1812 1500 lum
1843 1448 2078 1503 facerent
2108 1451 2159 1503 in
2190 1467 2372 1507 servos
2392 1453 2526 1521 ejus,
2551 1468 2828 1522 quousque
2856 1456 3062 1508 veniret
3088 1455 3154 1508 ad
3184 1470 3277 1508 eos

1706 1539 1914 1610 Moyses
1942 1549 1995 1595 et
2024 1542 2220 1607 Aaron,
2270 1560 2548 1614 quousque
2593 1547 2918 1615 pertingeret
2959 1547 3025 1600 ad
3062 1563 3276 1601 sensum

1705 1646 1888 1686 eorum
1919 1634 2001 1686 lex
2031 1634 2141 1698 Dei,
2168 1643 2219 1688 et
2241 1646 2501 1705 ponerent
2521 1637 2572 1690 in
2597 1646 2771 1692 mente
2795 1654 2886 1692 sua
2911 1639 3069 1692 verba
3099 1640 3277 1707 signo-

85 1725 185 1788 Noe,
211 1741 237 1779 a
263 1725 638 1780 Rhinocoruris
679 1741 844 1794 usque
889 1725 1112 1788 Gadira,
1154 1726 1357 1780 habens
1401 1726 1604 1794 linguas
1635 1729 1680 1789 B
1706 1737 1848 1786 rum,
1882 1732 1936 1776 et
1960 1725 2354 1793 prodigiorum,
2384 1743 2502 1796 qua:
2530 1737 2620 1782 aut
2649 1730 2884 1797 legentes
2926 1743 3272 1797 agnoverant,

84 1833 282 1873 sermone
301 1817 496 1874 Punico
519 1835 550 1872 a
571 1827 722 1889 parte
742 1817 1144 1882 Garamantum,
1168 1817 1356 1872 Latino
1388 1834 1417 1872 a
1453 1827 1606 1888 parte

84 1908 254 1973 Boreae,
294 1909 573 1964 barbarico
607 1924 638 1963 a
676 1917 826 1978 parte
862 1909 1168 1974 meridiani,
1210 1908 1523 1978 Ethiopum
1552 1915 1607 1962 et

86 1997 425 2068 Egyptiorum,
449 2014 514 2052 ac
540 2000 779 2055 barbaris
805 2000 1146 2054 interioribus
1166 2000 1312 2054 vario
1333 2015 1602 2065 sermone,

84 2104 260 2144 numero
280 2091 454 2158 viginti
476 2091 684 2145 duabus
713 2091 922 2158 linguis,
947 2092 1000 2144 in
1023 2093 1207 2160 patriis
1233 2093 1484 2146 trecentis
1510 2109 1605 2146 no-

84 2179 252 2246 naginta
295 2190 344 2234 et
385 2191 640 2249 quatuor.
689 2181 920 2250 Japheth
967 2191 1144 2237 autem
1199 2183 1359 2236 habet
1409 2181 1603 2236 ﬂumen

85 2268 316 2336 Tigridem,
343 2271 432 2339 qui
459 2271 650 2324 dividit
680 2271 904 2326 Mediam
934 2280 988 2325 et
1017 2271 1384 2341 Babyloniam,
1413 2271 1465 2324 in
1506 2287 1604 2340 pa-

84 2361 168 2412 triis
189 2359 408 2414 ducentis
435 2377 688 2416 sermone
714 2363 880 2427 vario,
908 2363 957 2415 in
988 2363 1179 2430 linguis
1207 2363 1389 2430 viginti
1416 2362 1604 2417 tribus.

83 2449 201 2504 Fiunt
217 2465 332 2520 ergo
352 2467 542 2506 omnes
569 2453 725 2506 simul
749 2454 938 2521 linguae
967 2455 1302 2524 septuaginta
1342 2453 1477 2515 duae,
1507 2468 1604 2522 pa-

82 2541 167 2594 triae
190 2551 348 2596 autem
396 2544 804 2612 generationum
852 2545 1026 2608 mille,
1075 2559 1193 2612 qua:
1240 2545 1290 2597 in
1340 2544 1606 2612 tripartito

83 2631 236 2685 seculo
279 2632 375 2687 hoc
417 2634 614 2688 ordine
657 2634 772 2687 siue
819 2643 960 2688 sunt.
1014 2633 1202 2698 liabet,
1255 2643 1310 2688 ut
1355 2634 1601 2698 diximus,

81 2717 258 2788 lapheth
285 2721 470 2776 ﬂumen
504 2721 797 2789 Tigridem,
829 2722 919 2790 qui
949 2723 1137 2776 dividit
1165 2723 1388 2776 Mediam
1419 2732 1471 2776 et
1501 2723 1605 2775 Ba-

81 2811 314 2880 byloniam.
345 2812 466 2868 Sem
501 2823 685 2867 autem
714 2812 1042 2882 Euphraten.
1071 2812 1236 2867 Cham
1276 2829 1404 2868 vero
1432 2814 1600 2882 Geon,

79 2902 144 2967 qui
169 2913 363 2958 vocatur
388 2905 564 2958 Nilus.
607 2903 662 2957 In
704 2905 786 2959 his
822 2905 1102 2974 tripartitis
1131 2906 1376 2972 gentibus
1403 2917 1468 2959 ex
1499 2922 1605 2962 uno

80 2990 248 3048 homine
273 2995 628 3059 manantibus,
661 2993 892 3049 Trinitas
918 3010 1013 3064 per
1040 2995 1318 3048 Dominum
1365 3005 1603 3050 nostrum

83 3083 218 3138 Iesum
259 3085 520 3142 Christum
578 3087 847 3141 hominem
885 3083 1196 3156 'perfectum
1243 3089 1515 3156 apparuit,
1549 3095 1604 3141 et

83 3177 189 3231 solus
206 3179 278 3232 his
298 3181 432 3233 mille
452 3179 890 3248 generationibus
912 3194 1006 3247 per
1026 3179 1255 3246 linguam
1276 3194 1384 3232 sua:
1403 3179 1602 3247 passio-

85 3264 142 3317 nis
161 3269 383 3333 occurrit,
402 3269 524 3336 quia
558 3283 766 3321 memor
787 3268 883 3322 fuit
909 3267 1056 3321 verbi
1083 3268 1226 3335 quod
1249 3268 1519 3336 juraverat
1547 3269 1598 3321 in

84 3353 188 3407 mille
201 3359 578 3422 generationes,
596 3357 778 3411 dicens
793 3356 1039 3421 Abrahae,
1055 3357 1197 3426 quod
1216 3359 1266 3410 in
1282 3358 1484 3412 semine
1505 3366 1598 3413 tuo

87 3442 354 3501 haereditabo
373 3463 562 3502 omnes
586 3455 789 3514 gentes.
821 3445 886 3500 Et
914 3448 1051 3502 sicut
1080 3447 1199 3501 ﬁliis
1225 3447 1386 3502 Israel
1407 3448 1598 3502 famem

85 3536 268 3597 passuris
293 3540 552 3592 succurrit
576 3536 792 3606 Ioseph,
820 3539 908 3605 qui
937 3537 1180 3591 venditus
1208 3544 1310 3601 est,
1335 3539 1424 3606 qui
1456 3548 1602 3607 post-

83 3636 202 3687 qnam
226 3627 456 3681 venditus
485 3635 572 3681 est
601 3627 667 3680 ad
696 3640 916 3694 regnum
946 3627 1215 3691 ascendit,
1239 3635 1294 3681 et
1320 3626 1458 3682 fame
1478 3643 1601 3696 per-

83 3711 198 3767 ituris
237 3719 511 3786 aliquantis
565 3719 811 3786 gentibus
849 3727 904 3772 et
950 3720 1134 3788 patriis
1189 3718 1603 3776 frumentatione

82 3808 264 3872 reposita
284 3817 430 3863 caute
457 3809 750 3872 succurrit;
775 3809 847 3862 ita
868 3810 1112 3864 venditus
1135 3825 1163 3862 a
1185 3808 1318 3862 Iuda
1340 3808 1599 3876 Christus,

84 3892 120 3944 in
144 3897 380 3966 triumpho
405 3899 588 3953 crucis
607 3900 871 3953 exaltatus
895 3908 994 3960 est,
1023 3908 1147 3953 ante
1175 3900 1386 3968 quidem
1418 3917 1603 3970 passus

82 3999 348 4056 synagogam
396 3990 590 4045 falsum
640 3999 860 4055 testem,
910 3992 1047 4045 sicut
1091 3992 1288 4062 Joseph
1336 3993 1602 4047 dominam

83 4078 381 4132 meretricem.
410 4079 548 4134 "Post
587 4079 700 4134 hzec
740 4094 1030 4148 exsurgens
1066 4095 1096 4134 a
1137 4083 1363 4136 mortuis
1401 4083 1606 4151 accepit

83 4176 272 4231 regnum,
302 4181 354 4221 ut
379 4173 432 4224 in
458 4173 668 4225 nomine
695 4171 804 4240 ejus
829 4187 977 4224 omne
1005 4187 1136 4241 genu
1165 4173 1422 4240 ﬂectatur,
1455 4173 1603 4227 caele-

85 4255 215 4320 stium,
237 4263 538 4314 terrestrium
557 4302 572 4325 ,
596 4271 646 4315 et
674 4263 992 4332 infernarum
1015 4262 1231 4333 (Philip.
1256 4280 1291 4317 II
1310 4265 1356 4332 ),
1387 4272 1441 4316 et
1469 4262 1606 4318 fame

85 4353 376 4414 pereuntibus
394 4355 477 4409 his
503 4354 651 4408 mille
674 4354 1123 4421 generationibus,
1155 4355 1353 4424 apertis
1374 4355 1598 4413 horreis.

1707 1822 1797 1865 aut
1823 1813 2115 1870 referentes
2153 1819 2450 1872 audierant.
2475 1820 2766 1889 Cmperunt
2794 1824 2935 1875 enim
2965 1827 3180 1885 timere,
3210 1838 3278 1876 ne

1705 1911 2015 1973 paterentur
2042 1923 2147 1959 non
2177 1907 2456 1962 credentes
2477 1910 2617 1976 quod
2641 1926 2796 1979 passa
2821 1910 2990 1964 fuerat
3013 1911 3277 1982 zEgyptus

1705 2010 1823 2048 cum
1845 2011 1971 2064 rege
1986 2012 2100 2061 suo,
2121 1999 2390 2064 tenebras,
2405 2015 2570 2068 aquas
2584 2003 2920 2068 sanguineas,
2939 2019 3113 2068 ranas,
3131 2003 3278 2056 locn-

1704 2092 1832 2150 stas,
1856 2086 2106 2150 bruchus,
2132 2090 2402 2159 cyniphes,
2419 2093 2764 2162 ccenomyias,
2791 2093 3120 2159 grandinem,
3147 2095 3276 2161 igni-

1707 2182 1922 2243 tumqne
1951 2187 2188 2242 ventum,
2211 2181 2301 2247 qui
2322 2182 2610 2235 combussit
2630 2183 2813 2236 vineas
2843 2182 3091 2238 ﬁculneas
3119 2194 3276 2253 atque

1705 2279 1863 2317 omne
1893 2265 2090 2332 lignum
2122 2265 2304 2320 ﬁnium
2355 2283 2572 2333 eorum;
2594 2279 2714 2339 post
2743 2272 2855 2325 lucc
2879 2273 3037 2324 ctiam
3069 2289 3275 2341 percus-

1704 2353 1908 2408 sionem
1936 2356 2108 2423 angeli
2138 2357 2191 2410 in
2221 2372 2430 2411 omnem
2463 2359 2871 2427 primogenitum
2901 2370 3054 2414 terrm
3092 2378 3273 2416 eorum

1705 2455 1759 2499 et
1787 2446 2045 2516 primitias
2072 2449 2245 2503 omnis
2268 2449 2464 2504 laboris
2493 2465 2697 2505 eorum.
2725 2452 2920 2506 Dautes
2942 2468 3068 2521 ergo
3089 2469 3275 2508 omnes

1708 2535 1952 2590 timorem
1983 2537 2066 2591 his
2101 2539 2382 2593 virtutibus
2408 2540 2670 2595 vincentis
2698 2541 2810 2607 Dei,
2834 2541 3079 2609 fugerunt
3105 2543 3273 2614 lEgv-

1705 2629 1937 2698 ptiorum
1968 2629 2409 2696 incredulitatem,
2433 2640 2488 2686 et
2507 2633 2674 2686 secuti
2705 2635 3067 2702 apostolorum
3095 2635 3270 2700 ﬁdem,

1705 2717 1882 2772 educti
1904 2727 2028 2773 sunt
2049 2721 2100 2773 in
2113 2731 2335 2789 argento
2357 2729 2408 2775 et
2430 2738 2578 2786 auro,
2604 2724 2655 2776 in
2678 2725 2884 2778 duobus
2904 2724 3274 2788 Testamentis,

1705 2817 1925 2876 argento
1956 2811 2180 2874 veteris,
2213 2819 2267 2865 et
2291 2827 2423 2866 auro
2452 2813 2594 2877 novi,
2630 2814 2681 2866 in
2712 2814 2852 2868 bono
2876 2823 2931 2868 et
2959 2816 3195 2880 meliore,
3222 2826 3276 2869 et

1703 2914 1810 2952 non
1841 2909 1922 2953 est
1964 2902 2208 2956 inventus
2256 2904 2307 2956 in
2357 2905 2438 2958 his
2477 2906 2565 2973 qui
2611 2921 2707 2974 per
2733 2923 2924 2976 aquam
2955 2911 3276 2963 transierunt

1705 2989 1844 3044 ullus
1865 2991 2121 3046 inﬁrmus.
2147 2994 2332 3049 Nullus
2351 2995 2490 3048 enim
2514 2997 2778 3051 invenitur
2797 2999 2849 3051 in
2871 3001 3117 3054 omnibus
3137 3001 3278 3055 mille

1630 3079 1672 3140 C
1706 3079 1788 3132 his
1815 3083 2244 3146 generationibus
2272 3083 2569 3153 baptizatis,
2596 3095 2872 3156 peccatum
2901 3090 2987 3144 vel
3017 3107 3153 3145 unus
3179 3093 3278 3146 ha-

1708 3166 1840 3221 bens
1859 3169 1911 3220 in
1936 3169 2064 3222 hora
2087 3171 2436 3240 baptismatis.
2455 3172 2719 3242 Alioquin,
2738 3176 2780 3228 si
2803 3185 3076 3244 peccatum
3100 3179 3278 3243 habet,

1701 3274 1808 3312 non
1862 3259 2119 3324 credidit,
2170 3269 2225 3316 et
2270 3278 2390 3316 cum
2435 3263 2700 3335 Egyptiis
2747 3282 2950 3321 mersus
2996 3277 3096 3322 est.
3148 3270 3277 3323 Nam

1701 3365 1889 3405 omnes
1909 3353 2003 3420 qui
2025 3352 2383 3418 crediderunt,
2419 3370 2485 3409 ex
2521 3358 2648 3409 hora
2685 3373 2788 3424 qua
2822 3361 3160 3425 transierunt,
3199 3378 3280 3415 ve-

1703 3442 1908 3496 nientes
1936 3443 2001 3496 ad
2022 3443 2501 3510 consignationem,
2528 3461 2633 3499 non
2663 3447 2928 3501 invenitur
2956 3449 3006 3500 in
3039 3451 3279 3504 tribubus

1702 3547 1889 3587 eorum
1919 3532 2157 3587 inﬁrmus
2185 3551 2197 3586 :
2222 3549 2409 3589 omnes
2437 3533 2573 3589 ﬁrmi
2603 3544 2754 3600 sunt,
2779 3552 2965 3591 omnes
2985 3538 3125 3592 enim
3149 3554 3280 3592 con-

1703 3620 1895 3676 ﬁrmati
1942 3632 2084 3676 sunt.
2119 3622 2318 3677 Lzetata
2365 3633 2450 3678 est
2492 3624 2778 3696 Egyptus.
2827 3625 3089 3698 [Egyptus
3136 3635 3280 3681 totus

1702 3712 1958 3777 mundus,
1991 3713 2115 3768 licet
2155 3714 2209 3766 in
2238 3715 2472 3782 peccatis
2517 3729 2706 3783 agens,
2753 3724 2929 3770 tamen
2961 3718 3168 3771 tuemur
3192 3717 3281 3772 die

1704 3811 1889 3857 sancto
1920 3802 2154 3867 Paschze,
2199 3804 2251 3857 in
2291 3805 2622 3872 profectione
2661 3821 2848 3860 eorum
2885 3809 2976 3875 qui
3018 3807 3281 3876 fugientes

1707 3891 2062 3959 Pharaonem,
2095 3903 2149 3948 et
2176 3903 2462 3963 sequentes
2486 3894 2732 3967 Moysen,
2766 3913 2862 3967 per
2886 3913 3078 3966 aquam
3101 3907 3280 3954 trans-

1706 3984 1908 4048 ierunt,
1940 3992 1998 4037 ut
2026 3985 2296 4039 inveniant
2323 3985 2413 4039 ubi
2442 3985 2661 4040 audiant
2699 4002 2884 4042 vocem
2925 3988 3153 4043 Domini.
3195 3987 3280 4043 In-

1707 4073 1890 4127 cubuit
1915 4075 2055 4127 enim
2081 4075 2244 4127 timor
2271 4090 2433 4143 super
2461 4077 2780 4142 incredulos,
2805 4085 2859 4131 et
2887 4094 2992 4132 non
3022 4087 3146 4133 sunt
3167 4081 3282 4136 ausi

1707 4163 1823 4217 sine
1848 4163 1992 4218 feriis
2018 4178 2136 4218 esse
2160 4165 2212 4216 in
2243 4165 2358 4232 ipso
2383 4164 2497 4227 die,
2533 4167 2625 4233 qui
2655 4167 2699 4218 si
2729 4181 2834 4220 non
2865 4167 3112 4222 lmtantur
3160 4183 3281 4222 cre~

1707 4255 1898 4309 dentes
1925 4255 2110 4317 Deum,
2137 4253 2396 4308 feriantur
2425 4256 2673 4310 timentes
2699 4268 2918 4324 regnum
2948 4266 3001 4311 et
3028 4259 3284 4328 populum

1709 4345 2089 4400 Christianum.
2121 4345 2188 4398 Et
2227 4345 2348 4400 ideo
2389 4347 2653 4412 laetantur,
2685 4349 2808 4416 quia
2840 4350 3079 4424 incubuit
3121 4351 3282 4407 timor

87 4453 292 4497 manuum
316 4461 533 4500 suarum
563 4443 1010 4514 proﬂuentissima
1040 4446 1286 4514 largitate
1323 4448 1604 4514 succurrit,
1637 4439 1684 4498 D
1709 4453 1895 4493 eorum
1921 4453 2082 4508 super
2101 4454 2213 4494 eos.
2237 4437 2500 4510 Expandit
2521 4443 2663 4495 enim
2694 4443 2833 4497 Deus
2859 4445 3072 4510 nubem,
3104 4446 3154 4500 id
3176 4456 3280 4514 est,

87 4542 166 4583 non
189 4534 340 4588 solam
367 4537 446 4592 eis
478 4537 712 4606 speciem
744 4535 1026 4602 frumenti,
1058 4537 1151 4591 sed
1190 4547 1244 4592 et
1270 4539 1379 4592 vini
1408 4548 1461 4594 et
1504 4542 1609 4596 olei

87 4617 430 4690 administrans,
474 4645 504 4684 a
534 4627 743 4682 cunctis
770 4642 862 4681 eas
890 4626 1303 4682 adversitatibus
1343 4629 1604 4685 liberavit.

88 4706 269 4768 Vocavit
293 4718 429 4770 enim
458 4718 652 4771 famem
679 4733 841 4786 super
870 4727 1066 4772 terram
1095 4733 1280 4771 eorum
1298 4759 1312 4784 ,
1343 4720 1491 4788 prius
1518 4721 1610 4788 qui

89 4799 127 4851 in
149 4801 283 4860 idolis
301 4808 653 4870 conﬁdebant,
677 4818 732 4861 et
759 4822 918 4861 omne
945 4809 1024 4861 eis
1051 4807 1438 4862 ﬁrmamentum
1462 4811 1613 4878 panis

87 4896 320 4960 contrivit,
343 4901 464 4967 quia
485 4914 676 4970 panem
698 4915 880 4954 verum
901 4901 989 4969 qui
1012 4899 1078 4953 de
1096 4900 1248 4954 caelis
1267 4899 1615 4955 descenderet

89 4979 376 5044 ignorabant.
412 4987 484 5042 At
510 4990 600 5043 ubi
621 4990 768 5043 venit
788 4989 870 5042 vir
888 4988 1177 5065 perfectus,
1200 4989 1290 5057 qui
1321 4989 1372 5043 in
1401 5005 1612 5043 servum

92 5074 376 5132 venundatus
404 5088 505 5140 est,
530 5088 874 5148 posteaquam
905 5078 1101 5133 ferrum
1132 5080 1473 5148 pertransivit
1499 5081 1616 5134 ani-

91 5175 204 5217 mam
229 5168 365 5235 ejus,
395 5172 520 5238 quia
543 5171 811 5239 eloquium
842 5169 986 5224 falsa:
1017 5171 1165 5226 testis
1194 5171 1616 5226 inﬂammaverat

94 5250 198 5306 iram
230 5272 380 5327 super
405 5275 552 5325 eum;
585 5269 642 5313 at
675 5261 760 5315 ubi
791 5261 934 5314 misit
974 5276 1068 5314 rex
1095 5260 1161 5314 de
1188 5261 1326 5314 coelo
1364 5269 1419 5314 et
1459 5260 1617 5314 solvit

92 5354 204 5404 eum.
227 5355 274 5398 et
293 5350 531 5418 princeps
549 5351 733 5418 quiest
755 5349 894 5404 Deus
915 5352 968 5403 in
991 5349 1194 5403 Christo
1221 5350 1464 5403 mundum
1488 5367 1612 5404 con-

94 5430 244 5486 tiliam
261 5437 350 5490 sibi
379 5438 451 5508 (II
478 5439 595 5494 Cor.
619 5440 702 5510 v),
731 5441 931 5494 dimisit
968 5455 1090 5494 eum
1130 5440 1342 5495 solvens
1365 5441 1432 5494 ab
1470 5440 1615 5494 omni

95 5518 272 5578 vinculo
299 5524 618 5594 fragilitatis,
650 5531 904 5584 continuo
949 5529 1136 5583 statuit
1179 5543 1304 5584 eum
1340 5529 1614 5583 dominum

95 5606 250 5665 domus
275 5633 400 5681 sum;
427 5618 696 5674 dominum
729 5621 779 5674 in
809 5620 942 5678 cmlo
972 5628 1024 5675 et
1054 5621 1103 5673 in
1129 5618 1450 5681 Ecclesia,ct
1471 5621 1615 5689 prin-

1708 4525 1998 4582 Ecclesiam
2044 4543 2192 4582 suam
2243 4529 2295 4582 in
2341 4532 2730 4599 protectionem
2777 4549 2981 4600 eorum,
3014 4545 3066 4590 et
3109 4537 3282 4605 ignem

1710 4617 1860 4681 ﬁdei,
1891 4632 2009 4685 quae
2037 4618 2178 4672 lucet
2205 4619 2282 4673 eis
2311 4620 2363 4673 in
2394 4621 2628 4676 tenebris
2658 4624 2866 4689 mundi,
2899 4626 2986 4678 ubi
3015 4627 3284 4695 petierunt

1710 4723 1926 4762 carnem
1954 4716 2009 4762 et
2036 4719 2359 4779 acceperunt
2383 4720 2816 4782 ortygometram.
2841 4715 2980 4770 Caro
3016 4717 3158 4771 enim
3181 4718 3284 4774 illis

1711 4799 1834 4854 data
1863 4807 1975 4865 est,
2008 4809 2135 4856 tunc
2161 4802 2462 4857 coturnices
2488 4804 2729 4857 volantes
2755 4804 2936 4872 utique
2965 4814 3018 4859 et
3047 4808 3286 4864 cmlestia

1712 4891 2006 4959 cupientes,
2034 4901 2089 4946 et
2112 4893 2193 4946 his
2219 4891 2376 4946 datur
2402 4907 2528 4946 caro
2555 4907 2672 4959 qu:e
2700 4893 2938 4947 ascendit
2964 4911 3126 4964 super
3145 4896 3288 4951 Che-

1711 4985 1888 5048 rubin,
1915 4991 1969 5037 et
1990 4985 2208 5047 volavit,
2240 4992 2294 5038 et
2321 4999 2460 5053 pane
2481 4983 2603 5038 εαξιὶ
2632 4985 2854 5038 saturati
2884 4996 3026 5040 sunt.
3060 4987 3286 5053 Quando

1713 5073 1936 5142 disrupit
1966 5083 2202 5142 petram,
2254 5082 2308 5126 et
2353 5073 2620 5128 ﬂuxerunt
2665 5089 2848 5143 aqum,
2896 5084 2950 5130 et
2991 5077 3044 5130 in
3073 5078 3288 5133 deserto

1714 5165 1878 5219 totius
1905 5164 2079 5218 saaculi
2109 5169 2326 5218 currunt
2356 5161 2594 5228 ﬂumina,
2619 5165 2744 5234 quia
2773 5181 2981 5220 memor
3009 5166 3179 5223 factus
3207 5178 3288 5223 est

1714 5255 1863 5308 verbi
1883 5254 2050 5308 sancti
2072 5255 2150 5307 sui
2173 5253 2318 5322 quod
2337 5254 2469 5308 dixit
2488 5253 2554 5308 ad
2577 5253 2844 5310 Abraham
2866 5273 3088 5325 puerum
3111 5273 3282 5312 suum.

1716 5344 1945 5412 Ideoque
1965 5344 2146 5398 eduxit
2162 5344 2412 5413 populum
2434 5359 2588 5398 suum
2616 5346 2668 5398 in
2689 5347 3062 5410 exsultatione,
3081 5347 3133 5400 in
3152 5347 3284 5400 alle-

1718 5436 1850 5498 luia,
1896 5437 1948 5489 in
1988 5437 2120 5490 albis
2160 5437 2416 5501 vestibus,
2446 5444 2501 5490 et
2529 5437 2732 5492 electos
2755 5453 2884 5492 suos
2909 5438 2962 5490 in
2991 5437 3168 5490 lzetitia
3186 5474 3204 5500 ,
3233 5445 3286 5491 et

1717 5527 1862 5582 dedit
1879 5528 1978 5580 illis
1999 5527 2242 5594 regiones
2263 5529 2518 5596 gentium,
2538 5537 2593 5582 et
2613 5529 2853 5583 civitates
2876 5527 3213 5596 populorum,
3231 5536 3287 5584 ut

1719 5621 2020 5675 custodiant
2043 5620 2446 5688 jnstiticationcs
2474 5621 2617 5689 ejus,
2649 5628 2703 5674 et
2745 5620 2912 5686 legem
2961 5618 3076 5686 ejus
3105 5620 3287 5690 requi-
