3908 6176
595 229 701 284 485

1933 233 2202 290 ARNOBII
2242 235 2544 293 JUNIORIS
3714 258 3792 312 till

592 355 736 399 rant.
767 343 856 398 Sic
885 344 1026 398 enim
1054 345 1127 399 ait
1154 364 1165 399 :
1195 343 1477 419 Baptisate,
1514 348 1699 418 inquit,
1722 366 1899 403 omnes
1926 357 2104 420 gentes
2122 352 2176 405 in
2210 359 2248 411 Α
2280 362 2330 405 et
2359 353 2553 423 factum
2573 362 2653 406 est
2671 354 2780 408 illis
2801 354 2853 408 in
2877 357 3202 413 scandalum.
3228 359 3298 413 Et
3318 360 3667 422 inmolaverunt
3689 372 3795 441 ﬁlio;

592 440 799 493 nomine
832 437 1008 492 Patris
1035 448 1086 493 et
1112 436 1238 494 Filii
1266 449 1319 493 et
1345 439 1573 512 Spiritus
1607 443 1793 507 sancti,
1825 442 2061 496 docentes
2089 459 2176 497 eos

589 530 848 585 custodire
875 531 1049 583 omnia
1077 546 1390 603 quaecunque
1426 536 1648 604 praecepi
1674 534 1831 600 vobis,
1863 543 1913 587 et
1939 550 2054 588 ecce
2081 551 2176 606 ego

587 620 845 674 uobiscum
871 636 984 673 sum
1012 619 1245 675 omnibus
1275 620 1472 688 diebus,
1501 640 1658 695 usque
1679 624 1750 677 ad
1777 626 2175 678 consummatio-

585 727 700 766 nem
740 711 918 766 saeculi
949 711 1164 783 (Matth.
1192 712 1399 783 xxvm).
1426 713 1473 767 Α
1494 730 1616 769 lien.

1146 846 1369 902 PSALM
1378 846 1462 904 US
1498 846 1607 903 CV.

1123 936 1371 1001 Alleluia,
1413 938 1645 993 alleluia.

657 1047 990 1118 Conﬁtemini
1012 1045 1238 1102 Domino
1259 1050 1503 1119 quoniam
1528 1049 1712 1115 bonus,
1734 1051 1978 1122 quoniam
2000 1050 2054 1104 in
2074 1066 2174 1104 sa:-

582 1140 759 1193 culum
784 1137 1141 1192 misericordia
1169 1138 1300 1209 ejus.
1346 1136 1476 1203 Quis
1513 1139 1748 1212 loquetur
1781 1141 2035 1210 potentias
2066 1138 2175 1194 Do-

580 1232 726 1296 mini,
751 1230 956 1284 auditas
979 1230 1136 1300 faciet
1154 1245 1330 1283 omnes
1350 1229 1528 1284 laudes
1557 1229 1710 1302 ejus?
1735 1229 1883 1284 Beati
1902 1231 1987 1302 qui
2005 1240 2174 1284 custo-

580 1320 729 1373 diunt
763 1319 1041 1390 judicium,
1083 1327 1133 1373 et
1161 1320 1359 1389 faciunt
1381 1319 1643 1390 justitiam
1669 1322 1723 1374 in
1753 1321 1895 1375 omni
1923 1327 2167 1391 tempore.

579 1410 842 1465 Memento
884 1409 1072 1475 nostri,
1106 1407 1347 1475 Domine,
1388 1410 1444 1463 in
1485 1409 1805 1481 beneplacito
1843 1410 2022 1482 populi
2072 1411 2176 1473 tui;

578 1503 727 1556 visita
754 1517 848 1555 nos
876 1501 931 1554 in
960 1499 1179 1553 salutari
1207 1508 1311 1554 tuo.
1343 1499 1425 1553 Ad
1443 1500 1716 1554 videndum
1743 1502 1799 1554 in
1825 1499 2052 1555 bonitate
2069 1500 2174 1555 ele-

579 1602 776 1646 ctorum
813 1599 1037 1655 tuorum,
1063 1590 1134 1644 ad
1171 1591 1456 1646 laetandum
1482 1593 1537 1645 in
1561 1592 1743 1647 lwtitia
1775 1593 1941 1665 gentis
1972 1602 2091 1657 tum,
2114 1600 2171 1646 ut

577 1684 802 1738 lauderis
824 1700 938 1736 cum
958 1682 1261 1737 haereditate
1290 1691 1397 1736 tua.
1430 1682 1764 1738 Peccavimus
1793 1701 1908 1741 cum
1936 1685 2168 1756 patribus

578 1778 793 1842 nostris,
839 1776 1032 1846 injuste
1075 1778 1291 1847 egimus,
1340 1776 1664 1847 iniquitatem
1711 1779 1945 1849 fecimus.
1979 1776 2169 1833 Patres

578 1867 742 1921 nostri
770 1867 824 1919 in
854 1864 1089 1937 ngypto
1111 1881 1216 1920 non
1242 1866 1611 1920 intellexerunt
1642 1866 1904 1921 mirabilia
1934 1877 2039 1934 tua,
2064 1885 2172 1923 non

578 1957 789 2026 [uerunt
814 1971 1064 2009 memores
1091 1940 1435 2010 multitudinis
1456 1956 1827 2011 misericordiae
1851 1966 1971 2012 tute.
2004 1956 2073 2010 Et
2096 1958 2171 2011 ir-

578 2050 859 2102 ritaverant
888 2047 1223 2102 ascendentes
1242 2048 1298 2101 in
1329 2064 1491 2114 mare,
1521 2065 1669 2103 mare
1692 2047 1941 2104 Rubrum.
1965 2048 2037 2104 Et
2064 2049 2172 2106 sal-

578 2140 712 2192 vauit
737 2155 825 2192 eos
852 2149 1061 2209 propter
1088 2154 1275 2192 nomen
1296 2155 1466 2203 suum,
1494 2147 1557 2193 ut
1569 2149 1747 2194 notam
1768 2141 1962 2210 faceret
1988 2150 2171 2212 poten-

577 2231 706 2284 tiam
732 2246 899 2283 suam.
932 2228 1001 2282 Et
1021 2229 1307 2299 increpavit
1333 2245 1475 2283 mare
1505 2228 1755 2296 Rubrum,
1781 2239 1832 2285 et
1858 2233 2172 2287 exsiccatum

577 2329 673 2386 est,
706 2331 755 2375 et
784 2320 999 2374 deduxit
1039 2337 1125 2376 eos
1154 2321 1210 2375 in
1238 2320 1441 2390 abyssis
1466 2322 1600 2376 sicut
1628 2324 1682 2377 in
1717 2322 1935 2378 deserto.
1965 2322 2037 2376 Et
2065 2324 2174 2377 sal-

577 2412 715 2467 uauit
753 2428 842 2466 eos
883 2411 946 2466 de
975 2428 1131 2466 manu
1170 2411 1475 2479 odientium,
1506 2421 1557 2467 et
1598 2413 1662 2468 ab
1702 2414 1912 2470 insidiis
1949 2415 2173 2470 hostium

579 2511 772 2556 tutatus
802 2510 900 2567 est,
927 2510 976 2555 et
1002 2501 1215 2559 redemit
1241 2519 1328 2557 eos
1354 2503 1419 2558 de
1444 2520 1603 2557 manu
1634 2503 1852 2559 inimici.
1876 2504 1946 2560 Et
1972 2507 2173 2576 operuit

578 2611 711 2665 aqua
741 2593 1045 2649 tribulantes
1072 2611 1179 2662 eos,
1201 2612 1335 2650 unus
1355 2614 1420 2651 ea:
1438 2598 1513 2651 eis
1533 2613 1637 2652 non
1666 2600 1934 2652 remansit.
1965 2598 2037 2653 Et
2061 2615 2174 2654 cre-

578 2685 820 2741 diderunt
857 2684 1024 2745 verbis
1051 2686 1183 2757 ejus,
1209 2696 1260 2740 et
1286 2687 1629 2742 laudauerunt
1656 2688 1864 2743 laudem
1887 2690 2020 2760 ejus.
2059 2689 2173 2747 Cito

578 2779 823 2848 fecerunt,
866 2777 1013 2832 obliti
1046 2787 1168 2832 sunt
1205 2795 1416 2849 operum
1442 2781 1573 2851 ejus,
1601 2789 1651 2834 et
1681 2797 1784 2835 non
1818 2781 2174 2837 sustinuerunt

579 2868 850 2923 consilium
872 2869 1003 2939 ejus.
1027 2867 1098 2922 Et
1127 2871 1497 2941 concupierunt
1527 2873 1970 2942 concupiscentias
1997 2874 2050 2925 in
2081 2873 2175 2927 de-

579 2966 736 3021 serto,
780 2968 829 3012 et
857 2968 1183 3014 lentaverunt
1220 2959 1387 3014 Deum
1415 2961 1469 3014 in
1508 2962 1778 3033 inaquoso.
1809 2961 1884 3018 Et
1921 2963 2063 3019 dedit
2097 2966 2171 3020 eis

579 3049 874 3120 petitionem
898 3050 1152 3118 ipsorum,
1180 3058 1231 3103 et
1258 3050 1399 3118 misit
1426 3051 1750 3107 saturitatem
1776 3053 1832 3106 in
1855 3054 2058 3108 animus
2080 3070 2171 3110 eo-

579 3156 713 3193 rum.
740 3138 808 3193 Et
833 3140 1166 3194 irritaverant
1185 3139 1401 3211 Moysen
1426 3142 1480 3195 in
1502 3144 1711 3206 castris,
1734 3145 1911 3200 Aaron
1939 3155 2173 3201 sanctum

580 3228 814 3285 Domini.
844 3232 1035 3301 Aperta
1063 3240 1139 3285 est
1167 3241 1326 3297 terra,
1354 3240 1404 3286 et
1432 3231 1696 3305 deglutivit
1727 3234 1954 3301 Dathan,
1976 3245 2025 3290 et
2047 3253 2172 3307 ope-

580 3321 684 3374 ruit
715 3338 867 3392 super
900 3322 1349 3393 congregationem
1376 3321 1592 3379 Abiron.
1624 3323 1694 3381 Et
1729 3328 1930 3382 exarsit
1954 3329 2089 3398 ignis
2117 3329 2171 3382 in

580 3428 845 3483 synagoga
882 3429 1078 3477 eorum,
1107 3413 1319 3481 ﬂamma
1344 3412 1620 3470 combussit
1647 3403 1960 3487 peccatores.
1984 3415 2057 3471 Et
2095 3418 2172 3488 fe-

577 3512 758 3559 cerunt
787 3505 1000 3560 uitulum
1040 3506 1095 3559 in
1127 3503 1283 3571 Oreb,
1328 3514 1377 3559 et
1416 3506 1763 3564 adoraverttnt
1805 3508 2057 3579 sculptile.
2099 3506 2172 3565 Et

579 3604 908 3649 mutaverunt
936 3596 1158 3667 gloriam
1185 3612 1335 3650 suam
1362 3597 1417 3650 in
1447 3596 1837 3655 similitudinem
1862 3598 2007 3653 uituli
2027 3615 2171 3653 com—

577 3686 781 3742 edentis
810 3689 1003 3757 fenum.
1039 3685 1200 3741 Obliti
1239 3696 1359 3741 sunt
1379 3686 1566 3750 Deum,
1596 3689 1682 3759 qui
1714 3688 1929 3744 saluauit
1954 3705 2062 3755 eos,
2085 3690 2173 3761 qui

576 3778 706 3847 fecit
734 3778 1002 3846 magnalia
1040 3778 1095 3831 in
1132 3775 1389 3849 Egypto,
1421 3777 1682 3834 mirabilia
1709 3779 1765 3836 in
1805 3788 1946 3835 terra
1983 3779 2166 3847 Citam,

583 3867 833 3925 terribilia
867 3869 923 3921 in
958 3868 1095 3921 mari
1128 3865 1323 3922 Rubro.
1356 3866 1431 3923 Et
1456 3869 1592 3923 dixit
1628 3879 1687 3924 ut
1713 3870 2033 3942 disperderet
2061 3888 2169 3937 eos,

576 3957 629 4012 si
659 3973 764 4011 non
795 3955 1003 4028 Moyses
1030 3957 1222 4012 electus
1252 3960 1366 4029 ejus
1394 3961 1615 4015 stetisset
1642 3961 1699 4016 in
1727 3963 2082 4034 confractione
2114 3965 2169 4018 in

574 4060 852 4121 conspectu
884 4051 1017 4123 ejus.
1052 4049 1122 4106 Ut
1146 4060 1396 4107 auerteret
1422 4054 1556 4107 iram
1580 4055 1715 4125 ejus,
1753 4071 1819 4109 ne
1855 4054 2172 4128 disperderet

575 4160 682 4209 eos,
706 4152 757 4196 et
773 4160 867 4214 pro
892 4144 1056 4198 nihilo
1078 4144 1364 4199 habuerunt
1394 4154 1587 4200 terram
1607 4147 2016 4203 desiderabilem.
2045 4147 2169 4205 Non

575 4233 902 4286 crediderunt
932 4235 1082 4288 verbo
1110 4235 1247 4305 ejus,
1277 4244 1327 4289 et
1362 4248 1811 4292 murmuraverunt
1836 4240 1893 4293 in
1933 4240 2172 4294 taberna-

576 4322 705 4377 culis
734 4322 860 4385 suis,
888 4339 992 4377 non
1021 4325 1369 4378 exaudierunt
1395 4342 1567 4381 uocem
1591 4325 1825 4383 Domini.
1855 4326 1928 4382 Et
1959 4329 2171 4385 elevavit

575 4428 783 4467 manum
812 4429 962 4467 suam
988 4430 1145 4484 super
1169 4431 1274 4479 eos,
1297 4426 1354 4469 ut
1382 4426 1728 4487 prosterneret
1754 4435 1843 4475 eos
1862 4420 1919 4473 in
1945 4421 2163 4475 deserto.

575 4501 647 4559 Et
673 4516 727 4557 ut
752 4504 995 4576 dejiceret
1016 4521 1187 4559 semen
1215 4524 1391 4562 eorum
1410 4509 1464 4561 in
1487 4509 1806 4574 nationibus,
1839 4521 1888 4565 et
1909 4511 2168 4583 disperde-

573 4608 649 4652 ret
681 4616 764 4654 eos
800 4600 855 4653 in
889 4600 1201 4671 regionibus.
1234 4600 1304 4655 Et
1343 4602 1541 4656 initiati
1584 4613 1705 4658 sunt
1740 4604 2076 4679 Beelphegor,
2119 4616 2168 4660 rt

576 4695 900 4750 comederunt
932 4697 1195 4767 sacriﬁcia
1230 4706 1567 4753 mortuorum.
1596 4698 1663 4752 Et
1694 4700 2024 4755 irritaverant
2048 4718 2166 4757 eum

572 4786 627 4837 in
650 4786 1096 4842 adinventionibus
1124 4789 1254 4854 suis,
1277 4799 1325 4842 et
1345 4788 1693 4860 multiplicata
1713 4801 1788 4845 est
1814 4793 1869 4846 in
1888 4794 1963 4848 eis
1986 4795 2159 4847 ruina.

574 4874 644 4927 Et
682 4878 823 4929 stetit
850 4877 1072 4933 Phinees
1099 4888 1149 4932 et
1176 4881 1417 4951 placauit,
1458 4890 1507 4935 et
1529 4884 1748 4937 cessavit
1770 4887 2054 4956 quassatio.
2094 4883 2164 4940 Et

574 4973 863 5034 reputatum
893 4976 969 5021 est
997 4972 1043 5023 ei
1072 4969 1142 5023 ad
1162 4971 1442 5041 justitiam,
1478 4974 1534 5027 in
1573 4976 1905 5045 generatione
1930 4986 1978 5030 et
2005 4993 2159 5048 gene-

573 5058 847 5121 rationem,
889 5076 1049 5131 usque
1077 5062 1131 5115 in
1159 5065 1542 5133 sempiternum.
1588 5065 1655 5119 Et
1683 5068 2018 5122 irritaverant
2045 5086 2159 5124 eum

570 5148 641 5200 ad
668 5164 855 5219 aquam
892 5152 1338 5221 contradictionis,
1382 5166 1433 5210 et
1453 5166 1667 5212 uexatus
1692 5169 1769 5214 est
1799 5157 2000 5231 Moyses
2030 5179 2153 5232 pro-

569 5249 683 5309 pter
700 5255 806 5304 eos,
829 5242 948 5312 quia
969 5245 1399 5299 emcerbaverunt
1420 5250 1656 5319 spiritum
1677 5251 1807 5322 ejus.
1829 5251 1902 5304 Et
1917 5253 2159 5307 distinxit

569 5332 621 5383 in
646 5330 798 5385 labiis
819 5334 945 5399 suis,
969 5351 1071 5389 non
1094 5336 1510 5407 disperdiderunt
1528 5354 1704 5413 gentes
1727 5361 1854 5415 quas
1884 5345 2019 5399 dixit
2051 5345 2157 5401 Do-

569 5421 736 5475 minus
767 5421 904 5479 Deus
930 5425 1053 5479 illis.
1086 5426 1155 5480 Et
1176 5431 1440 5485 commixti
1468 5443 1587 5487 sunt
1617 5435 1754 5488 inter
1772 5446 1967 5507 gentes,
1999 5447 2049 5491 et
2077 5441 2159 5492 dt—

568 5510 803 5565 dicerunt
830 5529 986 5585 opera
1015 5532 1207 5582 eorum,
1231 5527 1279 5572 et
1312 5524 1593 5577 seruierunt
1622 5524 1942 5595 scnlptilibus
1961 5544 2155 5593 eorum,

2277 457 2397 497 suos
2423 451 2473 497 et
2501 443 2644 513 ﬁlias
2667 461 2791 498 suas
2811 445 3099 502 damoniis.
3136 448 3203 501 Et
3232 450 3516 519 ejfuderunt
3549 462 3794 529 suum

2275 534 2621 601 innocentem,
2640 537 2944 607 sanguinem
2964 538 3190 608 ﬁliorum
3212 557 3417 596 suorum
3434 554 3482 597 et
3498 545 3697 615 ﬁliarum
3709 566 3795 608 sua.
3878 548 3879 607 ξ

2277 640 2411 689 rum,
2438 642 2565 696 quas
2594 628 3013 699 sacriﬁcaverunt
3037 632 3361 702 sculptilibus
3386 633 3635 694 “annon.
3654 640 3711 696 Et
3730 646 3794 699 in-
3878 632 3879 693 ἐ

2278 716 2415 786 [ecta
2454 723 2530 769 est
2568 723 2708 771 terra
2747 718 2802 771 in
2842 719 3176 790 sunguinibus
3203 731 3255 776 et
3298 727 3629 781 contaminata
3659 741 3723 785 est
3754 736 3795 786 is
3878 726 3879 737 “

2277 803 2515 873 operibus
2565 822 2759 871 eorum,
2805 817 2855 860 et
2894 810 3142 879 fornicati
3173 821 3295 866 sunt
3326 814 3383 867 in
3418 814 3794 878 adinvastionibus

2275 896 2402 948 suis.
2437 893 2505 947 Et
2531 897 2696 950 iratus
2727 907 2802 951 est
2838 900 3012 969 furore
3046 899 3297 956 Dominus
3325 903 3379 956 in
3416 906 3639 976 populum
3664 925 3791 977 suum,

2274 995 2324 1040 et
2343 985 2670 1045 abominatus
2689 996 2765 1043 est
2784 990 3140 1046 hereditatem
3168 1009 3337 1047 suam.
3367 993 3436 1049 Et
3463 996 3656 1052 tradidit
3675 1016 3745 1055 eos
3758 1004 3795 1055 in

2274 1092 2460 1131 manus
2496 1079 2741 1148 gentium,
2772 1089 2823 1133 et
2861 1080 3111 1136 dominati
3148 1091 3271 1136 sunt
3304 1101 3477 1139 eorum
3513 1089 3591 1157 qui
3622 1095 3796 1146 oderunt

2273 1185 2381 1223 eos.
2413 1168 2484 1223 Et
2520 1170 2894 1228 tribulaverunt
2930 1191 3020 1229 eos
3058 1175 3260 1231 inimici
3299 1193 3488 1245 eorum,
3526 1189 3573 1233 et
3593 1181 3796 1239 humiliati

2273 1268 2391 1313 sunt
2410 1261 2502 1315 sub
2533 1263 2768 1317 mortibus
2788 1281 2993 1330 eorum;
3013 1282 3151 1350 saepe
3170 1266 3404 1322 liberauit
3422 1286 3520 1324 eos.
3544 1269 3570 1323 l
3572 1274 3642 1342 psi
3664 1284 3795 1327 autem

2272 1353 2712 1409 exacerbauerunt
2748 1371 2866 1410 eum
2892 1358 2948 1412 in
2986 1360 3205 1413 consitio
3232 1376 3345 1425 suo,
3386 1371 3436 1415 et
3458 1363 3686 1418 hunu'liati
3708 1373 3797 1419 sust

2269 1444 2327 1497 in
2355 1445 2712 1516 iniquitatibus
2739 1449 2865 1502 suis.
2891 1447 2961 1501 Et
2990 1449 3117 1503 vidit
3137 1467 3255 1511 cum
3283 1449 3648 1518 tributarentur,
3673 1463 3794 1508 etas-
3878 1448 3879 1465 ‘

2273 1536 2397 1590 divit
2427 1538 2719 1593 orationem
2753 1555 2949 1595 eorum.
2991 1540 3063 1595 Et
3089 1559 3287 1597 memor
3313 1545 3413 1615 fuit
3438 1547 3699 1599 testamenti
3720 1549 3793 1610 sui,

2270 1636 2321 1682 et
2349 1629 2585 1698 paenituit
2623 1645 2739 1684 eum
2765 1632 3048 1687 secundum
3084 1635 3468 1689 multitudinem
3496 1636 3799 1690 misericordia

2203 1733 2248 1794 Β
2272 1735 2400 1774 suae.
2417 1718 2489 1773 Et
2509 1720 2652 1774 dedit
2669 1738 2757 1776 eos
2784 1724 2839 1776 in
2860 1724 3248 1781 misericordias
3271 1726 3327 1780 in
3348 1738 3604 1798 conspectu
3620 1731 3797 1783 omnium

2272 1813 2358 1882 qui
2388 1821 2630 1884 ceperant
2653 1830 2760 1869 eos.
2786 1815 2973 1872 Salvos
3002 1820 3088 1890 [ac
3115 1836 3233 1885 nos,
3270 1819 3483 1875 Domine
3504 1820 3626 1875 Deus
3645 1831 3797 1886 noster,
3878 1830 3879 1885 ζ

2270 1910 2322 1956 et
2346 1919 2603 1976 congrega
2630 1922 2726 1961 nos
2754 1906 2819 1961 de
2851 1908 3169 1965 nationibus.
3199 1910 3270 1967 Ut
3293 1913 3619 1982 conﬁteantur
3645 1915 3797 1967 nonnisi
3878 1906 3879 1943 ῖ

2271 2003 2453 2048 sancto
2474 2003 2581 2060 tuo,
2599 2004 2651 2051 et
2671 1996 2951 2069 gloriemur
2968 2001 3024 2055 in
3047 2002 3205 2057 laude
3227 2010 3334 2056 tua.
3355 2002 3643 2058 Benedictus
3659 2003 3795 2059 Doni-
3878 2040 3879 2059 2

2273 2101 2371 2140 nus
2405 2087 2538 2142 Deus
2563 2087 2736 2144 Israel
2763 2106 2795 2144 a
2817 2093 3011 2148 saeculo
3031 2102 3082 2147 et
3107 2110 3271 2167 usque
3292 2096 3348 2150 in
3366 2095 3613 2162 steculum,
3633 2103 3676 2150 et
3697 2096 3796 2149 dicet
3878 2087 3879 2143 ἕ

2273 2177 2441 2230 omnis
2466 2178 2685 2248 populus
2706 2195 2726 2233 :
2755 2177 2904 2245 Fiat,
2939 2181 3054 2253 ﬁat.
3878 2174 3879 2193 ¹

2846 2330 3292 2375 COIIENTABIUI.

2347 2422 2572 2482 Alleluia
2602 2428 2832 2498 primum
2862 2432 2974 2500 egit
3001 2441 3061 2488 ut
3088 2434 3431 2507 baptizentur
3448 2434 3712 2493 credentes.
3733 2435 3796 2490 Al-

2274 2511 2434 2569 leluia
2476 2518 2772 2574 secundum
2809 2522 2921 2590 agit
2958 2531 3020 2578 ut
3060 2527 3476 2585 reconcilientur
3511 2528 3796 2597 pmoitentes.
3878 2558 3879 2597 ξ

2275 2602 2351 2659 lbi
2367 2609 2602 2678 suscepit
2611 2609 2823 2679 plebem
2836 2627 2990 2669 suam
3002 2615 3055 2670 in
3067 2618 3444 2685 exsultatione,
3456 2625 3510 2675 et
3517 2618 3695 2674 electos
3703 2632 3801 2671 suos

2275 2694 2329 2749 in
2362 2695 2564 2752 laetitia.
2602 2698 2701 2757 llic
2726 2703 3048 2771 pmnitentes
3076 2709 3318 2774 exaudit,
3349 2716 3405 2764 et
3428 2707 3514 2765 dat
3538 2722 3623 2763 eos
3656 2708 3701 2762 in
3721 2706 3797 2761 mi-

2275 2786 2624 2845 sericordiam
2654 2791 2709 2846 in
2737 2805 3032 2864 conspectu
3061 2800 3329 2864 omnium,
3349 2799 3441 2869 qui
3466 2813 3555 2855 eos
3574 2803 3798 2868 ceperant.

2276 2872 2430 2929 Beati
2464 2885 2590 2932 sunt
2616 2892 2765 2949 ergo,
2797 2884 2887 2951 qui
2918 2886 3231 2943 custodiunt
3247 2888 3522 2959 justitiam.
3554 2887 3655 2943 Non
3686 2887 3800 2941 enim

2276 2967 2345 3023 ad
2371 2969 2477 3025 hoc
2505 2972 2747 3037 veniunt,
2792 2985 2852 3031 ut
2883 2993 2914 3032 a
2943 2980 3055 3037 suis
3075 2982 3322 3039 hostibus
3346 2984 3626 3054 capiantur.
3652 2978 3706 3034 lli
3728 2992 3797 3032 au-
3878 2976 3879 3039 Ξ

2277 3063 2387 3111 ιθηὶ
2430 3060 2522 3127 qui
2558 3063 2701 3131 capti
2741 3074 2867 3122 sunt
2892 3068 3129 3126 clamant
3156 3072 3225 3128 ad
3255 3071 3633 3130 misericordem
3655 3068 3797 3123 dicen-

2278 3156 2359 3208 tes
2383 3168 2396 3204 :
2420 3149 2767 3212 Peccavimus
2783 3174 2907 3215 cum
2927 3162 3170 3231 patribus
3187 3165 3402 3231 nostris,
3422 3163 3600 3234 injuste
3616 3159 3795 3229 egimus

2277 3242 2615 3311 iniquitatem
2655 3244 2899 3306 fecimus.
2939 3251 3051 3309 Nec
3089 3254 3225 3312 illud
3263 3271 3387 3312 cum
3426 3255 3591 3324 aliqua
3622 3256 3794 3305 contro-

2275 3333 2447 3389 versia
2469 3337 2727 3405 respicias
2748 3340 2892 3407 volo,
2916 3342 3060 3413 quod
3082 3343 3215 3412 dixi,
3243 3361 3431 3403 omnes
3450 3344 3535 3416 qui
3554 3356 3649 3397 non
3666 3342 3794 3394 mtto-

2273 3424 2427 3482 diunt
2450 3425 2715 3495 justitiam
2744 3431 3029 3501 capiuntur
3052 3436 3120 3491 ab
3148 3437 3395 3493 hostibus
3420 3435 3542 3491 suis.
3561 3431 3669 3487 Illos
3688 3425 3793 3482 enim

2273 3520 2442 3588 magis
2468 3520 2654 3577 hostes
2673 3525 2882 3593 respice
2909 3527 3002 3596 qui
3032 3543 3155 3585 cum
3177 3545 3298 3587 esse
3325 3545 3425 3601 pro
3449 3534 3588 3583 certo
3614 3533 3791 3578 noscan-

2274 3616 2378 3676 tur,
2411 3626 2509 3680 pro
2537 3620 2688 3669 certo
2718 3614 2888 3671 videri
2916 3631 3023 3673 non
3048 3630 3296 3688 possunt.
3322 3620 3389 3675 Et
3414 3632 3529 3675 cum
3556 3615 3662 3671 illos
3683 3620 3800 3679 aspe-

2270 3708 2367 3756 ctu
2390 3704 2588 3759 mentis
2614 3707 2932 3774 attenderis,
2962 3709 3109 3764 illum
3130 3711 3255 3781 plus
3280 3710 3483 3768 videbis
3507 3723 3537 3763 a
3560 3704 3657 3761 suis
3671 3694 3791 3755 δωιί·

2269 3793 2372 3851 bus
2396 3795 2679 3864 POSSideri,
2709 3799 2802 3868 qui
2831 3809 2954 3870 post
2979 3810 3265 3872 peccatum
3292 3803 3537 3864 exsultat,
3570 3793 3697 3851 nullo
3717 3786 3791 3841 II-

2269 3885 2411 3953 86110
2454 3901 2762 3956 percussus.
2804 3890 3006 3947 Verum
3041 3895 3168 3962 quia
3208 3911 3368 3952 verus
3399 3889 3700 3949 Christianus
3727 3877 3791 3932 ille

2270 3984 2373 4042 es"
2412 3977 2506 4046 qui
2540 3993 2642 4049 PN
2681 3981 2794 4037 θυῖε
2819 3983 3061 4051 quotidie
3098 3988 3340 4056 peccatis
3366 3987 3564 4045 exorat,
3589 3968 3790 4040 suscil‘l“

2266 4069 2510 4137 regulam
2534 4071 2885 4141 poenitentia},
2922 4085 2947 4112 ι
2977 4077 3216 4133 excluso.
3250 4078 3400 4135 Nova
3435 4076 3507 4130 ita
3533 4085 3627 4126 non
3650 4068 3789 4120 cente-

2270 4157 2464 4214 simum
2478 4161 2723 4230 quintum
2742 4163 3003 4232 psalmum
3026 4168 3326 4226 centesimo
3339 4172 3525 4238 quarto
3542 4155 3785 4227 ευδίιωριι

2272 4263 2381 4304 non
2420 4244 2634 4306 reth
2678 4251 2898 4308 ﬂentem
2939 4256 2992 4311 in
3032 4258 3242 4327 quinto,
3273 4273 3435 4331 quem
3461 4256 3512 4311 in
3537 4241 3790 4322 quartoIE‘

2270 4349 2474 4398 tantem
2508 4345 2735 4416 accepit.
2769 4345 2837 4399 Et
2860 4348 3001 4403 sicut
3029 4350 3118 4405 ille
3145 4352 3387 4407 cantavit
3411 4343 3621 4405 alleluia,
3645 4342 3691 4391 et
3713 4332 3788 4386 is“

2271 4434 2484 4489 alleluia
2519 4435 2791 4493 decantet.
2824 4438 2900 4493 lbi
2925 4439 3079 4496 dives
3107 4440 3276 4497 iactus
3306 4444 3360 4498 in
3388 4442 3597 4508 argento
3619 4434 3667 4484 et
3686 4433 3788 4478 auro

2269 4524 2542 4591 egreditur
2575 4526 2833 4593 gaudens,
2863 4528 2951 4584 hic
2990 4531 3268 4587 mendicus
3309 4531 3524 4588 ellectus

2268 4614 2506 4684 plorans.
2534 4613 2601 4670 Et
2637 4616 2710 4671 ibi
2745 4618 2962 4674 alleluia
2991 4629 3266 4689 cantatum
3306 4631 3406 4687 est,
3441 4625 3495 4675 et
3517 4612 3597 4670 hic
3619 4600 3785 4661 alleluia

2267 4713 2534 4761 cantatur.
2561 4707 2635 4762 lbi
2655 4709 2976 4779 conﬁtemini
2995 4711 3194 4767 dictum
3216 4720 3318 4780 est,
3342 4722 3390 4768 et
3413 4709 3626 4765 invoca“

2264 4798 2396 4867 ejus,
2438 4798 2526 4852 hic
2562 4797 2895 4854 confitemini
2934 4801 3130 4858 dicitur
3167 4805 3421 4873 quoniam
3460 4800 3630 4854 bonus.

2267 4898 2485 4956 peccata
2508 4898 2703 4956 vestra,
2736 4892 2878 4947 unde
2898 4872 3262 4951 exacerbastis
3290 4893 3577 4951 Dominum.
3607 4872 3786 4973 Diett'ﬂl

2267 4981 2410 5036 enim
2438 4996 2601 5052 super
2628 4998 2726 5038 vos
2752 4986 3095 5051 sententiam,
3128 4997 3187 5041 ut
3212 4974 3429 5057 dejiciat
3454 4993 3542 5037 vos
3572 4975 3627 5063 in,
3644 4969 3783 5063 mli”:

2261 5076 2438 5139 nibus,
2479 5085 2535 5130 et
2570 5076 2845 5147 dispergat
2881 5095 2978 5134 vos
3025 5080 3079 5134 in
3128 5081 3451 5151 regionibus.
3500 5062 3781 5152 Conﬁtemlt"

2260 5166 2422 5232 bono,
2469 5164 2798 5223 conﬁtemini
2825 5169 3028 5224 volenti
3056 5186 3299 5241 parcere.
3330 5175 3399 5228 At
3436 5167 3504 5223 illi
3534 5181 3546 5215 :
3576 5156 3780 5213 Peccaﬂ‘

2261 5273 2398 5320 mus,
2424 5259 2688 5329 inquiunt,
2707 5277 2828 5317 cum
2849 5263 3090 5333 patribus
3114 5266 3333 5321 nostris.
3353 5253 3667 5319 Peccavimus

2260 5349 2529 5420 patribus:
2555 5367 2662 5406 non
2687 5355 2755 5407 de
2784 5360 3027 5424 tempore
3055 5357 3263 5426 posuit;
3294 5372 3411 5413 cum
3439 5342 3652 5422 patribus
3669 5333 3778 5425 emta

2261 5449 2389 5496 tunc
2413 5454 2771 5512 peccaverunt
2796 5448 3012 5515 quando
3043 5449 3385 5506 irritaverant
3411 5433 3719 5500 ascendentes
3739 5426 3777 5467 ³η

2263 5530 2502 5587 Rubrum
2532 5549 2700 5600 mare,
2732 5537 2949 5604 quando
2979 5540 3191 5610 operuit
3217 5555 3352 5610 aqua
3382 5527 3668 5593 tribulantes
3688 5517 3774 5564 905'

639 5658 666 5684 Α
689 5648 990 5718 Legendum
1020 5656 1270 5721 arbitror,
1302 5658 1509 5713 excluso
1551 5658 1789 5728 Novato;
1823 5678 1946 5717 nam
1977 5663 2021 5719 is
2046 5680 2150 5719 non
2190 5667 2479 5736 recipiebat
2508 5668 2853 5738 poenitentes.
