3908 6176
110 220 202 276 ιὸὅ

1050 221 1517 278 COMMENTARII
1557 223 1621 276 IN
1664 221 1990 278 PSALMOS.
2035 222 2220 279 PSAL.
2263 226 2373 280 CV.

3273 227 3375 281 536

108 349 458 414 Posteaquam
498 341 838 398 crediderunt
873 341 1039 396 verbo
1078 341 1193 406 Dei,
1236 350 1290 397 et
1328 347 1678 397 cantaverunt
1709 347 1757 404 Α
1783 350 2095 413 martyrum,
2125 345 2217 412 qui
2239 360 2344 397 non
2374 344 2684 409 timuerunt,
2717 345 2854 400 sicut
2885 343 3131 412 Phinees,
3157 350 3358 416 sangui-

107 439 311 495 laudem
339 436 476 506 ejus,
507 436 686 491 statim
713 434 864 490 obliti
885 443 1010 489 sunt
1037 449 1259 504 operum
1289 435 1419 503 ejus.
1452 433 1519 487 Et
1549 450 1680 488 con-

108 530 382 600 cupierunt
409 526 899 596 concupiscentiam
928 525 982 579 in
1012 524 1245 591 deserto,
1277 525 1412 580 ollas
1439 523 1676 595 Egypti,

110 629 158 676 ct
175 620 522 673 irritaverunt
546 615 598 669 in
627 615 889 677 siccitate,
916 621 972 669 et
1007 615 1132 670 data
1154 622 1238 670 est
1265 615 1344 669 eis
1371 615 1559 684 petitio
1588 629 1680 668 eo-

113 725 244 774 rum,
267 714 324 763 et
348 706 474 761 data
504 712 586 760 est
614 705 866 760 saturitas
894 705 946 759 in
976 705 1208 760 animam
1237 719 1442 760 eorum.
1474 703 1681 757 Saturi-

114 809 265 856 tatem
293 806 478 852 secuta
509 804 593 851 est
631 796 860 860 luxuria,
893 802 947 850 et
975 796 1214 851 irritatus
1253 802 1335 850 est
1362 795 1620 850 Dominus
1648 809 1679 849 a

117 891 344 962 superbis
374 890 602 954 Dathan,
643 886 805 954 Core,
846 895 902 942 et
939 887 1160 942 Abiron.
1191 885 1256 942 Et
1293 888 1405 942 sive
1432 903 1531 956 pro
1562 887 1680 954 igne

119 987 298 1050 alieno,
327 984 442 1039 sive
471 999 568 1053 pro
596 982 845 1052 superbia
881 990 1070 1037 contra
1098 982 1316 1054 Moysen
1348 999 1462 1048 usa,
1495 990 1680 1053 aperta

121 1085 190 1131 est
213 1083 370 1137 terra,
415 1080 468 1128 et
502 1073 783 1142 deglutivit
810 1087 906 1128 eos
934 1073 1194 1127 viventes.
1227 1071 1462 1143 Populus
1499 1080 1679 1127 autem

123 1169 372 1232 liberatus,
399 1167 680 1220 immemor
700 1165 1004 1219 liberatoris
1023 1165 1125 1228 sui,
1150 1171 1479 1218 memoratur
1493 1178 1680 1231 super-

122 1259 342 1314 stitiones
364 1255 604 1328 Egypti,
631 1256 822 1324 quibus
843 1270 1050 1310 memor
1070 1270 1259 1308 aurum
1278 1269 1432 1308 suum
1453 1254 1504 1307 in
1527 1253 1680 1307 vituli

121 1347 498 1405 similitudinem
529 1347 717 1412 fundit,
749 1346 938 1401 adorat
964 1361 1129 1414 opera
1157 1361 1411 1399 manuum
1439 1359 1674 1398 suarum.

122 1442 304 1496 Oblitus
343 1447 426 1494 est
461 1439 605 1492 enim
647 1437 740 1506 qui
787 1437 1035 1492 liberavit
1073 1451 1216 1502 eum,
1256 1451 1356 1506 pro
1391 1450 1499 1504 quo
1537 1434 1678 1490 facto

119 1530 235 1582 dum
260 1529 415 1583 vellet
437 1527 696 1582 Dominus
719 1525 1028 1596 disperdere
1055 1541 1171 1592 eos,
1192 1526 1340 1579 stetit
1369 1524 1578 1596 Moyses
1599 1524 1679 1580 di-

119 1632 266 1671 cens:
296 1616 534 1681 Domine,
564 1616 675 1670 dele
698 1632 779 1670 me
801 1615 863 1668 de
884 1615 1014 1669 libro
1037 1623 1144 1680 tuo,
1175 1615 1218 1668 si
1247 1616 1360 1669 istis
1382 1631 1484 1668 non
1506 1615 1677 1684 parcis

1783 447 1906 486 nem
1921 433 2163 496 fundere.
2186 433 2254 488 Ut
2266 434 2348 488 his
2367 435 2642 489 orantibus
2655 444 2830 490 cesset
2845 451 2874 488 a
2898 437 3052 490 nobis
3069 439 3364 504 quassatio,

1781 529 1840 576 ut
1860 522 1963 576 hoc
1990 523 2133 592 quod
2172 524 2467 588 evadimus,
2497 527 2618 593 quia
2649 533 2829 579 nostra
2854 526 3059 594 justitia
3092 528 3233 580 nulla
3264 537 3364 592 est,

1781 612 1992 667 illorum
2035 624 2315 684 reputetur
2345 615 2582 683 justiti-.e,
2615 633 2645 670 a
2675 619 3022 684 generatione
3061 627 3115 672 ct
3142 632 3364 686 genera-

1783 705 1929 759 tione
1956 705 2008 758 in
2029 714 2310 760 aeternum.
2340 706 2489 760 Nunc
2513 707 2799 760 videndum
2821 716 2903 762 est
2928 709 3159 776 qualiter
3186 717 3241 762 et
3268 725 3367 763 nos

1782 793 1920 848 sicut
1950 795 2025 848 illi
2058 795 2325 850 irritamus
2353 795 2634 850 Dominum
2665 795 2731 849 ad
2765 812 2955 864 aquam
2983 798 3364 852 contradictio-

1783 885 1885 951 nis,
1911 886 1983 940 ita
2016 895 2072 940 ut
2101 896 2326 941 vexetlu'
2345 887 2556 958 Moyses
2584 899 2803 958 propter
2829 905 2927 944 nos
2955 890 3044 958 qui
3073 891 3362 944 exacerba-

1779 993 1900 1032 mus
1926 977 2170 1046 spiritum
2195 976 2328 1046 ejus.
2360 977 2458 1042 Ita,
2491 985 2550 1032 ut
2579 978 2708 1042 dixi,
2740 978 2908 1048 liquet
2936 980 3170 1048 psalmus
3193 980 3280 1034 hic
3309 981 3362 1034 in

1781 1068 2024 1133 historia,
2058 1078 2114 1122 ut
2144 1071 2359 1138 penitus
2385 1078 2440 1125 et
2469 1072 2744 1140 expositor
2772 1073 3106 1126 necessarius
3134 1087 3241 1126 non
3273 1072 3362 1126 sit.

1781 1153 1887 1211 Sed
1933 1157 2058 1224 quia
2087 1173 2116 1210 a
2164 1158 2340 1212 littera
2369 1159 2594 1226 ingressi
2623 1175 2806 1214 sumus
2835 1160 2969 1214 infra
2999 1161 3252 1227 litteram,
3282 1162 3374 1232 via

1779 1249 2000 1306 deamus
2041 1251 2312 1318 quomodo
2343 1252 2582 1306 irritetur
2609 1253 2864 1306 Dominus
2899 1253 2968 1307 ad
3003 1269 3197 1322 aquam
3235 1268 3365 1308 con-

1779 1340 2132 1397 tradictionis.
2178 1339 2308 1398 Post
2353 1344 2618 1414 baptisma
2649 1361 2810 1398 unum
2861 1359 2999 1413 aqua
3045 1345 3202 1399 nobis
3231 1361 3362 1401 con-

1778 1433 2115 1488 tradictionis
2140 1435 2396 1500 exoritur,
2424 1436 2804 1490 contradicitur
2825 1437 2977 1490 nobis
3005 1451 3143 1505 aqua
3164 1438 3365 1508 baptis-

1779 1523 1941 1580 matis
1974 1523 2164 1579 :‘Unus
2193 1526 2336 1580 enim
2376 1527 2532 1590 Deus,
2563 1543 2668 1580 una
2705 1527 2854 1596 ﬁdes,
2907 1543 3064 1581 unum
3109 1529 3364 1599 baptisma

1782 1612 1943 1684 (Eph.
1974 1614 2069 1684 tv).
2102 1614 2180 1669 lbi
2206 1630 2464 1670 vexamus
2490 1615 2728 1687 Moysen.
2763 1617 2971 1688 Moyses
3000 1617 3085 1672 lex
3120 1619 3212 1673 Dei
3244 1627 3358 1685 est;

119 1705 295 1777 (Exod.
328 1706 517 1777 χχιιι).
550 1705 782 1761 Putasne
812 1713 889 1770 tu,
913 1721 946 1760 ο
971 1704 1199 1776 Moyses,
1225 1705 1346 1774 plus
1372 1704 1680 1758 misericors
1709 1707 1756 1768 Β
1783 1717 2039 1758 vexamus
2061 1703 2231 1772 legem
2253 1703 2387 1773 ejus,
2411 1713 2815 1760 contemnentes
2836 1716 3100 1777 prmcepta
3121 1708 3253 1776 ejus.
3279 1707 3364 1763 In-

116 1812 170 1851 es
193 1812 343 1866 quam
376 1796 467 1850 ille
494 1797 586 1865 qui
612 1796 1010 1865 blasphematus
1036 1810 1232 1848 manna
1252 1795 1403 1864 pluit,
1428 1794 1520 1863 qui
1547 1810 1679 1849 con-

117 1896 330 1958 temptus
355 1887 424 1942 de
457 1895 598 1941 terra
626 1887 874 1956 producit
901 1873 1099 1956 aquas?
1124 1885 1240 1940 Non
1285 1895 1341 1940 tu
1369 1888 1488 1956 plus
1513 1886 1676 1942 mise-

115 1979 284 2044 ricors,
307 1977 401 2032 sed
426 1977 592 2032 voluit
614 1977 870 2031 Dominus
891 1975 1139 2032 allectum
1161 1984 1311 2031 tuum
1331 1977 1553 2032 ducibus
1576 1993 1677 2046 po-

115 2069 212 2138 puli
249 2067 480 2133 recitari,
511 2074 569 2121 ut
607 2068 685 2122 sic
723 2075 883 2135 agant
921 2066 1062 2121 circa
1106 2075 1413 2136 peccantes,
1459 2067 1595 2121 sicut
1625 2074 1677 2122 te

115 2160 288 2217 fecisse
314 2167 807 2228 cognoscunt;nou
834 2158 942 2213 cito
968 2158 1242 2224 damnent,
1273 2159 1367 2213 sed
1406 2158 1677 2213 volentem

115 2251 379 2306 Dominum
427 2249 784 2305 condemnare
819 2250 930 2304 suis
976 2249 1224 2319 precibus
1262 2247 1500 2306 ﬂectant.
1540 2250 1677 2306 Audi

112 2343 228 2412 quid
251 2351 434 2398 cantas
466 2360 479 2395 :
512 2343 671 2409 Dixit,
697 2342 886 2412 inquit,
911 2350 970 2397 ut
996 2341 1327 2414 disperderet
1347 2358 1460 2408 eos,
1492 2343 1538 2398 si
1567 2359 1675 2398 non

111 2434 304 2506 Moyses
331 2434 568 2488 stetisset
595 2433 648 2486 in
669 2432 1035 2488 confractione
1064 2441 1118 2488 et
1144 2433 1408 2488 seditione
1432 2448 1538 2502 qua
1561 2449 1676 2488 mo-

115 2527 216 2579 veri
245 2530 498 2594 cmperat,
530 2532 585 2579 et
613 2524 699 2592 agi
725 2524 954 2594 populus
985 2542 996 2576 :
1029 2523 1206 2586 Stetit,
1239 2523 1430 2592 inquit,
1455 2524 1510 2578 in
1542 2539 1672 2578 con-

110 2622 284 2683 spectu
323 2615 455 2684 ejus,
489 2623 548 2668 ut
583 2622 852 2668 averteret
895 2614 1028 2667 iram
1057 2613 1192 2682 ejus,
1235 2629 1304 2668 ne
1340 2613 1676 2683 disperderet

111 2703 344 2759 eosJam
371 2705 419 2759 si
449 2705 644 2774 placet,
659 2703 784 2774 quia
814 2704 1002 2773 longus
1031 2711 1112 2759 est
1141 2704 1395 2772 psalmus,
1431 2712 1671 2759 transea-

109 2811 218 2851 mus
236 2795 301 2849 ad
320 2811 536 2850 causam
558 2804 791 2850 nostram
813 2795 878 2850 ab
900 2796 1120 2850 historia
1140 2793 1460 2852 Judzeorum.
1481 2794 1672 2851 Omnia

109 2887 241 2940 enim
269 2886 425 2941 nobis
446 2888 544 2940 ista
568 2895 689 2955 post
709 2885 1044 2956 baptismatis
1071 2886 1528 2941 consecrationem
1549 2901 1674 2944 eve-

108 2977 269 3031 niunt.
300 2977 632 3046 lngredimur
660 2978 801 3031 enim
822 2992 920 3047 per
937 2977 1260 3047 baptismum
1282 2986 1476 3033 terram
1507 2977 1674 3034 ﬂuen-

1781 1810 1944 1865 super
1970 1795 2134 1850 etiam
2175 1798 2560 1851 exacerbamus
2598 1798 2845 1866 spiritum
2875 1797 2991 1866 ejus
3018 1808 3278 1864 sanctum,
3312 1800 3363 1854 in

1779 1901 1887 1956 quo
1926 1887 2119 1956 signati
2159 1904 2343 1943 sumus
2387 1889 2439 1942 in
2469 1888 2554 1943 die
2582 1889 2987 1958 redemptionis.
3026 1889 3141 1944 Hoc
3184 1878 3361 1946 autem

1777 1975 2019 2044 facimus,
2047 1979 2262 2047 quando
2293 1995 2400 2034 non
2430 1979 2788 2048 disperdimus
2832 1988 3019 2047 gentes
3058 1995 3190 2048 quas
3228 1981 3363 2035 dixit

1777 2065 2053 2135 Dominus,
2083 2069 2298 2139 quando
2345 2071 2613 2125 nutrimus
2651 2071 2796 2135 vitia,
2847 2079 3088 2126 amantes
3131 2087 3194 2126 ea
3241 2088 3362 2143 qure

1778 2156 1892 2212 odit
1920 2157 2616 2221 Dominus,commiscemur
2643 2161 2784 2214 inter
2809 2170 3018 2229 gentes,
3049 2162 3242 2216 similia
3269 2174 3362 2218 aut

1775 2249 1963 2321 pejora
1992 2251 2264 2318 facientes,
2295 2267 2457 2322 quam
2502 2262 2691 2322 gentes
2732 2269 2850 2324 quae
2879 2253 3130 2323 ignorant
3169 2255 3359 2311 Deum.

1777 2341 2051 2398 Servimus
2072 2345 2403 2414 sculptilibus
2423 2360 2632 2410 eorum,
2650 2345 2818 2399 Deum
2839 2345 3099 2402 habentes
3116 2359 3360 2402 ventrem

1777 2441 1833 2487 et
1859 2431 2084 2501 gloriam
2123 2433 2176 2488 in
2216 2441 2475 2488 stercore.
2507 2433 2643 2489 Hinc
2683 2435 2921 2489 nascitur
2948 2436 3104 2491 nobis
3131 2436 3358 2492 scanda-

1775 2523 1906 2588 lum,
1930 2523 2105 2588 idest,
2128 2523 2310 2579 libido.
2337 2524 2486 2578 Tunc
2513 2525 2850 2580 immolamus
2880 2526 3020 2581 filios
3055 2535 3267 2583 nostros
3303 2536 3359 2582 et

1776 2611 1912 2668 ﬁlias
1941 2621 2154 2668 nostras
2179 2613 2476 2677 daemoniis,
2502 2615 2554 2668 id
2573 2622 2673 2679 est,
2699 2630 2888 2670 sensus
2912 2624 3148 2685 nostros,
3170 2617 3261 2687 qui
3289 2633 3356 2674 ex

1783 2705 1939 2760 nobis
1966 2707 2120 2776 quasi
2167 2705 2258 2760 lilii
2297 2715 2606 2760 nascuntur.
2655 2706 2723 2760 Et
2750 2709 3102 2776 cogitationes
3149 2715 3360 2766 nostras

1773 2795 2049 2850 daemoniis
2079 2795 2350 2851 tradimus.
2383 2795 2713 2851 Ellundimus
2749 2798 3058 2866 sanguinem
3091 2799 3350 2854 innocen-

1775 2894 1903 2952 tem,
1947 2885 2002 2941 id
2031 2894 2131 2951 est,
2163 2887 2472 2955 sanguinem
2521 2889 2821 2944 animarum
2862 2890 3203 2959 simplicium,
3236 2906 3357 2960 qua:

1775 2987 1962 3033 nostro
1990 2979 2238 3049 exemplo
2265 2979 2599 3050 delinquunt.
2622 2979 2942 3049 Sanguinem
2966 2983 3147 3050 utique
3169 2997 3354 3038 eorum

111 3077 204 3120 tem
233 3067 314 3122 lac
341 3075 396 3122 et
424 3068 550 3122 mel.
585 3067 649 3121 Et
670 3076 792 3137 post
821 3069 934 3122 hmc
961 3083 1058 3137 pro
1081 3068 1248 3123 nihilo
1276 3069 1534 3124 habemus
1562 3077 1670 3124 ter-
1694 3072 1740 3134 C
1772 3069 2132 3126 sacriﬁcamus
2171 3073 2503 3140 sculptilibus
2539 3071 2726 3126 Cham.
2759 3072 2926 3128 Cham
2967 3074 3154 3128 irrisor
3189 3077 3356 3143 patris

109 3173 207 3211 ram
235 3157 663 3224 desiderabilem,
694 3159 907 3228 quando
936 3160 1224 3229 polluimus
1255 3168 1451 3214 terram
1481 3175 1673 3230 corpo-

109 3250 170 3304 ris
193 3251 380 3305 nostri.
423 3250 538 3305 Non
568 3252 710 3307 enim
748 3267 874 3306 vere
903 3252 1171 3308 credimus
1197 3253 1377 3308 verbis
1405 3254 1519 3318 Dei,
1561 3269 1675 3322 per-

109 3353 314 3413 petuum
344 3345 645 3400 incendium
671 3356 695 3384 ἰ
724 3346 1172 3401 cemminantibus
1199 3347 1514 3416 propinquis
1539 3355 1674 3400 tem-

111 3436 365 3503 poralibus
392 3435 564 3491 factis.
585 3437 649 3490 Et
678 3439 800 3505 quia
831 3437 942 3492 Deo
965 3453 1072 3491 non
1111 3437 1398 3501 credimus,
1431 3453 1670 3492 murmu-

111 3543 272 3583 ramus
303 3530 356 3582 in
379 3529 734 3584 tabernaculis
761 3529 1020 3584 mentium
1049 3538 1372 3595 nostrarum,
1405 3530 1528 3599 quia
1563 3546 1672 3586 non

111 3617 466 3673 rxaudivimus
482 3633 670 3672 vocem
691 3618 919 3672 Domini.
945 3618 1058 3684 Qua
1081 3619 1256 3674 fronte
1275 3619 1500 3674 dicimus
1516 3619 1626 3675 Deo
1653 3637 1666 3673 :

111 3703 300 3762 Exaudi
344 3724 534 3764 vocem
575 3718 830 3777 nostram,
861 3711 952 3779 qui
994 3724 1102 3765 non
1141 3711 1454 3781 exaudimus
1481 3727 1672 3768 vocem

115 3795 345 3854 Domini?
386 3799 607 3870 Insuper
654 3801 815 3855 etiam
877 3817 1259 3856 consecramur
1312 3802 1667 3873 Beelphegor,

113 3891 265 3944 ventri
305 3899 363 3944 et
407 3890 608 3945 libidini
643 3893 957 3958 servientes,
1004 3902 1097 3947 aut
1135 3894 1254 3949 illos
1293 3895 1533 3960 colimus,
1578 3895 1670 3964 qui

112 3977 274 4033 colunt
303 3989 521 4036 ventres
567 3990 800 4049 nostros,
836 3990 930 4037 aut
969 3984 1087 4038 illos
1114 3999 1340 4053 quorum
1377 4000 1608 4054 persona
1637 4002 1670 4042 a

112 4069 291 4124 mundo
319 4069 624 4137 suscipitur.
657 4070 802 4138 Quos
829 4089 950 4128 cum
993 4075 1242 4138 sciamus,
1286 4085 1379 4130 aut
1406 4084 1587 4145 turpes
1616 4077 1668 4132 in

113 4159 261 4225 iactis,
295 4171 389 4217 aut
431 4163 654 4231 injustos
683 4167 736 4219 in
759 4165 981 4234 judicio,
1020 4173 1198 4220 tamen
1227 4167 1353 4237 quia
1387 4175 1669 4237 potentum

114 4254 341 4310 amicitiis
369 4256 708 4325 copulantur,
740 4266 832 4311 aut
871 4260 970 4327 ipsi
1010 4267 1262 4328 potentes
1300 4267 1443 4324 sunt,
1487 4262 1585 4316 hos
1616 4261 1669 4314 in

115 4345 398 4399 sacerdotio
427 4361 822 4412 consecramus,
858 4349 954 4403 hos
983 4349 1172 4417 dignos
1192 4349 1483 4405 clamamus
1509 4357 1562 4404 et
1577 4351 1667 4418 ju-

1773 3168 1871 3214 est.
1903 3160 1943 3214 li
1973 3175 2101 3229 ergo
2129 3161 2221 3230 qui
2250 3161 2470 3216 irrident
2497 3163 2670 3231 legem
2700 3163 2796 3216 Dei
2825 3164 2995 3218 nostri
3029 3165 3111 3218 his
3139 3180 3234 3219 eos
3267 3180 3354 3220 sa-

1772 3251 2072 3307 crificamus
2120 3253 2212 3320 qui
2259 3261 2447 3308 nostro
2492 3254 2738 3323 exemplo
2783 3252 3117 3324 delinquunt.
3165 3253 3354 3310 Jacent

1772 3343 1916 3398 enim
1964 3350 2090 3397 ante
2137 3359 2234 3398 ora
2281 3358 2489 3407 eorum,
2538 3343 2605 3398 de
2633 3343 2761 3414 ipsis
2790 3344 3101 3412 loquuntur,
3131 3343 3198 3398 de
3227 3345 3356 3414 ipsis

1769 3434 1928 3500 risus,
1959 3434 2027 3489 de
2055 3435 2184 3503 ipsis
2207 3434 2383 3503 jocus,
2414 3434 2481 3489 de
2510 3435 2642 3504 ipsis
2669 3435 2956 3503 opprobria
2987 3436 3234 3489 universa
3263 3451 3352 3490 re-

1769 3526 2004 3596 periunt.
2033 3524 2126 3580 llle
2145 3525 2436 3581 monachus
2457 3526 2561 3579 hoc
2581 3524 2706 3593 egit.
2741 3525 2828 3578 ille
2853 3524 3079 3579 clericus
3112 3525 3233 3591 hoc,
3261 3525 3350 3579 illa

1769 3617 2191 3672 sanctimonialis
2218 3617 2354 3683 hoc;
2383 3616 2460 3671 sic
2488 3614 2804 3678 interficitur
2823 3622 2964 3669 terra
2988 3615 3350 3683 sanguinibus,

1771 3707 1825 3764 id
1853 3715 1954 3772 est,
1985 3716 2213 3763 terrena:
2262 3714 2471 3762 mentes
2513 3705 2904 3761 interficiuntur
2931 3706 3034 3760 hoc
3069 3705 3278 3771 ordine,
3305 3707 3352 3763 si

1771 3800 1861 3856 ille
1888 3801 1980 3871 qui
2007 3809 2226 3856 sanctus
2257 3808 2474 3856 vocatus
2501 3808 2556 3854 et
2577 3814 2788 3854 nonnus
2809 3796 2836 3836 δ
2867 3798 2946 3853 sic
2969 3797 3063 3851 ait.
3095 3796 3207 3866 Ego
3231 3798 3351 3867 quis

1772 3900 1863 3947 aut
1885 3899 2082 3962 quotus
2101 3907 2218 3947 sum
2241 3899 2299 3945 ut
2320 3907 2423 3946 non
2453 3891 2637 3960 agam?
2653 3887 2989 3954 Sicinﬁcitur
3006 3889 3138 3944 vitio
3165 3895 3350 3944 nostro

1772 3991 1914 4038 terra
1957 3983 2324 4051 sanguinibus,
2356 3989 2411 4036 et
2447 3981 2843 4037 contaminatur
2883 3981 2937 4034 in
2975 3980 3227 4050 operibus
3253 3997 3350 4036 no-

1770 4073 1914 4130 stris.
1948 4072 2082 4138 Quia
2122 4071 2449 4126 fornicamur
2478 4071 2530 4124 in
2559 4070 3023 4125 observationibus
3051 4070 3267 4134 nostris,
3301 4071 3350 4123 id

1771 4172 1872 4228 est,
1921 4163 1972 4218 in
2003 4162 2279 4232 proposito
2306 4167 2492 4214 sancto
2518 4160 2697 4229 positi,
2731 4168 2823 4212 aut
2849 4159 3032 4221 corde,
3067 4170 3160 4212 aut
3187 4174 3351 4227 opere

1769 4253 2116 4309 fornicamur.
2147 4251 2272 4306 Ideo
2312 4251 2556 4304 irascitur
2585 4250 2839 4304 Dominus
2885 4264 3047 4318 super
3092 4249 3351 4318 populum

1769 4361 1946 4408 suum,
1975 4352 2030 4399 et
2051 4342 2387 4397 abominatus
2410 4348 2492 4395 est
2517 4339 2880 4394 hzcreditatem
2905 4353 3077 4392 suam.
3100 4337 3226 4392 Ideo
3247 4345 3352 4390 tra-

115 4441 224 4496 stos,
245 4452 345 4505 per
370 4451 509 4506 quos
534 4439 916 4494 manducamus
956 4450 1289 4494 mortuorum
1318 4442 1594 4497 sacriﬁcia.
1629 4442 1670 4496 li
1698 4432 1744 4490 D
1771 4436 1903 4492 didit
1929 4451 2028 4490 nos
2055 4435 2109 4487 in
2139 4448 2300 4486 manu
2330 4431 2684 4494 inimicorum,
2721 4437 2775 4483 et
2804 4428 3146 4484 dominantur
3182 4428 3353 4481 nostri

116 4525 232 4577 enim
252 4528 346 4596 qui
376 4526 608 4581 offerunt
644 4529 754 4583 sive
783 4531 1054 4600 pecunias,
1087 4531 1196 4585 sive
1227 4548 1446 4586 munera
1487 4533 1670 4588 Eccle-

117 4611 207 4673 siis,
228 4623 280 4668 et
309 4616 510 4670 mortui
538 4625 662 4670 sunt
683 4618 733 4671 in
757 4621 992 4687 peccatis
1020 4620 1148 4682 suis,
1181 4629 1464 4689 propterea
1485 4623 1670 4690 utique

117 4699 344 4768 oderunt,
387 4714 446 4758 ut
483 4708 679 4760 nostris
718 4709 962 4776 precibus
1001 4710 1318 4762 reviviscant
1349 4728 1362 4762 :
1397 4726 1495 4764 nos
1536 4725 1668 4767 vero

118 4790 273 4857 pejora
299 4796 506 4850 scelera
529 4798 944 4860 committentes,
981 4799 1066 4852 illa
1096 4815 1214 4866 quae
1246 4799 1476 4855 offerunt
1504 4802 1670 4856 sacri-

117 4874 216 4932 ﬁcia
235 4886 430 4938 mortui
461 4886 810 4952 comedimus,
841 4887 913 4940 illi
944 4879 1122 4942 autem
1150 4890 1202 4942 in
1231 4905 1325 4944 sua
1347 4899 1521 4945 morte
1545 4906 1670 4961 per-

118 4965 306 5039 durant,
339 4976 465 5043 quia
501 4985 686 5031 nostro
711 4993 819 5032 non
845 4979 1240 5034 revocabuntur
1267 4981 1514 5049 exemplo
1547 4997 1562 5036 :
1593 4981 1672 5036 sic

119 5056 168 5111 ﬁt
201 5070 254 5116 ut
297 5065 570 5120 irritemus
607 5067 888 5121 Dominum
937 5069 988 5122 in
1036 5069 1117 5123 his
1144 5069 1330 5124 studiis
1369 5071 1583 5135 nostris,
1616 5079 1672 5126 et

119 5148 476 5220 multiplicatur
494 5170 654 5224 super
673 5172 773 5210 nos
793 5157 964 5210 ruina.
987 5157 1222 5213 Pereunt
1247 5160 1422 5222 urbes,
1441 5169 1671 5228 pereunt

121 5243 402 5312 provinciae,
445 5248 569 5316 quia
600 5257 827 5316 pereunt
855 5249 1169 5318 disciplinae.
1194 5248 1448 5320 Superest
1483 5261 1540 5306 ut
1567 5261 1673 5308 stet

123 5321 343 5398 Phinees,
387 5345 442 5390 et
477 5345 664 5392 exoret
707 5353 807 5408 pro
853 5339 1026 5406 nobis,
1067 5341 1118 5395 id
1159 5349 1260 5406 est,
1301 5349 1406 5396 stet
1443 5343 1670 5412 populus

183 5529 205 5558 "
231 5522 313 5581 Sic
336 5528 634 5606 Alegcn‘dum
682 5548 878 5587 censeo
910 5552 922 5586 :
957 5531 1305 5588 Comminanti
1343 5551 1436 5604 pro
1475 5535 1665 5606 iniquis

126 5596 457 5661 anoralibus
495 5602 667 5658 fartis.

1771 4526 1863 4596 qui
1892 4525 2123 4580 oderunt
2149 4539 2266 4578 nos.
2299 4521 2366 4575 Et
2408 4521 2667 4575 tribulant
2697 4535 2794 4574 nos
2836 4519 3033 4574 inimici
3077 4519 3266 4581 nostri,
3298 4528 3352 4572 et

1769 4616 2053 4670 humiliant
2077 4629 2177 4668 nos
2204 4613 2301 4668 sub
2336 4612 2560 4682 pedibus
2590 4611 2729 4676 suis;
2762 4626 2900 4679 saepe
2931 4609 3161 4664 diximus
3187 4627 3199 4662 :
3221 4607 3352 4662 Par-

1768 4722 1850 4772 ce,
1881 4706 2126 4770 Domine,
2150 4713 2204 4760 et
2231 4719 2373 4774 smpe
2402 4702 2647 4757 liberavit
2674 4716 2789 4755 nos.
2815 4700 2923 4754 Nos
2944 4707 3123 4753 autem
3154 4699 3351 4754 iterum

1769 4795 1977 4851 liberati
1997 4795 2294 4851 exarsimus
2322 4794 2375 4848 in
2404 4791 2816 4860 cogitationibus
2840 4789 3057 4844 nostris.
3084 4787 3226 4842 Nihil
3252 4804 3352 4841 no-

1775 4885 1857 4940 bis
1885 4893 2146 4955 superest,
2171 4884 2271 4939 nisi
2292 4892 2348 4938 ut
2367 4883 2434 4936 de
2463 4883 2564 4936 isto
2585 4895 2811 4949 corpore
2840 4895 3114 4934 exeamus.
3140 4879 3196 4934 Si
3217 4894 3351 4933 con-

1775 4975 2087 5046 tempsimus
2106 4991 2224 5044 qua:
2244 4973 2385 5042 passi
2400 4986 2601 5036 sumus,
2615 4985 2734 5038 qua:
2755 4969 2958 5038 passuri
2975 4984 3158 5023 sumus
3167 4976 3355 5024 conte-

1772 5069 2020 5124 mnimus.
2053 5067 2128 5121 lbi
2157 5067 2298 5120 enim
2319 5064 2497 5134 passio
2521 5062 2678 5117 linem
2711 5077 2815 5114 non
2846 5061 3024 5122 habet,
3049 5060 3160 5130 jam
3183 5076 3250 5114 ex
3272 5061 3353 5113 in-

1771 5169 1924 5228 tegro
1949 5157 2322 5227 pmniteamus.
2364 5152 2499 5220 Quia
2549 5152 2685 5206 sicut
2729 5157 3133 5205 contemnentes
3162 5149 3350 5214 Deum,

1774 5251 1939 5306 Deum
1969 5248 2122 5302 nobis
2149 5245 2370 5301 fecimus
2397 5249 2866 5306 contemnentem;
2892 5242 2966 5294 ita
2988 5241 3111 5294 dum
3132 5239 3354 5308 pcenite.

1772 5358 1892 5397 mur
1916 5355 1983 5396 ex
2003 5339 2204 5398 animo,
2229 5336 2398 5390 Deum
2430 5335 2581 5390 nobis
2602 5332 2822 5388 fecimus
2845 5331 3211 5401 pmuitentem.
3244 5326 3354 5382 Nos

1848 5532 1874 5570 δ
1913 5532 2028 5586 Hoc
2068 5531 2231 5586 verbo
2272 5530 2544 5602 Egyptio,
2573 5530 2627 5583 ni
2666 5528 2839 5590 fallor,
2869 5541 2995 5581 usus
3040 5532 3121 5578 est
3163 5521 3347 5578 Hiero-

1781 5619 1990 5675 nymus.
