3870 6182
571 245 670 297 an

1903 239 2172 298 ARNONI
2212 238 2514 300 JUNIORIS
3698 250 3781 303 tu

563 364 884 432 pmnitemur
911 363 1032 431 quia
1068 359 1516 428 contempsimus;
1548 358 1635 412 ille
1661 357 1950 428 pmnitetur
1977 371 2036 411 se
2060 356 2141 409 di-
2167 357 2214 413 Α
2242 359 2311 413 Et
2338 364 2500 416 [atati
2523 371 2641 416 sunt
2660 363 2778 433 quia
2805 361 3074 428 siluerunt,
3101 373 3151 416 et
3179 364 3394 418 deduxit
3422 382 3506 419 eos
3531 367 3584 420 in
3609 380 3781 437 portum

562 468 734 510 ctasse
759 455 1096 511 sententiam.
1118 452 1197 506 Tu
1217 452 1353 506 facta
1383 466 1633 518 renovas,
1667 450 1755 504 ille
1775 451 2130 512 sententiam;

562 558 616 602 tu
640 547 927 617 pmniteris,
947 555 1000 599 et
1021 545 1106 599 ille
1128 544 1418 613 pmnitetur
1430 541 1720 596 secundum
1741 539 2136 595 multitudinem

561 636 934 692 inisericordim
963 650 1100 698 sum;
1134 641 1187 688 et
1217 634 1409 688 tollens
1439 648 1468 686 a
1499 633 1651 686 nobis
1681 631 1835 692 iram,
1865 630 1957 683 dat
1986 628 2138 683 nobis

561 726 996 790 misericordiam,
1042 725 1094 777 in
1136 732 1425 792 conspectu
1462 723 1700 776 omnium
1746 721 1838 788 qui
1879 726 2139 788 ceperunt

561 833 676 870 nos.
702 816 1004 870 Clamemus
1025 829 1153 883 ergo
1183 815 1249 868 ad
1277 814 1609 868 Salvatorem
1639 829 1704 866 ex
1735 813 1932 873 animo,
1957 811 2140 865 dicen-

561 917 640 959 tes
672 926 682 959 :
710 906 894 959 Salvos
925 907 1008 974 fac
1039 921 1152 968 nos,
1181 905 1392 957 Domine
1423 901 1560 956 Deus
1587 913 1779 967 noster,
1806 909 1855 955 et
1884 916 2139 970 congrega

561 1015 653 1051 nos
692 997 753 1050 de
799 995 1092 1049 nationibus
1125 997 1238 1062 (νδ.
1273 994 1382 1063 cv),
1425 1002 1484 1047 ut
1527 993 1664 1046 ultra
1707 1008 1813 1046 non
1843 991 2138 1044 serviamus

563 1097 800 1157 peccato.
848 1087 954 1141 Nec
976 1102 1152 1140 mores
1178 1087 1345 1140 nostri
1369 1085 1566 1139 similes
1592 1085 1698 1138 sint
1718 1083 1986 1152 gentibus,
2013 1081 2138 1154 quia

562 1179 770 1232 etiamsi
810 1177 860 1231 in
890 1177 1136 1246 gentibus
1161 1176 1547 1245 dispergamur,
1570 1175 1708 1228 sicut
1736 1173 1918 1227 Daniel
1947 1180 2002 1226 et
2029 1180 2138 1225 tres

562 1270 730 1338 pueri,
765 1287 870 1323 non
901 1285 1083 1323 sumus
1128 1269 1268 1322 inter
1312 1275 1519 1336 gentes,
1551 1266 1597 1321 si
1632 1265 1710 1319 eis
1745 1265 1984 1318 moribus
2030 1277 2136 1316 non

562 1361 846 1415 miscemur
882 1377 894 1411 :
941 1360 1235 1427 quiuimmo
1263 1359 1554 1427 gloriamur
1575 1358 1629 1411 in
1658 1354 1812 1410 laude
1841 1353 1972 1422 ejus,
2015 1368 2136 1408 cum

559 1450 803 1504 videntes
852 1449 1096 1503 homines
1144 1464 1307 1518 Opera
1361 1455 1563 1513 nostra,
1606 1446 1900 1501 laudabunt
1945 1453 2000 1499 et
2038 1445 2135 1498 be-

560 1539 808 1593 nedicent
838 1539 1000 1593 Deum
1031 1539 1212 1603 Israel,
1244 1547 1299 1593 et
1327 1539 1469 1593 dicet
1497 1538 1672 1593 omnis
1699 1537 1930 1607 populus
1956 1553 1968 1586 :
1995 1533 2132 1599 Fiat,

561 1630 680 1696 liat;
714 1631 762 1684 id
794 1639 893 1696 est,
929 1632 1037 1695 tiat,
1085 1629 1195 1694 ﬁat,
1234 1645 1446 1700 semper
1475 1629 1584 1684 tale
1633 1644 1768 1697 opus
1815 1635 1898 1682 est
1943 1627 1995 1680 in
2024 1639 2133 1693 quo

2239 453 2515 506 voluntatis
2557 469 2750 506 eorum.
2784 451 3141 522 Canﬁteantur
3187 454 3412 509 Domino
3453 456 3782 515 misericordia

2238 544 2370 612 ejus,
2397 552 2446 596 et
2479 542 2738 596 mirabilia
2763 544 2874 608 ejus
2905 543 3028 612 ﬁliis
3048 544 3331 602 hominum.
3358 543 3426 598 Et
3447 545 3662 600 exultent
3687 566 3784 603 eum

2235 636 2289 688 in
2312 634 2542 687 Ecclesia
2565 633 2745 703 plebis,
2765 644 2814 687 et
2828 651 2883 687 in
2905 634 3149 687 cathedra
3169 637 3431 688 seniorum
3451 637 3652 691 laudent
3667 655 3780 692 eum.

2238 721 2420 776 Posuit
2458 724 2674 792 flumina
2711 727 2764 777 in
2805 724 3082 788 desertum,
3109 734 3159 778 et
3187 727 3356 780 exitus
3385 743 3627 798 aquarum
3651 731 3700 783 in
3723 734 3783 784 si-

2241 816 2346 869 tim.
2384 815 2594 868 Terram
2622 817 2943 886 fructiferam
2982 817 3034 868 in
3070 816 3408 885 salsuginem,
3441 834 3474 870 a
3509 819 3695 873 malitia
3719 824 3784 874 in-

2237 905 2578 958 habitantium
2599 908 2652 959 in
2673 923 2752 959 ea.
2779 907 2961 960 Posuit
2985 907 3237 961 desertum
3259 909 3311 960 in
3331 916 3518 978 stagna
3545 925 3782 980 aquarum,

2237 1003 2285 1048 et
2323 1004 2511 1050 terram
2542 997 2653 1050 sine
2696 1013 2829 1068 aqua
2872 997 2924 1050 in
2955 999 3122 1050 exitus
3147 1014 3415 1068 aquarum.
3449 997 3518 1050 Et
3553 1000 3784 1054 collocavit

2235 1086 2345 1138 illic
2369 1087 2668 1149 esurientes,
2699 1097 2748 1139 et
2775 1088 3145 1141 constituerunt
3173 1088 3430 1142 civitatem
3463 1088 3781 1144 habitationis.

2237 1173 2307 1227 Et
2333 1177 2710 1229 seminaverunt
2748 1193 2920 1247 agros,
2952 1186 2999 1230 et
3023 1178 3383 1246 plantaverunt
3422 1181 3613 1242 vineas,
3653 1192 3694 1234 et
3721 1184 3782 1250 fe-

2236 1273 2418 1317 cerunt
2447 1266 2667 1335 fructum
2707 1266 3013 1319 nativitatis.
3060 1265 3129 1320 Et
3171 1269 3432 1323 benedixit
3461 1272 3609 1328 eis,et
3635 1274 3782 1328 inulti-

2236 1356 2413 1426 plicati
2443 1366 2562 1409 sunt
2579 1355 2763 1418 nimis,
2787 1367 2836 1410 et
2851 1358 3085 1426 jumenta
3104 1375 3279 1413 eorum
3300 1377 3403 1414 non
3424 1363 3703 1415 minoravit.
3728 1362 3782 1415 Et

2236 1447 2384 1516 pauci
2415 1448 2540 1517 facti
2571 1457 2708 1512 sunt,
2732 1457 2781 1501 et
2809 1449 2980 1501 vexati
3005 1459 3124 1502 sunt
3149 1467 3181 1502 a
3211 1451 3542 1506 tribulatione
3561 1455 3782 1507 malorum

2235 1545 2284 1589 et
2310 1537 2504 1590 dolore.
2548 1535 2733 1606 Effusa
2760 1548 2837 1592 est
2872 1541 3128 1604 contentio
3156 1557 3313 1611 super
3347 1544 3618 1612 principes,
3647 1553 3690 1598 et
3713 1563 3782 1598 er-

2236 1644 2354 1680 rare
2374 1630 2494 1698 fecit
2514 1645 2601 1682 eos
2626 1631 2680 1682 in
2706 1630 2860 1693 invio,
2890 1640 2940 1682 et
2969 1647 3072 1684 non
3105 1631 3160 1684 in
3183 1633 3282 1685 via.
3308 1631 3378 1684 Et
3407 1635 3599 1703 adjuvit
3619 1653 3783 1704 paupe-

560 1721 908 1776 hcnedicatur
933 1722 1090 1784 Deus,
1127 1721 1218 1789 qui
1246 1727 1436 1788 regnat
1465 1720 1518 1772 in
1561 1718 1755 1773 saecula
1791 1715 2123 1771 saeculorum.
2167 1716 2206 1775 Β
2232 1734 2339 1771 rem
2366 1718 2430 1771 de
2456 1719 2648 1788 inopia,
2679 1727 2727 1772 et
2747 1721 2915 1789 posuit
2943 1721 3074 1773 sicut
3103 1739 3216 1775 oves
3247 1723 3500 1792 familias.
3553 1724 3782 1779 Videbunt

561 1812 748 1868 Amen.

1111 1873 1424 1935 PSALMUS
1461 1879 1592 1934 CVI.

1087 1969 1332 2033 Alleluia,
1374 1970 1606 2022 alleluia.

630 2083 958 2153 Conﬁtemini
1000 2082 1242 2145 Domino,
1285 2083 1525 2154 quoniam
1574 2080 1751 2144 bonus,
1799 2082 2041 2152 quoniam
2080 2081 2134 2133 in

557 2177 800 2230 swculum
839 2175 1190 2229 misericordia
1222 2177 1350 2245 ejus.
1386 2173 1575 2226 Dicant
1603 2190 1736 2226 nunc
1773 2174 1858 2244 qui
1888 2171 2136 2242 redempti

557 2276 679 2320 sunt
707 2284 736 2318 a
772 2266 1024 2329 Domino,
1056 2283 1178 2337 quos
1221 2265 1432 2319 redemit
1471 2265 1534 2318 de
1562 2281 1718 2318 manu
1745 2265 1960 2328 inimici,
1994 2272 2043 2318 et
2071 2265 2136 2318 de

555 2357 848 2427 regionibus
890 2359 1183 2428 aggregavit
1219 2373 1322 2410 eos.
1366 2357 1407 2408 Α
1449 2356 1574 2409 solis
1611 2364 1725 2409 ortu
1753 2364 1800 2408 et
1835 2371 2036 2421 occasu,
2068 2354 2134 2408 ab

556 2449 792 2519 aquilone
807 2458 854 2502 et
875 2448 1025 2500 mari.
1051 2447 1368 2500 Erraverunt
1393 2447 1446 2499 in
1467 2446 1760 2510 solitudine,
1784 2447 1838 2498 in
1861 2446 2130 2516 inaquoso,

555 2541 688 2592 riam
718 2540 932 2592 civitatis
962 2538 1240 2591 habitaculi
1268 2555 1370 2591 non
1398 2539 1716 2590 invenerunt.
1748 2535 2044 2590 Esurientes
2083 2547 2134 2589 et

554 2629 802 2693 sitientes,
828 2631 1004 2682 anima
1031 2645 1204 2682 eorum
1233 2629 1286 2681 in
1309 2629 1435 2697 ipsis
1463 2627 1670 2697 defecit.
1694 2625 1763 2679 Et
1784 2627 2132 2681 clamauerunt

553 2721 623 2773 ad
657 2720 938 2776 Dominum
975 2738 1090 2774 cum
1128 2719 1515 2784 tribularentur,
1556 2727 1603 2772 et
1642 2719 1704 2771 de
1743 2717 2131 2772 necessitatibus

555 2826 730 2866 eorum
767 2813 954 2880 eripuit
982 2827 1086 2864 eos.
1123 2809 1187 2862 Et
1217 2809 1430 2862 deduxit
1465 2826 1550 2862 eos
1591 2810 1646 2861 in
1677 2810 1810 2862 viam
1839 2815 2048 2870 rectam,
2076 2816 2132 2859 ut

555 2904 686 2955 irent
703 2903 754 2954 in
777 2903 1030 2954 civitatem
1047 2899 1400 2952 habitationis.
1420 2898 1774 2968 Conﬁteantur
1791 2895 2013 2950 Domino
2033 2897 2131 2949 mi-

554 2994 848 3047 sericordia:
876 2995 1006 3064 ejus,
1037 3000 1084 3046 et
1112 2991 1369 3045 mirabilia
1393 2992 1502 3061 ejus
1528 2991 1652 3060 ﬁliis
1678 2989 1960 3044 hominum.
1995 2987 2128 3051 Quia

2235 1810 2358 1861 recti
2379 1818 2429 1862 et
2449 1809 2773 1874 laetabuntur,
2792 1820 2840 1862 et
2854 1811 3020 1864 omnis
3040 1812 3282 1881 iniquitas
3303 1812 3614 1883 oppilabitos
3634 1831 3783 1868 suum

2237 1897 2363 1961 Quis
2385 1901 2590 1969 sapiens
2615 1909 2663 1953 et
2679 1899 2925 1954 custodiet
2945 1901 3072 1966 haec,
3088 1910 3136 1955 et
3155 1904 3405 1975 intelliget
3431 1906 3786 1960 misericordias

2235 1986 2446 2042 Domini
2464 1988 2489 2040 Ρ

2803 2077 3238 2119 COIIENTARIUI.

2305 2173 2542 2229 Tertium
2569 2173 2780 2228 alleluia
2809 2177 3018 2230 canitur
3046 2177 3097 2229 in
3127 2176 3334 2245 psalmo
3362 2177 3650 2232 centesimo
3675 2193 3784 2232 sex-

2235 2275 2311 2330 to,
2345 2267 2396 2319 in
2425 2280 2534 2334 quo
2564 2281 2691 2320 usus
2732 2274 2917 2320 noster
2955 2267 3296 2335 quotidianus
3336 2267 3614 2322 retexitur.
3645 2268 3782 2332 Audi,

2232 2357 2548 2420 Novatiane,
2605 2356 2730 2412 audi
2777 2356 2843 2412 de
2896 2357 3089 2428 quibus
3143 2357 3411 2426 loquitur:
3444 2359 3557 2412 vult
3582 2359 3713 2413 enim
3743 2363 3786 2412 in

2233 2448 2336 2502 isto
2390 2448 2596 2517 psalmo
2651 2461 2810 2515 agere
2873 2456 3060 2503 contra
3115 2456 3168 2503 te
3222 2449 3528 2518 specialiter
3581 2448 3787 2519 Spiritus

2231 2546 2466 2592 sanctus.
2493 2537 2572 2591 Tu
2600 2537 2740 2590 enim
2764 2536 2897 2592 dicis
2928 2555 2939 2589 :
2967 2537 3068 2602 Qui
3107 2536 3279 2591 adhuc
3305 2553 3413 2592 non
3443 2547 3568 2592 sunt
3595 2538 3786 2594 redem-

2231 2629 2330 2700 pti,
2371 2629 2469 2698 ipsi
2516 2635 2740 2697 possunt
2786 2628 2853 2682 ad
2893 2627 3272 2696 indulgentiam
3299 2643 3398 2698 per
3437 2629 3785 2698 paenitentiam

2231 2722 2531 2793 pervenire.
2562 2721 2672 2777 Nos
2698 2722 2922 2778 dicimus
2955 2741 2966 2774 :
3005 2722 3082 2776 llli
3110 2739 3208 2793 per
3235 2723 3393 2778 tidem
3422 2725 3594 2779 solam
3621 2725 3685 2779 ad
3718 2726 3785 2778 in-

2230 2813 2554 2881 dulgentiam
2594 2814 2878 2881 attingunt.
2911 2813 3000 2868 Isti
3043 2823 3220 2868 autem
3266 2816 3358 2884 qui
3389 2815 3502 2884 jam
3548 2815 3786 2886 redempti

2230 2911 2372 2967 sunt,
2399 2918 2504 2957 non
2533 2919 2628 2973 per
2648 2902 2806 2957 [idem
2833 2903 3022 2968 solam,
3044 2905 3166 2972 quia
3183 2904 3293 2972 jam
3321 2905 3680 2969 crediderunt,
3706 2906 3786 2960 sed

2229 3009 2328 3063 per
2347 2994 2712 3064 paenitentiam
2734 2995 3052 3063 perveniunt
3070 2993 3136 3046 ad
3155 2995 3577 3050 misericordiam
3598 2996 3786 3050 redem-

554 3087 782 3138 animam
810 3086 1016 3140 satiavit
1043 3086 1272 3149 inanem,
1298 3094 1345 3137 et
1375 3085 1604 3137 animam
1633 3083 1940 3136 esurientem
1966 3082 2130 3136 satia-
2154 3068 2198 3130 C
2229 3091 2416 3160 ptoris.
2437 3089 2672 3158 Denique
2701 3087 2822 3142 audi
2843 3088 2968 3158 quid
2995 3087 3165 3142 dicat:
3190 3087 3396 3152 Dicant,
3430 3088 3618 3157 inquit,
3649 3088 3683 3142 ii
3705 3089 3783 3158 qui

555 3179 619 3230 vit
650 3177 812 3230 bonis.
846 3177 1094 3231 Sedentes
1114 3179 1164 3230 in
1188 3175 1409 3230 tenebris
1438 3187 1486 3229 et
1512 3178 1566 3230 in
1588 3177 1765 3229 umbra
1792 3177 1989 3238 mortis,
2017 3176 2131 3227 vin-

553 3277 658 3320 ctos
691 3269 742 3320 in
775 3268 1102 3322 mendicitate
1127 3276 1176 3322 et
1205 3270 1364 3339 ferro.
1389 3265 1523 3330 Quia
1552 3266 1985 3320 exacerbaverunt
2018 3267 2121 3320 elo-

554 3362 670 3425 quia
705 3358 816 3422 Dei,
843 3369 890 3413 et
913 3361 1181 3413 consilium
1202 3360 1455 3412 Altissimi
1482 3359 1834 3412 irritaverant.
1861 3357 1931 3410 Et
1958 3359 2126 3411 humi-

552 3453 730 3504 liatum
751 3452 894 3504 estin
918 3451 1177 3504 laboribus
1199 3468 1287 3504 cor
1306 3468 1498 3515 eorum,
1525 3459 1574 3504 et
1602 3451 1852 3521 inﬁrmati
1872 3457 2012 3513 sunt,
2035 3465 2128 3502 nec

552 3546 646 3615 fuit
675 3547 758 3616 qui
787 3544 1072 3614 adjuvaret.
1109 3543 1178 3596 Et
1207 3547 1558 3598 clamaverunt
1599 3544 1667 3596 ad
1700 3543 1974 3597 Dominum
2012 3558 2128 3595 cum

552 3633 936 3695 tribularentur,
951 3643 999 3687 et
1015 3635 1076 3688 de
1098 3635 1481 3687 necessitatibus
1498 3647 1671 3686 earum
1692 3632 1922 3686 liberavit
1936 3649 2040 3686 eos.
2060 3631 2129 3685 Et

552 3723 730 3776 eduxit
776 3741 862 3776 eos
899 3724 960 3776 de
991 3723 1210 3776 tenebris
1236 3733 1282 3776 et
1305 3724 1482 3777 umbra
1505 3726 1706 3787 mortis,
1737 3731 1784 3776 et
1813 3723 2015 3776 vincula
2041 3739 2128 3776 eo-

552 3829 664 3865 rum
694 3814 928 3882 disrupit.
963 3813 1318 3883 Conﬁteantur
1347 3812 1569 3868 Domino
1598 3815 1965 3868 misericordia:
1993 3815 2124 3884 ejus,

553 3913 601 3955 et
630 3904 886 3955 mirabilia
923 3904 1032 3972 ejus
1054 3903 1180 3972 ﬁliis
1210 3904 1487 3958 hominum.
1523 3904 1657 3968 Quia
1686 3905 1922 3958 contrivit
1950 3914 2127 3976 portas

552 4010 733 4057 cereas,
772 4003 819 4046 et
848 4002 1008 4046 vectes
1029 3995 1225 4064 ferreos
1263 3997 1536 4066 confregit.
1565 3995 1804 4066 Suscepit
1830 4013 1916 4049 eos
1955 3997 2018 4049 de
2046 3998 2126 4050 via

551 4086 837 4154 iniquitatis
856 4101 1048 4148 eorum,
1063 4095 1269 4155 propter
1287 4087 1339 4139 in
1337 4086 1567 4156 justitias
1589 4088 1722 4140 enim
1742 4104 1860 4141 suas
1873 4087 2126 4141 humiliati

550 4191 572 4228 s
594 4184 686 4228 :nt.
705 4174 916 4228 Omnem
939 4193 1103 4229 escam
1135 4175 1428 4230 abominata
1449 4189 1524 4231 est
1548 4180 1721 4231 anima
1747 4195 1940 4244 eorum,
1963 4189 2012 4231 et
2031 4196 2124 4249 ap-

551 4269 1012 4338 propinquaverunt
1050 4285 1207 4340 usque
1233 4268 1302 4322 ad
1329 4279 1503 4339 portas
1531 4271 1726 4324 mortis.
1763 4269 1833 4325 Et
1869 4270 2124 4324 clamave-

550 4367 668 4410 runt
697 4357 764 4408 ad
792 4357 1069 4411 Dominum
1097 4374 1208 4412 cum
1233 4359 1613 4424 tribularentur,
1640 4371 1690 4414 et
1717 4361 1780 4414 de
1805 4363 2122 4414 necessitati-

551 4447 640 4502 bus
669 4465 843 4502 eorum
877 4448 1104 4502 liberavit
1133 4468 1236 4504 eos.
1265 4450 1410 4504 Misit
1438 4452 1641 4505 verbum
1670 4469 1815 4506 suum
1849 4464 1898 4506 et
1922 4455 2121 4507 sanavit

548 4557 652 4606 eos,
693 4550 740 4593 et
775 4543 961 4611 eripuit
988 4558 1074 4594 eos
1102 4542 1165 4595 de
1191 4544 1566 4598 interitionibus
1594 4561 1786 4598 eorum.
1819 4545 2120 4614 Con/itemt-

549 4640 630 4683 tur
661 4628 882 4682 Domino
920 4631 1284 4685 misericordiae
1319 4634 1450 4702 ejus,
1481 4644 1529 4686 et
1557 4633 1815 4689 mirabilia
1855 4637 1965 4706 ejus
1995 4638 2121 4706 ﬁliis

547 4721 826 4774 hominum.
860 4720 927 4774 Et
955 4723 1247 4792 sacriﬁcent
1283 4724 1594 4792 sacrificium
1623 4725 1811 4789 laudis,
1841 4735 1890 4779 et
1915 4744 2122 4779 annun-

549 4813 670 4864 tient
703 4830 856 4882 opera
884 4813 993 4883 ejus
1031 4815 1085 4866 in
1123 4815 1481 4868 exsultatione.
1519 4817 1616 4880 Qui
1645 4816 1952 4871 descendunt
1979 4835 2121 4872 mare

548 4903 598 4953 in
630 4903 857 4966 navibus,
891 4905 1137 4972 facientes
1166 4907 1511 4974 operationem
1539 4908 1590 4959 in
1621 4910 1764 4978 aquis
1789 4909 1978 4962 multis.
2008 4908 2117 4978 Ipsi

547 4992 780 5045 viderunt
808 5011 964 5062 opera
995 4995 1224 5060 Domini,
1256 5007 1306 5050 et
1335 4998 1592 5052 mirabilia
1620 5000 1730 5069 ejus
1758 5002 1812 5053 in
1837 5002 2112 5070 profundo.

549 5081 691 5134 Dixit
720 5092 769 5135 et
797 5087 933 5135 stetit
951 5088 1159 5155 spiritus
1188 5089 1441 5157 procella’,
1466 5099 1514 5142 et
1543 5091 1756 5143 exaltati
1792 5101 1909 5144 sunt
1935 5093 2118 5160 ﬂuctus

545 5171 674 5240 ejus.
709 5172 998 5226 Ascendunt
1035 5193 1189 5247 usque
1225 5180 1294 5230 ad
1332 5163 1503 5242 cazlos,
1541 5191 1590 5234 et
1628 5181 1937 5235 descendunt
1963 5200 2120 5253 usque

545 5263 616 5315 ad
644 5261 854 5334 abyssos
871 5281 887 5326 ;
919 5267 1093 5318 anima
1121 5285 1294 5320 eorum
1319 5271 1371 5322 in
1400 5272 1549 5324 malis
1577 5270 1880 5326 tabescebat.
1910 5273 2118 5326 Turbati

544 5366 662 5408 sunt
691 5366 738 5409 et
753 5358 874 5410 moti
895 5368 1012 5410 sunt
1037 5359 1169 5412 sicut
1191 5360 1377 5426 ebrius,
1401 5372 1449 5415 et
1477 5365 1644 5416 omnis
1663 5365 1918 5433 sapientia
1947 5381 2119 5418 eorunt

543 5447 787 5501 devorata
815 5457 910 5502 est.
940 5449 1008 5502 Et
1036 5451 1382 5505 clamauerunt
1411 5455 1478 5506 ad
1505 5453 1782 5508 Dominum
1811 5473 1925 5509 cum.
1959 5454 2119 5508 tribu-

543 5538 792 5599 tnrentur,
817 5549 866 5591 et
886 5538 948 5592 de
974 5540 1358 5596 necessitatibus
1387 5560 1558 5597 eorum
1587 5545 1763 5598 eduxit
1792 5562 1896 5598 eos.
1927 5544 1992 5597 Et
2021 5556 2121 5599 sta-

546 5628 637 5680 tuit
659 5629 931 5690 procellam
955 5632 1062 5700 ejus
1091 5632 1138 5684 in
1167 5649 1366 5697 auram,
1400 5643 1446 5687 et
1475 5634 1723 5688 siluerunt
1762 5636 1946 5703 fluctus
1987 5636 2115 5703 ejus.

2229 3181 2494 3250 redempti
2522 3189 2646 3235 sunt
2692 3195 2722 3233 a
2761 3179 3007 3243 Domino,
3037 3193 3172 3247 quos
3218 3178 3444 3233 redemit
3463 3179 3533 3234 de
3560 3180 3783 3233 manibus

2223 3271 2585 3334 inimicorum,
2628 3271 2811 3339 utique
2857 3285 2954 3338 per
2997 3269 3349 3338 baptismum.
3394 3269 3462 3322 de
3494 3268 3780 3339 regionibus

2229 3362 2570 3430 congregavit
2616 3376 2731 3422 eos,
2753 3361 2940 3431 utique
2984 3361 3049 3414 ad
3082 3358 3452 3420 ﬁdem,a.solis
3480 3369 3602 3414 ortu
3628 3369 3679 3415 et
3702 3374 3781 3414 oc-

2229 3467 2372 3517 casu,
2397 3452 2462 3504 ab
2483 3451 2733 3519 aquilone
2757 3459 2812 3504 et
2839 3451 2991 3504 mari.
3008 3449 3047 3503 li
3063 3459 3396 3513 erraverunt,
3414 3449 3466 3504 id
3486 3459 3590 3514 est,
3621 3466 3651 3504 a
3668 3449 3780 3504 recti

2229 3553 2416 3600 tenore
2444 3551 2800 3608 recesserunt,
2833 3543 2973 3612 passi
3003 3542 3294 3596 siccitatem
3318 3543 3370 3595 in
3396 3543 3502 3606 via,
3537 3542 3586 3596 id
3616 3551 3708 3603 est,
3738 3541 3779 3592 in

2226 3636 2442 3691 Christo
2471 3636 2822 3700 ambulantes,
2849 3635 2973 3703 quia
3003 3635 3117 3704 ipse
3145 3643 3227 3689 est
3253 3635 3357 3687 via.
3392 3633 3542 3688 Passi
3598 3635 3779 3688 siccita-

2227 3735 2390 3781 tatem
2415 3726 2696 3792 sermonis,
2720 3725 2845 3780 dum
2864 3726 3050 3779 'nullus
3061 3725 3238 3788 docet,
3263 3725 3442 3778 nullus
3465 3726 3777 3785 exhortatur,

2227 3827 2318 3873 aut
2367 3819 2540 3873 nullus
2586 3825 2669 3872 est
2695 3817 2846 3886 cujus
2874 3817 3122 3887 exemplo
3150 3815 3613 3886 perfunderentur.
3644 3814 3774 3869 Passi

2225 3911 2517 3965 siccitatem
2560 3915 2894 3971 erraverunt,
2925 3914 2981 3961 et
3024 3907 3293 3961 civitatem
3321 3906 3664 3960 habitationis
3688 3919 3776 3958 non

2226 4000 2572 4064 invenerunt;
2598 4014 2703 4053 non
2723 3998 3043 4053 invenerunt
3059 3995 3210 4065 cujus
3229 3997 3479 4066 exemplo
3495 3996 3778 4066 spiritaliter

2225 4090 2486 4152 viverent,
2516 4089 2609 4142 sed
2638 4088 2906 4142 desertum
2935 4086 3303 4156 hujusmundi
3331 4088 3476 4157 passi
3505 4087 3778 4141 esurientes

2224 4188 2279 4232 et
2307 4179 2550 4233 sitientes
2576 4178 2752 4232 anima
2801 4177 2854 4231 in
2884 4176 3012 4246 ipsis
3037 4175 3250 4232 deiecit.
3293 4176 3428 4242 Quia
3449 4177 3626 4230 cibum
3650 4174 3776 4229 verbi

2223 4267 2317 4322 Dei
2347 4276 2402 4322 et
2426 4267 2549 4322 boni
2579 4268 2809 4336 exempli
2837 4282 2944 4322 non
2974 4267 3176 4331 habuit,
3222 4275 3278 4320 et
3306 4267 3673 4321 clamaverunt
3721 4263 3777 4317 ad

2226 4358 2508 4414 Dominum
2535 4373 2657 4413 cum
2687 4359 3084 4423 tribularentur,
3114 4358 3164 4412 id
3187 4365 3289 4422 est,
3318 4357 3446 4411 dum
3467 4360 3775 4428 pmniteren-

2152 4431 2198 4490 ί)
2225 4457 2327 4514 tur,
2350 4456 2405 4503 et
2433 4447 2500 4502 de
2523 4449 2929 4503 necessitatibus
2949 4463 3136 4503 eorum
3156 4447 3400 4502 liberavit
3419 4461 3536 4501 eos.
3570 4445 3778 4501 Redusit

2221 4557 2316 4596 eos
2367 4543 2418 4595 in
2465 4543 2604 4596 viam
2642 4552 2862 4607 rectam,
2895 4558 2991 4612 per
3017 4543 3386 4611 paenitentiam
3413 4551 3542 4597 sunt
3563 4539 3776 4596 revocati

2220 4636 2285 4688 ad
2332 4634 2621 4698 Christum,
2653 4641 2709 4686 ut
2738 4648 2834 4702 per
2879 4633 3049 4700 ipsum
3073 4631 3387 4701 perveniant
3425 4630 3493 4684 ad
3522 4631 3773 4686 civitatein

2220 4724 2581 4786 habitationis,
2633 4732 2687 4777 et
2739 4723 2946 4792 possint
3000 4722 3145 4776 relici
3189 4721 3530 4775 sermonibus
3576 4717 3773 4773 sanctis.

2219 4813 2586 4869 Conﬁteantur
2613 4813 2841 4868 Domino
2864 4811 3241 4866 misericordiae
3267 4809 3403 4878 ejus,
3430 4819 3486 4864 et
3534 4806 3775 4862 mirabilia

2217 4905 2333 4974 ejus
2363 4905 2482 4959 liliis
2501 4904 2794 4958 hominum.
2828 4903 2961 4970 Quia
2990 4902 3203 4957 satiavit
3231 4901 3462 4954 animam
3511 4914 3630 4968 qua:
3657 4897 3776 4950 fame

2218 4997 2444 5066 peribat,
2496 5006 2550 5048 et
2595 4993 2828 5047 animam
2858 4994 3201 5047 esurientem.
3250 4990 3391 5056 Quid
3439 4985 3774 5044 esurientem?

2220 5087 2366 5140 Bona
2389 5087 2569 5155 utique
2597 5099 2714 5153 quae
2735 5099 2841 5137 non
2864 5083 3094 5137 habebat
3183 5079 3536 5134 esurientem.
3653 5077 3773 5139 Ergo

2219 5178 2477 5231 saturavit
2523 5177 2677 5230 bonis
2729 5175 3096 5243 poenitentem,
3141 5181 3196 5225 et
3249 5171 3528 5226 sedentem
3573 5184 3677 5222 non
3729 5164 3771 5217 in

2222 5269 2583 5322 schematibus
2621 5265 2822 5330 mundi,
2856 5281 2962 5318 non
2992 5266 3044 5318 iu
3073 5264 3286 5333 publico
3332 5263 3668 5330 gloriantem,
3694 5254 3770 5310 sed

2219 5359 2492 5413 sedentem
2525 5360 2574 5412 in
2600 5358 2831 5412 tenebris
2851 5365 2905 5411 et
2926 5357 2978 5410 in
3007 5355 3250 5419 vinculis,
3283 5354 3334 5408 in
3365 5353 3707 5407 mendicitate
3731 5356 3773 5400 et

2223 5454 2274 5506 ii
2305 5452 2464 5506 ferro.
2519 5450 2693 5514 Quare
2737 5452 2857 5513 hoc,
2901 5449 3146 5516 inquiunt
3172 5446 3352 5500 mundi
3382 5446 3642 5504 homines,
3665 5437 3771 5508 quiJ

2222 5543 2320 5597 sibi
2349 5544 2535 5598 volunt
2563 5543 2644 5597 isti
2675 5541 2907 5609 religiosi
2937 5539 3170 5608 plorare,
3211 5537 3399 5592 sedere
3448 5538 3500 5591 in
3549 5531 3768 5588 vinculis.

2223 5635 2409 5691 sedere
2441 5637 2491 5688 in
2523 5635 2791 5689 tenebris?
2816 5631 2912 5686 libi
2943 5641 3022 5685 est
3043 5630 3335 5700 scriptum?
3365 5627 3503 5682 Ecce
3531 5629 3612 5682 hic
3656 5622 3768 5678 scri-
