3870 6182
170 316 247 370 ικθ
1023 297 1490 363 connexum:
1530 304 1594 359 1N
1635 286 1698 356 'rs

1824 304 1964 356 uos.
2014 302 2196 355 rsar.
2242 264 2395 354 t‘.\'il.
3257 311 3352 366 (τί)

165 443 280 504 Pium
296 417 364 481 est
387 424 498 495 quia
522 423 665 477 illam
695 422 924 477 animam
954 424 1174 493 respicit
1192 422 1354 487 Deus,
1378 437 1496 491 qua:
1525 422 1673 475 sedet
1706 428 1747 480 Α
1782 429 1881 481 tur,
1913 429 1966 472 et
1987 420 2249 488 plorasset
2270 422 2742 486 amarissime,non
2763 424 2830 478 de
2852 424 2935 481 his
2955 429 3359 487 necessitatibus

166 528 206 579 in
229 519 423 578 tenebris
449 524 499 572 et
526 518 575 571 in
604 514 830 570 vinculis
860 531 957 585 pro
994 530 1060 569 eo
1090 514 1235 584 quod
1276 513 1679 569 exacerbaverit
1782 514 2069 578 evasisset;
2094 513 2241 567 llevit
2262 522 2467 581 ergo,et
2486 516 2671 569 statuit
2691 516 2739 570 ei
2762 518 3052 586 procellam
3079 521 3130 574 in
3154 537 3357 579 auram.

162 616 419 675 nontinum,
464 616 517 664 et
555 608 834 665 consilium
864 608 1118 662 Altissimi
1148 607 1428 677 spreverit.
1452 606 1551 672 Qui
1581 606 1680 658 ltu-
1783 602 1918 658 Audi
1951 603 2216 659 dicentem
2245 603 2568 659 Dominum:
2609 605 2778 670 Petra,
2830 610 2925 675 ait,
2954 614 3080 682 petit
3134 613 3361 671 Satanas

162 709 328 763 minam
350 704 393 758 in
419 702 598 756 labore
625 710 681 754 et
696 700 916 769 jejuniis
944 715 1037 754 cor
1065 715 1239 754 suum.
1273 698 1406 763 Quia
1439 711 1567 765 ergo
1586 710 1681 750 eor
1783 703 1839 747 ut
1864 695 2070 749 ventilet
2100 712 2188 750 vos
2208 698 2339 750 sicut
2361 698 2586 751 triticum
2612 701 2664 752 in
2690 716 2810 753 area
2832 718 2850 766 ;
2880 718 2973 773 ego
3002 716 3170 759 autem
3200 709 3363 762 inter—

158 797 397 857 oontritum
433 808 491 846 ac
529 792 863 846 humiliatum
904 791 1046 845 Deus
1100 805 1205 843 non
1254 788 1533 858 despiciet,
1558 786 1680 840 audi
1785 788 1914 840 cessi
1954 804 2047 856 pro
2077 796 2126 840 te
2174 787 2325 857 (Luc.
2356 791 2507 857 nn),
2540 790 2693 857 quasi
2731 792 2821 861 qui
2869 794 3027 857 dicat,
3060 796 3231 853 Statui
3271 801 3363 855 tibi

159 889 261 959 quid
274 886 525 955 sequitur:
556 881 957 944 Clamaverunt,
986 881 1178 951 inquit,
1212 895 1317 934 non
1343 893 1461 935 cum
1492 878 1680 947 epula-
1787 878 2075 946 procellam
2108 878 2157 931 in
2188 893 2337 941 aura,
2372 886 2426 933 et
2454 878 2554 933 feci
2584 888 2643 933 ut
2662 881 2853 937 sileant
2874 899 2905 937 a
2927 892 2981 938 te
3009 884 3202 942 ﬂuctus
3230 890 3362 960 ejus.

157 987 324 1039 nentur,
365 974 451 1029 sed
477 988 597 1030 cum
628 973 1032 1029 tﬁbnlarentur.
1082 971 1185 1040 Ipsi
1215 971 1359 1025 enim
1380 968 1480 1024 sibi
1512 968 1684 1036 impo-
1788 968 2021 1024 Laetatus
2042 979 2125 1025 est
2146 970 2353 1035 Petrus,
2377 972 2502 1039 quia
2531 973 2811 1039 siluerunt,
2843 981 2897 1029 et
2924 975 3144 1032 deduxit
3172 996 3292 1035 cum
3316 985 3366 1037 in
3440 1032 3443 1037 .

157 1077 263 1125 nunt
305 1065 645 1121 tribulationis
677 1063 882 1133 jugum,
934 1078 1002 1118 ne
1048 1062 1188 1118 forte
1233 1063 1360 1116 dum
1413 1060 1683 1130 prseterita
1787 1072 2002 1134 portum
2030 1064 2321 1118 voluntatis
2349 1079 2474 1129 sum,
2520 1065 2572 1119 in
2615 1065 2850 1121 Ecclesia
2894 1070 3010 1125 sine
3054 1071 3233 1137 dubio,
3279 1077 3367 1129 ubi

155 1162 267 1216 facta
285 1159 343 1214 ad
367 1156 741 1224 indulgentiam
771 1152 1053 1225 pervenire
1088 1153 1378 1223 postulant,
1413 1150 1687 1205 incurrant
1790 1156 2029 1210 exaltent
2057 1171 2179 1209 eum
2230 1156 2282 1208 in
2313 1154 2550 1210 Ecclesia
2589 1158 2804 1228 populi,
2840 1167 2895 1213 ει
2925 1160 2976 1217 in
3007 1163 3260 1218 eameam
3289 1180 3367 1220 se.

157 1250 408 1323 prasentia.
434 1247 607 1302 Laetus
634 1247 778 1301 enim
806 1246 1014 1301 animus
1041 1245 1194 1299 facile
1215 1245 1422 1314 lapsum
1443 1240 1684 1304 incurrit,
1790 1244 1999 1299 nierum
2031 1245 2250 1298 laudent
2278 1259 2422 1305 eum,
2450 1246 2573 1314 quia
2604 1248 2782 1316 posuit
2810 1249 3025 1305 llumina
3058 1253 3108 1306 in
3138 1254 3367 1311 deserto.

155 1342 275 1411 quod
294 1339 418 1393 tristi
446 1346 501 1392 et
520 1336 720 1391 afflicto
745 1336 963 1392 difﬁcile
986 1336 1185 1391 evenit.
1210 1333 1533 1388 Humili'etur
1560 1344 1688 1398 ergo
1792 1335 1965 1399 idest,
2000 1336 2051 1389 in
2072 1336 2287 1390 deserto
2308 1335 2467 1406 hujus
2485 1338 2662 1391 szcculi
2685 1341 3079 1409 perambulans,
3098 1360 3374 1418 quousque

156 1433 393 1495 inlabere.
420 1428 624 1498 ieiunio
651 1444 747 1483 cor
793 1435 1066 1489 nostrum;
1099 1441 1209 1480 non
1254 1436 1377 1479 eum
1419 1421 1691 1477 laetiﬁcent
1792 1425 2098 1495 perveniret
2126 1427 2192 1479 ad
2224 1425 2496 1491 Romam,’
2526 1429 2838 1496 praedicavit
2884 1422 3206 1501 baptismum
3252 1435 3373 1492 ’85"

157 1526 268 1584 vina,
310 1532 361 1576 et
401 1521 746 1577 ostendentes
792 1519 1156 1574 inﬁrmitatem
1196 1524 1435 1572 nostram
1480 1513 1690 1569 medico
1793 1516 2010 1582 Christi,
2042 1519 2094 1572 in
2124 1532 2230 1587 quo
2253 1520 2499 1575 universa
2529 1518 2744 1575 ﬂumina
2795 1524 3050 1579 benedicti
3094 1536 3178 1581 tur
3212 1544 3377 1598 usque,

153 1615 338 1679 ccelesti,
364 1613 655 1679 clamemus
679 1611 746 1665 ad
772 1626 915 1666 eum.
949 1610 1066 1680 ipse
1093 1609 1236 1664 enim
1265 1608 1460 1662 educet
1487 1620 1587 1659 nos
1624 1604 1692 1659 de
1795 1610 1954 1664 hodie
1984 1626 2011 1664 a
2044 1610 2221 1665 Petro.
2258 1611 2373 1680 Ipse
2419 1614 2601 1680 posuit
2629 1615 2802 1668 exitus
2832 1631 2859 1669 a
2886 1632 3088 1682 gnarum
3121 1620 3172 1673 in
3214 1621 3374 1685 sitim,

154 1706 352 1759 tenebris
391 1712 444 1759 et
471 1705 542 1758 de
586 1704 772 1758 umbra
794 1702 1002 1757 mortis.
1036 1700 1102 1754 Et
1126 1698 1338 1754 vincula
1367 1707 1551 1753 nostra
1582 1697 1691 1750 dis-
1800 1701 1871 1754 ita
1904 1709 1960 1755 ut
1998 1703 2087 1770 qui
2118 1703 2308 1755 exierit
2333 1703 2561 1758 foras'ab
2591 1703 2828 1760 Ecclesia
2861 1706 3026 1769 Petri,
3052 1711 3138 1765 siti
3174 1722 3381 1781 pereat.

148 1803 346 1864 rumpet,
392 1795 463 1847 ita
503 1801 565 1847 ut
591 1793 945 1847 contueantur
971 1792 1021 1846 ei
1040 1791 1167 1860 quia
1195 1789 1511 1844 contriverit
1538 1788 1694 1842 nobis
1727 1798 1769 1856 Β
1797 1789 1980 1845 Posuit
2007 1800 2203 1845 terram
2219 1790 2543 1846 fructiferam
2569 1795 2618 1848 in
2637 1796 3144 1864 Salsuginem.Sicut
3173 1802 3387 1872 salsugs

151 1894 496 1953 portam-eas.
523 1882 863 1938 Permittamus
882 1890 1007 1936 sunt
1032 1879 1449 1936 consuetudines
1469 1878 1696 1939 vitiosae.
1805 1893 2002 1937 terram
2057 1898 2086 1936 a
2133 1882 2306 1936 fructu
2352 1893 2593 1947 revocat,
2641 1887 2710 1940 ita
2742 1888 2916 1943 littera
2944 1892 3127 1946 mundi
3156 1908 3186 1946 a
3215 1893 3388 1948 fruct"

146 1997 241 2049 quae
288 1982 361 2035 sic
405 1980 665 2035 claudunt
688 1992 807 2041 nos,
840 1985 900 2031 ut
937 1976 1326 2047 propemodum
1354 1975 1515 2028 etiam
1555 1972 1702 2025 arhi—
1803 1974 2030 2045 Spiritali
2058 1982 2279 2029 revocat
2306 1986 2532 2031 mentes.
2559 1976 2665 2031 Sed
2696 1993 2793 2047 per
2814 1978 3026 2035 Petrum
3051 1984 3102 2038 in
3124 1984 3386 2053 salsugine

148 2074 281 2124 trium
326 2079 523 2125 nostra:
570 2069 834 2123 libertatis
865 2067 1156 2123 includam.
1191 2065 1433 2134 Namque
1454 2064 1547 2132 qui
1575 2078 1705 2117 con~
1805 2067 2103 2122 litterarum
2121 2067 2350 2137 positam
2374 2066 2620 2135 Romam,
2650 2069 2773 2125 fecit
2789 2087 2905 2125 eam
2928 2071 3155 2128 fructum
3177 2074 3386 2130 allerre.

142 2164 382 2217 suevimus
409 2162 564 2215 verbi
592 2175 752 2215 causa
796 2159 1000 2229 iurare,
1054 2157 1237 2226 iurare
1278 2155 1387 2224 jam
1432 2154 1700 2215 nolumus,
1808 2156 1959 2212 Unde
1975 2166 2153 2212 autem
2190 2159 2301 2227 ipsa
2325 2167 2469 2212 terra
2500 2160 2824 2228 salsuginem
2846 2163 3068 2218 haberet
3091 2169 3386 2234 exiressit:

142 2254 220 2308 sed
244 2253 386 2321 quasi
407 2260 568 2322 porta
589 2252 769 2305 clausa
794 2251 953 2319 hujus
989 2242 1410 2311 consuetudinis,
1434 2244 1704 2300 volentem
1807 2250 1850 2302 A
1880 2250 2102 2315 malitia,
2156 2251 2344 2319 inquit,
2377 2251 2654 2305 hominum
2686 2253 3099 2310 inhabitantium
3130 2257 3184 2311 in
3215 2273 3297 2312 ea,
3326 2259 3389 2312 Et

138 2344 297 2409 egredi
320 2359 421 2396 non
453 2343 602 2395 sinit.
629 2340 720 2396 Sic
747 2341 889 2394 enim
917 2337 972 2392 lit
995 2345 1050 2392 ut
1079 2339 1242 2392 etiam
1287 2350 1393 2390 non
1424 2335 1612 2390 volens
1639 2349 1707 2388 ex
1809 2341 2004 2410 adjecit
2037 2361 2049 2395 ε
2082 2341 2284 2404 Posuit,
2310 2344 2501 2413 inquit,
2530 2344 2802 2400 desertum
2832 2348 2898 2401 ab
2928 2349 3099 2417 aquis,
3126 2364 3244 2419 qua;
3268 2368 3391 2422 pec-

139 2449 219 2488 ore
241 2450 354 2488 meo
382 2433 660 2503 proferam
696 2433 1081 2501 juramentnm.
1130 2430 1220 2484 Sic
1249 2437 1305 2483 et
1331 2428 1398 2483 de
1444 2426 1709 2481 universis
1809 2442 1930 2489 cata
1982 2434 2178 2489 lavant,
2234 2433 2419 2489 PosuEt
2448 2436 2518 2490 in
2569 2444 2757 2505 stagna
2812 2441 3392 2506 aquai-“mmmam,”

137 2525 263 2578 vitiis
287 2525 488 2580 dictum
522 2535 675 2595 puta.
708 2522 841 2589 Quia
866 2524 917 2577 in
943 2524 1070 2593 ipsis
1099 2522 1258 2596 vitiis,
1289 2520 1438 2575 velut
1460 2518 1512 2573 in
1539 2517 1710 2590 portis
1812 2540 1961 2594 aqum
2006 2525 2363 2595 baptismatis,
2404 2534 2698 2597 martyrum
2740 2530 3068 2597 poenitentia;
3097 2532 3394 2606 eieemosy.

137 2618 271 2671 meis
311 2617 683 2686 impingimvss
730 2616 995 2683 fugientes
1040 2623 1094 2668 θῐ
1121 2613 1364 2669 νοιθηῑθε
1391 2611 1573 2680 egredi
1600 2626 1708 2665 non
1812 2632 1999 2671 narum
2023 2617 2298 2671 abundant
2319 2617 2369 2671 in
2400 2617 2616 2673 deserto
2640 2618 2764 2683 isto,
2788 2619 2929 2687 quod
2960 2629 3086 2676 ante
3111 2622 3253 2678 Petri
3302 2626 3395 2679 azi-

134 2712 371 2766 valemus.
405 2712 476 2765 At
504 2711 603 2765 ubi
634 2710 952 2764 tribulantes
998 2707 1409 2762 clamaverimus
1446 2704 1513 2759 ad
1557 2703 1712 2758 Chri-
1813 2717 2030 2763 ventum
2050 2709 2249 2763 siccum
2274 2707 2370 2763 fuit
2390 2717 2444 2762 et
2464 2710 2819 2777 aridum;hoc
2845 2726 2983 2767 nunc
3005 2714 3271 2770 excultum
3294 2727 3395 2781 est,

133 2811 271 2869 stum,
302 2804 611 2873 confringet
640 2812 823 2873 portas
843 2816 1028 2865 aereas,
1061 2807 1114 2855 et
1138 2807 1317 2855 vectes
1336 2797 1542 2852 ferreos
1562 2811 1712 2851 com-
1813 2816 1933 2855 cum
1962 2800 2381 2854 constitueretur
2421 2799 2473 2852 in
2514 2814 2580 2854 eo
2635 2800 2825 2855 civitas
2864 2799 3136 2867 Ecclesiae,
3191 2805 3244 2860 in
3292 2821 3394 2875 qua

136 2895 336 2950 minuet.
372 2895 582 2951 Vectes
609 2895 751 2949 enim
790 2892 952 2947 ferrei
992 2891 1249 2946 immundi
1302 2890 1522 2960 spiritus
1567 2897 1708 2951 sunt,
1814 2892 2053 2961 quotidie
2072 2892 2404 2946 seminantur
2431 2891 2563 2959 agri,
2596 2898 2651 2946 et
2672 2892 2987 2961 plantantur
3012 2895 3198 2962 vineae,
3229 2904 3286 2951 nt
3310 2897 3395 2951 lia!

131 2985 208 3052 qui
251 2994 434 3055 portas
465 2986 632 3040 nobis
674 2985 849 3053 impirc
878 2982 1282 3038 consuetudinis
1309 2980 1584 3037 claudunt.
1616 2978 1713 3032 llic
1816 2981 2017 3038 fructus
2048 2981 2359 3046 nativitatis,
2392 2996 2529 3049 quos
2557 2982 2835 3037 benedixit
2880 2983 3039 3050 Deus,
3073 2994 3128 3041 et
3174 2987 3299 3042 fecit
3346 3007 3355 3039 t
3382 3000 3397 3042 t

127 3073 166 3128 si
188 3090 297 3131 sese
340 3076 674 3130 subduxerit
717 3074 997 3140 Dominus,
1031 3074 1252 3128 libertas
1279 3072 1394 3142 ipsa
1422 3072 1590 3125 nostri
1623 3086 1711 3123 ar-
1816 3075 2255 3146 multiplicentur.
2288 3072 2394 3127 Sed
2434 3081 2556 3143 post
2586 3074 2698 3129 haec
2727 3077 3030 3145 persecutio
3060 3076 3197 3133 facta
3221 3087 3321 3145 est,
3346 3092 3399 3134 et

128 3163 249 3218 bitrii
295 3166 607 3219 evanescit.
664 3164 768 3218 Sed
798 3180 903 3217 non
944 3178 1003 3216 se
1022 3162 1277 3216 subducit
1304 3161 1580 3224 Dominus,
1609 3161 1709 3213 nisi
1736 3171 1780 3231 ς
1813 3165 1968 3234 pauci
2001 3163 2124 3218 facti
2153 3171 2293 3218 sunt.
2349 3161 2502 3217 Multi
2544 3164 2679 3216 enim
2724 3166 2909 3230 vocati,
2934 3169 3086 3236 pauci
3117 3184 3232 3222 vero
3255 3170 3399 3224 electi

129 3256 168 3309 in
188 3258 373 3326 spiritu
423 3256 535 3311 trib
554 3256 717 3310 ulanti
762 3266 786 3293 η
817 3272 937 3311 cum
968 3255 1216 3325 lacrymis
1244 3261 1514 3308 exoretur.
1541 3252 1716 3305 Mittet
1818 3256 1995 3327 (Matt.
2030 3255 2142 3326 xx).
2174 3254 2337 3309 Pauci
2367 3270 2493 3308 vero
2523 3253 2591 3307 ad
2617 3256 2858 3326 martyrii
2880 3256 3111 3325 palmam
3139 3260 3401 3328 attinget-:-

125 3345 249 3398 enim
288 3348 522 3401 verbum
579 3360 761 3406 svum,
790 3346 930 3400 sicut
973 3345 1117 3399 misit
1163 3352 1287 3398 ante
1317 3343 1507 3397 Filium
1535 3358 1708 3396 suum.
1817 3354 2157 3411 meruerunt,
2194 3344 2402 3415 quando
2431 3343 2595 3398 effusa
2640 3353 2721 3400 est
2763 3347 3037 3401 contentio
3058 3363 3221 3418 super
3247 3352 3398 3419 ριεῑρι-

127 3433 271 3490 ilittit
291 3452 416 3493 eum
449 3446 510 3493 et
533 3445 697 3493 sanat
717 3454 833 3501 nos,
859 3446 915 3492 et
942 3438 1078 3492 sicut
1102 3435 1327 3491 redemit
1348 3451 1445 3490 nos
1465 3436 1531 3489 de
1555 3451 1714 3488 manu
1816 3438 1961 3506 cipes
1981 3435 2195 3504 mundi;
2233 3446 2359 3490 tunc
2388 3434 2716 3489 seditxerunt
2736 3451 2831 3491 eos
2859 3438 2911 3491 in
2937 3438 3099 3501 invio,
3134 3447 3189 3493 et
3216 3457 3322 3495 non
3348 3444 3398 3495 in

128 3526 331 3595 inimici,
360 3531 438 3584 ita
473 3545 628 3585 nunc
671 3531 830 3600 eripit
870 3545 968 3583 nos
990 3529 1057 3587 de
1086 3529 1305 3582 interitu
1335 3529 1540 3581 nostro.
1573 3525 1714 3580 Con-
1816 3528 1922 3593 via,
1956 3527 2008 3583 id
2035 3534 2136 3592 est,
2163 3526 2215 3581 in
2245 3526 2400 3581 idolis
2428 3530 2482 3580 et
2513 3540 2619 3581 non
2667 3526 2722 3581 in
2764 3525 2996 3593 Christo,
3046 3530 3138 3599 qui
3165 3531 3251 3585 via
3296 3545 3394 3586 eat.

128 3614 365 3675 liteantur
392 3635 533 3690 ergo
564 3621 800 3675 Domino
826 3620 1105 3691 pluraliter
1156 3618 1538 3673 misericordia:
1577 3617 1711 3685 ejus,
1817 3619 1923 3674 Sed
1952 3618 2223 3688 adjuvavit
2246 3615 2504 3672 Dominae
2531 3632 2823 3686 pauperem
2844 3618 2910 3671 de
2958 3619 3322 3687 mendicitate,
3348 3634 3403 3676 et

122 3714 167 3758 et
192 3711 459 3766 mirabilia
484 3710 613 3779 ejus
632 3708 1061 3772 ﬁliishomittum,
1095 3716 1153 3763 ut
1182 3707 1488 3763 sacriﬁcent
1514 3706 1716 3763 sacriil-
1820 3710 2077 3781 respexit,
2109 3708 2234 3778 quia
2283 3708 2611 3762 tentationcs
2640 3705 2778 3763 ferre
2824 3708 3051 3779 papulus
3092 3710 3317 3767 credens
3355 3715 3403 3766 ei

122 3797 246 3852 cium
260 3801 455 3856 laudis.
473 3801 613 3856 ideo
631 3801 1121 3870 annuntientopera
1141 3798 1318 3867 ejusin
1335 3800 1711 3857 exsultatione.
1820 3803 2039 3856 omnino
2061 3817 2167 3856 non
2198 3807 2428 3870 poterat.
2463 3798 2747 3867 Adjuvavit
2786 3814 2908 3855 eum
2939 3801 3005 3855 de
3044 3803 3403 3859 mendacitate

118 3896 164 3939 et
180 3906 278 3945 non
294 3892 349 3945 in
370 3892 762 3946 tribulatione.
801 3890 858 3953 li,
880 3890 1068 3957 inquit,
1098 3891 1189 3958 qui
1212 3890 1540 3945 descendunt
1570 3904 1718 3943 mare
1821 3894 2034 3957 virium,
2067 3901 2123 3947 et
2158 3893 2337 3963 posuit
2380 3891 2517 3946 sicut
2565 3904 2693 3946 oves
2738 3890 2968 3947 familias
3008 3892 3060 3946 in
3102 3894 3406 3950 universam

121 3980 164 4032 in
190 3985 434 4039 navibus.
457 3984 622 4039 Mare
638 3982 1291 4045 descenduntiunavibus,
1322 3982 1413 4051 qui
1436 3983 1487 4036 in
1501 3996 1722 4036 conver-
1822 3987 2011 4040 faciem
2062 3994 2236 4049 terrae,
2267 3992 2510 4039 statuens
2538 3984 2617 4038 eis
2643 3988 2889 4053 paStores
2918 3991 2973 4038 et
3000 4000 3246 4055 pascuus,
3287 4002 3407 4056 qum

115 4077 531 4134 sationesancta
568 4080 626 4133 in
646 4078 749 4131 isto
769 4076 965 4131 mundo
992 4074 1331 4145 deguutﬂpsi
1361 4076 1501 4129 enim
1519 4074 1721 4129 faciunt
1823 4075 2064 4130 videntes
2092 4074 2224 4128 recti
2247 4074 2587 4127 laetabuntur.
2619 4072 2736 4129 Non
2784 4074 2918 4130 recti
2948 4090 3078 4129 vero
3105 4091 3408 4131 murmura-

119 4171 486 4234 opcrationem
504 4172 563 4224 in
585 4168 950 4237 aquismultis,
972 4168 1022 4222 id
1038 4177 1137 4230 est,
1156 4166 1388 4222 etverbo
1403 4173 1458 4221 et
1471 4167 1719 4236 exemplo
1823 4165 1974 4229 bunt,
2006 4168 2099 4218 sed
2129 4164 2379 4233 iniquitas
2400 4164 2574 4220 omnis
2594 4163 2850 4220 adversus
2878 4162 3172 4220 Ecclesium
3212 4165 3326 4231 Dei,
3353 4177 3409 4223 et

115 4271 221 4322 suo,
251 4275 447 4315 eorum
480 4262 586 4330 qui
619 4275 716 4315 eos
737 4268 827 4314 aut
847 4261 1087 4324 audiunt,
1114 4267 1205 4314 aut
1225 4259 1721 4330 imitantur,opera-
1825 4255 2079 4310 adversus
2105 4269 2232 4309 oves
2260 4261 2314 4308 et
2336 4253 2706 4324 pastoresjam
2729 4255 2996 4310 obstruxit
3022 4268 3084 4310 os
3102 4271 3276 4311 suum.
3305 4255 3405 4324 Qui

120 4348 303 4405 tionem
359 4354 416 4407 in
445 4354 621 4423 aquis
652 4352 832 4406 multis
862 4351 1036 4407 facere
1057 4350 1378 4407 referuntur.
1412 4351 1514 4421 Ipsi
1541 4350 1723 4405 vident
1825 4349 2038 4418 sapiens
2082 4354 2165 4403 est
2208 4346 2455 4414 intelligit
2481 4346 2612 4413 haec,
2657 4355 2713 4402 et
2748 4364 2869 4403 cum
2897 4348 3242 4414 intellexerit,
3275 4351 3410 4405 nihil

114 4452 262 4508 opera
312 4442 564 4498 Domini
624 4440 893 4511 quotidie,
946 4442 1011 4496 ad
1057 4442 1160 4497 hoc
1199 4442 1391 4497 vacant
1421 4450 1479 4496 ut
1507 4442 1723 4496 videant
1828 4440 1968 4494 aliud
1990 4438 2254 4507 intelligit,
2277 4436 2376 4492 nisi
2401 4436 2822 4493 misericordiam
2849 4436 3081 4503 Domini,
3109 4438 3197 4507 qui
3221 4449 3409 4509 regnat

115 4542 263 4599 opera
310 4532 573 4599 Domini,
623 4522 743 4602 qua:
773 4533 871 4587 iste
900 4533 1130 4587 mundus
1151 4534 1227 4588 sic
1247 4533 1372 4587 dum
1401 4530 1594 4587 fruitur
1612 4548 1720 4587 non
1755 4530 1803 4588 D
1829 4533 1879 4584 in
1910 4531 2101 4585 saecula
2130 4529 2468 4586 sasculornm.
2502 4527 2693 4582 Amen.

113 4622 260 4676 videt.
298 4625 337 4678 li
371 4636 577 4679 autem
610 4639 716 4677 non
744 4623 916 4676 solum
948 4638 1109 4691 opera
1140 4622 1350 4676 Domini
1397 4622 1599 4688 vident,
1629 4624 1722 4677 sed
2373 4617 2689 4675 PSALMUS
2725 4618 2877 4674 CVII.

114 4714 372 4771 mirabilia
432 4721 569 4787 ejus
605 4718 660 4771 in
688 4716 952 4787 profundo
981 4716 1341 4770 considerant.
1374 4712 1571 4769 Verum
1602 4716 1725 4784 quia
2197 4711 2472 4767 Canticum
2504 4712 2694 4781 psalmi
2724 4711 2822 4780 ipsi
2854 4710 3037 4765 David.

107 4807 271 4861 nullus
286 4807 489 4876 justus
523 4809 659 4862 sine
690 4807 984 4860 tentatione
1009 4805 1233 4868 transiit,
1260 4805 1383 4861 audi
1412 4806 1540 4874 quid
1560 4806 1626 4860 de
1648 4807 1729 4861 eis
1902 4806 2153 4861 Paratum
2195 4822 2284 4860 cor
2335 4821 2521 4869 meum,
2554 4795 2713 4868 Deus,
2762 4812 2998 4875 paratum
3036 4820 3126 4859 cor
3144 4820 3330 4873 meum,
3362 4804 3411 4861 et

109 4895 309 4953 dicatur
336 4917 349 4951 :
416 4896 774 4962 Ascendunt,
826 4897 1014 4966 inquit,
1066 4912 1234 4966 usque
1283 4897 1351 4952 ad
1379 4898 1563 4953 caelos.
1592 4897 1729 4965 Quid
1832 4898 2048 4954 cantabo
2096 4909 2145 4953 et
2172 4898 2391 4970 psallam
2429 4899 2483 4950 in
2506 4896 2671 4968 gloria
2696 4911 2828 4949 mea.
2854 4893 3089 4966 Exsurge
3115 4896 3412 4967 psalterium

104 4998 191 5052 est,
219 4991 596 5049 ascendunt?
622 4988 778 5047 Disce
809 4992 860 5044 in
893 4989 1073 5053 Petro,
1106 4988 1166 5044 ιιί
1193 4991 1334 5060 quod
1365 4991 1415 5045 in
1440 4992 1554 5061 ipso
1579 4993 1728 5047 inve-
1834 5001 1882 5043 et
1911 4991 2131 5056 cithara,
2162 5005 2432 5061 exsurgant
2462 4988 2704 5042 diluculo.
2738 4984 3033 5057 Conﬁtebor
3062 4986 3151 5042 tibi
3175 4990 3230 5043 in
3259 5006 3415 5061 popu-

103 5081 256 5151 neris,
300 5084 356 5137 in
391 5084 678 5139 omnibus
705 5097 921 5159 cernas.
952 5082 1203 5138 Ascendit
1241 5080 1428 5137 Petrus
1458 5099 1625 5153 usque
1664 5082 1731 5137 ad
1834 5084 1918 5149 lis,
1946 5082 2179 5146 Domine,
2211 5093 2260 5135 et
2280 5081 2498 5152 psallam
2520 5079 2609 5134 tibi
2638 5074 2693 5134 in
2712 5080 3024 5135 nationibus.
3036 5078 3196 5147 ,Quia
3225 5098 3414 5155 magna

98 5173 280 5241 ccelos,
316 5175 531 5231 dicens
561 5172 800 5230 Domino
834 5192 846 5227 :
879 5173 1055 5229 Etiam
1096 5177 1140 5228 si
1167 5174 1448 5245 oportuerit
1467 5192 1548 5228 me
1568 5182 1730 5227 tecum
1834 5184 1908 5227 est
1938 5190 2089 5244 super
2109 5174 2258 5228 rmlos
2287 5171 2637 5226 misericordia
2677 5178 2782 5240 tua,
2805 5180 2854 5225 et
2880 5188 3036 5245 usque
3064 5172 3134 5226 ad
3154 5173 3310 5227 nubes
3330 5188 3414 5226 ve-

102 5266 244 5328 mori,
279 5284 393 5320 non
424 5276 484 5320 te
518 5264 736 5335 negabo
768 5264 847 5336 (Μ
852 5273 943 5317 att.
972 5267 1137 5335 xxvn).
1171 5263 1455 5320 Descendit
1477 5280 1643 5334 usque
1665 5265 1732 5319 ad
1838 5268 1966 5319 ritas
1991 5275 2096 5318 tua.
2127 5264 2376 5319 Emltare
2394 5278 2546 5331 super
2566 5263 2737 5327 ctelos,
2759 5261 2920 5328 Deus,
2953 5273 3000 5316 et
3039 5279 3191 5333 super
3216 5279 3414 5317 omnem

98 5352 342 5426 abyssos,
378 5375 522 5415 cum
560 5350 751 5425 negat.
780 5354 906 5411 Post
932 5357 1047 5411 hmo
1078 5357 1147 5410 ita
1179 5357 1419 5410 turbatus
1441 5364 1521 5410 est
1552 5365 1605 5411 et
1624 5372 1733 5410 mo-
1839 5342 2029 5410 terram
2059 5358 2224 5427 gloria
2256 5365 2375 5421 tua;
2426 5353 2703 5410 liberentur
2750 5355 2920 5409 dilecti
2950 5357 3041 5409 tui.
3096 5352 3308 5409 Salvum
3332 5354 3416 5424 fac

101 5450 181 5497 tus
219 5449 368 5504 sicut
412 5449 652 5503 ebrius.
684 5445 749 5500 Et
778 5448 952 5501 omnis
999 5447 1260 5517 sapientia
1288 5447 1404 5518 ejus
1434 5448 1503 5501 ita
1545 5447 1732 5515 deglu-
1840 5449 2049 5503 dextera
2073 5458 2173 5511 tua,
2200 5454 2246 5499 et
2273 5446 2462 5500 exaudi
2500 5462 2612 5510 me;
2643 5444 2782 5499 Deus
2811 5446 3007 5499 locutus
3037 5453 3113 5498 est
3149 5444 3199 5496 in
3239 5452 3416 5496 sancto

98 5535 183 5591 lita
212 5548 301 5595 est
333 5549 420 5605 ut,
452 5540 575 5596 nisi
602 5538 894 5594 clamasset
923 5540 986 5593 ad
1010 5539 1291 5595 Dominum
1314 5556 1433 5594 cum
1457 5540 1734 5595 tribulare-
1837 5558 1948 5595 suo.
1984 5540 2267 5593 Easultal‘o
2290 5549 2338 5592 el
2367 5538 2594 5592 dividam
2622 5534 2927 5597 Sichimam,
2961 5544 3009 5588 et
3036 5532 3315 5587 convallem
3341 5542 3419 5584 ta-

166 5723 192 5750 ·
221 5713 553 5771 Tribulanti
587 5712 792 5766 dicitur
821 5712 1003 5768 Gnece
1030 5729 1125 5785 pro
1158 5731 1222 5769 eo
1257 5710 1345 5783 qui
1376 5715 1673 5771 tribulatur.

487 5809 789 5868 PATBOL.
827 5806 986 5867 ΜΠ.

2950 5795 3022 5854 16
