3908 6176
554 277 643 326 (ill

1874 264 2129 320 saxosa
2170 262 2469 319 uruanas
2504 324 2523 335 κ

3626 272 3710 330 illi

550 393 933 446 be’t‘ﬂllCnlUt'Uﬂl
981 388 1114 440 dilue
1139 388 1230 437 iur.
1268 383 1411 436 Meus
1443 391 1513 433 est
1557 380 1779 445 (ῖίιιιιιιιί,
1811 388 1858 431 et
1881 395 2018 432 meus
2047 388 2119 431 est
2148 386 2191 438 Α
2224 381 2387 433 valles
2409 380 2872 433 tabernaculorum
2912 379 3029 448 ejus
3050 380 3236 435 metiar
3263 381 3313 436 iu
3340 388 3439 440 tres
3460 394 3628 455 partes,
3653 391 3709 445 iu

555 483 844 540 Alanusses,
867 487 914 529 et
940 474 1188 545 lz'pliraim
1208 472 1459 541 susceptio
1483 470 1664 540 capitis
1702 469 1820 522 mei.
1862 467 2000 521 Juda
2030 484 2120 520 rex

552 584 708 633 utens,
736 568 886 622 Moab
901 565 1032 620 labes
1052 564 1160 635 spei
1181 579 1323 617 metu.
1343 561 1406 616 In
1432 560 1457 614 1
1462 562 1713 615 dumwam
1736 559 2007 613 extendam
2022 559 2124 612 cal-

552 670 860 716 ceamcntum
907 673 1091 718 meutn,
1132 654 1257 707 mihi
1296 653 1602 722 alienigena:
1641 650 1793 703 amici
1824 650 1948 720 [acti
1979 656 2115 702 sunt.

550 752 674 813 Quis
696 748 905 801 deducet
933 763 1012 800 me
1031 746 1084 798 in
1113 742 1365 797 ciuitatem
1390 742 1656 804 munitam,
1680 740 1791 812 quis
1813 738 2022 792 deducet
2042 753 2121 790 me

552 860 707 916 usque
748 844 801 897 in
825 835 1344 894 ldumaeam?Nonne
1373 843 1446 899 tu,
1467 833 1619 900 Deus,
1645 835 1731 905 qui
1751 832 1980 903 repulisti
2002 847 2117 895 nos,

516 924 523 931 ’
547 946 717 988 etnon
740 932 897 986 exibis
928 929 1063 984 Deus
1093 929 1143 981 in
1166 924 1428 981 virtutibus
1449 924 1674 978 nostris?
1701 922 1781 977 Da
1804 922 1947 976 nobis
1969 923 2120 976 auai-

546 1028 668 1079 lium
692 1026 752 1076 de
774 1020 1118 1081 tribulatione,
1148 1018 1265 1089 quia
1291 1032 1423 1069 vana
1448 1014 1591 1068 salus
1621 1013 1861 1067 hominis.
1906 1010 1972 1064 In
2006 1010 2116 1069 Deo

546 1117 788 1189 faciemus
819 1113 1068 1174 virtutem,
1099 1117 1149 1162 et
1176 1108 1286 1178 ipse
1312 1105 1381 1159 ad
1406 1105 1621 1159 nihilum
1651 1103 1862 1157 deducet
1881 1101 2117 1155 inimicos

543 1225 606 1262 κο
613 1215 659 1261 εί
663 1223 745 1261 1⁸0³
751 1246 764 1257 .
1466 1234 1471 1237 ι

1108 1285 1538 1326 COHMENTARIUI.

616 1388 859 1443 Psalmus
896 1387 1219 1441 centesimus
1254 1384 1509 1453 septimus
1537 1397 1603 1436 ex
1631 1381 1856 1435 duorum
1882 1378 2113 1449 psalmo-

542 1495 660 1533 rum
686 1478 877 1532 linibus
898 1475 1151 1546 probatur
1168 1487 1288 1529 esse
1310 1480 1662 1536 constructus,
1687 1485 1753 1525 ex
1782 1477 1934 1539 parte
1953 1467 2112 1537 quin.

542 1569 834 1638 quagesitni
865 1567 1004 1622 sexti
1032 1576 1085 1621 et
1106 1563 1529 1635 quinquagesimi
1561 1562 1705 1616 noni.
1732 1559 1901 1627 Quam
1931 1557 2110 1614 consi-

542 1660 891 1723 derationem,
935 1657 981 1711 si
1025 1655 1306 1722 diligenter
1352 1668 1539 1706 sensus
1568 1649 1818 1721 spiritalis
1847 1646 2105 1708 attendat,

2227 482 2281 525 ut
2313 472 2453 541 ipsas
2482 480 2590 526 tres
2618 479 2795 540 partes
2821 471 2875 525 in
2905 486 3011 525 uno
3038 485 3199 540 regno
3241 476 3549 545 conjungam,
3574 486 3620 533 et
3659 482 3714 535 sit

2223 563 2452 618 Trinitas
2472 562 2566 618 Dei
2595 564 2649 618 in
2692 564 2928 619 trinitate
2962 565 3144 635 populi
3180 565 3517 634 Hebraeorum,
3542 568 3715 627 Graeco-

2220 672 2340 712 rum
2380 666 2436 713 et
2480 656 2810 713 Latinorum.
2867 657 2948 712 Ex
2988 660 3072 713 bis
3106 662 3271 716 tribus
3307 669 3456 718 eatur
3481 664 3527 719 in
3550 669 3718 722 cunctis

2219 748 2460 816 partibus
2496 748 2697 813 mundi,
2749 755 2806 802 ut
2826 750 2992 803 nostri
3020 750 3126 804 sint
3152 766 3332 807 omnes
3356 767 3446 822 per
3471 752 3621 819 ﬁdem,
3647 759 3717 825 qui

2218 836 2334 890 sine
2383 836 2485 892 tide
2507 837 2675 892 nostri
2704 852 2822 893 esse
2852 853 2957 893 non
2984 848 3221 908 possunt.
3251 839 3363 895 Sint
3388 844 3539 898 nostri
3554 841 3720 900 Galaad

2218 933 2275 978 et
2298 924 2541 981 Manasse
2569 927 2621 980 in
2649 927 2912 994 gentibus,
2946 936 3001 983 et
3030 928 3257 999 Ephrem
3294 930 3529 987 fortitudo
3568 935 3723 1002 capitis

2217 1017 2386 1070 nostri
2416 1018 2467 1070 in
2495 1018 2974 1073 benedictionibus.
2999 1019 3079 1074 Sit
3104 1019 3238 1075 Juda
3257 1038 3348 1077 rex
3373 1037 3510 1077 meus
3527 1024 3572 1077 in
3596 1023 3724 1079 Chri-

2216 1117 2321 1172 sto,
2351 1108 2421 1163 sit
2449 1108 2607 1164 Moab
2636 1110 2740 1165 olla
2771 1112 2885 1181 spei
2911 1127 3063 1166 meas.
3094 1112 3249 1168 Moab
3277 1113 3376 1169 tilia
3405 1114 3546 1181 Loth,
3566 1132 3724 1187 exque

2120 1202 2121 1207 ‘
2214 1199 2461 1255 Moabitae
2487 1210 2610 1256 sunt
2634 1210 2841 1271 gentes,
2869 1218 2988 1272 quae
3014 1205 3216 1273 angelis
3234 1205 3442 1262 duciqu
3466 1209 3618 1262 evasit
3632 1209 3723 1278 plu-

2215 1291 2329 1344 vias
2349 1290 2531 1359 igneas
2556 1292 2623 1347 de
2650 1293 2787 1349 cmlo
2820 1295 3115 1357 venientes,
3146 1311 3245 1366 pro
3287 1311 3388 1366 qua
3413 1305 3550 1366 rogat
3575 1305 3725 1353 utnon

2215 1380 2404 1435 ardeat
2448 1383 2504 1435 in
2549 1382 2861 1439 Sodomitiis
2889 1383 3131 1452 ﬂammis,
3150 1387 3249 1442 sed
3276 1387 3328 1441 in
3353 1386 3539 1457 Spiritu
3561 1387 3725 1445 ferveat

2213 1478 2418 1537 sancto,
2449 1480 2505 1526 et
2530 1487 2651 1527 cum
2703 1473 2824 1529 liliis
2849 1475 2980 1541 suis,
3011 1476 3065 1531 id
3091 1484 3193 1543 est,
3227 1477 3464 1545 gentibus
3486 1493 3591 1547 quae
3609 1480 3726 1547 igno-

2213 1568 2335 1614 rant
2362 1560 2550 1626 Deum,
2592 1564 2663 1618 sit
2707 1564 2813 1618 olla
2842 1565 2956 1634 spei
2978 1581 3111 1620 mea:
3136 1585 3150 1620 :
3175 1567 3233 1621 in
3261 1566 3546 1634 ldumauun,
3572 1569 3726 1639 inquit.

2211 1650 2266 1705 id
2292 1660 2392 1718 est,
2424 1653 2477 1707 in
2506 1652 2887 1709 habitationem
2915 1658 3173 1725 gentium.
3218 1657 3295 1713 lbi
3343 1657 3605 1714 extendant
3641 1659 3729 1713 cal-

542 1749 687 1805 videt
712 1749 843 1803 satis
862 1746 1221 1803 necessarium
1248 1743 1359 1797 Deo
1388 1759 1483 1797 cor
1502 1756 1683 1806 suum;
1715 1747 1769 1793 et
1789 1752 1978 1792 omnes
2017 1749 2110 1790 oc-
2142 1728 2186 1787 Β
2215 1753 2553 1799 ceamenmm
2594 1762 2770 1800 meum
2789 1787 2804 1813 ,
2836 1764 2940 1802 non
2983 1749 3109 1804 inde
3154 1749 3358 1819 fugiam
3393 1750 3610 1820 discipuli
3648 1751 3729 1802 me;

541 1840 782 1893 uisiones
809 1836 990 1891 mundi
1014 1836 1079 1889 ab
1107 1849 1172 1888 eo
1199 1847 1472 1903 separans,
1502 1838 1746 1901 paratum
1775 1829 1886 1883 Deo
1914 1821 2112 1880 alludet

544 1932 596 1983 in
625 1929 830 1999 psalmo
860 1936 915 1982 et
944 1927 997 1982 in
1019 1926 1182 1980 verbo
1208 1923 1562 1991 congeminat.
1595 1920 1733 1987 Quid
1761 1927 1843 1974 est
1863 1919 2006 1973 enim
2026 1917 2109 1972 di-

539 2037 661 2075 cere
692 2016 818 2082 Deo,
855 2018 1105 2075 Paratum
1131 2022 1237 2072 'cor
1263 2031 1461 2082 meum,
1484 2014 1584 2069 nisi
1611 2014 1731 2079 hoc,
1763 2019 1821 2066 ut
1850 2004 1992 2066 dicat
2018 2011 2106 2065 ei:

542 2111 691 2177 Veii,
742 2108 987 2174 Domine,
1038 2115 1284 2178 paratum
1325 2120 1420 2159 cor
1466 2118 1663 2169 meum,
1713 2102 1851 2157 etin
1874 2117 1986 2156 rem
2016 2100 2111 2154 tibi

539 2223 551 2270 ι
577 2208 888 2271 reparatam
914 2196 1209 2267 ingredere,
1236 2204 1293 2250 ut
1312 2205 1520 2251 cautem
1542 2202 1596 2250 et
1618 2193 1839 2265 psallam
1864 2193 1917 2246 in
1942 2192 2108 2262 gloria

539 2308 671 2345 mea.
698 2290 866 2358 Quam
896 2299 1070 2344 autem
1092 2303 1242 2343 suam
1262 2287 1483 2356 gloriam
1500 2291 1821 2340 memoraret
1836 2281 2071 2351 adjunxit
2093 2300 2105 2335 :

540 2383 794 2451 Exsurge,
828 2383 922 2447 ait,
951 2382 1120 2451 gloria
1145 2394 1263 2434 mea
1295 2380 1346 2433 in
1370 2378 1625 2450 psalterio
1647 2376 1774 2431 etin
1803 2375 2024 2435 cithara.
2050 2383 2107 2429 ut

539 2476 588 2526 in
641 2474 807 2542 ipsam
863 2472 1087 2541 gloriam
1133 2480 1413 2538 exsurgant
1457 2469 1709 2533 diluculo,
1738 2482 1864 2522 mox
1894 2475 1950 2521 ut
1978 2466 2105 2520 mihi

536 2564 787 2618 auxilium
839 2574 984 2617 tuum
1042 2562 1357 2630 lulgescens,
1401 2561 1648 2615 tenebras
1694 2573 1724 2612 a
1753 2572 1838 2612 me
1864 2571 2106 2611 meorum

535 2655 819 2709 excluserit
844 2661 1184 2724 peccatorum
1203 2660 1357 2720 ;tunc
1382 2659 1436 2705 et
1464 2651 1517 2706 in
1545 2649 1759 2720 populis
1786 2648 2102 2721 conﬁtebor,

534 2757 587 2796 ut
614 2742 788 2797 dicam
821 2762 833 2795 :
884 2741 1014 2808 Quia
1045 2757 1152 2796 non
1180 2756 1296 2795 sum
1334 2738 1524 2809 dignus
1550 2737 1730 2793 vocari
1756 2752 1940 2792 servus
1988 2747 2107 2791 tuus

534 2849 630 2903 pro
658 2832 892 2902 peccatis
920 2832 1071 2896 meis,
1104 2847 1207 2885 non
1232 2845 1316 2884 me
1331 2829 1547 2901 jactabo
1568 2829 1621 2883 in
1645 2827 1912 2898 superbia,
1944 2827 2106 2880 etiam

534 2939 653 2978 cum
679 2938 765 2976 me
788 2938 882 2992 per
905 2922 1283 2990 indulgentiam
1314 2929 1456 2974 tuam
1485 2918 1793 2975 mundatum
1814 2929 2101 2985 agnovero.

533 3018 681 3072 Sicut
709 3015 802 3069 ille
827 3015 916 3084 qui
942 3014 1047 3069 Vas
1070 3013 1345 3068 electionis
1373 3012 1544 3066 factus
1566 3008 1831 3066 clamabat
1874 3008 2056 3064 dicens
2086 3025 2101 3062 :

532 3104 657 3162 Non
684 3124 796 3161 sum
843 3105 1026 3176 dignus
1068 3103 1238 3157 vocari
1260 3100 1520 3171 apostolus
1551 3098 1593 3170 (ι
1614 3097 1734 3154 Cor.
1757 3096 1867 3168 xv).
1901 3096 1968 3150 Et
1992 3096 2103 3151 base

532 3197 803 3253 confessus
832 3198 885 3251 in
914 3195 1124 3267 populis
1153 3193 1400 3257 Domino,
1433 3192 1594 3261 cmpit
1621 3191 1883 3260 psalmum
1923 3189 2103 3243 dicere

533 3293 670 3344 inter
722 3296 925 3356 gentes.
977 3286 1148 3353 Quem
1196 3284 1454 3356 psalmum
1507 3279 1702 3336 Paulus
1741 3281 1934 3336 cecinit
1963 3281 2103 3335 inter

529 3389 715 3447 gentes
730 3382 752 3433 ?
780 3377 934 3432 llunc
960 3380 1075 3431 sine
1101 3374 1283 3438 dubio,
1310 3373 1443 3440 Quia
1467 3370 1802 3440 magniﬁcam
1833 3382 1912 3427 est
1936 3385 2100 3441 usque

528 3469 594 3522 ad
623 3468 785 3523 cmlos
813 3464 1172 3521 misericordia
1201 3462 1334 3531 ejus.
1362 3462 1462 3528 Qui
1484 3461 1685 3515 venitin
1700 3460 1833 3513 hunc
1854 3459 2096 3513 mundum

527 3564 818 3625 peccatores
844 3556 1012 3610 salvos
1042 3557 1231 3626 facere,
1261 3568 1471 3624 quorum
1498 3552 1712 3622 primus,
1744 3549 1836 3615 ait,
1864 3565 1956 3621 ego
1988 3564 2099 3603 sum

531 3650 571 3717 ti
607 3648 739 3702 Tim.
770 3648 831 3718 ι).
862 3645 930 3701 Ει
957 3646 1072 3700 haec
1097 3645 1295 3699 veritas
1324 3642 1439 3711 ejus
1487 3656 1656 3711 usque
1682 3641 1749 3695 ad
1789 3640 1957 3695 nubes
1976 3654 2099 3709 per-

533 3742 693 3804 venit,
726 3740 776 3794 id
804 3747 902 3801 est,
930 3752 1092 3806 usque
1114 3735 1180 3790 ad
1209 3735 1482 3805 apostolos
1507 3734 1749 3804 pervenit
1769 3734 1983 3797 veritas,
2006 3733 2098 3802 qui

532 3843 612 3885 est
639 3832 899 3884 Christus.
932 3827 1047 3882 iam
1077 3827 1350 3897 prophetae
1388 3824 1564 3887 silent,
1611 3824 1711 3877 soli
1748 3823 1975 3893 apostoli
2016 3822 2096 3878 lo-

533 3930 787 3991 quuntur,
829 3930 882 3975 ct
914 3919 1281 3990 apostolorum
1306 3916 1569 3986 discipuli.
1603 3915 1739 3981 Q..id
1769 3915 2096 3983 loquuntur?

534 4014 664 4081 Quia
701 4012 968 4069 exaltatus
1002 4018 1084 4066 est
1120 4020 1279 4081 Super
1321 4009 1486 4064 coelos
1526 4006 1665 4063 Deus
1706 4006 1800 4062 Dei
1828 4007 2011 4072 Filius,
2042 4015 2096 4061 et

552 4103 714 4158 edens
763 4101 829 4156 ad
865 4101 1140 4157 dexteram
1193 4098 1396 4163 Patris,
1427 4110 1588 4169 super
1632 4113 1847 4152 omnem
1896 4107 2095 4152 terram

525 4197 639 4265 ejus
666 4195 832 4264 gloria
874 4193 1211 4264 praedicatur,
1264 4201 1321 4264 ut
1367 4191 1660 4246 liberentur
1699 4190 1752 4244 in
1803 4197 1917 4244 toto
1964 4189 2095 4243 orbe

528 4299 809 4351 terrarum,
840 4286 931 4355 qui
958 4293 1082 4340 sunt
1111 4284 1289 4339 dilecti
1319 4283 1454 4351 ejus,
1481 4284 1533 4351 in
1559 4283 1752 4352 quibus
1780 4280 1974 4337 clamat
1996 4271 2093 4338 Ec-

523 4376 679 4433 rlesia
707 4395 719 4430 :
748 4375 964 4430 Salvum
1014 4391 1098 4428 me
1138 4374 1219 4430 fac
1252 4373 1471 4429 dextera
1524 4384 1611 4428 tua
1662 4381 1717 4427 et
1762 4372 1957 4427 exaudi
1982 4388 2086 4428 me.

2212 1837 2542 1893 cxcutientes
2585 1838 2860 1908 pulverem
2908 1838 2975 1895 de
3002 1839 3226 1909 pedibus
3251 1842 3377 1909 suis,
3406 1841 3497 1896 sed
3541 1841 3607 1895 ibi
3630 1850 3732 1895 eain

2212 1926 2559 1982 extendentes
2603 1928 3021 1984 calceamentum
3048 1946 3226 1996 suum,
3261 1939 3323 1986 ut
3340 1932 3535 1987 dicitur
3554 1930 3614 1985 de
3636 1930 3731 1984 eis:

2214 2015 2378 2081 Quam
2399 2018 2615 2086 speciosi
2641 2019 2793 2088 pedes
2820 2020 3279 2091 euangelizandum
3301 2037 3488 2092 pacem,
3516 2020 3734 2091 evangeli-

2211 2108 2439 2160 zantium
2468 2107 2602 2162 bona
2632 2107 2807 2170 (Rom.
2836 2111 2917 2181 x)!
2959 2110 3084 2167 Haec
3136 2120 3318 2167 autem
3361 2121 3415 2167 et
3458 2112 3599 2167 nobis
3636 2126 3734 2165 eve-

2209 2197 2376 2262 nient,
2408 2205 2465 2251 ut
2484 2198 2773 2253 evadamus
2816 2200 3022 2274 calores
3056 2202 3434 2269 Sodomiticos,
3465 2212 3517 2257 et
3541 2201 3736 2256 ﬂammis

2209 2284 2391 2342 sancti
2408 2286 2638 2357 Spiritus
2683 2288 3057 2359 accendamur,
3087 2293 3133 2347 si
3181 2293 3491 2364 Allophylos
3520 2306 3740 2347 conemur

2208 2378 2471 2444 evincere,
2503 2388 2560 2434 et
2586 2396 2682 2435 eos
2698 2382 3130 2452 quotiescunque
3158 2394 3349 2441 contra
3369 2400 3466 2440 nos
3483 2398 3618 2439 arma
3639 2397 3737 2437 cor-

2206 2467 2425 2538 ripiunt,
2449 2469 2502 2524 id
2528 2478 2629 2535 est,
2653 2471 2957 2528 immundos
2977 2476 3199 2543 spiritus
3218 2475 3499 2543 subjugare
3523 2474 3738 2535 nitamur,

2207 2568 2268 2614 ut
2291 2561 2484 2615 merito
2508 2560 2763 2627 dicamus,
2805 2560 2931 2616 Mihi
2961 2562 3230 2635 Allophyli
3259 2564 3456 2619 subditi
3474 2571 3620 2618 sunt:
3647 2560 3746 2629 qui-

2205 2651 2307 2706 bus
2331 2648 2573 2717 subditis,
2604 2652 2724 2721 quis
2750 2651 2975 2709 deducet
3004 2669 3102 2709 nos
3131 2656 3185 2708 in
3208 2655 3480 2710 civitatem
3500 2653 3741 2711 munitam.

2208 2741 2308 2795 nisi
2334 2740 2497 2797 Filius
2522 2741 2657 2797 Dei?
2694 2741 2803 2798 Aut
2829 2745 2949 2813 quis
2992 2745 3222 2801 deducet
3268 2761 3370 2801 nos
3399 2746 3450 2799 in
3476 2738 3743 2803 ldumazam.

2206 2833 2309 2887 nisi
2360 2832 2615 2889 Dominus
2660 2832 2814 2890 Jesus
2840 2833 3117 2891 Christus?
3158 2837 3281 2907 Ipse
3323 2837 3465 2891 enim
3511 2834 3596 2889 dat
3620 2832 3746 2887 nobis

2207 2925 2482 2979 auxilium.
2517 2923 2669 2980 Unde
2697 2926 2849 2981 nobis
2875 2926 2968 2981 dat
2994 2927 3297 2982 auxilium?
3333 2926 3402 2981 de
3429 2923 3746 2981 exsultatione

2208 3028 2275 3067 an
2298 3014 2364 3068 de
2386 3013 2765 3069 tribulatione?
2785 3013 2862 3070 De
2882 3015 3250 3080 tribulatione,
3283 3015 3477 3084 inquit,
3515 3010 3654 3083 quasi
3676 3010 3750 3079 qui

2128 3080 2174 3142 (ἶ
2206 3102 2348 3157 dicat
2378 3120 2390 3154 :
2423 3101 2538 3158 Non
2569 3112 2805 3159 meretur
2843 3105 3097 3159 anxilium
3137 3080 3405 3175 consequi
3454 3080 3545 3174 qui
3575 3116 3629 3156 se
3669 3098 3749 3151 lti-

2202 3194 2475 3249 bulantem
2518 3210 2625 3249 non
2674 3194 2891 3250 exhibet
2940 3193 3175 3267 Christo,
3230 3203 3289 3251 et
3334 3192 3613 3251 crediderit
3648 3188 3751 3259 quia

2205 3293 2337 3341 vana
2366 3287 2507 3341 salus
2535 3294 2617 3341 est
2643 3286 2700 3341 in
2736 3287 2974 3343 homine.
3004 3287 3061 3341 In
3089 3287 3203 3343 Deo
3245 3288 3395 3344 etiim
3429 3285 3641 3341 faciams
3662 3281 3751 3335 vir-

2202 3385 2389 3431 tutem.
2421 3378 2591 3444 Quam
2635 3378 2927 3433 virtutem?
2956 3377 3027 3433 Ut
3054 3379 3320 3449 vitia-per
3345 3373 3757 3451 consuetudinem

2198 3468 2565 3537 subjugentur,
2595 3476 2651 3524 et
2677 3470 2902 3525 virtutes
2948 3471 3110 3525 animi
3155 3471 3540 3526 sublimentur.
3566 3466 3655 3522 llis
3687 3464 3754 3518 in-

2198 3558 2509 3612 cumbentes
2536 3557 2742 3625 studiis,
2775 3556 2827 3613 in
2848 3556 2961 3614 Deo
2990 3559 3252 3614 faciamus
3284 3559 3559 3620 virtutem,
3587 3564 3638 3610 et
3661 3553 3757 3623 ipso

2199 3648 2265 3701 ad
2296 3648 2516 3703 nihilum
2546 3647 2751 3717 rediget
2778 3649 3095 3705 tribulantes
3118 3665 3242 3716 nos,
3268 3651 3368 3721 qui
3396 3648 3651 3720 regnatin
3670 3656 3751 3700 sa-

2198 3739 2312 3794 cula
2336 3739 2671 3795 seculorum.
2701 3738 2891 3793 Amen.

2706 3826 2832 3883 PSA
2841 3826 3023 3883 LMUS
3058 3828 3237 3884 CVIII.

2613 3918 2668 3973 In
2700 3918 2856 3973 tinem
2898 3920 3131 3989 psalmus
3167 3920 3362 3976 David.

2268 4010 2424 4075 Dens,
2459 4012 2658 4064 laudent
2687 4028 2849 4066 nteant
2896 4029 2958 4065 ne
2984 4015 3221 4075 tacueris,
3267 4016 3397 4086 quia
3420 4032 3479 4068 os
3508 4010 3759 4083 peccatoris

2194 4109 2243 4153 et
2290 4116 2345 4154 os
2384 4100 2549 4160 dolosi
2588 4117 2739 4168 super
2766 4118 2844 4155 me
2863 4109 3093 4172 apertum
3112 4110 3206 4156 est.
3247 4102 3437 4157 Locuti
3458 4111 3575 4156 sunt
3598 4100 3758 4155 adm-

2195 4206 2305 4243 sum
2328 4206 2405 4243 me
2429 4192 2604 4261 lingua
2625 4191 2820 4256 dolosa,
2856 4201 2904 4245 et
2929 4192 3249 4246 sermonibus
3292 4194 3405 4249 odii
3436 4188 3760 4249 circumdede-

2195 4290 2313 4334 runt
2340 4297 2435 4346 nte,
2459 4290 2508 4334 et
2528 4293 2946 4353 expugnaverunt
2965 4299 3044 4336 me
3061 4285 3246 4353 gratis.
3285 4284 3398 4340 Pro
3438 4302 3500 4340 eo
3527 4292 3583 4337 ut
3600 4298 3673 4336 me
3691 4278 3761 4332 di-

2197 4373 2415 4443 ligerent
2442 4371 2775 4425 detrahebant
2802 4371 2955 4437 milii,
2997 4389 3091 4444 ego
3116 4382 3292 4428 autent
3334 4374 3574 4429 orabant.
3596 4370 3663 4425 Et
3684 4386 3764 4440 po-

524 4467 628 4522 .‘iisi
657 4466 797 4521 enim
819 4464 1038 4520 dextera
1060 4464 1174 4533 ejus
1200 4464 1422 4517 traxerit
1445 4464 1510 4517 ab
1538 4462 1720 4518 inferis
1741 4464 1970 4517 animam
1993 4448 2092 4519 no-
2120 4441 2168 4500 D
2193 4441 2401 4514 suerunt
2440 4460 2704 4514 adversum
2747 4477 2829 4515 me
2867 4462 3009 4515 mala
3029 4441 3044 4444 ν
3061 4480 3155 4533 pro
3181 4461 3360 4528 bonis,
3391 4475 3446 4518 et
3471 4465 3642 4519 odium
3683 4476 3763 4530 pro

522 4566 703 4618 stram,
738 4554 788 4608 id
812 4563 911 4618 est,
937 4553 1002 4608 ab
1025 4551 1206 4608 inferis
1226 4553 1656 4621 cogitationibus,
1696 4570 1801 4607 non
1833 4555 2090 4610 solvimur

520 4664 548 4699 a
578 4644 1023 4701 descendentibus
1052 4645 1104 4698 in
1133 4643 1328 4708 lacum,
1358 4642 1408 4697 id
1430 4651 1529 4706 est,
1556 4659 1661 4697 non
1690 4642 1962 4712 eripimur,
1994 4645 2086 4700 sed

520 4755 546 4791 a
579 4736 943 4798 fornicationis
972 4736 1161 4806 laqueo
1188 4734 1521 4791 innodamur.
1548 4732 1652 4790 Sed
1682 4735 1819 4790 sicut
1846 4750 1953 4791 non
1979 4738 2078 4791 eri-

521 4830 714 4896 pimur_
745 4830 844 4884 nisi
897 4845 995 4900 per
1032 4829 1308 4885 dexteram
1364 4828 1499 4898 ejus,
1549 4828 1627 4882 sic
1673 4844 1780 4883 non
1806 4828 1964 4899 eripit
1989 4843 2087 4884 nos

521 4919 739 4999 dextera
762 4921 894 4987 ejus,
927 4921 1028 4974 nisi
1056 4921 1295 4976 dicamus
1315 4919 1592 4975 credentes
1619 4938 1630 4971 :
1662 4918 1878 4975 Salvum
1901 4935 1986 4974 me
2007 4920 2088 4975 fac

521 5011 737 5063 dextera
767 5019 853 5065 tua
883 5020 937 5065 et
964 5012 1155 5066 exaudi
1185 5026 1289 5065 me.
1320 5010 1398 5064 Ad
1429 5012 1541 5067 haec
1572 5008 1731 5075 Deus,
1782 5010 1974 5078 inquit,
2005 5010 2085 5064 lo-

521 5109 672 5155 cutus
694 5109 777 5155 est
800 5102 852 5155 in
883 5111 1069 5158 sancto
1098 5118 1215 5167 suo,
1247 5103 1299 5157 id
1320 5111 1421 5168 est,
1446 5102 1497 5155 in
1535 5101 1758 5157 Domino
1778 5100 1904 5155 Jesu
1931 5098 2085 5155 Chri-

521 5203 602 5245 stt)
625 5190 833 5247 locutus
852 5199 932 5270 est
953 5186 1409 5246 Deus:Exsultabu
1431 5200 1485 5247 et
1511 5191 1739 5246 dividam
1779 5189 2086 5246 Sichimam.

2193 4551 2460 4606 dilectione
2478 4569 2608 4606 mea.
2634 4550 2896 4607 Constitue
2912 4569 3066 4624 super
3083 4548 3196 4608 eum
3214 4568 3557 4626 peccatorem
3592 4566 3641 4610 et
3662 4553 3766 4607 dia-

2191 4642 2336 4697 bolus
2362 4650 2458 4696 stet
2478 4658 2512 4695 a
2532 4642 2728 4696 dextris
2750 4644 2879 4714 ejus.
2905 4642 3028 4697 Cum
3047 4644 3326 4715 judicatur
3355 4657 3514 4703 exeat
3544 4644 3765 4701 condem-

2193 4743 2365 4797 natus,
2395 4744 2442 4786 et
2471 4734 2637 4788 oratio
2655 4733 2769 4804 ejus
2782 4734 2878 4803 ﬁat
2896 4736 2948 4788 in
2978 4746 3259 4803 peccatum.
3312 4735 3361 4789 ιτ
3365 4739 3487 4791 iant
3528 4737 3637 4791 dies
3671 4735 3770 4805 ejus

2191 4825 2359 4895 pauci,
2383 4833 2429 4877 ct
2453 4825 2797 4894 epismpatum
2817 4816 2929 4894 ejus
2939 4824 3158 4894 accipiat
3178 4827 3338 4878 alter.
3369 4823 3443 4880 Fi
3455 4836 3539 4879 int
3556 4825 3654 4894 [iiii
3672 4824 3770 4894 ejus

2191 4914 2431 4984 orplmni,
2463 4924 2511 4967 et
2535 4930 2667 4967 uxor
2693 4915 2801 4984 ejus
2849 4913 3016 4967 vidua.
3068 4910 3336 4968 Nutantes
3396 4918 3767 4985 transferantur

2182 5005 2283 5073 filii
2298 5004 2406 5074 ejus
2428 5016 2474 5056 et
2496 5003 2799 5067 mendicent,
2826 5003 3100 5073 ejiciuntur
3122 5002 3186 5055 de
3204 5002 3637 5060 habitationibus
3655 5004 3770 5056 suis.

2191 5094 2458 5147 Scrutatur
2480 5095 2741 5161 reiterator
2769 5106 2968 5144 omnem
2996 5088 3345 5145 substantiam
3393 5094 3549 5164 ejus,
3579 5107 3632 5153 et
3661 5088 3776 5145 diri-

2187 5186 2331 5256 pi'tttt
2375 5185 2530 5237 alieni
2559 5184 2757 5237 labores
2791 5183 2922 5253 ejus.
2956 5179 3077 5236 Non
3105 5184 3173 5235 sit
3199 5181 3276 5236 illi
3322 5183 3573 5255 adjutor.
3604 5198 3696 5235 nec
3719 5180 3777 5231 sit

2183 5276 2270 5348 qui
2307 5276 2608 5330 misereatur
2638 5274 2841 5343 pupillis
2870 5275 2997 5344 eius.
3029 5270 3191 5337 Fiant
3228 5275 3351 5327 nati
3382 5275 3504 5346 ejus
3530 5279 3587 5328 in
3609 5270 3778 5327 interi-

2185 5375 2314 5431 tum,
2341 5367 2395 5418 in
2424 5366 2748 5436 generatione
2774 5380 2878 5417 una
2926 5364 3155 5418 deleatur
3181 5379 3376 5417 nomen
3407 5367 3553 5437 ejus.
3587 5363 3657 5419 In
3686 5379 3781 5416 me-

2183 5460 2396 5511 moriam
2421 5457 2592 5510 redeat
2612 5456 2855 5528 iniquitas
2883 5465 3086 5524 patrum
3104 5456 3215 5526 ejus
3239 5454 3295 5508 in
3340 5468 3639 5528 conspectu
3680 5454 3781 5510 Do-

2182 5551 2327 5613 mini,
2377 5560 2424 5602 et
2470 5558 2728 5620 peccatum
2776 5549 2957 5602 matris
3001 5549 3113 5619 ejus
3151 5564 3252 5604 non
3300 5548 3581 5605 deleatur.
3630 5548 3783 5602 Fiant

2182 5652 2360 5695 contra
2387 5640 2658 5693 Dominum
2685 5655 2901 5705 semper,
2932 5649 2978 5691 et
3006 5637 3343 5703 dispereatde
3366 5647 3523 5694 terra
3540 5636 3782 5696 memoris

520 5283 716 5338 tiivitas
735 5292 816 5337 est
834 5296 994 5361 quam
1016 5281 1220 5336 liebrmi
1242 5284 1652 5338 bumiliaverunt
1673 5285 1723 5337 in
1746 5283 1941 5352 gladio,
1963 5284 2085 5352 quia

520 5391 670 5428 soror
719 5387 903 5429 eorum
962 5374 1034 5429 ibi
1085 5382 1333 5442 corrupta
1364 5374 1554 5429 fuerat.
1612 5375 1758 5429 Nunc
1805 5389 1932 5429 vero
1960 5375 2080 5443 quia

518 5480 668 5520 mens
696 5480 879 5521 eorum
907 5473 1157 5535 corrupta
1209 5474 1308 5529 est,
1342 5466 1393 5518 in
1422 5472 1607 5533 gentes
1657 5466 1797 5519 misit
1826 5463 1964 5523 Deus
1994 5464 2081 5518 Fi-

519 5559 642 5610 lium
691 5574 864 5621 suum,
913 5557 1001 5626 qui
1032 5556 1168 5610 hanc
1191 5557 1370 5609 urbem
1392 5557 1625 5623 gentium
1659 5557 1807 5609 lnllﬂl
1835 5556 1900 5610 de
1928 5564 2081 5625 pote-

518 5657 652 5703 state
677 5646 1034 5703 Hrbra‘orum.
1071 5646 1135 5701 Et
1163 5647 1389 5704 dividant
1421 5664 1534 5700 eam
1566 5648 1838 5713 apostolis,
1874 5655 1925 5701 et
1949 5663 2078 5699 eon-
