3908 6176
244 296 346 352 493

1167 299 1634 356 connexum!
1675 290 1738 352 ix
1779 297 2105 371 PSALMQS.
2151 290 2337 356 esst.
2381 289 2559 356 cvm.

3388 299 3494 354 491

239 433 428 479 eorum,
463 434 556 486 pro
578 434 635 472 eo
665 419 799 490 quod
829 427 1030 472 nonest
1062 420 1362 472 recordatus
1393 421 1560 488 facere
1606 418 1809 471 miseri-
1842 419 1885 474 A
1918 430 2204 469 eamuseos
2220 417 2309 484 qui
2333 433 2430 469 nos
2448 416 2626 482 iniquo
2645 404 2767 469 odio
2783 419 3185 485 persequuntur.
3202 405 3308 468 Hoc
3327 414 3497 468 Evan-

239 508 488 561 rordiam.
516 507 582 561 Et
608 521 896 580 persecutus
943 519 1019 565 est
1048 510 1302 565 hominem
1331 512 1532 581 inepem
1572 519 1622 563 et
1666 527 1813 564 men-

240 603 425 660 dicum,
451 609 500 653 et
530 613 880 669 compunctum
903 602 1052 656 corde
1067 603 1394 673 morti/icore.
1417 601 1484 655 Et
1504 602 1684 656 dilexit
1706 619 1818 655 ma-

237 690 577 754 tedictionem,
611 700 657 744 et
685 694 845 745 veniet
874 692 954 755 ei;
997 702 1045 746 et
1085 681 1248 747 noluit
1296 691 1728 755 benedictionem,
1769 702 1818 744 et

239 781 559 850 elongabitur
601 780 666 834 ab
717 800 794 835 eo.
827 783 895 835 Et
919 771 1085 837 induit
1113 783 1526 837 maiedictionem
1563 785 1696 837 sicut
1727 800 1814 836 ve-

239 875 554 936 srimentum,
587 883 634 927 et
664 875 875 928 intravit
922 877 1052 929 sicut
1081 893 1214 947 aqua
1259 877 1313 928 in
1340 877 1590 929 interiora
1617 875 1746 944 ejus.
1769 881 1817 928 et

239 964 369 1014 sicut
407 963 575 1017 oleum
603 965 654 1016 in
695 964 891 1019 ossibus
925 964 1055 1034 ejus.
1083 964 1205 1018 Fiat
1234 966 1280 1018 ei
1304 967 1437 1019 sicut
1465 965 1816 1019 vestimentum

238 1066 335 1118 quo
375 1052 625 1118 operitur,
671 1062 719 1104 et
775 1054 906 1106 sicut
949 1071 1078 1107 zona
1107 1071 1206 1124 qua
1234 1058 1436 1125 semper
1461 1044 1814 1125 prarcingitur.

241 1140 356 1195 Hoc
380 1159 505 1211 Opus
539 1159 712 1196 eorum
740 1145 825 1214 qui
856 1144 1132 1198 detrahunt
1151 1147 1278 1199 mihi
1301 1144 1440 1216 apud
1451 1143 1748 1208 Dominum,
1769 1155 1820 1199 et

237 1232 511 1303 loquuntur
531 1234 670 1286 mala
692 1235 930 1288 adversus
951 1237 1176 1289 animam
1198 1252 1381 1289 meam.
1401 1235 1465 1288 Et
1486 1243 1558 1299 tu,
1580 1234 1815 1299 Domine,

237 1325 322 1392 {ac
347 1341 544 1377 mecum
572 1334 777 1394 propter
804 1343 990 1380 nomen
1020 1335 1181 1392 tuum,
1214 1326 1336 1398 quia
1363 1327 1535 1380 suavis
1564 1336 1641 1380 est
1661 1327 1816 1379 mise-

238 1411 461 1465 ricordia
510 1421 615 1464 tua.
668 1411 853 1467 Libera
899 1431 999 1478 me,
1027 1416 1150 1486 quia
1195 1431 1383 1486 egenus
1406 1424 1454 1467 et
1482 1431 1678 1486 pauper
1706 1421 1818 1468 sum

237 1517 350 1571 ego,
375 1509 424 1554 et
450 1518 736 1556 cormeum
757 1505 1112 1558 conturbatum
1134 1513 1209 1558 est
1230 1507 1367 1558 intra
1401 1521 1502 1559 me.
1535 1504 1680 1561 Sicut
1700 1522 1815 1557 um-

239 1591 330 1646 bra
357 1609 470 1646 cum
501 1593 725 1647 declinat
754 1593 953 1649 ablatus
981 1613 1112 1660 sum,
1142 1606 1193 1650 et
1232 1613 1476 1652 excussus
1528 1614 1654 1651 sum.
1685 1599 1818 1651 sic’ut

237 1680 467 1736 locustae.
516 1681 694 1736 Genua
737 1701 852 1738 mea
878 1687 1146 1754 inﬁrmata
1173 1695 1292 1740 sunt
1321 1704 1354 1740 a
1366 1685 1590 1758 jejunio,
1622 1696 1670 1741 et
1695 1703 1815 1741 cura

1919 503 2383 572 gelicnsmagister
2401 505 2617 559 omnino
2635 504 2922 574 prohibuit,
2944 504 3080 558 male
3103 505 3169 558 ad
3193 504 3488 574 principem

1921 594 2136 647 malitia:
2161 596 2477 649 currendum
2491 603 2571 650 est
2589 596 2787 650 animo.
2803 595 2865 649 Et
2886 598 3308 667 quotiescunque
3321 597 3488 650 male-

1918 681 2179 737 dictiones
2199 685 2514 746 cantaveris,
2535 684 2631 752 ipsi
2647 699 2736 738 eas
2761 700 2916 753 quem
2939 676 3210 738 maledixit
3235 685 3491 739 Dominus

1917 771 2245 826 de'cantabis.
2288 772 2404 840 Ipse
2431 769 2573 827 enim
2608 774 2755 842 ponit
2790 772 3069 829 adversum
3103 779 3199 828 no‘s
3230 775 3366 828 mala‘
3394 781 3490 844 pro

1918 863 2105 926 bonis,
2155 865 2268 917 sive
2314 864 2438 918 dum
2468 865 2606 919 bona
2653 877 2958 933 Operamur,
2989 866 3112 933 quia
3160 866 3297 918 mala
3339 867 3492 919 nobis

1919 963 2015 1024 per
2035 970 2187 1009 suum
2198 956 2398 1010 excitat
2423 956 2613 1009 zelum.
2629 952 2752 1010 Sive
2769 957 2890 1009 dum
2917 956 3052 1009 idola
3085 957 3334 1020 ostendit,
3353 954 3489 1011 mala

1919 1061 2016 1115 pro
2042 1044 2197 1100 bouis
2224 1045 2476 1100 ostendit.
2502 1041 2625 1100 Sive
2667 1045 2791 1100 dum
2833 1046 3293 1114 concupiscentias
3318 1047 3494 1101 carnis

1918 1135 2156 1202 exagitat
2188 1153 2200 1189 :
2254 1151 2375 1190 cum
2410 1136 2515 1189 sint
2537 1136 2675 1190 mala
2706 1135 2885 1190 omnia
2915 1151 3079 1205 opera
3109 1137 3492 1204 concupiscen-

1919 1226 2036 1287 tim,
2069 1224 2156 1278 ille
2188 1227 2297 1294 ipsa
2336 1225 2473 1279 mala
2504 1241 2600 1295 pro
2628 1226 2784 1281 bonis
2808 1234 3042 1281 ostentat
3067 1265 3080 1289 ,
3110 1235 3161 1280 et
3191 1227 3368 1281 odium
3396 1232 3495 1297 pro

1917 1313 2201 1368 dilectione
2248 1315 2514 1381 immittit,
2559 1317 2630 1368 ita
2678 1325 2734 1368 ut
2774 1315 3018 1370 videatur
3044 1317 3194 1370 nobis
3224 1322 3405 1372 amare
3433 1325 3495 1370 ac

1917 1404 2136 1472 diligere
2159 1445 2173 1468 ,
2207 1421 2327 1460 cum
2358 1406 2423 1460 ad
2454 1415 2733 1477 peccatum
2765 1409 2946 1462 tribuit
2976 1407 3300 1463 faenltatem.
3351 1409 3494 1464 Con-
3533 1447 3543 1458 ι

1917 1494 2078 1548 stitue
2121 1495 2400 1549 adversum
2440 1512 2560 1550 eum
2609 1505 2960 1566 peccatorem.
3023 1496 3304 1564 Quomodo
3346 1508 3491 1553 stare

1916 1591 2095 1654 potest
2114 1585 2217 1639 hoc
2237 1624 2252 1648 ,
2275 1586 2558 1655 diligenter
2577 1586 2834 1643 ausculta.
2861 1589 3154 1643 Adversum
3187 1605 3270 1644 me
3290 1591 3490 1644 constia

1918 1674 2020 1727 tuit
2066 1673 2385 1744 discipulum
2432 1691 2646 1739 meum,
2678 1677 2935 1732 adversus
2975 1693 3095 1732 eum
3143 1676 3496 1732 constituatur

237 1791 352 1827 mea
382 1775 655 1828 immutata
684 1785 762 1830 est
789 1787 997 1846 propter
1024 1778 1210 1831 oleum.
1254 1777 1324 1832 Et
1352 1795 1444 1848 ego
1493 1781 1658 1848 factus
1706 1795 1817 1832 sum

1921 1763 2207 1832 discipulus
2236 1763 2368 1832 ejus.
2401 1761 2465 1816 Et
2493 1765 2563 1818 sit
2594 1777 2905 1833 perseeutor
2933 1767 3151 1829 diaboli,
3185 1767 3274 1836 qui
3303 1781 3490 1836 perse-

236 1862 566 1932 approbrium
601 1865 727 1929 illis,
771 1865 1007 1919 viderunt
1050 1882 1162 1929 me,
1207 1876 1256 1920 et
1308 1876 1571 1921 moverunt
1625 1865 1814 1939 capita.

234 1953 442 2023 Adjuva
471 1970 572 2019 me,
600 1953 818 2008 Domine
842 1955 975 2008 Deus
998 1972 1158 2020 meus,
1184 1956 1379 2010 saluum
1400 1973 1479 2010 me
1511 1958 1594 2025 [ac
1614 1966 1820 2027 propter

232 2031 648 2098 misericordiam
677 2053 838 2099 tuam.
868 2041 933 2095 Et
944 2045 1110 2098 sciant
1123 2043 1244 2116 quia
1263 2047 1831 2113 manustuahtec,ettu,

229 2130 480 2195 Domine,
513 2134 680 2204 fecisti
715 2150 850 2187 eam.
881 2133 1194 2189 Haledicent
1227 2136 1324 2198 illi,
1374 2143 1423 2189 et
1451 2145 1504 2189 tu
1534 2135 1818 2200 benedices,

227 2223 315 2292 qui
354 2225 628 2293 insurgunt
655 2224 707 2275 in
736 2240 818 2276 me
844 2223 1246 2295 confundantur,
1288 2241 1460 2278 servus
1507 2233 1674 2279 autem
1705 2233 1820 2277 tuus

226 2307 516 2365 laetabitur.
555 2303 845 2364 Induantur
873 2313 957 2383 qui
1006 2311 1284 2366 detrahunt
1328 2313 1454 2367 mihi
1508 2314 1721 2383 pudore,
1771 2322 1819 2367 et

225 2402 544 2471 operiuntur
580 2401 710 2453 sicut
761 2402 988 2470 diploide
1041 2404 1342 2473 confusione
1380 2420 1491 2456 sua.
1526 2400 1821 2472 Conﬁtebor

229 2492 464 2545 Domino
490 2492 640 2546 nimis
681 2493 735 2545 in
766 2509 854 2546 ore
883 2510 1014 2558 meo,
1047 2501 1095 2546 et
1128 2496 1181 2547 in
1210 2495 1379 2549 medio
1407 2495 1681 2550 multorum
1701 2495 1817 2548 lau-

225 2581 367 2637 dabo
395 2599 530 2636 eum.
584 2581 684 2647 Qui
737 2584 899 2637 astitit
933 2601 966 2637 a
1019 2584 1216 2648 dextris
1256 2588 1516 2656 pauperis,
1540 2595 1596 2638 ut
1623 2587 1819 2640 salvam

227 2678 431 2745 faceret
452 2691 485 2725 a
509 2673 926 2745 persequentibus
953 2676 1180 2728 animum
1204 2691 1392 2729 meam.

815 2778 1247 2818 COIIENTAMUX.

302 2851 566 2906 Venimus
585 2851 650 2906 ad
681 2852 942 2922 psalmum
973 2855 1325 2909 centesimum
1357 2862 1623 2919 octavum,
1658 2869 1817 2925 quem

224 2941 513 3012 apostolus
543 2939 732 2996 Petrus
762 2943 1149 3012 interpretatur
1177 2945 1228 2998 in
1267 2943 1457 3000 .ludam
1489 2943 1812 3000 lscariotem.

225 3032 409 3101 llujus
457 3048 555 3086 nos
580 3031 885 3101 pedissequi
911 3033 1050 3087 viam
1079 3049 1237 3101 quam
1261 3034 1374 3103 ipse
1396 3034 1604 3104 aperuit
1629 3035 1816 3090 ambu-

1924 1862 2079 1908 cutor
2125 1854 2403 1908 exstiterat
2440 1852 2659 1917 Christi,
2689 1863 2744 1908 et
2781 1863 2886 1909 stet
2932 1855 3176 1911 diabolus
3221 1871 3251 1909 a
3294 1855 3499 1912 dextris

1921 1939 2037 2011 ejus
2064 1941 2130 1995 ad
2153 1941 2534 1998 confutandum
2563 1951 2618 1998 et
2642 1943 2708 1997 ad
2747 1945 3188 2000 convincendum.
3214 1944 3373 2000 Stetit
3392 1946 3499 2000 dias

1919 2033 2076 2088 holus
2102 2048 2134 2087 a
2163 2033 2364 2088 dextris
2395 2033 2583 2098 Pauli,
2612 2034 2684 2089 ita
2729 2044 2787 2090 ut
2817 2035 3066 2104 judicans
3121 2043 3241 2091 enm
3280 2036 3495 2102 Paulus,

1920 2124 2121 2181 faceret
2148 2141 2269 2180 eum
2292 2142 2321 2180 a
2352 2141 2414 2181 se
2448 2128 2597 2182 exire
2622 2129 3072 2193 condemnatum,-
3104 2137 3159 2184 et
3182 2138 3348 2184 totam
3375 2146 3499 2186 ora-

1922 2217 2124 2271 tionem
2149 2225 2202 2272 et
2231 2217 2512 2272 consilium
2539 2217 2655 2286 ejus
2683 2226 2944 2273 statueret
2975 2220 3027 2273 in
3059 2229 3353 2288 peccatum.
3380 2221 3498 2291 ipse

1921 2305 2048 2362 fecit
2073 2306 2188 2361 dies
2214 2305 2330 2376 ejus
2356 2322 2576 2377 paucos.
2625 2307 2792 2364 Paulo
2840 2310 2981 2364 enim
3022 2311 3270 2377 gentibus
3309 2312 3499 2382 praedio

1921 2407 2077 2452 caute
2099 2439 2114 2461 ,
2168 2413 2273 2453 non
2325 2399 2493 2454 multo
2534 2406 2775 2469 tempore
2801 2400 3030 2455 obtinuit
3059 2402 3414 2473 principatum
3445 2403 3496 2459 in

1919 2487 2150 2556 templis.
2185 2486 2312 2543 Post
2352 2489 2466 2543 haec
2493 2490 2721 2544 cessavit
2765 2491 3015 2561 princeps
3043 2506 3162 2547 esse
3184 2509 3343 2564 super
3370 2508 3498 2564 gen-

1921 2587 2035 2644 tes,
2090 2589 2146 2634 et
2181 2580 2543 2648 magisterium
2573 2581 2690 2651 ejus
2729 2583 2939 2652 accepit
2967 2583 3056 2638 ille
3101 2585 3194 2654 qui
3239 2586 3448 2641 dicebat
3483 2600 3494 2640 ξ

1922 2668 2035 2741 Ego
2055 2687 2165 2724 sum
2186 2673 2430 2742 magister
2456 2674 2700 2749 gentium,
2715 2674 2768 2726 in
2783 2674 2886 2743 ﬁde
2907 2679 2957 2728 et
2975 2676 3185 2730 veritate
3201 2676 3240 2746 (1
3266 2675 3395 2731 Tim.
3415 2679 3495 2749 tt).

1920 2753 2012 2816 llle
2041 2762 2186 2815 enim
2233 2760 2408 2817 fuerat
2459 2764 2714 2831 magister
2742 2765 2981 2832 gentium
3026 2765 3077 2818 in
3107 2763 3418 2822 inﬁdelitate
3445 2773 3502 2823 et

1919 2851 2149 2907 fallacia.
2200 2847 2350 2907 Tunc
2381 2853 2415 2906 ii
2443 2853 2636 2921 quibus
2681 2855 2883 2909 dictum
2939 2856 3112 2911 fuerat
3149 2873 3179 2910 a
3219 2857 3445 2914 Domino
3481 2877 3492 2911 :

1929 2938 2031 2996 Vos
2054 2941 2115 2995 de
2143 2950 2289 3013 patre
2315 2941 2522 2997 diabolo
2551 2945 2674 2996 estis
2702 2943 2891 3013 (Joan.
2923 2944 3057 3014 vm),
3081 2945 3290 3014 dejecto
3321 2948 3497 3004 iucre~

1920 3030 2156 3087 dulitatis
2184 3047 2310 3100 rege
2339 3031 2462 3087 facti
2492 3041 2614 3087 sunt
2655 3034 2911 3104 orphani,
2951 3035 3085 3090 facta
3127 3047 3210 3089 est
3258 3044 3313 3091 et
3358 3055 3494 3092 uxor

225 3124 429 3179 lemus.
463 3122 635 3177 Homo
665 3122 932 3192 perfectus
960 3124 1269 3179 interierem
1313 3141 1467 3180 suum
1510 3126 1814 3195 alloquitur,
1844 3139 1891 3203 ο
1919 3124 2116 3178 diaboli
2137 3121 2312 3178 vidua.
2333 3123 2482 3178 Sicut
2519 3125 2659 3178 enim
2692 3127 2778 3179 uni
2802 3125 2916 3178 viro
2938 3126 3258 3196 deeponsata
3288 3139 3368 3183 est
3397 3129 3497 3184 Ec-

224 3217 460 3270 dicens:
496 3214 653 3279 Deus,
697 3214 906 3269 laudem
946 3230 1120 3271 meam
1149 3229 1217 3270 ne
1266 3218 1514 3281 tacueris,
1547 3219 1699 3287 quasi
1726 3218 1818 3286 qui

221 3305 383 3359 dicat
413 3321 426 3356 :
462 3302 716 3358 Homines
743 3305 1162 3374 vituperationes
1189 3307 1240 3360 in
1264 3321 1349 3361 me
1376 3308 1612 3362 excitant
1640 3307 1817 3370 falsas;

226 3402 287 3448 tu
339 3392 493 3449 Deus
543 3410 693 3450 meus
741 3395 952 3451 laudem
1007 3413 1183 3454 meam
1237 3414 1342 3452 non
1375 3407 1570 3454 taceas.
1597 3399 1729 3454 Redi
1755 3400 1820 3454 ad

221 3484 624 3541 censeientiam
658 3493 820 3554 tuam,
849 3502 882 3540 ο
909 3487 1074 3542 homo
1104 3488 1219 3553 Dei,
1268 3490 1360 3558 qui
1413 3489 1683 3545 Christum
1732 3504 1820 3544 se—

224 3576 442 3644 queris.
477 3574 544 3628 Et
570 3591 691 3630 cum
715 3592 776 3631 os
795 3579 1096 3647 peccatoris
1119 3587 1174 3633 et
1192 3579 1364 3634 dolosi
1395 3596 1557 3650 super
1583 3589 1636 3635 te
1663 3596 1819 3652 aper-

227 3678 353 3722 tum
404 3665 586 3729 fuerit,
617 3669 905 3736 gratulare,
954 3683 1175 3725 securus
1223 3678 1360 3726 esto.
1393 3671 1528 3738 Quia
1551 3688 1610 3728 os
1632 3688 1821 3743 pecca-

229 3755 378 3813 toris
408 3758 475 3810 δ]
497 3759 938 3828 vituperationem
979 3769 1125 3816 tuam
1147 3763 1385 3832 aperitur
1405 3764 1458 3818 in
1482 3771 1642 3829 terra,
1671 3772 1726 3820 et
1753 3764 1820 3818 ad

226 3849 458 3904 laudem
492 3857 633 3904 tuam
659 3866 720 3905 os
746 3850 842 3906 Dei
871 3853 1109 3922 aperitur
1135 3855 1188 3908 in
1211 3855 1365 3909 cmlo.
1391 3855 1704 3925 Loquantur
1727 3855 1821 3910 ad-

229 3955 460 3997 versum
508 3948 578 4004 te,
619 3941 753 3996 sicut
805 3940 1056 3998 Phariszei
1109 3954 1295 3999 contra
1338 3945 1620 4001 Dominum
1645 3947 1820 4016 lingua

227 4030 450 4091 dolosa,
494 4037 549 4084 et
593 4032 930 4088 sermonibus
973 4031 1078 4087 odii
1105 4034 1434 4089 circumeant
1461 4042 1532 4100 te,
1577 4044 1631 4090 et
1654 4051 1822 4107 expu-

228 4129 410 4188 gnent
437 4129 491 4174 te
517 4123 700 4190 gratis.
731 4123 986 4184 Νοιθηίῠὶ
1007 4125 1174 4192 gratis
1197 4141 1300 4180 non
1327 4127 1456 4181 vitio
1475 4135 1569 4182 tuo
1589 4129 1677 4193 sit,
1710 4143 1818 4183 non

229 4214 401 4281 culpa
432 4219 520 4266 tua
549 4213 636 4277 sit,
682 4214 774 4268 sed
822 4229 1008 4269 eorum
1063 4216 1399 4272 mendacium
1450 4217 1661 4272 veritati
1719 4225 1821 4273 tute

228 4302 459 4356 serviat.
514 4301 692 4358 Servit
733 4304 876 4358 enim
905 4304 1238 4360 mendacium
1291 4307 1522 4371 veritati,
1555 4308 1601 4362 si
1625 4306 1817 4364 famam

231 4408 346 4447 non
383 4395 576 4446 timeas
603 4393 896 4448 hominum.
930 4395 1068 4450 Nihil
1109 4397 1250 4452 enim
1299 4399 1409 4467 agit
1453 4398 1616 4455 falsus
1645 4401 1812 4464 testis,

1922 3215 2083 3270 clesia
2136 3231 2234 3284 per
2280 3213 2466 3279 fidem,
2496 3215 2573 3270 sic
2597 3231 2694 3285 per
2723 3214 3110 3280 inﬁdelitatem,
3149 3234 3250 3272 non
3281 3236 3496 3289 sponsa,

1921 3304 2014 3359 sed
2041 3319 2179 3358 uxor
2207 3309 2290 3358 est
2311 3308 2554 3372 potestas
2582 3303 2992 3368 incredulitatis,
3026 3319 3144 3375 quae
3172 3306 3333 3360 dabat
3364 3324 3500 3377 pou-

1923 3391 2142 3448 tificium
2170 3391 2478 3447 dominandi
2507 3391 2876 3448 sacerdotibus
2905 3395 3246 3462 temptarunt,
3271 3396 3383 3450 sive
3402 3396 3500 3468 Sy-

1923 3495 2169 3551 nagogze,
2211 3495 2308 3536 seu
2353 3480 2724 3535 hmretieorum
2774 3481 3037 3537 ecclesiis.
3083 3482 3208 3538 Haec
3261 3495 3500 3554 petestas

1921 3573 2132 3642 dejecto
2157 3571 2372 3627 diabolo
2401 3569 2631 3626 efﬁcitur
2657 3571 2836 3636 vidua,
2871 3573 2944 3627 ita
2985 3582 3043 3627 ut
3070 3576 3412 3632 anathemate
3436 3577 3502 3630 ii-

1921 3661 1977 3718 lii
2007 3664 2122 3732 ejus
2142 3662 2423 3732 ejiciantur
2452 3671 2507 3716 ut
2535 3661 2859 3738 mendjceut.
2885 3661 3256 3719 Perscrutatur
3285 3666 3497 3722 tenera-

1921 3767 2006 3811 tor
2029 3755 2288 3810 Dominus
2316 3763 2498 3810 noster
2525 3769 2739 3810 omnem
2785 3753 3140 3812 substantiam
3169 3758 3304 3827 ejus,
3329 3760 3496 3830 exigit

1923 3849 1990 3904 ab
2025 3863 2111 3913 ea,
2137 3847 2188 3902 id
2215 3855 2316 3912 est,
2346 3847 2414 3902 ab
2442 3847 2556 3918 ipsa
2580 3855 2849 3917 potestate
2875 3864 3067 3905 usuras
3094 3851 3241 3906 verbi
3265 3853 3496 3922 pruden-

1922 3939 2030 4004 tize,
2059 3939 2252 4009 quibus
2279 3938 2367 3992 illa
2395 3938 2535 3993 male
2562 3950 2658 3993 usa
2687 3945 2786 3994 est.
2831 3939 3098 4010 Diripium
3125 3941 3285 3998 alieni
3312 3959 3502 4000 omnes

1923 4030 2134 4084 labores
2179 4027 2328 4097 ejus,
2360 4028 2715 4084 ostenduntur
2751 4029 2948 4099 injuste
2976 4031 3222 4088 docuisse
3243 4073 3258 4100 ,
3305 4035 3501 4104 injuste

1923 4119 2198 4189 scripsisse
2215 4160 2228 4183 ,
2255 4117 2450 4188 injuste
2477 4118 2782 4176 fabricasse.
2816 4119 2882 4174 Et
2909 4121 3009 4176 ista
3037 4124 3218 4178 omnia
3246 4124 3501 4197 diripiunt

1924 4212 2082 4268 alieni
2111 4227 2140 4266 a
2184 4211 2442 4267 societate
2488 4210 2728 4280 ejusdem
2773 4215 3084 4282 potestatis,
3116 4229 3235 4286 qua:
3264 4226 3500 4288 potestas

1923 4303 2176 4360 deficiens
2215 4303 2268 4357 in
2316 4302 2433 4373 ipso
2481 4301 2694 4358 diabolo
2716 4341 2731 4365 ,
2763 4303 2931 4358 Deum
2961 4304 3259 4374 adjutorem
3287 4310 3499 4379 penitus

1925 4411 2029 4451 non
2061 4395 2241 4450 habet.
2273 4393 2382 4450 Nec
2409 4401 2494 4450 est
2518 4394 2608 4466 qui
2637 4395 2955 4452 misereatur
2995 4398 3250 4469 orphanis
3267 4401 3419 4470 ejus:
3447 4403 3498 4455 in

231 4487 338 4541 nisi
371 4496 434 4539 ut
463 4487 631 4555 ipsam
660 4489 1031 4542 commaculet.
1056 4488 1110 4543 Si
1143 4487 1298 4544 times
1326 4491 1446 4556 hoc,
1481 4507 1664 4548 servus
1691 4491 1820 4548 effe-
1846 4500 1901 4562 Β
1923 4488 2267 4556 generatione
2314 4501 2417 4542 una
2436 4528 2451 4551 .
2503 4485 2555 4541 id
2606 4494 2715 4550 est.
2742 4488 2793 4541 in
2823 4487 2940 4543 $010
2967 4489 3167 4559 populo
3194 4488 3497 4546 Christiano

229 4584 356 4630 ctus
404 4592 494 4638 es;
537 4577 580 4631 si
629 4594 734 4632 non
765 4580 952 4639 times,
999 4580 1134 4633 liber
1176 4595 1252 4636 es.
1302 4580 1453 4636 Time
1480 4591 1608 4651 ergo
1645 4583 1817 4638 solum

231 4669 432 4728 Deum,
465 4675 522 4722 et
548 4669 613 4722 de
635 4669 774 4722 bona
798 4671 1125 4724 conscientia
1147 4687 1488 4740 praesumens,
1521 4675 1716 4727 sentiat
1761 4688 1819 4728 se

228 4759 505 4831 propositi
548 4755 629 4812 'tui
675 4759 815 4813 fama
863 4774 982 4814 esse
1026 4761 1291 4824 ancillam,
1325 4769 1378 4816 et
1406 4774 1524 4816 eam
1557 4763 1820 4833 compelle

223 4849 442 4904 servire
472 4849 639 4916 magis
662 4864 819 4917 quam
851 4850 1116 4919 imperare
1141 4851 1345 4905 virtuti.
1379 4850 1510 4906 Nam
1533 4853 1576 4906 si
1599 4867 1718 4907 eam
1749 4853 1817 4908 ti—

227 4940 457 5004 mueris,
485 4941 592 4994 eris
617 4941 855 4994 omnium
883 4941 971 5010 qui
1002 4942 1306 4997 obtrectare
1334 4951 1582 5012 poterunt
1606 4959 1810 4999 servus.

227 5033 301 5087 Et
348 5031 566 5087 timebis
618 5047 802 5088 verum
843 5033 1055 5099 dicere,
1109 5049 1175 5088 ne
1219 5034 1285 5089 de
1344 5045 1395 5088 te
1441 5033 1570 5089 falsa
1601 5037 1814 5092 contin-

224 5131 382 5193 gant-
412 5117 571 5178 Dices
596 5123 817 5178 forsitan
852 5142 864 5176 :
896 5123 966 5179 Et
991 5125 1117 5194 quid
1162 5125 1350 5182 faciam
1395 5128 1437 5182 si
1490 5127 1820 5183 vulnerarint

223 5216 549 5286 Opinionem
579 5219 786 5270 meam?
807 5216 922 5272 Hoc
949 5215 1030 5272 fac
1055 5218 1196 5286 quod
1219 5218 1320 5273 iste
1344 5218 1486 5281 fecit,
1520 5220 1669 5288 cujus
1697 5236 1816 5274 car-

225 5319 364 5360 men
393 5306 619 5375 exponis
651 5325 662 5357 :
697 5305 800 5361 Pro
829 5321 927 5373 eo,
960 5309 1132 5376 inquit
1153 5350 1167 5372 ,
1201 5318 1258 5362 ut
1302 5325 1386 5364 me
1415 5310 1699 5379 diligerent
1724 5310 1817 5364 de-

227 5399 526 5454 trabe‘bant
578 5400 746 5463 mihi,
777 5415 878 5470 ego
902 5408 1081 5455 autem
1129 5401 1369 5456 orabam.
1427 5399 1670 5458 Ostendit
1719 5401 1812 5455 tibi

227 5488 366 5561 quid
398 5487 581 5542 facias.
611 5485 760 5543 Nunc
814 5489 878 5544 ad
929 5489 1331 5560 maledictiones
1361 5490 1692 5555 accedentes,
1724 5505 1817 5546 ea-

227 5592 465 5634 veamus
491 5578 690 5632 exitum
721 5593 917 5644 rerum,
935 5595 1004 5634 ne
1032 5577 1096 5634 ad
1119 5580 1361 5635 homines
1383 5581 1480 5635 ista
1507 5580 1814 5648 dirigamus,

233 5680 296 5727 et
321 5677 574 5742 putemus
603 5671 754 5726 nobis
785 5673 919 5726 hanc
948 5673 1182 5742 regulam
1214 5673 1424 5735 datum,
1461 5687 1564 5740 quo
1595 5673 1818 5728 maledi-

1922 4579 2130 4635 deletu‘r
2150 4589 2345 4635 nomen
2376 4579 2508 4648 ejus.
2541 4577 2616 4632 lbi
2646 4580 2698 4634 in
2728 4581 3040 4635 memoriam
3069 4581 3206 4637 redit
3245 4582 3498 4653 iniquitas

1923 4679 2132 4741 patrum
2163 4670 2293 4740 ejus.
2327 4669 2573 4738 Quotidie
2597 4671 2790 4739 legitur
2832 4672 2884 4726 in
2922 4670 3157 4728 Ecclesia
3186 4673 3238 4728 in
3266 4688 3492 4745 conspe-

1922 4771 2011 4820 ctu
2033 4763 2150 4826 Dei,
2196 4772 2394 4835 quanta
2426 4763 2564 4819 mala
2602 4762 2842 4821 fecerunt
2883 4762 3130 4824 Christo.
3156 4769 3414 4836 apOstolis
3441 4781 3495 4825 et

1922 4854 2262 4924 martyribus,
2295 4861 2350 4908 et
2377 4861 2654 4925 peccatum
2682 4854 2866 4910 matris
2903 4853 3018 4924 ejus
3045 4857 3252 4928 populi.
3285 4858 3389 4914 hoc
3418 4871 3500 4916 est

1925 4953 2199 5014 peccatum
2227 4944 2510 5014 potestatis
2538 4943 2652 5012 ejus
2679 4959 2785 5000 non
2828 4944 3069 5011 deletur,
3099 4947 3193 5002 sed
3223 4946 3279 5002 tit
3306 4960 3494 5006 etmtra

1923 5035 2203 5092 Dominum
2260 5049 2490 5105 semper,
2511 5045 2562 5090 et
2579 5038 2763 5106 perdet
2777 5038 2842 5093 de
2866 5047 3004 5092 terra
3027 5039 3338 5095 memoriam
3359 5041 3492 5106 ejus.

1922 5125 2062 5181 Ecce
2108 5126 2264 5196 periit
2308 5131 2547 5196 potestas
2586 5134 3008 5195 persecutorem,
3038 5128 3160 5199 quia
3193 5128 3292 5198 ipsi
3316 5145 3491 5184 rerum

1930 5216 2128 5270 domini
2157 5215 2297 5269 servi
2324 5223 2444 5269 sunt
2470 5213 2686 5272 Christi.
2712 5213 2876 5270 Periit
2921 5231 3048 5283 ergo
3081 5217 3146 5272 de
3177 5228 3315 5272 terra
3340 5229 3494 5288 pote-

1921 5313 2050 5359 stas.
2083 5303 2194 5365 llla,
2219 5319 2338 5374 qua:
2367 5320 2482 5360 non
2503 5313 2590 5360 est
2613 5305 2891 5362 recordata
2909 5347 2924 5369 ,
2970 5314 3027 5358 ut
3055 5307 3259 5360 faceret
3285 5306 3490 5362 miseri—

1921 5395 2177 5457 cordiam,
2226 5394 2322 5448 sed
2371 5404 2650 5465 persecuta
2682 5406 2770 5451 est
2802 5397 3090 5454 hominem.
3124 5392 3292 5464 Quem
3319 5398 3492 5456 homi-

1920 5489 2078 5543 nem?
2129 5485 2460 5557 Pauperem,
2495 5487 2692 5558 inquit,
2747 5498 2800 5543 et
2850 5489 3170 5545 mendicum.
3225 5488 3495 5542 Christum

1920 5579 2122 5649 utique,
2156 5586 2210 5632 et
2238 5579 2288 5632 in
2319 5579 2568 5647 passione
2599 5581 2724 5633 etin
2748 5596 2962 5633 suorum
2993 5580 3267 5649 martyrio.
3299 5579 3499 5634 Dilexit

1921 5672 2345 5727 melcdietioncm
2386 5672 2676 5741 Aquux
2725 5687 2818 5742 per
2861 5671 3127 5726 Christum
3159 5671 3413 5736 aufertur,
3445 5681 3503 5723 ct
