3908 6176
269 366 362 420 497

831 477 1142 532 PSAIMUS
1171 477 1278 531 CX.

978 569 1177 622 lleluia.

332 678 624 748 Conﬁtebor
647 676 754 744 tibi,
782 677 1015 742 Domine,
1039 680 1089 731 in
1111 688 1211 732 toto
1234 677 1386 730 corde
1407 677 1604 735 meo,in
1619 675 1832 726 concilio

265 772 514 841 iustorum
541 777 589 821 et
617 770 1026 839 congregatione.
1079 768 1271 838 Magna
1293 785 1445 836 opera
1482 765 1710 827 Domini,
1740 781 1831 816 ex—

261 862 449 931 quisita
473 862 522 912 in
553 875 726 912 omnes
757 859 1035 911 voluntates
1062 860 1190 928 ejus.
1220 856 1485 928 Confessio
1514 865 1562 907 et
1590 853 1832 924 magniﬁ-

262 953 429 1005 centia
459 968 583 1020 opus
612 952 742 1021 ejus,
767 959 815 1002 et
836 951 1039 1020 justit-ia
1069 952 1177 1019 ejus
1200 959 1370 1002 manet
1394 949 1444 1000 in
1469 947 1712 1000 satculum
1737 961 1835 998 503-

256 1046 380 1099 culi.
407 1042 711 1096 Memoriam
752 1044 870 1113 fecit
893 1041 1200 1095 mirabilium
1241 1057 1446 1094 suorum
1472 1040 1758 1093 misericors
1787 1045 1835 1089 et

261 1136 534 1188 miser‘ator
567 1131 835 1197 Dominus,
868 1148 1037 1185 eseam
1060 1132 1197 1185 dedit
1225 1131 1517 1184 timentibus
1537 1146 1611 1183 se.
1638 1127 1836 1180 Memor

261 1229 354 1280 crit
374 1229 426 1279 in
449 1229 692 1279 sceculum
716 1227 997 1280 testamenti
1015 1227 1114 1290 sui,
1137 1227 1268 1278 virtu
1281 1237 1372 1278 'em
1391 1240 1597 1294 operum
1626 1237 1834 1275 suorum

261 1316 590 1369 amnmtiabit
611 1317 795 1386 popqu
825 1333 935 1369 suo.
975 1314 1041 1368 Ut
1074 1315 1157 1368 det
1193 1315 1296 1367 illis
1337 1314 1679 1366 litereditatem
1708 1328 1834 1381 gen-

262 1409 405 1471 tium,
437 1426 594 1479 opera
624 1424 866 1460 manuum
896 1408 1004 1477 ejus
1039 1409 1225 1460 veritas
1255 1416 1302 1458 et
1325 1405 1596 1475 judicium.
1629 1401 1835 1455 Fidelia

262 1501 432 1551 omnia
479 1499 724 1550 mandata
759 1500 891 1567 ejus,
920 1497 1227 1566 conﬁrmata
1257 1497 1328 1548 in'
1349 1494 1590 1548 steeulum
1637 1493 1832 1555 stecut'i,

263 1590 401 1656 facta
430 1589 484 1640 in
507 1589 715 1640 veritate
737 1597 785 1640 et
813 1590 1079 1658 (equitate.
1117 1586 1531 1654 Redemptionem
1561 1585 1699 1636 misit
1727 1581 1834 1636 Do-

261 1681 430 1734 minus
458 1678 646 1749 populo
673 1695 764 1731 suo
789 1717 802 1738 ,
832 1678 1092 1731 mandavit
1123 1679 1174 1730 in
1205 1687 1451 1730 alternum
1482 1683 1836 1728 testamentum

261 1787 422 1823 suum.
455 1770 704 1823 Sanctum
731 1777 778 1822 et
810 1769 1029 1822 terribile
1051 1785 1231 1822 nomen
1252 1770 1380 1840 ejus,
1407 1768 1606 1820 initium
1629 1767 1834 1836 sapien-

1211 365 1673 422 COMHEN'I'ARII
1714 365 1776 417 ιΪὶ
1816 363 2140 418 ΡΞΜΜΟΞ.
2186 365 2372 419 I’S\1..
2417 365 2547 418 CXI.

1869 480 1910 533 Α
1943 484 2193 529 rectorum
2223 477 2560 529 benedicetur.
2595 476 2771 530 Gloria
2800 487 2848 530 et
2870 478 3060 532 divitia:
3088 482 3137 531 in
3181 478 3328 532 domo
3369 484 3469 548 ej».
3495 525 3503 534 ,

1937 577 1986 620 et
2005 568 2212 637 justitia
2235 572 2344 638 ejus
2368 579 2538 621 manet
2566 570 2885 622 instet-alunt
2923 571 3118 623 surculi.
3156 570 3403 623 liam-nun
3438 583 3509 623 tsi

1936 661 1987 712 in
2023 658 2238 712 tenebris
2261 662 2426 712 lumen
2457 663 2624 721 rectis,
2654 663 2942 716 misericors
2967 671 3015 715 et
3043 663 3310 715 miser-ator
3343 675 3390 714 et
3423 667 3507 732 jn—

1936 763 2060 803 sz'us.
2086 751 2348 804 Iucundus
2371 753 2519 805 homo
2545 754 2626 822 qui
2651 756 2912 806 miseretur
2931 763 2980 806 et
3000 753 3304 811 commodat,
3339 755 3510 820 dispm

1938 842 2013 894 nit
2063 859 2319 896 sermones
2366 859 2482 895 suos
2529 845 2582 896 in
2637 844 2861 908 judicio,
2906 846 3024 915 quia
3052 846 3104 896 in
3135 856 3379 897 ottcrnrrm
3407 864 3506 898 non

1936 934 2345 985 cmnmorebitur.
2381 931 2444 985 In
2476 936 2720 986 memoria
2751 943 2942 986 trterna
2971 937 3065 986 erit
3080 936 3271 1004 justus,
3307 935 3369 986 ab
3411 954 3505 987 au-

1936 1023 2126 1076 ditione
2151 1024 2287 1076 mala
2318 1041 2418 1077 non
2449 1024 2655 1077 timebit.
2691 1023 2942 1078 Par.:tum
2965 1042 3051 1078 cor
3087 1027 3194 1095 ejus
3231 1042 3436 1094 sperare
3457 1029 3504 1078 in

1936 1113 2179 1176 Domino,
2219 1117 2581 1184 conﬁrmatum
2607 1127 2680 1169 est
2709 1133 2796 1170 cor
2826 1119 2954 1187 ejus,
2981 1134 3081 1170 non
3121 1119 3510 1171 commorrbitur

1935 1206 2094 1258 donec
2124 1206 2370 1276 despiciat
2407 1208 2642 1260 inimicos
2669 1224 2805 1261 suos.
2840 1208 3091 1277 Dispersit
3110 1251 3122 1268 ,
3157 1207 3292 1264 dedit
3320 1225 3508 1277 νιίίιπιε-

1934 1296 2072 1348 ribus
2098 1335 2112 1360 ,
2135 1297 2339 1366 justitia
2369 1298 2478 1366 ejus
2521 1308 2692 1352 manet
2738 1300 2792 1351 in
2837 1299 3078 1352 saxulum
3108 1301 3312 1362 smculi,
3354 1317 3508 1353 cornu

1933 1387 2043 1456 ejus
2072 1386 2380 1438 exaltabitur
2408 1388 2460 1440 in
2485 1387 2667 1457 gloria.
2695 1387 2944 1441 Peccator
2964 1389 3146 1442 ridebit
3171 1398 3218 1442 et
3237 1391 3502 1447 irascetur,

1936 1476 2166 1532 dentibus
2194 1479 2297 1533 suis
2323 1481 2501 1549 fremet
2525 1489 2573 1533 et
2599 1482 2837 1544 tabescet,
2859 1481 3167 1535 desiderium
3187 1491 3505 1552 peccatorum
3567 1505 3570 1508 -

1935 1566 2134 1638 peribit.

2510 1656 2957 1704 COM!E.\’TARIUM._

2010 1748 2100 1802 Vir
2119 1749 2216 1803 Dei
2237 1748 2433 1806 Esdras
2454 1753 2715 1822 propheta
2743 1769 2861 1808 cum
2892 1754 3268 1822 recapitularet
3295 1769 3504 1808 omnem

264 1865 346 1915 tia:
375 1864 531 1914 timor
551 1860 778 1914 Domini.
809 1861 1104 1914 Intellectus
1144 1861 1303 1914 bonus
1333 1860 1565 1914 omnibus
1597 1860 1832 1930 facienti-

1939 1841 2138 1909 legem,
2172 1842 2267 1898 Dei
2317 1853 2448 1898 nutu
2473 1846 2714 1913 quaedam
2745 1847 3006 1914 adjunxit.
3039 1847 3189 1901 Unde
3218 1849 3378 1902 etiam
3407 1846 3504 1914 Ag.

260 1955 350 2005 bus
381 1969 513 2016 eum,
547 1951 775 2004 laudatio
803 1951 910 2021 ejus
939 1963 1108 2004 nianet
1131 1953 1181 2003 in
1215 1952 1456 2005 swculum
1484 1950 1676 2004 sa’culi.

834 2079 1266 2118 COMMENTARIUS].

331 2177 671 2233 Centesimus
713 2178 948 2233 decimus
979 2178 1213 2247 psalmus
1261 2177 1313 2230 in
1350 2179 1576 2232 concilio
1618 2186 1834 2234 Sancto-

260 2285 376 2324 rtun
397 2267 683 2325 conﬁtetur
713 2285 903 2339 Inagna
932 2286 1095 2340 opera
1121 2269 1333 2322 Domini
1362 2269 1682 2334 nativitatis,
1716 2285 1835 2337 pas-

261 2363 447 2429 sionis,
474 2364 883 2418 resurrectionis
915 2371 967 2417 et
1004 2362 1058 2416 in
1089 2363 1254 2416 cmlos
1285 2363 1630 2415 ascensionis.
1651 2361 1834 2428 Magna

264 2457 373 2509 hinc
403 2470 568 2523 opera
614 2453 852 2516 Domini,
887 2469 1076 2522 magna
1110 2467 1164 2510 et
1192 2455 1454 2524 exquisita
1487 2455 1539 2508 in
1587 2456 1834 2507 omnibus

267 2547 625 2600 voluntatibus
654 2546 789 2614 ejus.
822 2545 1009 2615 Magna
1040 2556 1164 2600 sunt
1203 2546 1415 2614 quidem
1450 2547 1627 2599 omnia
1675 2562 1834 2616 opera

260 2626 375 2704 ejus
405 2637 474 2689 ab
505 2636 654 2689 initio
683 2637 861 2690 saeculi
887 2654 899 2698 ;
932 2636 1023 2690 sed
1056 2637 1153 2689 ista
1181 2652 1282 2689 non
1305 2636 1475 2690 solum
1507 2651 1718 2703 magna,
1744 2636 1838 2689 sed

261 2737 316 2781 et.
345 2727 610 2794 exquisita
640 2726 693 2779 in
725 2727 971 2781 omnibus
1000 2742 1116 2796 quae
1147 2727 1212 2780 ab
1243 2727 1393 2779 initio
1421 2726 1661 2779 voluitet
1691 2725 1833 2780 fecit.

261 2817 542 2872 Confessio
588 2819 864 2872 Trinitatis
903 2829 956 2872 ct
1003 2818 1395 2886 magniﬁcentia
1421 2819 1668 2883 Deitatis,
1703 2835 1838 2888 opus

261 2932 271 2957 t
293 2918 374 2971 st;
394 2910 602 2976 justitia
626 2909 740 2977 ejus
762 2909 1103 2963 immutabilis
1125 2917 1429 2977 perseverat
1453 2910 1504 2963 in
1536 2911 1725 2963 saecula
1747 2926 1839 2964 sa:-

266 3001 531 3065 culornm,
565 3001 615 3052 in
637 3016 740 3069 qua
765 3000 969 3067 justitia
1003 3001 1317 3054 memoriam
1356 3001 1480 3056 fecit
1516 3003 1834 3056 mirabilium

265 3107 512 3151 suorum,
546 3090 728 3145 dicens
761 3110 772 3143 :
804 3089 931 3145 Herc
970 3093 1359 3163 quotiescunque
1386 3094 1625 3162 feceritis,
1656 3095 1707 3146 in
1739 3096 1835 3146 mei

256 3183 564 3235 memoriam
606 3183 820 3252 facietis.
872 3182 1094 3248 Quando
1139 3183 1238 3238 hoc
1267 3185 1398 3237 dixit
1438 3185 1738 3239 misericors
1780 3194 1833 3239 et
1863 3201 1904 3256 ε
1938 3182 2107 3270 pom”

257 3271 548 3325 miseratur
571 3272 856 3326 Dominus?
890 3280 1012 3327 tunc
1040 3274 1154 3327 sine
1184 3273 1375 3337 dubio,
1421 3275 1629 3343 (plaudo
1658 3291 1832 3327 escam

254 3365 405 3419 dedit
451 3366 692 3434 corporis
743 3367 824 3419 sui
867 3366 1173 3420 timentibus
1209 3382 1286 3419 se.
1319 3365 1384 3420 Et
1413 3367 1515 3420 hoc
1544 3375 1833 3419 testamen-

255 3464 375 3507 tum
404 3470 610 3508 memor
639 3456 740 3508 erit
765 3451 1015 3510 Dominus
1045 3456 1098 3509 in
1125 3465 1401 3518 oeternmn,
1436 3472 1530 3524 per
1557 3456 1696 3523 quod
1727 3457 1830 3509 vir-

252 3551 429 3597 tutem
477 3559 699 3612 operum
744 3562 960 3600 suorum
990 3548 1321 3601 annuntiavit
1359 3549 1554 3616 populo
1584 3563 1708 3609 suo;
1741 3563 1836 3616 per

249 3634 403 3702 quod
433 3633 580 3687 dedit
609 3636 684 3689 eis
716 3636 1080 3690 hmreditatem
1118 3638 1389 3704 gentium;
1423 3653 1518 3705 per
1558 3637 1698 3705 quod
1731 3655 1834 3690 non

258 3724 312 3775 in
346 3724 718 3792 phantasmate
741 3763 757 3789 ,
799 3731 855 3778 ut
899 3726 1307 3794 anathemabilis
1335 3726 1655 3781 Maniclneus
1683 3743 1830 3780 som—

257 3817 436 3868 niatus
463 3825 563 3879 est,
594 3817 686 3870 sed
716 3824 769 3870 et
797 3818 848 3870 in
878 3818 1120 3882 veritate,
1154 3820 1206 3873 in
1239 3819 1440 3886 judicio
1465 3836 1477 3884 ;
1509 3827 1562 3872 et
1588 3835 1836 3886 qurccun-

252 3921 362 3974 que
420 3905 666 3972 leguntur
721 3906 965 3978 niandata
1013 3908 1127 3975 ejus
1172 3908 1346 3962 ﬁdelia
1386 3917 1438 3962 et
1480 3917 1660 3963 sancta
1690 3917 1831 3972 sunt,

256 3996 574 4050 conﬁrmata
614 3998 664 4050 in
695 3997 906 4053 Christo
926 4038 940 4058 .
973 4000 1239 4053 manentia
1271 4001 1321 4054 in
1344 4002 1588 4058 smculum
1621 4001 1830 4066 saeculi,

257 4091 384 4159 quia
434 4090 570 4143 facta
621 4099 746 4144 sunt
793 4092 843 4144 in
885 4093 1129 4146 veritate.
1168 4092 1224 4146 ln
1268 4094 1383 4162 ipso
1408 4094 1587 4162 utique
1613 4094 1834 4148 Domino

257 4189 446 4233 nostro
495 4180 618 4233 Jesu
664 4180 875 4235 Christo
928 4184 1212 4252 completa,
1263 4193 1312 4237 et
1357 4185 1405 4237 in
1445 4184 1558 4251 ejus
1585 4186 1835 4252 :equitate

253 4281 380 4325 sunt
410 4273 675 4325 custodita
694 4314 707 4336 ,
748 4274 960 4341 quando
988 4275 1407 4345 redemptionem
1438 4292 1535 4345 per
1561 4278 1835 4345 apostolos

258 4364 402 4417 misit
431 4365 626 4432 populo
654 4382 752 4419 suo
781 4366 960 4420 dicens
994 4385 1004 4417 :
1042 4366 1138 4429 Ite,
1177 4363 1432 4436 baptizate
1459 4385 1630 4421 omnes
1661 4378 1833 4439 gentes

257 4459 310 4508 in
352 4459 558 4509 nomine
587 4456 783 4520 Patris,
808 4468 855 4511 et
887 4458 1028 4523 Filii,
1059 4469 1106 4512 et
1128 4459 1351 4529 Spiritus
1381 4461 1566 4524 sancti,
1599 4460 1832 4514 docentes

257 4565 340 4601 eos
367 4549 622 4602 custodire
650 4552 821 4603 omnia
862 4552 1238 4621 qutu'mmttlavi
1267 4551 1404 4605 robis
1428 4551 1602 4616 (Matt.
1626 4552 1827 4620 xxvnt).
1865 4555 1906 4610 Ι)

257 4637 388 4701 Quia
424 4636 597 4690 lidelia
618 4639 794 4693 omnia
816 4640 1061 4694 mandata
1089 4649 1226 4704 sunt,
1252 4642 1304 4694 in
1346 4643 1536 4709 quibus
1563 4644 1827 4696 mandatis

257 4727 331 4786 ita
359 4735 622 4789 sanctum,
674 4738 728 4783 et
779 4730 848 4783 ita
889 4733 1121 4785 terribile
1151 4749 1343 4787 nomen
1374 4734 1487 4800 ejus
1534 4744 1592 4788 ut
1622 4737 1827 4790 initium

257 4818 531 4885 sapientim
572 4819 729 4886 hujus
776 4822 935 4874 timor
971 4823 1038 4876 sit
1086 4823 1311 4877 Domini.
1346 4824 1474 4878 Nam
1503 4827 1590 4895 qui
1621 4828 1734 4879 sine
1759 4827 1827 4879 ti-

259 4924 408 4962 more
445 4920 525 4963 est
555 4911 736 4966 incidit
765 4914 817 4968 in
858 4915 1072 4980 malum,
1105 4917 1194 4984 qui
1222 4924 1398 4972 autem
1440 4919 1687 4972 timorem
1734 4920 1828 4974 Dei

258 5001 420 5055 habet
468 5011 629 5072 caput
664 5007 938 5075 sapientia:
980 5009 1140 5062 habet
1165 5049 1177 5069 ,
1210 5025 1306 5077 per
1325 5021 1481 5079 quem
1505 5011 1827 5066 intellectum

258 5091 473 5146 habebit
502 5093 726 5161 bonum,
761 5095 831 5149 ita
861 5104 918 5149 ut
949 5098 1060 5152 laus.
1088 5099 1202 5166 ejus
1240 5112 1452 5156 maneat
1479 5103 1531 5154 in
1577 5104 1827 5158 smculum

259 5185 454 5237 saeculi.
490 5185 724 5249 Manens,
758 5188 919 5241 immo
951 5206 1265 5258 permanens
1288 5193 1337 5245 in
1372 5194 1560 5247 timore
1602 5195 1691 5248 Dei
1731 5196 1826 5247 ha-

260 5273 402 5328 bebit
425 5276 475 5327 in
504 5274 715 5332 Christo
747 5278 972 5344 laudem,
996 5291 1048 5334 et
1079 5283 1187 5350 ipsa
1217 5283 1329 5337 laus
1351 5295 1529 5338 manet
1558 5286 1608 5338 in
1639 5287 1827 5340 sarcula

259 5365 592 5420 saeculorum.
619 5368 810 5423 Amen.

790 5457 1101 5515 PSALMUS
1159 5461 1292 5514 CXI.

463 5546 683 5602 Alleluia
710 5551 1028 5605 reversionis
1050 5553 1226 5620 Aggzri
1257 5562 1310 5607 ct
1336 5554 1620 5611 Zacharizc.

337 5655 519 5712 Beatus
547 5663 620 5713 rir
649 5664 733 5732 qui
765 5666 902 5716 timet
956 5665 1224 5719 Dominum
1252 5708 1263 5730 ,
1306 5671 1357 5721 in
1411 5670 1670 5722 mandatis
1716 5672 1824 5740 ejus

262 5751 371 5800 rel.“
422 5755 585 5806 nimis.
623 5755 806 5810 l'otcns
837 5759 884 5809 in
917 5760 1170 5811 terruerit
1211 5778 1375 5815 semen
1407 5763 1534 5831 ejus,
1559 5766 1819 5831 generatio

1935 1949 2049 2002 garo
2074 1943 2128 1990 et
2150 1936 2417 1992 Zacharite
2447 1939 2605 1993 istum
2636 1940 2843 1994 titulum
2873 1942 3220 1996 consecravit.
3245 1939 3506 1995 (ῖίιηωηςεη

1935 2039 2064 2093 ergo
2110 2029 2459 2082 centesimum
2502 2029 2836 2083 undecimum
2885 2032 3168 2100 psalmum,
3221 2041 3272 2084 et
3326 2031 3508 2084 deum,

1936 2117 2144 2179 laudem
2173 2118 2288 2185 ejus
2317 2119 2468 2187 quasi
2499 2119 2549 2172 in
2580 2136 2685 2174 uno
2714 2121 2829 2174 viro
2854 2120 3093 2189 perfecto
3125 2121 3369 2173 omnibus
3398 2138 3502 2174 sar-

1935 2208 2052 2271 ctis,
2083 2216 2138 2261 ut
2158 2209 2302 2277 quod
2317 2209 2382 2263 de
2404 2225 2510 2262 uno
2531 2209 2819 2264 dixerimus
2840 2211 2906 2264 sit
2928 2211 2992 2264 de
3016 2212 3259 2264 onmibns
3282 2212 3504 2266 dictum:

1938 2307 1994 2351 et
2019 2299 2161 2366 quod
2209 2299 2549 2366 singulariter
2579 2300 2737 2354 fuerit
2784 2302 3154 2370 explanatum,
3198 2302 3508 2355 universali.

1937 2391 2191 2444 sanctitas
2220 2392 2412 2460 capiat.
2461 2391 2656 2445 Beatus
2682 2394 2764 2445 vir
2791 2394 2881 2461 qui
2905 2394 3055 2448 timet
3093 2395 3392 2448 Dominum.
3421 2394 3502 2446 F3»

1939 2495 2058 2532 nem
2088 2482 2343 2549 prtcteriti
2388 2483 2577 2550 psalmi
2608 2483 2882 2551 prmsentis
2908 2484 3169 2553 principio
3198 2484 3504 2538 collocavit.

1941 2578 1997 2624 tt
2027 2572 2128 2624 hoc
2156 2572 2297 2641 quod
2325 2573 2457 2626 dixit
2486 2573 2624 2627 illius
2651 2572 2772 2639 lino,
2806 2574 3014 2627 laudem
3046 2575 3280 2628 timentis
3331 2575 3506 2628 Domi‘

1941 2679 2064 2716 num
2095 2679 2310 2717 manere
2333 2663 2384 2717 in
2414 2665 2666 2719 sarculum
2697 2666 2892 2729 ssc-culi,
2924 2667 3010 2720 hic
3040 2667 3091 2719 in
3121 2667 3380 2735 principio
3413 2667 3506 2733 ip—i

1939 2755 2029 2821 qui
2057 2755 2207 2809 timet
2255 2755 2535 2810 Dominum
2585 2757 2966 2812 beatitudinem
3011 2758 3329 2826 applicaret,
3361 2759 3509 2825 Clljti~

1941 2847 2278 2900 beatitudinis
2304 2857 2356 2901 et
2385 2849 2591 2917 species
2628 2849 2923 2903 declararet
2953 2859 3006 2902 et
3036 2849 3191 2902 facta.
3217 2849 3346 2914 Quis
3383 2864 3508 2915 erg.)

1939 2939 2028 3006 qui
2062 2939 2211 2992 timet
2241 2939 2560 2992 Dominum?
2588 2939 2712 2993 Sine
2743 2939 2936 3004 dubio,
2978 2942 3067 3007 qui
3118 2943 3366 2994 mandata
3399 2942 3511 3008 ejus

1939 3029 2083 3098 cupit
2113 3030 2284 3083 nimis.
2313 3028 2509 3084 Potens
2549 3031 2650 3084 erit
2679 3046 2862 3084 semen
2895 3030 3011 3098 ejus
3036 3032 3087 3084 in
3121 3039 3289 3092 terra,
3323 3047 3427 3084 non
3460 3034 3508 3084 in

1940 3128 2170 3186 potrosa,
2197 3135 2294 3173 nec
2324 3137 2464 3173 secus
2495 3123 2648 3186 viam,
2675 3137 2772 3175 nec
2803 3122 2934 3174 inter
2954 3125 3151 3191 spinas,
3183 3124 3273 3176 sed
3297 3126 3350 3177 in
3375 3134 3508 3176 terra

2119 3209 2268 3262 Matt.
2302 3211 2436 3280 tun).
2468 3210 2669 3265 Potens
2709 3220 2790 3265 est
2827 3214 3105 3280 generatio
3135 3228 3251 3281 qua:
3289 3229 3354 3267 ex
3397 3215 3510 3284 ipso

1937 3300 2138 3352 semine
2162 3303 2428 3367 nascitur,
2453 3317 2666 3370 semper
2702 3302 2753 3354 in
2783 3303 3151 3358 benedictione
3181 3305 3300 3357 erit.
3333 3303 3509 3359 Gloria

1938 3399 1991 3442 et
2020 3390 2214 3443 tiivilizt‘.
2258 3391 2310 3443 in
2357 3391 2518 3444 domo
2563 3392 2695 3459 ejus.
2737 3391 3027 3446 Audiamus
3067 3393 3158 3446 Dei
3196 3395 3508 3462 sapientiam

1938 3481 2295 3546 alloqucntem
2328 3499 2339 3532 :
2375 3481 2441 3533 Et
2469 3483 2512 3535 si
2542 3482 2758 3545 divititc,
2789 3483 2983 3550 inquit,
3016 3483 3299 3550 diligantur
3328 3485 3378 3536 in
3408 3485 3510 3537 hac

1939 3573 2043 3625 vita
2068 3613 2081 3636 ,
2112 3573 2237 3640 quid
2262 3573 2522 3641 sapientia
2545 3573 2858 3642 locupletius
2886 3589 3002 3641 qua:
3025 3575 3202 3628 omnia
3231 3576 3465 3643 possidet
3489 3581 3509 3629 ‘3

1937 3663 2036 3729 Qui
2066 3678 2193 3732 ergo
2220 3664 2538 3732 sapientiam
2590 3665 2726 3718 intra
2777 3665 2992 3719 domum
3039 3668 3279 3734 corporis
3308 3668 3387 3718 sui
3419 3668 3502 3719 ha-

1937 3754 2064 3808 bere
2083 3755 2364 3820 meruerit,
2397 3755 2559 3808 habet
2587 3755 2730 3809 intus
2756 3755 3000 3823 gloriam.
3027 3755 3196 3809 liabet
3221 3764 3274 3809 et
3303 3756 3510 3810 divitia».

1940 3861 2041 3899 non
2073 3846 2336 3908 caducas,
2371 3863 2475 3901 non
2500 3862 2632 3915 quas
2661 3848 2803 3901 tinea
2833 3849 3153 3902 exterminat
3177 3887 3190 3914 ,
3226 3863 3330 3902 non
3378 3864 3509 3918 quas

1938 3937 2077 3991 fures
2106 3939 2344 4007 rapiunt,
2369 3939 2463 3992 sed
2492 3939 2607 3992 illas
2639 3939 2850 3994 divitias
2877 3955 3010 4009 quas
3037 3949 3298 3994 memorat
3339 3942 3389 3994 in

1936 4029 2112 4081 culum
2142 4029 2319 4082 sazculi
2347 4038 2682 4098 permanere,
2707 4046 2803 4099 per
2827 4045 2959 4099 quas
2980 4032 3182 4085 orietur
3203 4032 3253 4084 in
3277 4026 3507 4085 tenebria

1937 4119 2091 4188 hujus
2141 4121 2323 4174 mundi
2372 4121 2547 4173 lumen
2579 4121 2740 4175 rectis
2769 4122 2930 4175 corde
2953 4163 2966 4185 ,
2999 4137 3222 4190 quorum
3274 4122 3508 4176 videntt:~.

1935 4210 2179 4263 homines
2219 4225 2400 4278 opera,
2443 4208 2741 4276 gloriﬁcent
2788 4209 3000 4263 Patrem
3031 4213 3120 4280 qui
3147 4221 3226 4266 est
3259 4213 3308 4266 in
3339 4214 3504 4269 caelis.

1935 4302 2001 4353 sit
2033 4308 2237 4353 tantum
2258 4301 2560 4354 misericors
2591 4307 2642 4353 et
2669 4301 2952 4355 miserator
2980 4302 3202 4356 homini.
3237 4303 3378 4357 Sicut
3412 4305 3469 4356 si:
3498 4307 3506 4356 ἑ

1938 4391 2046 4443 vult
2094 4391 2254 4444 homo
2309 4390 2446 4444 eﬂici
2493 4389 2811 4454 Dominum,
2846 4393 2914 4444 sit.
2940 4393 3090 4460 pius,
3124 4395 3186 4446 sit
3215 4395 3462 4461 jucundu-
3493 4437 3504 4449 .

1938 4485 2318 4537 misereaturet
2348 4483 2666 4542 cmnmodct.
2701 4494 2753 4537 ct
2783 4485 2833 4536 in
2862 4485 3062 4551 judicio
3094 4503 3196 4538 non
3229 4503 3505 4554 persrmnm

1935 4575 2110 4644 inopis
2141 4575 2454 4639 coalundal,
2487 4586 2540 4628 ct.
2567 4577 2802 4644 potentis
2829 4577 3082 4644 accipiat;
3121 4577 3263 4645 quod
3313 4579 3355 4630 si
3405 4580 3506 4631 hoc

1933 4664 2134 4735 fecerit,
2161 4668 2211 4720 in
2243 4675 2496 4720 aeternum
2531 4683 2633 4720 non
2665 4667 3104 4721 commovebitur.
3141 4668 3390 4723 Memoria
3416 4685 3508 4723 au-

1936 4764 2039 4808 tem
2072 4756 2184 4823 ejus
2213 4766 2410 4810 :clcrna
2440 4758 2572 4819 erit,-
2592 4766 2644 4809 et
2673 4759 2796 4812 dum
2825 4759 3045 4826 cmperit
3073 4760 3198 4812 tuba
3221 4775 3411 4813 sonare
3442 4760 3506 4815 de

1937 4848 2102 4911 cmlo,
2142 4848 2266 4901 dum
2297 4849 2518 4917 emperit
2548 4849 2680 4915 ignis
2709 4851 2931 4918 strepitu
2961 4851 3215 4917 gehennre
3261 4850 3507 4907 frenden-

1935 4940 2076 4991 tibus
2095 4939 2264 5006 globis
2294 4937 2533 4992 ﬂammas
2562 4955 2828 5001 evomere,
2863 4941 2946 4994 hic
2973 4942 3184 5008 penitus
3213 4959 3316 4997 non
3350 4945 3507 4998 time-—

1934 5029 2030 5082 bit.
2057 5029 2275 5094 Quare?
2303 5028 2435 5094 Quia
2467 5039 2707 5097 paratum
2737 5045 2950 5099 semper
2980 5030 3074 5084 fuit
3112 5049 3205 5086 cor
3234 5034 3347 5103 ejus
3382 5051 3504 5104 spe’

1932 5135 2051 5173 rare
2103 5122 2154 5174 in
2213 5119 2455 5174 Domino.
2511 5119 2740 5189 [deoque
2795 5121 3112 5176 conﬁrmato
3174 5125 3334 5178 corde
3399 5143 3503 5178 non

1933 5209 2353 5263 commovebitur
2376 5251 2389 5274 ,
2424 5211 2595 5265 donec
2625 5211 2800 5265 videat
2823 5213 3068 5268 inimicos
3097 5231 3222 5269 suos
3252 5217 3302 5268 in
3335 5217 3502 5282 ipsum

1932 5301 2070 5355 mitti
2127 5299 2448 5354 incendium.
2482 5299 2679 5355 Omnes
2707 5304 2909 5358 scilicet
2939 5306 3238 5358 immundos
3266 5307 3501 5372 spiritus,

1929 5393 2020 5461 qui
2066 5393 2133 5447 ab
2174 5392 2498 5456 inimicitiis,
2532 5393 2762 5461 quandiu
2786 5411 2970 5448 smnus
3020 5396 3069 5454 in
3107 5397 3205 5447 isto
3254 5411 3501 5462 (‘t‘tt'}!0l't',

1934 5486 2152 5539 omnino
2182 5501 2289 5540 non
2317 5492 2546 5539 cessant.
2573 5483 2769 5538 Verum
2799 5486 2942 5552 quia,
2978 5494 3033 5537 ut
3063 5485 3168 5538 dixi
3189 5525 3200 5546 ,
3255 5486 3300 5536 si
3341 5503 3501 5538 unum

1934 5579 2166 5647 aliquem
2187 5577 2398 5633 beatum
2424 5578 2581 5633 istum
2620 5579 2788 5630 virum
2822 5579 2872 5630 in
2911 5580 3010 5631 isto
3057 5594 3218 5646 opere
3242 5583 3498 5642 “Olltin'f‘i,

1935 5675 2178 5728 munibus
2219 5676 2571 5744 applicabitur
2612 5676 2702 5743 qui
2752 5673 2985 5742 ejusdem
3034 5674 3155 5728 facti
3199 5675 3500 5730 similitudi-

1935 5781 2053 5818 nem
2082 5774 2422 5836 perpetrant;
2453 5767 2528 5820 sic
2551 5764 2722 5818 dicam
2757 5764 2806 5817 in
2854 5765 3011 5819 brato
3056 5764 3341 5820 {cuneatim
3392 5769 3421 5820 h
3444 5780 3501 5813 rt:

2102 3271 2107 3279 ι
