3908 6176
433 387 536 444 499

1789 387 2058 444 ARNOBll
2097 387 2396 444 JUNIORIS

3539 408 3623 462 500

430 503 640 568 omnia,
680 511 734 557 et
785 503 1101 574 prophetata
1129 509 1183 557 et
1222 503 1376 557 facta.
1414 501 1674 571 Dispersit
1702 503 1843 556 enim
1887 519 2005 556 om-
2035 507 2086 561 Α
2111 518 2228 556 eam
2267 514 2492 558 matrem
2539 507 2588 559 in
2632 505 2750 560 [iliis
2791 509 3162 565 exsultantem.
3208 512 3442 569 Sanctam
3474 521 3627 588 utique

431 595 547 650 nia.
589 603 643 647 et
694 593 838 647 dedit
884 593 1236 663 pauperibus;
1279 609 1384 648 non
1433 593 1690 664 reposuit,
1748 608 1854 647 non
1903 608 1994 646 oc-

427 684 664 749 cultavit,
681 684 928 754 dispersit
967 693 1020 738 et
1058 684 1204 739 dedit
1246 684 1589 754 pauperibus.
1634 683 1759 738 Ideo
1792 683 1994 752 justitia

425 775 543 844 ejus
582 776 889 844 temporalis
917 791 1023 829 non
1056 783 1138 830 est
1161 815 1173 838 ,
1206 775 1300 829 sed
1330 783 1608 844 permanet
1635 775 1687 828 iu
1715 785 1990 839 aeternum,

423 874 478 920 et
500 881 667 921 cornu
689 865 891 934 ejus,id
913 874 1011 930 est,
1037 865 1278 920 Christus
1293 865 1428 934 ejus,
1450 866 1540 934 qui
1563 866 1614 918 in
1645 865 1762 934 ipso
1788 876 1990 931 regnat,

421 955 687 1009 cxaltatur
718 956 767 1008 in
798 956 964 1022 gloria
988 964 1034 1008 λ.
1067 954 1180 1010 Hoc
1205 964 1456 1024 peccator
1479 956 1606 1009 vidit
1648 971 1742 1010 rex
1771 957 1994 1010 amaris-

420 1047 616 1109 simus,
660 1045 791 1099 vidit
829 1045 1079 1114 quoniam
1109 1045 1357 1114 dispersit
1392 1054 1444 1099 et
1477 1046 1620 1099 dedit
1648 1047 1988 1115 pauperibus,

419 1134 667 1189 dentibus
695 1135 856 1204 cmpit
883 1133 1110 1190 fremere
1143 1143 1196 1190 et
1229 1135 1524 1196 tabescere;
1550 1136 1644 1190 sed
1667 1137 1988 1190 desiderium

417 1229 716 1298 peccatoris
765 1228 957 1296 periit,
1003 1227 1322 1282 desiderium
1363 1237 1541 1282 autem
1575 1229 1703 1297 justi
1739 1229 1988 1299 martyris

416 1326 595 1373 manet
624 1319 676 1372 in
705 1319 894 1372 saecula
927 1319 1262 1377 seculorum.
1296 1318 1486 1375 Amen.

949 1428 1261 1484 PSALMUS
1299 1428 1456 1483 CXII.

948 1520 1191 1584 Alleluia,
1224 1520 1455 1574 alleluia.

483 1633 734 1697 Laudare,
764 1634 924 1702 pueri,
963 1631 1237 1685 Dominum
1256 1671 1270 1696 ,
1306 1631 1512 1686 laudate
1538 1649 1718 1685 nomen
1749 1632 1977 1686 Domini.

412 1723 495 1776 Sit
515 1741 698 1777 nomen
728 1724 935 1777 Domini
968 1722 1299 1782 benedictum,
1331 1739 1395 1775 ea:
1415 1723 1507 1775 hoc
1528 1739 1659 1774 nunc
1685 1732 1733 1775 et
1751 1739 1908 1794 usque
1927 1725 1982 1776 in

2101 592 2431 660 Ecclesium,
2466 596 2519 650 in
2563 613 2666 668 qua
2709 597 2940 655 Trinitas
2969 611 3154 670 regnat
3195 602 3358 660 Patris
3380 616 3428 660 et
3455 608 3557 663 Filii
3582 623 3630 666 et

2098 685 2326 756 Spiritus
2356 689 2556 755 sancti,
2593 691 2643 744 in
2669 693 2873 747 unitate
2903 693 3152 759 Deitatis,
3190 713 3324 752 nunc
3351 707 3400 752 ct
3425 716 3622 771 semper,

2097 787 2150 830 et
2171 779 2222 832 in
2250 779 2442 834 smcula
2472 780 2806 835 saeculorum.
2834 786 3022 837 Amen.

2626 891 2936 948 PSALMUS
2971 894 3149 950 CXIII.

2620 983 2873 1050 Alleluia,
2908 986 3146 1040 alleluia.
3171 1017 3185 1031 ο

2165 1091 2228 1144 In
2245 1095 2386 1146 exitu
2407 1092 2575 1147 Israel
2594 1095 2655 1148 de
2683 1093 2936 1166 Egypto,
2979 1098 3155 1150 domus
3192 1097 3348 1152 Iacob
3382 1101 3440 1152 de
3464 1106 3626 1170 populo

2091 1181 2328 1236 barbaro.
2372 1183 2538 1238 Facta
2565 1196 2642 1239 est
2659 1185 2844 1240 Iudaea
2863 1190 3206 1258 sanctiﬁcatio
3234 1193 3358 1260 ejus,
3388 1190 3538 1246 Israel
3555 1212 3627 1263 po-

2093 1280 2243 1326 testas
2273 1274 2400 1341 ejus.
2435 1273 2584 1328 Mare
2612 1275 2735 1328 vidit
2762 1286 2812 1329 et
2839 1279 3002 1348 fugit,
3029 1278 3274 1332 Jordanis
3301 1296 3546 1336 conversus
3563 1294 3626 1337 est

2088 1372 2382 1417 retrorsum.
2426 1363 2631 1419 Montes
2677 1370 3055 1422 exsultaverunt
3087 1379 3142 1423 ut
3181 1373 3386 1435 arietes,
3426 1383 3472 1426 et
3495 1375 3624 1428 colles
3697 1439 3701 1450 .

2086 1456 2218 1507 sicut
2243 1457 2365 1526 agni
2395 1458 2580 1510 ovium.
2616 1455 2753 1520 Quid
2780 1469 2856 1513 est
2879 1459 2966 1513 tibi
2988 1477 3127 1514 mare
3145 1462 3278 1532 quod
3305 1465 3489 1533 fugisti,
3516 1475 3560 1518 et
3581 1473 3625 1518 tu
3698 1453 3708 1498 ἶ

2085 1545 2332 1601 Iordanis
2359 1549 2478 1618 quia
2506 1564 2772 1604 conversus
2809 1567 2862 1604 es
2902 1554 3217 1606 retrorsum?
3255 1553 3446 1608 Montes
3477 1555 3625 1609 exsul-

2087 1640 2234 1691 tastis
2255 1640 2387 1696 sicut
2407 1640 2614 1705 arietes,
2638 1651 2687 1695 et
2714 1642 2867 1697 colles
2906 1645 3036 1698 sicut
3069 1647 3194 1715 agni
3227 1647 3421 1699 ovium?
3446 1649 3484 1698 A
3513 1649 3626 1716 facie

2084 1726 2292 1782 Domini
2314 1740 2450 1784 mota
2473 1740 2549 1785 est
2569 1742 2704 1786 terra
2721 1772 2737 1796 ,
2767 1751 2798 1786 a
2828 1735 2961 1805 facie
2985 1734 3079 1788 Dei
3098 1735 3281 1790 Iacob.
3325 1735 3418 1800 Qui
3439 1754 3624 1792 conver-

407 1813 665 1866 sceculum.
691 1813 732 1864 Α
755 1813 876 1866 solis
899 1823 1011 1866 ortu
1039 1829 1195 1882 usque
1231 1811 1299 1864 ad
1335 1829 1570 1866 occasum
1605 1812 1864 1866 laudabile
1889 1829 1984 1866 no-
2013 1843 2058 1901 Β
2087 1819 2146 1870 tit
2173 1829 2370 1888 petram
2388 1823 2444 1874 in
2466 1831 2653 1892 stagna
2677 1841 2944 1894 aquarum,
2969 1835 3018 1879 et
3042 1843 3218 1896 rupem
3240 1829 3292 1881 in
3313 1831 3467 1899 fontes
3487 1845 3625 1898 aqua-

407 1920 521 1958 men
551 1901 779 1966 Domini.
823 1901 1071 1955 Excelsus
1100 1919 1249 1972 super
1281 1919 1454 1955 omnes
1491 1912 1663 1972 gentes
1710 1900 1976 1968 Dominus,

405 2004 452 2046 et
480 2010 632 2063 super
670 1994 818 2047 ca'los
847 1994 1012 2063 gloria
1041 1993 1172 2062 ejus.
1223 1990 1346 2054 Quis
1394 1994 1524 2045 sicut
1562 1991 1812 2046 Dominus
1840 1992 1981 2048 Deus

405 2092 578 2137 noster
603 2085 686 2161 qui
714 2085 766 2138 in
805 2085 926 2136 altis
952 2083 1179 2142 habitat.
1223 2093 1272 2137 et
1300 2084 1512 2136 humilia
1545 2085 1751 2154 respicit
1776 2087 1829 2138 in
1856 2087 1979 2141 caelo

403 2185 450 2230 et
489 2178 542 2229 in
584 2180 754 2228 terra"
785 2176 1054 2231 Suscitans
1093 2195 1125 2230 a
1164 2188 1300 2231 terra
1338 2179 1560 2244 inopem,
1590 2187 1640 2232 et
1668 2179 1730 2233 de
1756 2191 1980 2235 stercore

402 2270 603 2340 erigens
645 2285 935 2338 pauperem.
993 2269 1060 2324 Ut
1088 2271 1300 2324 collocet
1337 2287 1450 2324 eum
1490 2287 1600 2324 cum
1635 2273 1974 2344 principibus,

402 2378 514 2416 eum
537 2361 848 2431 principibus
872 2361 1045 2431 populi
1067 2363 1166 2415 sui.
1211 2361 1310 2425 Qui
1339 2361 1573 2416 habitare
1605 2364 1730 2433 facit
1754 2366 1975 2420 sterilem

401 2452 450 2503 in
478 2451 646 2513 domo,
679 2461 889 2504 matrem
913 2451 1140 2521 ﬁliorum
1168 2452 1446 2507 ltetantem.

967 2581 1400 2621 COMMENTARIUSI.

467 2678 659 2734 Venite
684 2717 698 2741 ,
749 2679 899 2749 pueri
920 2719 934 2744 ,
985 2681 1151 2735 nolite
1192 2688 1526 2752 exspectare,
1555 2683 1720 2738 nolite
1747 2683 1927 2738 dicere
1955 2701 1967 2735 :

397 2767 642 2832 Nondum
672 2785 828 2825 senes
855 2785 1054 2833 sumus,
1105 2770 1248 2825 Ordo
1275 2772 1528 2827 nascendi
1556 2781 1656 2839 est,
1681 2773 1812 2828 ordo
1845 2758 1970 2830 vero

397 2860 657 2916 moriendi
689 2876 794 2915 non
825 2869 925 2920 est.
961 2861 1148 2918 Ve:;ite
1172 2877 1330 2932 ergo,
1372 2864 1554 2932 pueri,
1586 2880 1693 2919 non
1723 2865 1788 2919 ad
1815 2866 1969 2919 labo-

397 2965 508 3008 rem
537 2951 766 3020 aliquem
791 2990 806 3015 ,
855 2951 950 3006 sed
978 2951 1043 3006 ad
1067 2951 1293 3006 laudem.
1332 2952 1599 3014 Laudate,
1642 2954 1822 3024 pueri,
1865 2954 1971 3008 Do-

395 3044 628 3112 minum,
669 3043 882 3100 laudate
919 3059 1113 3100 nomen
1156 3045 1363 3100 Domini
1394 3046 1444 3100 in
1477 3045 1708 3101 Christo.
1767 3044 1824 3101 In
1853 3047 1968 3117 ipso

395 3136 536 3190 enim
582 3148 776 3191 nomen
821 3137 1031 3191 Domini
1078 3136 1433 3203 benedicitur,
1479 3153 1547 3192 ex
1595 3139 1699 3192 hoc
1745 3154 1886 3193 nunc
1914 3146 1968 3194 et

395 3241 562 3296 usque
602 3227 656 3282 in
694 3227 904 3282 stecula.
956 3227 1071 3283 Non
1103 3228 1155 3282 in
1185 3225 1363 3283 Judaea
1389 3227 1522 3294 sola,
1550 3229 1646 3284 sed
1674 3230 1725 3284 in
1753 3244 1910 3284 omne

395 3323 593 3372 terram
637 3331 668 3372 a
713 3316 842 3373 solis
883 3325 1003 3372 ortu
1034 3332 1202 3388 usque
1229 3316 1295 3372 ad
1323 3333 1572 3374 occasum
1593 3317 1857 3374 laudabile
1885 3327 1967 3374 est

393 3408 592 3464 factum
615 3411 668 3464 in
697 3405 910 3468 Christo
945 3417 1142 3466 notnen
1181 3407 1411 3466 Domini.
1463 3409 1636 3466 Antea
1665 3411 1808 3466 enim
1836 3420 1968 3481 quot

394 3508 578 3568 gentes
599 3541 613 3566 ,
644 3507 726 3557 tot
753 3507 809 3555 et
835 3507 1024 3566 sectae,
1055 3507 1139 3556 tot
1167 3509 1222 3556 et
1251 3501 1324 3556 dii
1348 3518 1363 3567 ;
1385 3501 1479 3556 sed
1508 3502 1575 3556 ab
1603 3501 1833 3557 adventu
1861 3502 1967 3557 Do-

395 3590 523 3644 mini
548 3589 716 3646 nostri
749 3586 876 3645 Jesu
909 3586 1134 3654 Christi,
1171 3590 1244 3648 ita
1272 3590 1355 3644 hac
1402 3605 1590 3646 omnes
1631 3592 1966 3661 superstitio-

395 3695 490 3734 nes
530 3695 563 3733 a
607 3679 855 3747 gentibus
903 3680 1221 3739 renuntiata:
1260 3686 1424 3746 sunt,
1465 3687 1521 3735 et
1557 3696 1720 3735 unum
1751 3681 1967 3736 laudant

394 3770 560 3824 Deum
586 3777 642 3823 et
669 3769 993 3824 conﬁtentur
1021 3771 1071 3824 in
1100 3769 1335 3826 Christo.
1367 3769 1485 3840 Ipse
1511 3779 1593 3826 est
1617 3771 1758 3825 enim
1787 3772 1965 3826 excel-

395 3874 483 3924 sus
501 3867 662 3929 super
688 3873 874 3914 omnes
901 3868 1087 3928 gentes
1107 3860 1390 3925 Dominus,
1421 3861 1573 3932 cujus
1602 3861 1653 3916 in
1676 3870 1818 3917 terra
1847 3864 1957 3932 qui-

393 3953 515 4006 dem
562 3964 752 4020 magna
799 3951 1071 4006 humilitas
1098 3953 1335 4019 exstitit,
1366 3953 1460 4010 sed
1487 3970 1648 4023 super
1671 3953 1837 4009 cmlos
1860 3969 1966 4008 ma-

391 4056 496 4109 gna
525 4049 609 4096 est
643 4041 814 4111 gloria
843 4041 978 4112 ejus.
1025 4041 1155 4110 Quis
1183 4043 1323 4098 enim
1363 4044 1501 4099 sicut
1543 4043 1800 4099 Dominus
1825 4043 1964 4098 Deus

393 4139 577 4188 noster
601 4133 694 4202 qui
723 4132 776 4188 in
801 4133 924 4188 altis
947 4132 1214 4199 habitans,
1243 4142 1298 4190 et
1326 4135 1545 4190 humilia
1575 4135 1825 4205 respicit,
1854 4150 1962 4194 non

391 4225 530 4279 sicut
555 4223 623 4280 de
653 4232 794 4281 tecto
822 4224 1049 4287 attendit
1085 4225 1152 4280 ad
1195 4235 1390 4280 terram
1411 4266 1427 4292 ,
1458 4225 1551 4281 sed
1578 4242 1692 4280 cum
1718 4228 1773 4280 in
1795 4228 1962 4298 forma

389 4314 488 4371 Dei
509 4324 669 4380 esset,
699 4332 800 4378 non
835 4318 1071 4385 rapinam
1093 4316 1373 4372 arbitratus
1397 4327 1475 4372 est
1497 4334 1608 4372 esse
1635 4333 1690 4372 se
1716 4318 1962 4390 aequalem

391 4405 520 4470 Deo,
534 4405 625 4460 sed
637 4405 962 4476 semetipsum
976 4406 1280 4471 exinaniuit,
1299 4407 1516 4478 formam
1537 4407 1666 4460 servi
1677 4407 1960 4477 suscipiens

391 4497 608 4570 (Philip.
643 4499 703 4570 ιι)
729 4539 744 4565 ,
776 4507 835 4552 ut
866 4497 1149 4554 suscitaret
1188 4496 1256 4552 de
1283 4505 1427 4554 terra
1457 4499 1671 4568 inopem
1697 4499 1844 4556 illum
1872 4498 1959 4554 cui

2085 1925 2214 1962 rum.
2269 1909 2390 1965 Non
2434 1913 2602 1978 nobis,
2631 1913 2882 1978 Domine,
2914 1933 3016 1970 non
3045 1918 3210 1981 nobis,
3233 1919 3322 1973 sed
3349 1921 3529 1972 nomini
3551 1928 3626 1972 tuo

2081 1999 2150 2053 da
2189 2001 2427 2070 gloriam.
2480 2000 2649 2072 Super
2670 2005 3022 2059 misericordia
3049 2016 3138 2060 tua
3163 2016 3212 2060 et
3231 2010 3435 2060 reritate
3457 2017 3552 2071 tua,
3573 2023 3627 2059 ne

2080 2091 2285 2162 quando
2315 2091 2488 2146 dicant
2521 2102 2715 2164 gentes,
2750 2095 2847 2149 Ubi
2881 2105 2955 2150 est
2985 2096 3118 2150 Deus
3153 2098 3364 2150 eorum?
3390 2096 3518 2152 Deus
3547 2113 3627 2148 au-

2079 2188 2178 2232 tem
2199 2190 2371 2234 noster
2399 2183 2451 2234 in
2473 2183 2617 2247 coelo,
2653 2185 2826 2236 omnia
2860 2201 3169 2256 quacunque
3191 2187 3346 2240 voluit
3374 2187 3503 2256 fecit.
3551 2183 3626 2238 Si-

2077 2273 2308 2323 mulacra
2337 2274 2560 2342 gentium
2593 2281 2863 2344 argentum
2887 2284 2936 2328 et
2975 2291 3153 2328 aurum
3173 2315 3187 2338 ,
3233 2293 3384 2346 opera
3412 2291 3627 2328 manuum

2077 2363 2356 2417 hominum.
2403 2363 2475 2419 0s
2515 2364 2702 2419 habent
2739 2377 2790 2420 et
2823 2383 2924 2420 non
2967 2368 3256 2438 loquentur,
3281 2368 3444 2421 oculos
3464 2365 3630 2418 habent

2075 2463 2254 2508 etnon
2294 2454 2544 2509 videbunt.
2593 2457 2754 2510 Aures
2792 2456 2976 2511 habent
3015 2466 3065 2511 et
3091 2475 3193 2511 non
3235 2457 3468 2520 audient,
3496 2471 3628 2507 nares

2076 2545 2262 2600 habent
2289 2557 2338 2600 et
2359 2565 2460 2601 non
2483 2547 2793 2602 odorabunt.
2827 2547 3016 2602 Manus
3047 2548 3235 2602 habent
3264 2559 3312 2602 et
3340 2565 3439 2601 non
3461 2546 3627 2616 palpa-

2075 2638 2216 2703 bunt,
2249 2640 2399 2710 pedes
2428 2640 2616 2693 habent
2643 2648 2816 2695 etnon
2845 2641 3177 2695 ambulabunt
3195 2681 3208 2703 ,
3241 2653 3342 2697 non
3367 2638 3630 2693 clamabunt

2072 2731 2126 2784 in
2155 2740 2358 2801 gutture
2385 2747 2495 2784 suo.
2547 2731 2756 2786 Similes
2800 2732 2905 2785 illis
2949 2733 3080 2801 ﬁant
3119 2733 3202 2802 qui
3252 2733 3445 2802 faciunt
3480 2746 3553 2792 ea,
3585 2735 3630 2780 et

2073 2837 2246 2875 omnes
2267 2823 2350 2892 qui
2380 2821 2646 2891 conﬁdunt
2677 2823 2769 2876 eis.
2800 2821 2996 2876 Domus
3022 2821 3191 2875 Israel
3217 2822 3435 2890 speravit
3462 2821 3510 2872 in
3541 2819 3630 2872 L'o-

2072 2914 2230 2977 mino,
2264 2913 2471 2984 adjutor
2510 2929 2685 2966 eorum
2733 2923 2780 2966 et
2824 2921 3080 2982 protector
3105 2928 3282 2967 eorum
3316 2921 3408 2964 est.
3456 2908 3625 2961 Domus

2070 3004 2243 3059 Aaron
2299 3007 2520 3074 sperat-it
2560 3005 2615 3058 in
2660 3004 2915 3068 Domino,
2945 3005 3152 3075 adjutor
3191 3020 3369 3057 eorum
3395 3011 3441 3056 et
3478 3009 3629 3071 prote-

2071 3104 2181 3149 ctor
2217 3113 2394 3150 eorum
2435 3103 2529 3149 est.
2578 3093 2678 3160 Qui
2716 3097 2894 3149 timent
2932 3095 3208 3150 Dominum
3239 3100 3558 3165 speraret-unt
3581 3091 3625 3142 in

1915 3180 1968 3283 ἓ
1995 3206 2041 3270 C
2070 3185 2315 3252 Domino,
2346 3187 2554 3258 adjutor
2581 3204 2755 3242 eorum
2780 3226 2794 3249 ,
2821 3199 2870 3241 et
2897 3195 3156 3257 protector
3189 3203 3367 3240 eorum
3395 3194 3484 3238 est.
3535 3180 3629 3234 Do-

2068 3283 2237 3335 minus
2265 3297 2456 3334 memor
2484 3281 2581 3351 fuit
2602 3281 2785 3344 nostri,
2817 3289 2866 3334 et
2894 3279 3151 3334 benedixit
3171 3281 3338 3333 nobis.
3379 3276 3628 3332 Benedixit

2067 3369 2238 3424 domui
2270 3368 2453 3430 Israel,
2483 3368 2930 3422 benedixitdomui
2952 3369 3149 3423 Aaron.
3182 3367 3451 3422 Benedia‘it
3478 3365 3629 3419 omni-

2068 3457 2155 3512 bus
2181 3460 2264 3530 qui
2286 3461 2464 3512 timent
2485 3457 2780 3522 Dominum,
2799 3458 2998 3528 pusillis
3019 3474 3130 3511 cum
3159 3458 3462 3528 majoribus.
3495 3455 3629 3523 Adji-

2065 3550 2168 3602 ciat
2198 3547 2447 3602 Dominus
2493 3565 2645 3618 super
2687 3565 2792 3613 ros,
2832 3565 2984 3618 super
3021 3563 3107 3601 vos
3151 3555 3199 3600 et
3227 3565 3384 3618 super
3408 3547 3538 3616 ﬁlios
3556 3561 3629 3598 ve-

2065 3651 2216 3694 stros.
2258 3639 2514 3693 Benedicti
2544 3655 2630 3693 vos
2671 3656 2702 3691 a
2741 3637 2965 3692 Domino
2998 3639 3084 3710 qui
3113 3639 3232 3708 fecit
3259 3639 3442 3691 calum
3467 3646 3513 3688 et
3539 3645 3628 3687 ter-

2065 3746 2196 3784 ram.
2241 3727 2429 3783 Caelum
2467 3729 2577 3782 caeli
2617 3728 2871 3794 Domino,
2918 3739 3108 3782 terram
3147 3736 3320 3782 autem
3359 3728 3492 3780 dedit
3519 3724 3628 3794 ﬁliis

2066 3821 2346 3875 hominum.
2399 3819 2522 3874 Non
2561 3822 2750 3874 mortui
2790 3819 3074 3875 laudabunt
3103 3830 3178 3884 te,
3220 3819 3462 3881 Domine,
3485 3831 3632 3886 neque

2065 3930 2241 3968 omnes
2255 3915 2340 3985 qui
2361 3911 2671 3966 descendunt
2691 3914 2742 3966 in
2771 3915 3048 3984 infernum.
3070 3910 3175 3965 Sed
3203 3928 3293 3965 nos
3327 3913 3412 3982 qui
3434 3911 3628 3963 vivimus

2064 4002 2402 4057 benedicimus
2426 4000 2667 4062 Domino,
2691 4019 2754 4055 ex
2769 4002 2866 4056 hoc
2883 4017 3018 4054 nunc
3045 4009 3093 4054 et
3116 4017 3272 4071 usque
3297 4002 3354 4054 in
3376 3998 3624 4054 sceculunt.

2625 4105 3088 4167 conuennnwn.’

2135 4225 2420 4282 Videamus
2463 4227 2520 4282 in
2566 4225 2712 4279 exitu
2753 4224 2914 4280 Israel
2956 4224 3022 4279 de
3073 4215 3339 4294 Egypto,
3368 4217 3626 4292 quomodo

2062 4315 2303 4387 profecta
2349 4315 2418 4370 sit
2460 4315 2651 4370 domus
2688 4314 2853 4370 Jacob
2893 4313 2960 4370 de
2989 4314 3188 4385 populo
3214 4313 3467 4368 barbaro.
3495 4309 3628 4375 Quo-

2062 4407 2224 4466 modo
2251 4405 2392 4462 facta
2420 4407 2491 4462 sit
2516 4405 2696 4461 Judma
2728 4404 3076 4460 sanctiﬁcatio
3103 4403 3237 4472 ejus.
3276 4401 3335 4456 In
3368 4401 3627 4456 Bethleem

2060 4497 2258 4561 Iudaea
2284 4499 2523 4554 nascitur
2559 4495 2833 4562 Christus,
2863 4496 2955 4565 qui
2977 4496 3274 4550 sanctilicat
3306 4508 3405 4547 eos
3432 4491 3519 4562 qui
3550 4487 3626 4542 fu-

388 4583 597 4636 diserat
631 4585 829 4638 iratus:
853 4580 1013 4636 Terra
1034 4597 1110 4645 es,
1139 4592 1187 4636 et
1223 4584 1277 4636 in
1311 4590 1506 4636 terram
1533 4583 1630 4636 ibis
1659 4580 1812 4652 (Gen.
1847 4585 1947 4647 ut).
1983 4573 2036 4634 D
2059 4589 2212 4660 είιιηι
2237 4588 2588 4653 Pharaonem,
2619 4596 2678 4644 et
2694 4596 2978 4659 sequentes
2998 4587 3236 4657 Moysen,
3257 4584 3307 4640 id
3330 4593 3433 4647 est,
3468 4584 3628 4651 legem

391 4675 920 4732 lluncsuscitsvitde
942 4682 1082 4731 terra
1098 4677 1335 4744 inopem,
1350 4675 1475 4742 quia
1490 4674 1955 4744 perdideratdivi-

389 4771 491 4822 tias
514 4768 631 4820 vita
649 4777 862 4822 aeternae
887 4777 940 4820 et
970 4765 1228 4836 paradisi,
1251 4765 1403 4821 l-lonc
1424 4767 1489 4820 de
1521 4774 1760 4822 stercore
1789 4763 1953 4836 erigit

387 4859 442 4914 in
459 4857 770 4922 Christo,“
791 4860 1082 4916 collocavit
1102 4875 1224 4916 eum
1245 4874 1366 4915 cum
1390 4859 1748 4930 principibus,
1772 4859 1823 4914 id
1846 4868 1953 4921 est,

387 4964 513 5004 com
531 4950 812 5019 apostolis.
833 4951 925 5021 qui
944 4963 1072 5006 sunt
1093 4951 1366 5022 principes
1387 4951 1569 5021 populi
1597 4951 1712 5006 Dei.
1734 4949 1800 5005 Et
1825 4949 1949 5020 quis

387 5051 480 5098 est
507 5040 600 5112 qui
634 5041 919 5096 collocavit
948 5044 1110 5097 coiit?
1135 5042 1225 5098 llle
1255 5045 1372 5098 sine
1399 5041 1567 5096 dubio
1592 5043 1681 5110 qui
1711 5057 1833 5097 eum
1866 5057 1954 5098 as-

390 5133 830 5205 sumpsit.F-lius
849 5133 1036 5204 utique
1063 5133 1156 5188 Dei
1178 5133 1368 5188 Filium
1396 5135 1632 5189 hominis
1661 5133 1760 5190 Ubi
1780 5133 1952 5188 collo-

389 5229 535 5284 cavit
561 5241 685 5283 eum
715 5239 838 5282 cum
863 5225 1204 5298 principibus
1229 5227 1414 5296 populi
1447 5226 1471 5278 ’ἒ
1499 5227 1630 5282 Sine
1663 5225 1834 5281 dubio
1859 5225 1950 5280 ubi

384 5305 503 5361 fecit
531 5305 772 5360 habitare
799 5305 850 5362 in
881 5306 1041 5362 domo
1063 5322 1182 5362 eam
1203 5322 1321 5377 quae
1346 5311 1541 5365 sterilis
1561 5311 1768 5379 fuerat;
1797 5315 1949 5369 habi-

383 5411 492 5452 tare
516 5396 570 5452 in
596 5396 777 5462 domo,
807 5397 861 5453 id
888 5405 988 5463 est,
1022 5398 1191 5470 ipsam
1220 5397 1436 5455 domum
1460 5400 1591 5466 lieri,
1623 5410 1678 5458 et
1703 5402 1837 5458 dixit
1863 5405 1943 5460 ei:

379 5485 578 5550 Latere
601 5489 790 5551 sterilis
818 5505 930 5560 qua
966 5505 1068 5544 non
1096 5489 1256 5560 paris,
1288 5491 1407 5561 quia
1428 5491 1574 5546 multi
1613 5492 1709 5563 filii
1731 5493 1946 5550 deserta:

373 5581 536 5650 magis
568 5597 719 5652 quam
753 5583 865 5651 ejus
893 5597 1004 5653 que
1030 5578 1178 5635 habet
1209 5583 1370 5636 virum
1393 5580 1546 5651 (Isai.
1579 5584 1708 5652 LIV).
1735 5593 1790 5641 et
1817 5585 1942 5642 fecit

441 5775 464 5805 ⁸
504 5762 705 5822 Patitur
742 5763 815 5822 Β.
853 5763 1164 5820 Laurentius
1209 5766 1306 5818 sub
1354 5764 1575 5820 Galieno
1623 5782 1761 5822 anno
1813 5767 1934 5823 26L

2062 4681 2178 4746 Dei,
2200 4681 2422 4737 veniunt
2445 4680 2514 4735 ad
2533 4694 2747 4750 aquam,
2774 4695 2870 4750 per
2890 4679 3058 4748 ipsam
3079 4685 3418 4732 transeuntes
3442 4679 3627 4730 exeunt

2059 4773 2128 4827 ad
2157 4773 2332 4829 locum
2380 4771 2574 4840 quietis
2613 4777 2668 4825 et
2713 4770 2940 4834 silentii,
2984 4770 3074 4839 qui
3104 4769 3209 4822 alio
3241 4768 3459 4822 nomine
3492 4766 3629 4819 locus

2057 4863 2302 4920 desertus
2321 4862 2532 4924 dicitur,
2565 4861 2822 4917 Desertus
2843 4861 3024 4931 utique
3051 4875 3081 4912 a
3110 4857 3404 4914 sceleribus
3432 4851 3628 4916 mundi,

2057 4954 2130 5009 ibi
2158 4953 2436 5010 inveniunt
2462 4966 2657 5006 manna
2687 4952 2991 5006 venientem
3025 4949 3091 5004 de
3119 4949 3287 5004 caelis.
3344 4947 3487 5003 Sane
3515 4958 3629 5000 cum

2055 5045 2328 5100 venissent
2356 5041 2424 5097 ad
2452 5057 2598 5097 mare
2619 5041 2919 5104 credentes,
2953 5055 3101 5094 mare
3130 5054 3225 5094 eos
3247 5037 3380 5092 vidit
3402 5046 3458 5091 et
3484 5033 3628 5102 fugit.

2053 5133 2212 5204 Fugit
2239 5141 2298 5190 ut
2316 5131 2578 5203 praeberet
2606 5131 2946 5187 credentibus
2977 5129 3287 5193 transitum,
3319 5134 3373 5181 et
3405 5122 3631 5179 inimicis

2052 5239 2238 5281 eorum
2267 5229 2476 5294 aptaret
2516 5222 2808 5278 interitum.
2860 5220 3116 5275 Similiter
3144 5228 3198 5274 et
3225 5217 3473 5274 Jordanis
3503 5230 3629 5270 con-

2050 5330 2238 5370 versus
2275 5321 2402 5385 post
2446 5327 2537 5378 se,
2586 5320 2642 5368 et
2685 5312 2829 5383 ipse,
2883 5321 2940 5366 ut
2987 5312 3267 5365 transitum
3307 5310 3398 5364 Dei
3433 5305 3630 5378 popqu

2049 5413 2394 5477 prmpararet.
2435 5403 2564 5459 Sine
2595 5417 2732 5472 aqua
2761 5403 2904 5458 enim
2936 5418 3034 5458 nec
3069 5411 3210 5458 terra
3242 5399 3461 5470 Egypti
3493 5395 3626 5464 fugi-

2047 5505 2153 5563 tur,
2205 5511 2305 5551 nec
2343 5503 2485 5551 terra
2527 5494 2959 5565 repromissionis
3000 5494 3268 5548 intratur:
3300 5501 3356 5546 ut
3389 5489 3519 5561 quid
3552 5495 3630 5540 ta-

2047 5603 2168 5644 men
2219 5602 2365 5642 mare
2407 5585 2597 5655 fugerit
2645 5585 2908 5650 diximus,
2942 5593 2995 5639 et
3033 5585 3280 5639 Jordanis
3309 5587 3472 5653 quam
3499 5595 3623 5633 corr

2050 5769 2264 5830 East-lu,
2303 5786 2387 5830 in.
2421 5786 2465 5822 ς.
2509 5767 2587 5820 15.
