3908 6176
253 346 344 400 SOI

1196 343 1656 403 (ΣΟΜΜΕΝΤᾹΠΠ
1699 343 1761 396 IN
1802 340 2127 396 PSALMOS.
2172 340 2361 396 PSAL.
2406 340 2555 395 CXV.

3388 341 3491 395 502

254 474 436 512 versus
478 464 559 512 cst
605 464 895 511 retrorsum
937 457 1296 525 exposuimus.
1356 454 1507 509 Nunc
1548 453 1821 507 videamus
1853 458 1894 511 Α
1925 460 2187 515 sanctum,
2211 453 2301 521 qui
2329 463 2515 520 regnat
2566 452 2617 504 in
2667 453 2856 507 saecula
2915 453 3257 511 saeculorum.
3307 465 3494 513 Amen,

256 559 498 613 tuentes,
531 563 698 618 quare
731 547 1001 603 exsultant
1035 554 1090 601 ut
1128 547 1355 607 arietes,
1389 554 1443 600 et
1470 544 1637 599 colles
1680 543 1827 596 velut

257 640 373 708 agni
405 637 893 706 ovium?Numquid
923 646 1152 700 montes,
1185 644 1326 690 terra
1350 643 1405 689 et
1433 650 1562 687 saxa
1590 635 1700 701 ipsa
1730 648 1823 685 ex-

256 726 491 782 sultant?
519 725 622 781 Sed
658 735 867 780 montes
904 734 1029 780 sunt
1065 725 1368 794 prophetze,
1401 725 1491 792 qui
1525 723 1704 775 vident
1731 737 1825 774 va—

257 837 345 875 ces
372 835 499 873 suas
521 819 767 887 impletas
793 819 843 872 in
873 818 1119 883 Christo,
1151 817 1242 886 qui
1273 816 1435 869 locuti
1475 823 1600 868 sunt
1642 812 1825 867 altitu-

257 915 407 967 dines
438 912 545 966 Dei.
598 909 846 965 Gaudent
884 910 1027 964 enim
1072 909 1349 978 prophetae
1399 915 1455 960 ut
1501 906 1737 969 arietes,
1774 905 1829 956 in

258 1005 508 1060 omnibus
550 1003 813 1072 gaudent,
868 1003 1107 1057 videntes
1151 1009 1418 1071 pastorem
1466 1008 1684 1062 natum,
1738 997 1832 1065 qui

259 1097 487 1149 animam
501 1111 651 1148 suam
674 1103 832 1164 ponat
857 1110 949 1163 pro
979 1091 1151 1146 ovibus
1180 1091 1356 1163 (Joan.
1392 1106 1423 1144 κ
1447 1089 1488 1161 ),
1515 1098 1571 1143 et
1598 1090 1675 1143 sic
1701 1103 1832 1156 gau-

260 1187 387 1241 dent
415 1186 555 1241 sicut
582 1185 797 1239 arietes.
829 1182 1006 1238 Colles
1034 1197 1161 1236 vero
1182 1182 1260 1235 sic
1279 1180 1529 1249 gaudent,
1554 1178 1691 1233 sicut
1712 1179 1834 1246 agni

263 1277 460 1333 ovium.
522 1275 561 1329 li
608 1275 793 1343 utique
815 1274 979 1328 colles
1006 1280 1132 1327 sunt
1168 1272 1260 1340 qui
1301 1270 1554 1324 humilem
1600 1268 1835 1324 scientiae

264 1368 438 1424 locum
466 1374 669 1428 tenent,
703 1365 833 1419 nihil
861 1365 1091 1419 scientes
1113 1362 1212 1416 nisi
1232 1369 1322 1415 aut
1344 1361 1554 1429 signare
1583 1357 1833 1424 frontem,

265 1470 354 1514 aut
382 1474 578 1514 nomen
605 1456 812 1512 Domini
842 1457 1091 1510 invocare
1120 1467 1132 1503 :
1179 1454 1250 1507 ita
1292 1452 1526 1521 gaudent
1552 1452 1691 1506 sicut
1716 1450 1865 1518 agni’

265 1553 462 1607 ovium.
505 1548 641 1604 Oves
666 1548 946 1603 scientiam
984 1553 1041 1599 et
1079 1544 1161 1599 sui
1191 1543 1407 1607 habent,
1439 1552 1495 1597 et
1520 1556 1709 1596 vocem
1738 1555 1838 1609 pa-

265 1646 424 1700 storis
453 1643 692 1707 audiunt,
715 1647 772 1695 et
796 1646 1125 1708 cognoscunt
1150 1651 1290 1701 eum,
1322 1643 1376 1690 et
1396 1644 1690 1703 sequuntur
1717 1647 1840 1687 eum

265 1748 587 1806 quocunque
626 1732 788 1786 vadit.
832 1729 966 1798 Agni
1013 1744 1143 1783 vero
1187 1727 1365 1782 ovium
1413 1738 1630 1779 suarum
1676 1736 1839 1777 voces

2442 560 2752 616 PSALMUS
2787 560 2967 615 CXIV.

2586 672 2829 726 Alleluia.

1998 805 2191 867 Dilexi,
2233 806 2475 875 quoniam
2509 804 2750 858 exaudiet
2777 804 3029 859 Dominus
3052 823 3217 859 rorem
3251 809 3499 861 orationis

1929 911 2074 949 meat.
2119 893 2251 957 Quia
2290 896 2559 947 inclinavit
2601 909 2777 947 aurem
2815 910 2962 948 suam
2989 896 3142 959 mihi,
3175 897 3297 949 etin
3330 898 3500 949 diebus

1929 987 2056 1041 meis
2078 983 2344 1039 invocabo.
2405 984 2862 1037 Circumdederunt
2887 1002 2966 1038 me
3004 984 3204 1039 dolores
3233 991 3429 1049 mortis,
3457 997 3500 1041 et

1930 1076 2157 1147 pericula
2182 1076 2371 1146 inferni
2398 1075 2698 1128 invenerunt
2729 1091 2825 1127 me.
2862 1073 3261 1147 Tribulutionem
3293 1086 3340 1129 et
3362 1077 3498 1131 dolo.

1932 1182 2038 1220 rem
2062 1166 2251 1227 inveni,
2282 1173 2329 1217 et
2356 1181 2539 1218 nomen
2570 1163 2782 1219 Domini
2810 1165 3062 1220 invocavi.
3106 1163 3150 1217 0
3174 1164 3409 1228 Domine,
3444 1168 3503 1220 li-

1932 1256 2055 1311 bera
2081 1259 2310 1311 animam
2351 1273 2514 1315 meam
2532 1295 2547 1321 ,
2578 1257 2866 1310 misericors
2893 1255 3144 1310 Dominus
3164 1264 3211 1308 et
3225 1256 3427 1325 justus,
3459 1266 3503 1309 et

1933 1346 2073 1401 Deus
2098 1355 2271 1401 noster
2299 1348 2584 1400 miseretur.
2631 1343 2932 1399 Custodiens
2963 1343 3198 1414 parvulos
3236 1343 3504 1406 Dominus,

1936 1438 2233 1493 humiliatus
2270 1455 2412 1503 sum,
2451 1446 2502 1493 et
2549 1435 2778 1490 liberavit
2822 1453 2918 1490 me.
2966 1434 3289 1501 Convertere,
3333 1437 3504 1491 animo

1938 1546 2071 1596 mea,
2112 1530 2167 1583 in
2194 1530 2417 1600 requiem
2459 1538 2614 1593 tuom,
2663 1529 2784 1598 quia
2830 1526 3081 1583 Dominus
3120 1527 3364 1598 betzefecit
3395 1526 3502 1580 tibi.

1942 1615 2075 1681 Quia
2086 1617 2274 1686 eripuit
2285 1616 2519 1670 animam
2534 1634 2700 1672 meam
2712 1618 2775 1670 de
2786 1613 3072 1686 morte,[(a)
3088 1629 3170 1667 cor
3184 1629 3348 1668 meum
3360 1628 3390 1665 α
3406 1630 3524 1683 prn-

1940 1709 2013 1762 vis
2042 1706 2356 1777 aﬁ'ectibus],
2388 1708 2559 1762 oculos
2598 1723 2738 1760 meos
2776 1723 2807 1758 a
2830 1705 3101 1775 lacrymis,
3144 1705 3294 1775 pedes
3316 1721 3452 1759 meos
3478 1726 3505 1756 o

269 1797 586 1896 intelligo-nt,
604 1825 729 1894 quia
742 1823 914 1878 adhuc
928 1830 1198 1891 pastorem
1215 1818 1513 1886 intelligere
1536 1823 1833 1885 nequeunt:

1963 1817 2106 1871 apsu.
2140 1797 2361 1854 Placebo
2390 1797 2611 1853 Domino
2642 1799 2694 1851 in
2728 1799 2933 1867 regione
2962 1798 3199 1851 :ivorum.

268 1930 446 1975 tamen
493 1934 590 1989 per
629 1932 784 1983 oves,
836 1915 890 1970 id
940 1922 1048 1979 est,
1088 1921 1288 1967 matres
1336 1927 1487 1976 suas,
1546 1915 1842 1978 sequuntur

267 2024 323 2069 et
362 2011 463 2081 ipsi
508 2018 778 2080 pastorem
823 2005 1106 2060 Dominum
1148 2003 1329 2059 Jesum
1371 1999 1661 2056 Christum.
1704 1998 1843 2053 Ante

268 2102 424 2172 cujus
454 2100 644 2156 i‘aciem
687 2105 956 2155 commota
1000 2102 1082 2151 est
1127 2102 1268 2149 terra
1289 2132 1304 2157 ,
1337 2090 1551 2162 quando
1579 2089 1844 2145 convertit

267 2195 499 2251 solidam
528 2201 736 2262 petram
766 2190 820 2243 in
849 2197 1036 2256 stagna
1066 2201 1246 2255 aquae,
1279 2183 1329 2238 id
1356 2191 1457 2250 est,
1489 2196 1651 2237 saxea
1680 2178 1844 2235 corda

269 2286 399 2340 fecit
442 2297 608 2351 aquas
653 2296 722 2334 ex
770 2286 956 2333 ventre
998 2290 1098 2330 suo
1127 2275 1454 2345 producere,
1504 2271 1755 2326 salientes
1779 2267 1847 2323 ad

271 2377 437 2429 vitam
463 2381 741 2435 mternam,
768 2376 824 2423 et
849 2382 1057 2437 rupem,
1076 2365 1128 2419 id
1151 2372 1252 2430 est,
1277 2361 1638 2417 inaccessibile
1658 2374 1846 2414 saxum

270 2462 667 2522 incredulamm
721 2460 958 2530 gentium
1012 2467 1198 2527 pectus
1258 2453 1524 2509 convertit
1567 2451 1636 2506 ad
1674 2449 1849 2505 fontes

271 2570 559 2627 aquarum.
584 2553 709 2607 Haec
735 2553 787 2606 in
809 2552 975 2619 ligura
1002 2551 1139 2603 facta
1167 2552 1311 2608 sunt,
1345 2554 1404 2600 ut
1431 2543 1652 2599 historia
1679 2540 1850 2595 Exodi

272 2647 532 2716 loquitur,
583 2653 638 2698 et
676 2642 912 2713 psalmus
958 2641 1060 2694 iste
1098 2646 1354 2702 testatur;
1387 2635 1480 2693 sed
1506 2634 1703 2704 scripta
1728 2639 1852 2687 sunt

272 2742 399 2802 ista,
434 2738 510 2792 ait
532 2734 839 2805 Apostolus,
874 2744 980 2787 non
1008 2730 1075 2786 ad
1102 2745 1289 2785 eorum
1319 2726 1711 2789 narrationem,
1760 2722 1852 2778 sed

273 2830 346 2883 ad
384 2835 614 2885 nostram
654 2823 1049 2895 wdi/icotionem
1080 2824 1097 2890 (
1129 2818 1278 2873 Rom.
1316 2838 1379 2875 xv
1406 2818 1448 2889 ),
1493 2816 1545 2870 in
1593 2829 1699 2884 qua
1746 2815 1854 2871 cla-

274 2937 492 2977 mantus
525 2919 771 2983 Domino,
800 2916 1041 2971 dicentes
1068 2931 1080 2965 :
1114 2911 1228 2966 Non
1259 2911 1441 2975 nobis,
1471 2908 1714 2972 Domine,
1748 2921 1853 2959 non

276 3015 458 3080 nobis,
487 3011 581 3068 sed
620 3008 821 3065 nomini
867 3014 960 3061 tuo
1000 3005 1066 3060 da
1108 3003 1355 3075 gloriam.
1405 3001 1521 3054 Non
1544 3014 1641 3069 per
1666 2994 1854 3051 merita

275 3115 484 3169 nostra,
516 3104 610 3159 sed
635 3118 733 3173 pro
758 3099 1119 3155 misericordia
1151 3106 1238 3151 tua
1268 3095 1520 3159 concede,
1550 3101 1609 3147 ut
1639 3108 1744 3145 non
1771 3089 1855 3143 di-

276 3208 408 3256 cant
437 3196 715 3258 increduli,
742 3194 841 3248 Ubi
865 3201 947 3247 est
974 3191 1116 3247 Deus
1141 3188 1362 3244 eorum?
1389 3185 1627 3253 Exsurge
1656 3199 1685 3235 a
1716 3197 1858 3236 mor—
1888 3171 1931 3229 C

277 3293 388 3345 tuis
419 3300 473 3344 ct
521 3287 750 3342 ascende
796 3285 848 3339 in
876 3282 1013 3341 cmlo
1048 3294 1287 3343 sursum,
1317 3278 1441 3346 quia
1478 3284 1535 3329 tu
1563 3289 1621 3328 es
1648 3273 1739 3342 qui
1770 3287 1856 3325 re—

278 3396 417 3450 gnas
465 3380 518 3434 in
565 3376 703 3432 coelo
750 3382 805 3430 et
852 3375 903 3431 in
953 3384 1127 3436 terra,
1171 3380 1223 3424 et
1268 3368 1449 3423 omnia
1481 3381 1599 3435 qum
1629 3363 1861 3418 volucris

279 3472 549 3543 operaris.
601 3468 732 3524 Nam
772 3466 912 3522 idola
937 3464 1176 3533 gentium
1206 3477 1271 3516 ex
1292 3473 1611 3530 quocunque
1643 3454 1861 3509 metallo

282 3573 437 3619 inata
462 3569 519 3616 et
552 3559 712 3615 surda
744 3566 797 3613 et
825 3572 965 3613 exrca
995 3561 1150 3619 sunt,
1196 3551 1396 3607 similes
1425 3549 1529 3602 illis
1556 3547 1663 3601 sint
1691 3546 1860 3600 conti-

283 3655 478 3710 dentes
500 3652 554 3706 in
583 3651 679 3705 eis.
712 3648 819 3703 Nos
847 3654 1025 3700 autem
1052 3657 1238 3698 omnes
1262 3640 1329 3695 de
1360 3638 1521 3693 domo
1551 3634 1714 3691 Israel
1738 3649 1861 3704 Spe-

285 3761 473 3801 ramus
502 3746 555 3798 in
584 3750 637 3796 te
656 3781 671 3805 ,
700 3739 955 3801 Domine,
984 3744 1043 3790 ut
1069 3744 1125 3789 tu
1153 3732 1365 3802 adjutor
1390 3737 1573 3785 noster
1603 3737 1659 3782 et
1685 3737 1865 3797 prote-

287 3848 407 3892 ctor
431 3842 615 3889 noster
639 3845 756 3887 esse
781 3828 1035 3897 digneris,
1064 3825 1157 3894 qui
1185 3838 1391 3878 memor
1414 3820 1602 3883 nostri,
1634 3819 1700 3872 de
1730 3818 1866 3872 cmlo

283 3923 626 3978 descendens
637 3915 949 3975 benedixisti
966 3930 1078 3967 nos.
1101 3914 1425 3969 Benedixisti
1446 3912 1663 3966 domum
1684 3907 1864 3974 Israel,

294 4012 565 4070 nascendo
589 4027 655 4066 ex
683 4009 868 4065 Maria.
896 4005 1220 4063 Benedixisti
1249 4004 1466 4058 domum
1498 4002 1704 4062 Aaron,
1746 3996 1867 4050 fur.-

293 4106 471 4162 dando
496 4102 874 4160 sacerdotium.
924 4097 1244 4154 Benedixisti
1275 4109 1461 4149 omnes
1489 4093 1737 4145 timentes
1763 4086 1870 4140 Do-

298 4199 500 4253 minum
523 4236 537 4261 ,
568 4193 815 4262 eligendo
855 4189 1128 4261 apostolos
1159 4185 1377 4256 pusillos
1405 4198 1524 4238 cum
1556 4179 1868 4250 majoribus.

300 4290 370 4347 lbi
401 4296 557 4345 erant
582 4286 816 4342 Jacobus
834 4294 889 4338 et
915 4283 1148 4337 Joannes
1175 4295 1295 4335 cum
1335 4275 1651 4345 majoribus,
1689 4271 1872 4339 utique

300 4398 418 4438 cum
442 4387 623 4436 essent
648 4375 844 4449 pusilli.
886 4373 1111 4441 Adjiciat
1138 4369 1392 4425 Dominus
1419 4381 1581 4436 super
1607 4378 1720 4419 vos.
1766 4361 1873 4416 Ade

301 4474 388 4528 dat
419 4471 571 4526 vobis
600 4467 819 4523 Paulum
844 4484 859 4531 ;
896 4479 1058 4536 super
1085 4479 1180 4517 vos
1206 4470 1260 4515 et
1291 4475 1454 4529 super
1482 4458 1618 4512 tilios
1645 4463 1868 4509 vestros.

307 4565 477 4617 Addat
523 4560 673 4627 vobis
714 4556 970 4630 populum
1017 4553 1366 4607 credentium.
1423 4547 1692 4602 Benedicti
1721 4562 1815 4601 vos
1844 4560 1873 4598 a

244 4666 255 4679 '
308 4654 568 4717 Domino,
607 4652 697 4720 qui
744 4649 868 4704 fecit
914 4647 1105 4701 coelum
1152 4653 1205 4698 et
1253 4651 1469 4697 terram.
1517 4641 1691 4710 Ipsum
1734 4639 1877 4692 enim

311 4743 610 4813 prmdiealis
654 4742 745 4809 qui
788 4740 931 4794 fecit.
988 4738 1195 4794 Cwlmn
1243 4736 1365 4791 coeli
1397 4734 1653 4795 Domino,
1683 4739 1878 4785 terram

312 4835 454 4889 dedit
484 4833 604 4887 Iiliis
637 4833 930 4887 hominum.
981 4829 1247 4898 Quidquid
1285 4827 1503 4882 emit-ste
1539 4832 1621 4880 est
1648 4825 1696 4877 in
1727 4837 1880 4876 men-

315 4927 471 4990 tibus,
504 4925 554 4978 i.i
583 4924 809 4985 actibus,
843 4922 893 4976 iu
935 4916 1366 4988 cogitationibus,
1407 4919 1507 4971 hoc
1530 4914 1755 4969 Domino
1783 4913 1881 4967 de-

317 5017 606 5085 putandum
654 5023 755 5069 est.
820 5012 1086 5081 Quidquid
1141 5020 1320 5064 autem
1376 5018 1683 5070 terrenum,
1732 5004 1887 5073 quasi

319 5108 543 5162 mortale
572 5115 628 5161 et
654 5107 904 5160 miserum
929 5101 1377 5158 contemnendmn
1403 5139 1417 5163 ,
1459 5100 1619 5152 etiam
1659 5097 1701 5150 si
1731 5097 1888 5166 culpa

323 5212 514 5256 rareat.
550 5199 647 5253 Est
667 5199 808 5253 enim
835 5196 1087 5266 quidquid
1109 5193 1269 5249 fuerit
1289 5194 1355 5247 de
1389 5202 1527 5245 terra
1558 5189 1803 5251 mortale,
1837 5189 1890 5241 in

323 5293 511 5360 quibus
556 5305 662 5344 non
709 5288 956 5357 dignatur
1000 5285 1205 5339 laudari
1251 5283 1526 5336 Dominus.
1580 5280 1685 5333 Nec
1716 5280 1783 5333 ab
1809 5279 1893 5332 bis

326 5381 521 5435 laniari
552 5379 664 5432 vult
693 5378 782 5446 qui
811 5375 1142 5432 descendunt
1168 5375 1218 5427 in
1244 5373 1471 5437 inferno,
1505 5371 1553 5424 id
1576 5379 1684 5432 est,
1717 5370 1808 5437 qui
1840 5369 1894 5421 in

329 5469 661 5523 inferioribus
689 5470 809 5522 vita:
841 5467 1048 5522 actibus
1076 5466 1307 5532 degunt;
1351 5462 1446 5518 sed
1468 5462 1557 5529 qui
1587 5462 1813 5516 vivimus
1843 5462 1897 5514 iu

330 5575 393 5612 eo
416 5562 501 5631 qui
525 5560 652 5615 dicit
680 5578 691 5612 :
719 5558 831 5631 Ego
873 5575 985 5612 sum
1020 5558 1138 5618 vito,
1188 5571 1285 5610 nos
1326 5553 1687 5609 benedicimus
1717 5550 1898 5605 Demi-

334 5664 470 5704 Itum.
503 5650 557 5704 Si
591 5660 767 5704 tamen
811 5650 1038 5703 vivimus
1084 5644 1397 5701 recedentes
1442 5643 1508 5695 ab
1552 5643 1697 5695 omni
1728 5656 1896 5708 opere

338 5743 577 5808 mortali,
611 5741 969 5800 bencdieimus
1000 5738 1209 5795 Patrem
1241 5745 1292 5791 et
1322 5735 1513 5792 Filium
1548 5744 1599 5788 et
1638 5735 1897 5803 Spiritum

2512 1924 2947 1965 COIIBNTAIHUM.

2011 2026 2215 2080 Causas
2260 2023 2564 2078 dilectionis
2610 2022 2824 2076 Domini
2868 2021 3098 2090 explicat
3141 2020 3412 2089 psalmista
3463 2021 3512 2072 in

1944 2117 2156 2173 cantico
2188 2134 2201 2168 :
2234 2114 2406 2170 Dilexi
2430 2156 2445 2180 ,
2493 2113 2701 2182 inquit,
2756 2113 3040 2167 Dominum
3064 2152 3078 2177 ,
3109 2111 3235 2180 quia
3263 2125 3383 2165 cum
3414 2111 3514 2164 cir-

1944 2207 2260 2263 cumdarent
2281 2221 2366 2260 me
2386 2204 2599 2260 dolores
2627 2204 2835 2266 mortis,
2861 2210 2914 2256 et
2934 2202 3301 2270 suggestiones
3329 2199 3513 2254 theme-

1946 2310 2073 2352 num
2100 2295 2569 2353 eircumvallarent
2612 2308 2698 2348 me
2721 2334 2736 2358 ,
2782 2306 2880 2358 ego
2912 2291 2979 2345 ad
3003 2291 3399 2344 tribulationem
3428 2290 3514 2349 ivi,

1948 2390 2117 2460 ipsam
2144 2389 2401 2457 quaesivi,
2446 2388 2612 2457 ipsam
2638 2385 2855 2451 inveni,
2896 2391 2951 2439 et
2975 2384 3052 2440 sic
3089 2398 3281 2437 nomen
3314 2383 3517 2438 Domini

1948 2481 2211 2536 invocavi.
2262 2479 2453 2534 Nescio
2498 2493 2605 2547 quo
2648 2476 2791 2531 enim
2839 2474 3019 2539 modo,
3044 2473 3256 2543 quando
3286 2470 3518 2526 lmtitiam

1952 2572 2267 2636 invenimus,
2300 2584 2492 2624 nomen
2522 2564 2734 2624 Domini
2771 2567 2839 2623 de
2874 2565 3096 2620 summis
3121 2565 3274 2619 labiis
3302 2564 3519 2622 invoca:

1951 2682 2086 2721 mus.
2137 2663 2558 2719 Tribulationem
2589 2676 2736 2726 vero,
2778 2667 2872 2714 aut
2899 2658 3003 2728 ipsi
3050 2657 3204 2713 nobis
3229 2672 3327 2727 per
3354 2656 3521 2709 absti-

1953 2759 2190 2814 nentiam
2217 2763 2272 2811 et
2299 2754 2669 2826 paenitentiam
2697 2752 3025 2833 excitantes,
3057 2757 3151 2804 aut
3175 2764 3301 2805 casu
3343 2748 3524 2817 aliquo

1953 2851 2285 2906 incurrentes
2307 2888 2321 2913 ,
2355 2846 2475 2900 talis
2512 2845 2715 2900 clamor
2740 2842 2918 2899 cordis
2948 2841 3114 2917 nostri
3143 2839 3426 2903 excutitur,
3469 2848 3527 2892 ut

1957 2940 2024 2995 ad
2045 2940 2189 3010 ipsas
2215 2936 2410 2993 excelsi
2440 2935 2536 2990 Dei
2560 2947 2716 2989 aures
2745 2933 2989 3001 attingat.
3034 2930 3234 2986 Tamen
3254 2929 3527 2985 videamus

1956 3031 2085 3101 quid
2112 3029 2269 3096 fecit,
2300 3036 2360 3084 ut
2384 3014 2759 3083 liberationem
2788 3024 2998 3079 Domini
3028 3029 3342 3078 mereretur.
3383 3020 3529 3091 Opus

1959 3129 2041 3178 est
2061 3123 2201 3178 enim
2231 3120 2387 3175 nobis
2406 3119 2496 3189 qui
2527 3119 2772 3174 volumus
2800 3115 3012 3172 hbcrari
3031 3155 3045 3181 ,
3076 3115 3212 3169 scire
3237 3112 3361 3183 quid
3391 3111 3524 3167 fece-

1962 3215 2049 3279 rit,
2073 3214 2167 3284 qui
2193 3227 2252 3267 se
2280 3212 2563 3267 liberatum
2591 3209 2891 3263 annuntiat.
2945 3207 3039 3262 Dic
3076 3206 3231 3262 nobis
3258 3205 3383 3273 quid
3414 3203 3533 3257 feci~

1957 3305 2047 3370 sti,
2076 3311 2135 3358 ut
2162 3310 2215 3357 te
2239 3302 2495 3356 Dominus
2519 3300 2806 3354 liberaret?
2834 3296 3153 3351 llumiliatus
3178 3309 3316 3359 sum,
3340 3293 3529 3361 inquit,

1959 3403 2014 3449 et
2041 3392 2286 3448 liberavit
2313 3407 2419 3445 me.
2450 3387 2759 3445 Concordat
2784 3386 3090 3455 Evangeliis
3121 3386 3219 3439 ista
3244 3383 3528 3439 sententia.

1961 3486 2097 3542 Dicit
2126 3485 2267 3540 enim
2294 3484 2349 3538 in
2389 3481 2692 3551 Evangeliis
2729 3478 3061 3536 liberationis
3090 3476 3255 3545 ipsius
3282 3474 3533 3541 magister

1961 3584 2015 3631 et
2043 3574 2298 3629 Dominus
2321 3614 2337 3639 ,
2379 3572 2500 3644 quia
2546 3571 2711 3625 omnis
2739 3570 2823 3641 qui
2864 3585 2920 3622 se
2945 3566 3181 3620 Immiliat
3205 3562 3534 3626 exaltubixur,

1961 3674 2011 3720 et
2038 3667 2123 3738 qui
2159 3681 2214 3719 se
2261 3664 2453 3718 exultat
2473 3657 2825 3715 Immiliabitur
2856 3656 3030 3730 (Matt.
3066 3663 3237 3726 xxm).
3288 3652 3534 3706 Tenen.‘a

1964 3755 2378 3819 cstbumilitas,
2429 3769 2497 3808 ex
2541 3767 2645 3822 qua
2685 3750 2932 3806 liberatio
2970 3757 3026 3803 et
3051 3746 3309 3804 exaltatio
3336 3754 3535 3799 acterna

1966 3849 2314 3918 conquiritur.
2348 3845 2451 3901 Per
2477 3846 2644 3915 ipsam
2675 3846 2816 3900 enim
2845 3843 3069 3914 eripitur
3088 3842 3263 3896 anima
3294 3856 3322 3894 a
3346 3849 3536 3900 morte,

1968 3949 2021 3995 et
2048 3940 2189 3995 oculi
2218 3940 2513 3993 liberamur
2534 3953 2563 3991 a
2590 3937 2868 4008 lacrymis,
2901 3935 2953 3990 id
2982 3943 3090 3999 est,
3122 3933 3251 3988 nihil
3278 3934 3541 4002 poeniten-

1969 4030 2090 4085 dum
2115 4029 2421 4082 admittunt.
2472 4027 2540 4081 Et
2586 4027 2751 4097 pedes
2783 4026 3078 4081 liberantur
3108 4040 3138 4078 a
3168 4024 3338 4094 lapsu.
3388 4021 3543 4076 Stant

1971 4119 2113 4175 enim
2161 4119 2387 4172 humiles
2433 4118 2486 4172 in
2533 4116 2811 4187 proposito
2858 4115 3175 4177 sanctitatis,
3216 4114 3305 4183 qui
3336 4121 3395 4167 ut
3430 4113 3544 4182 pla-

1972 4218 2128 4265 ceant
2192 4207 2416 4263 Domino
2465 4209 2517 4262 in
2573 4207 2794 4275 regione
2844 4206 3124 4271 vivorum,
3201 4211 3546 4274 perseverant

1974 4310 2177 4360 stantes
2203 4304 2257 4357 in
2304 4302 2522 4369 regione
2551 4298 2876 4362 mortalium,
2902 4305 2961 4352 ut
2982 4304 3257 4352 transeant
3278 4296 3344 4350 de
3373 4305 3547 4349 morte

1976 4394 2042 4450 ad
2076 4394 2269 4458 vitam,
2302 4406 2400 4462 per
2439 4390 2722 4445 Dominum
2767 4396 3011 4443 nostrum
3048 4385 3229 4441 Jesum
3277 4382 3547 4437 Christum

1904 4524 1954 4583 Β
1977 4485 2068 4555 qui
2091 4491 2282 4553 regnat
2310 4483 2361 4536 in
2386 4482 2578 4537 saecula
2606 4479 2942 4536 sicculorum.
2976 4477 3165 4532 Amen.

2525 4581 2838 4647 PSALMUS
2865 4582 3021 4636 CXV.

2645 4686 2887 4744 Alleluia.

2050 4810 2277 4872 Credidi,
2300 4814 2509 4878 propter
2536 4800 2672 4874 quod
2690 4799 2888 4854 locutus
2915 4812 3046 4860 sum,
3079 4810 3169 4866 ego
3192 4800 3361 4845 autent
3389 4791 3551 4842 Itami-

1979 4904 2135 4957 liatus
2156 4916 2266 4954 sum
2291 4898 2463 4954 nimis.
2487 4893 2598 4966 Ego
2620 4891 2804 4946 dixiin
2822 4903 3029 4943 excessu
3048 4902 3178 4951 meo,
3205 4880 3385 4937 Omnis
3408 4883 3554 4934 Ιιοιηο

1983 4993 2225 5048 mendax.
2270 4987 2407 5052 Quid
2446 4983 2725 5042 retribuam
2773 4979 3019 5044 Domino,
3060 4993 3154 5049 pro
3188 4974 3419 5031 omnibus
3447 4991 3556 5044 (μίαν

1986 5083 2220 5140 retribuit
2259 5079 2423 5134 mihi?
2468 5074 2693 5131 Calicem
2718 5071 2966 5128 salutaris
3001 5070 3273 5139 accipiam,
3300 5078 3345 5122 et
3375 5080 3557 5119 tome:

1991 5175 2199 5229 Domini
2234 5169 2495 5227 invocabo.
2562 5167 2695 5223 Vota
2726 5181 2841 5220 utea
2882 5162 3107 5218 Domino
3147 5161 3359 5217 reddam
3388 5174 3559 5210 rerum

1990 5267 2128 5321 omni
2158 5262 2342 5334 papula
2370 5263 2515 5331 ejus,
2546 5260 2768 5329 pretiosa
2794 5258 2850 5311 in
2879 5261 3149 5324 conspectu
3184 5251 3391 5306 Domini
3426 5262 3561 5301 mors

1991 5366 2286 5413 sanctorum
2306 5352 2436 5423 ejus.
2490 5350 2533 5403 0
2576 5348 2825 5414 Domine,
2857 5350 2977 5422 quia
3006 5363 3097 5419 ego
3120 5358 3289 5399 servus
3313 5351 3441 5395 tuus.
3476 5355 3564 5409 (χω

1993 5463 2165 5503 seruus
2204 5456 2320 5498 tuus
2363 5454 2412 5496 et
2451 5441 2589 5513 ﬁlius
2635 5440 2843 5492 ancilla:
2882 5448 2999 5492 tuae.
3066 5432 3319 5502 Dirupisti
3371 5431 3566 5513 viruit“:

1998 5557 2130 5603 mea,
2157 5537 2245 5591 tibi
2266 5532 2574 5605 sacriﬁcabo
2595 5532 2815 5586 hostiam
2839 5528 3007 5581 laudis
3024 5566 3038 5591 ,
3062 5532 3110 5577 et
3139 5537 3324 5576 nomen
3357 5502 3567 5572 Domini

1997 5628 2257 5687 invocabo.
2291 5626 2423 5680 Vota
2439 5640 2549 5678 mea
2564 5622 2784 5677 Domino
2808 5617 3015 5672 reddam
3042 5617 3092 5667 iu
3123 5610 3570 5682 conspectuomuis

2048 5736 2120 5797 tu)
2153 5730 2319 5785 Verba
2346 5731 2484 5785 inter
2506 5744 2669 5783 uncos
2690 5727 2859 5797 posita
2885 5720 3195 5797 glossatoris
3220 5729 3366 5779 sunt.
