3908 6176
435 328 533 387 505

1748 317 2013 372 ARNUBH
2054 314 2345 370 JUNIOl-llﬁ
2742 366 2745 369 .
3555 318 3641 373 ΞΜ

431 441 604 510 populi
621 444 753 510 ejus,
786 441 839 493 in
864 439 1010 492 atriis
1033 435 1209 489 (lentus
1234 434 1443 488 Domini
1465 436 1517 487 in
1541 431 1706 486 medio
1730 432 1824 493 tui,
1847 429 2000 481 Jeru-
2028 432 2077 487 Α
2109 424 2287 492 bonus,
2319 427 2559 496 quoniam
2591 426 2648 479 in
2681 427 2923 483 steculum
2952 430 3303 483 misericordia
3327 428 3454 497 ejus.
3516 429 3646 483 Dicat

434 532 609 584 sulem.

993 611 1428 653 COMMENTARIUM.

501 706 796 775 Antequam
826 705 968 768 dicat
994 706 1121 775 quid
1158 707 1366 763 locutus
1394 706 1493 768 sit.
1539 703 1692 759 ﬁdem
1723 717 1874 757 suam
1903 718 1995 757 ex-

434 799 617 868 ponit:
664 796 905 863 Credidi,
957 798 1145 866 inquit.
1188 797 1325 864 Quid
1363 795 1679 851 credidisti!
1719 794 1912 848 Natum
1943 800 1997 846 et

436 906 642 958 passum
670 909 682 943 :
714 900 768 946 ct
795 891 921 961 quia
951 891 1171 955 credidi,
1205 890 1323 944 ideo
1353 889 1659 943 humiliatus
1675 903 1793 942 sum
1818 885 1992 939 nimis.

433 981 566 1036 Cum
588 991 767 1037 autem
795 982 1014 1045 credidi,
1035 982 1137 1036 hoc
1152 981 1358 1043 locutus
1377 994 1524 1034 sum:
1551 978 1608 1033 Si
1630 978 1884 1031 Dominus
1912 992 1998 1031 re-

431 1090 545 1129 rum
592 1076 883 1131 exinanivit
923 1076 1156 1145 seipsum
1180 1115 1194 1140 ,
1244 1082 1298 1128 ct
1344 1089 1441 1144 pro
1478 1088 1565 1126 me
1605 1070 1831 1126 formam
1856 1071 1996 1125 servi
2034 1108 2041 1111 ν

430 1167 699 1236 suscepit,
746 1166 869 1234 quid
913 1179 1013 1234 ego
1058 1166 1220 1220 miser
1260 1163 1484 1220 faciam?
1530 1162 1667 1230 Quid
1707 1162 1995 1217 retribuam

430 1257 653 1312 Domino
681 1273 779 1328 pro
809 1258 1056 1312 omnibus
1083 1272 1203 1325 qum
1230 1257 1475 1311 retribuit
1500 1254 1669 1309 mihi?
1695 1254 1994 1319 Quantum-

429 1350 507 1404 vis
535 1350 678 1403 dicat
718 1365 777 1404 se
822 1349 985 1404 homo
1031 1349 1232 1404 servire
1260 1348 1327 1403 ad
1351 1347 1767 1402 vicissitudinem
1796 1344 1995 1399 beneﬂ-

425 1440 629 1493 ciorum
645 1438 778 1507 ejus,
805 1440 979 1494 omnis
999 1440 1161 1495 homo
1177 1440 1423 1493 mendax.
1451 1438 1587 1506 Quid
1612 1440 1754 1493 enim
1778 1438 1995 1506 dignum

426 1529 682 1585 retribuet
709 1530 872 1585 homo
902 1529 1131 1586 Domino
1154 1571 1168 1595 ,
1223 1531 1323 1585 nisi
1372 1530 1509 1584 forte
1537 1530 1839 1599 passionem
1880 1542 1998 1598 pas-

425 1619 574 1674 sione
620 1622 1014 1689 compensans?
1068 1620 1299 1677 Calicem
1347 1622 1597 1678 salutaris
1647 1621 1902 1690 accipiam
1942 1628 1997 1675 et

428 1724 619 1764 nomen
650 1710 860 1765 Domini
906 1711 1186 1767 invocabo.
1234 1710 1477 1770 Pretiosa
1504 1719 1586 1766 est
1614 1713 1755 1766 enim
1784 1712 1836 1764 in
1866 1726 1991 1764 con-

428 1808 609 1868 spectu
655 1800 864 1859 Domini
899 1818 1045 1858 mors
1090 1810 1396 1857 sanctorum
1443 1801 1557 1871 ejus
1593 1819 1606 1854 :
1658 1802 1703 1856 si
1734 1812 1912 1855 tamen
1942 1801 1996 1855 in

430 1890 540 1958 ipsa
570 1900 743 1947 morte
789 1893 979 1949 doceat
1024 1909 1082 1948 se
1127 1909 1338 1948 servum
1364 1894 1492 1959 Dei,
1523 1902 1576 1948 et
1605 1892 1767 1947 lilium
1793 1893 1997 1948 ancillae

428 1982 561 2050 ejus.
598 1982 804 2039 Ancilla
850 1985 945 2039 Dei
985 1993 1066 2039 est
1091 1984 1369 2056 disciplina
1396 1995 1595 2041 sancta.
1638 1984 1741 2052 Qui
1772 1985 1912 2038 enim
1944 1985 1995 2038 in

430 2072 532 2127 line
578 2076 818 2143 corporis
861 2074 1053 2129 dixerit
1082 2075 1309 2130 Domino
1337 2077 1603 2133 veraciter
1633 2095 1644 2129 :
1677 2076 1720 2129 Ο
1748 2075 1993 2140 Domine,

432 2177 526 2231 ego
554 2178 740 2219 servus
767 2173 918 2232 tuus,
968 2166 1021 2219 id
1050 2175 1162 2232 cst,
1209 2175 1323 2222 non
1344 2174 1397 2225 te
1424 2167 1743 2238 contempsi,
1777 2175 1832 2222 et
1861 2166 1996 2221 ﬁlius

429 2269 543 2308 sum
568 2255 773 2311 ancilla:
797 2264 900 2311 tute
924 2296 940 2322 ,
982 2256 1034 2310 id
1063 2263 1181 2323 est,
1231 2256 1522 2327 disciplina:
1550 2265 1654 2313 tua:
1681 2259 1822 2314 velut
1862 2257 1997 2313 illius

428 2346 819 2416 obtemperavi;
870 2348 1165 2418 disrumpet
1205 2349 1461 2404 Dominus
1498 2350 1708 2405 vincula
1737 2348 1851 2419 ejus
1879 2352 1997 2419 qui-

428 2436 523 2491 bus
549 2452 578 2491 a
607 2438 820 2493 diabolo
862 2440 1180 2509 implicatur,
1228 2451 1282 2495 et
1328 2441 1592 2497 sacriﬁcat
1632 2440 1743 2497 Deo
1768 2442 1997 2497 hostiam

429 2530 597 2584 laudis
620 2571 634 2594 ,
679 2532 751 2585 ita
790 2540 848 2587 ut
875 2540 999 2587 vota
1026 2549 1121 2588 sua
1150 2534 1376 2589 Domino
1406 2534 1591 2591 reddat
1619 2535 1672 2589 in
1702 2535 1852 2589 atriis
1899 2536 1996 2589 do-

427 2639 543 2679 mus
571 2623 799 2687 Domini,
833 2626 888 2681 in
916 2634 1203 2696 conspectu
1235 2628 1410 2683 omnis
1438 2628 1621 2697 populi
1650 2627 1782 2696 ejus,
1816 2627 1867 2681 id
1895 2637 1996 2692 est,

428 2717 478 2768 in
508 2731 695 2771 eorum
735 2728 1025 2788 conspectu
1050 2759 1064 2785 ,
1106 2721 1196 2790 qui
1228 2723 1455 2791 populus
1483 2720 1576 2775 Dei
1607 2730 1725 2775 est:
1761 2738 1868 2775 non
1898 2738 1995 2791 po-

429 2804 580 2871 pulus
606 2805 763 2874 hujus
789 2808 973 2862 mundi
996 2849 1011 2873 ,
1054 2815 1111 2862 ut
1136 2807 1319 2863 vidéar
1347 2811 1414 2865 ab
1444 2810 1748 2866 hominibus
1774 2811 1841 2865 ad
1870 2828 1995 2882 per-

427 2895 683 2949 ditionem
714 2890 1130 2964 laboris'sancti,
1155 2914 1337 2954 coram
1358 2901 1553 2956 sanctis
1585 2902 1677 2972 qui
1703 2903 1999 2970 gloriantur

427 2987 478 3040 in
508 2988 684 3043 medio
712 2990 808 3053 tui,
835 2989 1148 3057 Jerusalem,
1180 2992 1233 3045 in
1262 3008 1365 3061 qua
1404 2994 1698 3063 imperator
1737 3004 1819 3049 est
1845 2994 1997 3049 Chri-

424 3089 539 3133 stus
563 3118 578 3143 ,
620 3081 712 3148 qui
756 3089 942 3150 regnat
988 3098 1108 3137 cum
1159 3082 1316 3140 Patre
1345 3092 1399 3140 et
1424 3083 1624 3156 Spiritu
1653 3095 1873 3150 sancto,
1903 3103 1998 3157 per

426 3168 603 3224 omnia
633 3170 830 3228 saecula.
849 3172 1183 3228 saeculorum.
1216 3175 1404 3251 Amen.

945 3283 1069 3348 PSA
1078 3284 1164 3339 LM
1176 3285 1258 3343 US
1302 3286 1481 3343 CXVI.

944 3376 1213 3443 Alleluia,
1232 3380 1464 3436 alleluia.

494 3483 729 3554 Laudate
755 3486 1050 3554 Dominum,
1076 3508 1248 3547 omnes
1267 3501 1474 3564 gentes;
1497 3496 1705 3550 laudate
1731 3514 1863 3561 eum.
1888 3514 1997 3551 om-

427 3591 515 3630 nes
539 3577 727 3647 papuli.
760 3575 1014 3643 Quoniam
1053 3584 1360 3651 conﬁrmata
1397 3591 1472 3637 est
1499 3601 1653 3656 super
1679 3602 1772 3640 nos
1794 3588 1996 3641 miseri-

390 3733 397 3737 .
428 3668 603 3721 cordia
622 3669 753 3739 ejus,
781 3678 830 3723 et
853 3674 1036 3726 veritas
1059 3670 1268 3728 Domini
1295 3682 1467 3729 manet
1495 3676 1551 3728 in
1571 3682 1833 3730 (eternum.

989 3801 1421 3841 COMMENTARIUM.

498 3892 735 3953 Laudate
762 3893 1082 3961 Dominum,
1128 3912 1316 3952 omnes
1360 3908 1563 3968 gentes.
1616 3899 1828 3955 Exclusi
1873 3911 1998 3956 sunt

427 3981 611 4046 Judaei,
637 3982 729 4052 qui
756 3984 995 4038 tulerunt
1020 3984 1224 4041 clavem
1253 3989 1404 4057 regni
1432 3989 1693 4045 oculorum
1717 4029 1731 4054 ,
1766 4006 1867 4046 nec
1898 3992 1998 4061 ipsi

429 4074 878 4143 ingrediebantur,
920 4093 1021 4134 nec
1057 4093 1153 4141 vos
1180 4080 1387 4149 ingredi
1417 4083 1816 4155 permittebant.
1873 4080 1999 4138 Om-

428 4179 539 4230 nes,
572 4163 783 4220 laudate
812 4165 1090 4223 Dominum
1114 4207 1130 4233 ,
1176 4172 1269 4240 qui
1311 4172 1512 4241 absque
1539 4189 1888 4243 personarum
1917 4191 1999 4232 ac-

427 4255 671 4324 ceptione
722 4272 895 4311 omnes
938 4259 1168 4315 homines
1210 4262 1314 4316 vult
1352 4264 1518 4318 salvos
1545 4265 1662 4335 ﬁeri
1690 4264 1732 4337 (Ι
1752 4264 1882 4321 Tim.
1914 4265 1995 4339 ιι).

427 4346 623 4401 Omnes
651 4355 838 4415 gentes
855 4388 868 4411 ,
902 4348 1114 4406 laudate
1136 4392 1151 4417 ,
1182 4353 1435 4422 quoniam
1468 4354 1782 4412 conﬁrmata
1808 4365 1891 4413 est
1916 4375 2001 4415 su-

428 4451 523 4505 per
549 4451 649 4492 nos
674 4438 1037 4495 misericordia
1059 4441 1195 4509 ejus.
1244 4442 1483 4507 Exclusit
1508 4448 1650 4501 enim
1678 4448 1869 4503 merita
1894 4464 1995 4505 no-

2098 534 2233 571 nunc
2255 518 2431 572 domus
2470 518 2645 573 Aaron
2683 521 2922 590 quoniam
2959 518 3145 584 bonus,
3174 522 3417 592 quoniam
3436 524 3485 575 in
3508 540 3643 577 sacu-

2097 608 2201 662 lum
2238 609 2593 663 misericordia
2630 611 2761 680 ejus.
2796 610 2987 664 Dicant
3015 628 3145 665 nunc
3180 615 3268 679 qui
3292 612 3649 667 timentDomi-

2097 714 2239 761 num,
2270 700 2510 770 quoniam
2537 701 2591 753 in
2625 700 2867 754 sceculum
2896 701 3252 755 misericordia
3279 703 3409 773 ejus.
3464 702 3536 757 De
3564 707 3650 769 tri-

2098 788 2356 845 bulatione
2378 791 2607 844 invocavi
2634 789 2933 855 Dominum,
2956 801 3004 845 et
3022 794 3277 846 exaudivit
3307 811 3385 847 me
3410 795 3459 846 in
3490 794 3652 848 latitu-

2098 881 2216 935 dine
2252 880 2526 937 Dominus.
2593 882 2846 938 Dominus
2895 886 3019 940 milii
3064 887 3299 957 adjutor,
3341 903 3439 941 non
3485 887 3653 944 timebo

2097 971 2220 1041 quid
2248 974 2410 1042 faciat
2436 973 2563 1026 mihi
2590 974 2761 1028 homo.
2792 972 3047 1029 Dominus
3075 977 3198 1031 milii
3234 978 3459 1046 adjutor,
3498 989 3545 1032 et
3570 997 3653 1050 ego

2098 1062 2375 1132 despiciam
2403 1064 2639 1116 inimicos
2668 1081 2825 1118 meos.
2878 1064 3074 1119 Bonum
3094 1076 3169 1119 est
3198 1067 3455 1137 conﬁdere
3478 1070 3529 1121 in
3556 1067 3653 1124 Do-

2096 1154 2236 1206 mino
2259 1194 2273 1218 ,
2324 1170 2475 1225 quam
2503 1155 2761 1224 conﬁdere
2788 1157 2841 1209 in
2871 1156 3092 1211 lmmine.
3139 1156 3342 1212 Bonum
3363 1168 3439 1211 est
3464 1176 3653 1230 sperare

2095 1244 2148 1296 in
2180 1243 2419 1309 Domino,
2450 1262 2601 1316 quam
2625 1262 2832 1315 sperare
2851 1248 2903 1300 in
2926 1249 3261 1318 principibus.
3287 1246 3475 1304 Omnes
3496 1262 3653 1321 gentes

2097 1334 2538 1389 circumdederunt
2582 1353 2696 1401 me,
2746 1340 2873 1391 etin
2918 1342 3120 1392 nomine
3161 1338 3371 1395 Domini
3392 1344 3507 1413 quia
3530 1346 3653 1399 ultus

2096 1440 2207 1477 sum
2244 1426 2299 1478 in
2330 1442 2435 1479 eos.
2481 1425 2866 1482 Circumdanles
2917 1430 3359 1484 circumdederunt
3393 1449 3500 1496 me,
3535 1434 3650 1487 etin

2099 1520 2304 1573 nomine
2325 1518 2535 1576 Domini
2579 1524 2700 1593 quia
2737 1523 2874 1577 ultus
2908 1540 3018 1577 sum
3059 1527 3113 1579 in
3149 1543 3255 1580 eos.
3309 1527 3651 1583 Circumcide-

2098 1618 2218 1663 runt
2245 1627 2324 1664 me
2342 1611 2472 1664 sicut
2499 1629 2647 1682 apes,
2677 1620 2726 1666 et
2754 1624 3055 1683 exarserunt
3082 1618 3212 1670 sicut
3240 1619 3375 1688 ignis
3404 1618 3456 1671 in
3482 1620 3649 1687 sputis,

2097 1709 2147 1753 et
2170 1701 2221 1754 in
2246 1702 2453 1755 nomine
2473 1700 2685 1757 Domini
2719 1704 2838 1775 quia
2858 1704 2993 1759 ultus
3038 1723 3150 1760 sum
3173 1707 3227 1759 in
3257 1724 3362 1760 eos.
3412 1706 3653 1776 [inpulsus

2026 1788 2073 1847 Β
2097 1811 2296 1848 eversus
2326 1812 2437 1849 sum
2456 1805 2512 1849 ut
2530 1796 2782 1862 caderem,
2814 1808 2863 1851 et
2882 1796 3134 1853 Dominus
3153 1801 3376 1869 suscepit
3408 1817 3500 1853 me.
3532 1798 3651 1853 For-

2101 1883 2260 1937 titudo
2274 1901 2386 1938 mea
2407 1894 2455 1938 et
2479 1887 2591 1939 laus
2612 1904 2724 1941 mea
2746 1888 3069 1954 Dominus,et
3090 1892 3259 1961 [actus
3281 1900 3355 1944 est
3375 1892 3493 1944 mihi
3514 1893 3563 1946 in
3576 1908 3651 1944 sa-

2099 1973 2271 2029 lutem.
2294 1975 2408 2031 Vox
2428 1979 2785 2034 exsultationis
2805 1982 3053 2052 ctsalutis
3072 1980 3479 2037 iutabernaculis
3496 1984 3651 2052 justo-

2098 2083 2229 2125 rum.
2255 2066 2481 2122 Deﬂera
2525 2069 2736 2124 Domini
2766 2072 2886 2143 fecit
2914 2074 3146 2127 virtutem
3164 2113 3189 2138 ,η
3223 2073 3435 2127 dextera
3461 2072 3654 2131 Domini

2098 2158 2340 2213 exultavit
2359 2177 2456 2225 me,
2489 2160 2700 2216 dextera
2720 2162 2931 2217 Domini
2958 2167 3358 2235 {ecit-rirtutem.
3403 2150 3523 2219 Non
3551 2180 3649 2217 mo-

2097 2251 2206 2304 riar
2246 2252 2338 2305 sed
2368 2252 2549 2317 vivam,
2588 2265 2649 2306 et.
2673 2255 2893 2310 narrabo
2930 2273 3086 2329 apere
3110 2256 3340 2311 Domini.
3374 2256 3633 2328 Castigans

2100 2343 2363 2411 castigavit
2382 2341 2761 2410 meDominus,
2787 2356 2835 2399 et
2865 2348 3016 2400 morti
3039 2364 3140 2402 non
3173 2348 3387 2401 tradidit
3408 2364 3500 2400 me.
3530 2346 3653 2415 Apeq

2099 2434 2197 2487 rite
2232 2436 2357 2489 milii
2405 2446 2582 2505 portas
2616 2438 2863 2507 justiiiw,
2905 2440 3165 2509 ingressus
3186 2440 3239 2493 in
3280 2456 3368 2493 eas
3397 2434 3654 2506 conﬁtebor

2105 2523 2358 2590 Domino;
2396 2528 2503 2582 Ιιωο
2542 2538 2691 2598 porta
2724 2529 2954 2595 Domini,
2990 2532 3121 2601 justi
3160 2530 3428 2585 intrabunt
3452 2531 3505 2582 in
3531 2543 3651 2581 eam.

2100 2612 2391 2685 Conﬁtebor
2412 2618 2519 2681 tibi,
2544 2622 2781 2689 quoniam
2805 2622 3057 2674 exaudisti
3078 2637 3174 2685 me,
3205 2631 3257 2673 et
3287 2624 3451 2690 [actus
3472 2634 3522 2673 es
3542 2617 3651 2671 mihi

2100 2706 2152 2757 in
2175 2707 2409 2764 salutem.
2458 2706 2705 2779 Lapidem
2732 2727 2875 2780 quem
2902 2708 3298 2780 reprobarerunt
3337 2708 3651 2778 ludiﬁcantes,

2101 2796 2181 2849 hic
2203 2798 2370 2867 {actus
2406 2807 2480 2852 est
2520 2801 2573 2852 in
2613 2809 2764 2868 caput
2802 2802 2996 2871 anguli.
3056 2800 3099 2852 Α
3133 2799 3359 2854 Domino
3383 2801 3562 2869 factum
3586 2804 3650 2854 ρει

2099 2889 2268 2951 istud,
2312 2899 2361 2943 et
2393 2899 2469 2945 est
2508 2891 2743 2946 mirabile
2787 2895 2838 2946 in
2870 2895 3027 2947 oculis
3056 2893 3267 2946 nostris.
3313 2890 3439 2945 Ηίιέ
3464 2898 3534 2943 est
3556 2888 3650 2940 dies

2101 2997 2251 3050 quam
2271 2983 2389 3051 fecit
2411 2981 2677 3046 Dominus,
2704 2985 3011 3037 exsultantis
3051 2996 3099 3036 et
3139 2984 3373 3049 lwlemur
3400 2983 3463 3034 vin
3500 2997 3573 3032 ea.
3612 2976 3649 3027 0

2106 3069 2356 3137 Domine,
2397 3073 2591 3127 salvum
2638 3090 2716 3127 me
2756 3075 2859 3145 fac,
2902 3092 2932 3129 ο
2972 3074 3208 3139 Domine,
3247 3076 3375 3129 bene
3394 3082 3441 3127 et
3462 3071 3650 3142 feliciter

2023 3155 2064 3214 (ἶ
2101 3179 2432 3232 prosperare;
2475 3164 2769 3220 benedictus
2812 3167 2899 3238 qui
2937 3168 3071 3221 venit
3116 3169 3168 3220 in
3206 3168 3414 3220 nomine
3440 3163 3647 3218 Domini.

2102 3254 2462 3311 lienediximus
2492 3254 2629 3311 vobis
2649 3257 2712 3311 de
2740 3258 2890 3313 domo
2907 3257 3113 3313 Domini
3126 3258 3302 3319 ,‘Deus
3334 3259 3590 3320 Dominus,
3611 3262 3652 3306 et

2099 3345 2273 3398 illuxit
2294 3344 2477 3404 nobis.,
2497 3345 2798 3401 Constituite
2826 3348 2959 3402 diem
2987 3352 3260 3403 solemnem
3300 3352 3354 3403 in
3384 3347 3651 3409 condensis.

2098 3454 2253 3508 usque
2275 3438 2345 3491 ad
2364 3455 2523 3493 cornu
2552 3440 2757 3494 altaris.
2792 3440 2931 3497 Deus
2960 3458 3100 3496 meus
3129 3459 3181 3496 es
3211 3451 3297 3508 tu,
3330 3453 3380 3496 et
3399 3438 3655 3510 conﬁtebor

2101 3530 2188 3579 tibi
2211 3545 2227 3591 ;
2271 3526 2410 3582 Deus
2438 3545 2578 3583 meus
2606 3546 2660 3583 es
2708 3539 2778 3593 tu,
2812 3541 2859 3584 et
2879 3530 3118 3585 exaltabo
3143 3541 3210 3585 te.
3242 3529 3532 3603 Conﬁtebor
3558 3525 3656 3588 tibi,

2098 3618 2338 3687 quoniam
2365 3619 2621 3673 exaudiin
2649 3636 2728 3673 me
2753 3662 2768 3686 ,
2817 3630 2867 3673 et
2906 3624 3072 3693 {actus
3111 3638 3163 3676 es
3205 3623 3329 3676 milii
3363 3619 3652 3675 insalutem.

2100 3705 2422 3776 Conﬁtemini
2449 3707 2669 3763 Domino
2698 3714 2936 3781 quoniam
2964 3712 3124 3765 bonus
3145 3753 3160 3777 ,
3202 3714 3446 3782 quoniam
3483 3712 3533 3764 in
3570 3722 3657 3763 sa?-

2099 3796 2265 3849 culum
2290 3798 2639 3853 misericordia
2660 3801 2789 3871 ejus.

2664 3906 3097 3951 COHMENTARIUII.

2170 3979 2511 4037 Conlitemini
2558 3980 2786 4037 Domino
2826 3986 3084 4053 quoniam
3114 3988 3307 4050 bonus,
3336 3985 3584 4055 quoniam
3608 3980 3655 4034 in

2100 4072 2349 4128 saeculum
2380 4072 2747 4129 misericordia
2773 4075 2906 4144 ejus.
2941 4075 3089 4132 Licet
3118 4078 3169 4131 iu
3208 4085 3468 4132 internum
3491 4079 3656 4141 regnet

2100 4161 2465 4217 misericordia
2493 4161 2628 4232 ejus,
2656 4172 2837 4219 tamen
2869 4163 3133 4220 confessio
3160 4167 3211 4219 in
3234 4166 3337 4221 isto
3367 4164 3555 4221 szeculo
3574 4176 3656 4231 po.

2101 4253 2227 4307 terit
2256 4252 2510 4322 prodesse
2538 4256 2900 4324 peccantibus.
2930 4255 3057 4312 Post
3084 4258 3221 4312 istud
3238 4259 3381 4313 enim
3404 4255 3654 4313 saeculum,

2100 4342 2366 4398 confessio
2392 4346 2604 4414 penitus
2630 4360 2736 4400 non
2763 4347 2961 4401 valebit
2990 4347 3057 4401 ad
3085 4348 3319 4407 veniam.
3344 4348 3525 4417 Itaque
3551 4358 3655 4400 enm

2101 4442 2184 4487 est
2233 4440 2442 4502 tempus
2467 4433 2753 4490 conﬁtendi
2802 4435 3052 4502 Domino,
3082 4437 3363 4493 fateamur.
3397 4438 3489 4493 Est
3530 4435 3659 4490 enim

426 4537 555 4592 stra,
579 4534 633 4582 et
653 4528 859 4583 induxit
879 4546 1039 4601 super
1058 4548 1157 4587 nos
1178 4534 1595 4591 miscricordiam
1623 4554 1773 4593 suam
1791 4580 1810 4605 ,
1831 4556 1992 4609 quam

2101 4523 2153 4577 in
2200 4524 2300 4579 isto
2346 4525 2542 4579 sarculo
2569 4525 2906 4594 paratissima
2935 4528 3297 4583 misericordia
3348 4530 3479 4598 ejus.
3510 4524 3563 4579 Si
3588 4525 3656 4574 vis

426 4615 758 4675 conﬁrmavit
815 4635 976 4691 super
1030 4638 1129 4678 nos
1174 4639 1271 4694 per
1316 4624 1698 4695 indulgentiam
1756 4632 1994 4687 omnium

426 4717 805 4778 peccatorum,
856 4711 1197 4769 credentibus
1241 4722 1297 4769 et
1340 4717 1721 4786 paenitentibus
1762 4722 1992 4789 promis-

427 4813 556 4852 sam.
599 4798 808 4856 Veritas
826 4803 938 4872 ipsa
962 4803 1170 4860 Domini
1199 4814 1379 4861 manet
1414 4809 1471 4862 in
1493 4817 1770 4864 arternum.
1812 4812 1868 4865 In
1894 4813 1999 4868 hoc

425 4892 567 4945 cnim
608 4894 943 4950 conﬁrmatio
989 4898 1367 4955 misericordiae
1414 4900 1532 4969 ejus
1559 4904 1774 4973 pietatis
1814 4914 1997 4959 osten-

426 4984 586 5049 ditur,
618 4984 670 5038 in
709 5001 816 5057 quo
846 4991 1175 5057 corrigentes
1203 5009 1231 5045 a
1263 5002 1486 5063 peccato
1524 4998 1679 5050 venia
1706 5013 1802 5052 nos
1830 5006 1885 5051 et
1914 4998 1998 5051 in-

426 5074 695 5143 dulgentia
742 5079 1090 5148 comitantur;
1141 5094 1489 5155 nostrumque
1536 5087 1778 5144 desinere
1818 5104 1847 5142 a
1876 5105 2001 5158 pec—

411 5185 439 5237 .t
458 5174 548 5219 ato
575 5165 669 5220 Dei
701 5167 975 5238 indulgere
1015 5182 1115 5237 est,
1148 5177 1231 5229 cui
1261 5177 1431 5245 gloria
1462 5195 1559 5248 per
1598 5180 1775 5233 omnia
1806 5180 1997 5239 suacula

424 5254 760 5313 saeculorum.
792 5259 982 5316 Anien.

920 5391 1138 5450 PSALM
1149 5396 1231 5453 US
1283 5399 1481 5455 CXVII.

963 5511 1204 5578 Alleluia,
1231 5515 1460 5570 alleluia.

497 5618 822 5689 Conﬁtemini
872 5623 1091 5679 Domino
1137 5628 1376 5683 quoniam
1425 5626 1615 5685 bonus.
1663 5631 1905 5699 quoniam
1945 5631 1997 5681 in
2042 5694 2053 5703 κ

432 5710 669 5777 iaculum
691 5717 1040 5771 misericordia
1061 5719 1188 5790 ejus.
1230 5719 1377 5773 Dicat
1406 5736 1537 5773 nime
1569 5720 1734 5774 Israel
1760 5723 2000 5788 (pluuium

2103 4614 2309 4669 discere
2329 4613 2398 4669 ita
2427 4629 2567 4680 esse,
2590 4615 2785 4670 docere
2808 4624 2861 4671 te
2888 4619 3088 4686 poterit
3112 4626 3168 4672 et
3195 4606 3385 4677 donius
3412 4615 3582 4679 Israel,
3610 4622 3656 4666 et
3687 4645 3699 4656 -

2103 4706 2293 4760 domus
2321 4704 2520 4760 Aaron.
2569 4706 2627 4760 In
2655 4706 2945 4777 Scripturis
2973 4709 3221 4763 omnibus
3263 4711 3460 4764 veteris
3487 4708 3652 4760 Testa-

2104 4796 2268 4850 meuti
2306 4795 2379 4849 ibi
2407 4796 2539 4865 legis
2565 4797 2687 4866 quia
2709 4799 3132 4869 quotiescunque
3160 4815 3448 4855 conversus
3469 4788 3547 4852 est
3571 4808 3657 4865 p0-

2105 4887 2261 4957 pulus
2286 4887 2352 4941 ad
2380 4888 2793 4953 confessionem,
2818 4897 2871 4943 et
2900 4890 3166 4959 paenituit,
3199 4891 3358 4945 toties
3404 4898 3484 4945 cst
3510 4886 3655 4941 mise-

2102 4979 2388 5033 ricordiam
2417 4988 2756 5035 consecutus.
2790 4979 2943 5046 Quod
2971 4982 3015 5034 si
3045 4981 3111 5036 ad
3142 4982 3421 5049 legendum
3451 4982 3657 5046 incapax

2101 5086 2218 5129 esse
2261 5070 2476 5135 videris,
2506 5072 2718 5141 require
2763 5072 3008 5127 homines
3035 5074 3126 5141 qui
3156 5074 3343 5127 timent
3371 5070 3651 5127 Dominum,

2102 5172 2155 5227 ct
2184 5164 2281 5233 ipsi
2313 5164 2409 5218 tibi
2436 5164 2719 5219 ostendent
2758 5164 3029 5233 quomodo
3066 5163 3444 5220 conﬁtentibus
3488 5165 3652 5233 parata

2099 5256 2170 5309 sit
2197 5256 2559 5310 misericordia
2586 5255 2720 5323 ejus.
2753 5255 2883 5310 Nam
2905 5264 2959 5309 et
2987 5269 3086 5324 ego
3113 5256 3166 5310 in
3193 5256 3529 5310 tribulatione
3548 5261 3654 5304 mea

2101 5348 2377 5404 confessus
2420 5363 2556 5414 sum,
2591 5355 2647 5402 et
2675 5347 2918 5404 invocavi
2966 5348 3269 5414 Dominum,
3302 5354 3357 5402 et
3406 5337 3652 5401 exaudivit

2102 5455 2189 5494 me
2215 5440 2268 5494 in
2297 5439 2594 5494 latitudine.
2626 5438 2822 5495 Verum
2843 5440 2966 5508 quia
2996 5447 3050 5494 et
3070 5455 3168 5494 nos
3188 5439 3289 5509 ipsi
3317 5438 3467 5492 nobis
3490 5436 3653 5489 hostes

2102 5546 2306 5595 sumus,
2337 5529 2462 5587 dum
2492 5538 2678 5584 contra
2723 5530 2948 5584 salutem
2990 5539 3226 5584 nostram
3257 5528 3451 5598 aliquid
3476 5534 3651 5580 concu-

2104 5623 2377 5692 piscimus,
2407 5630 2465 5676 et
2492 5622 2834 5679 nihilominus
2862 5631 3014 5677 extra
3040 5638 3137 5678 nos
3165 5623 3299 5677 alios
3329 5620 3558 5676 inimicos
3575 5613 3653 5666 ha-

2103 5719 2292 5772 bemus
2317 5715 2555 5770 visibiles
2583 5722 2742 5783 etque
2769 5716 3077 5779 invisibiles,
3102 5730 3314 5770 oremus
3338 5722 3388 5767 ut
3419 5706 3647 5766 Domiti"5
