3908 6176
216 375 311 426 ευδ

1124 369 1596 428 COMMENTMLEI
1636 367 1698 423 1:;
1739 366 2064 422 #5313305.
2109 367 2298 422 l‘SAL.
2341 369 2562 424 CXVIII.

3371 373 3476 427 bim

215 483 364 538 nobis
419 483 631 552 adjutor
659 496 775 536 esse
822 481 1069 550 dignetur
1095 491 1283 536 contra
1328 479 1635 534 inimicitias
1665 477 1790 530 istas
1821 477 1864 532 Λ
1893 474 2016 542 giae
2046 477 2225 530 mundi
2268 494 2365 546 per
2412 477 2631 550 Moysen
2659 478 2786 548 quid
2817 479 2986 546 egerit
3014 479 3156 535 circa
3185 479 3474 538 humanum

216 587 342 643 quas
396 573 838 634 memoravimus,
871 579 926 624 et
957 579 1084 626 tunc
1111 571 1324 626 demum
1357 586 1461 623 non
1495 567 1797 622 timebimus

219 665 460 718 inimicos
503 671 738 718 nostros.
771 661 961 716 Melius
995 672 1074 718 est
1123 663 1262 717 enim
1294 659 1564 716 confidere
1593 660 1645 712 in
1689 657 1796 712 Do-

217 755 377 816 mino,
397 741 568 824 quam
597 753 870 808 conlidere
903 755 955 808 in
979 755 1214 808 homine.
1241 748 1378 806 Nota
1425 752 1495 805 ibi
1525 748 1797 806 conliden-

218 847 343 898 tiam
389 859 552 912 quam
603 852 808 908 teneas,
841 842 1161 897 Christiane.
1196 841 1311 896 Noli
1343 839 1610 894 Conﬁdere
1641 841 1691 894 in
1721 849 1793 902 te,

219 935 320 989 nuli
367 933 548 989 dicere
572 974 587 1000 ,
619 935 696 990 sic
727 943 778 988 te
808 935 1030 988 liberum
1086 935 1284 988 habere
1313 933 1618 998 arbitrium,
1656 941 1712 986 ut
1743 940 1799 987 tu

219 1027 307 1080 tibi
337 1026 387 1079 in
416 1034 468 1080 te
491 1025 606 1096 ipso
645 1023 903 1080 conlilas.
937 1025 1112 1080 Ilabes
1141 1025 1352 1096 quidem
1384 1025 1610 1078 liberum
1651 1024 1796 1078 arbi-

219 1117 396 1181 trium,
421 1117 513 1170 sed
561 1116 670 1170 noli
699 1115 764 1170 de
795 1134 860 1170 eo
889 1133 1244 1186 praesumere;
1275 1118 1342 1172 de
1372 1117 1482 1172 Deo
1514 1134 1794 1186 praesume,

218 1207 340 1276 quiu
380 1206 520 1260 vinci
561 1223 667 1260 non
691 1216 912 1276 'potest,
947 1224 1066 1260 ιιαιιι
1097 1207 1318 1261 liberum
1352 1205 1628 1262 arbitrium
1661 1207 1798 1262 vinci

220 1305 414 1368 potest.
448 1297 652 1352 Dorium
685 1307 768 1350 est
797 1297 1064 1374 conlidere
1095 1297 1145 1350 in
1167 1295 1414 1363 Domino,
1447 1314 1606 1368 quam
1627 1300 1795 1353 conli-

217 1389 340 1444 dere
365 1389 418 1442 in
462 1389 696 1454 bomie,
725 1398 815 1442 aut
845 1390 896 1443 in
929 1389 1273 1459 principibus.
1307 1391 1363 1445 Si
1383 1393 1526 1446 enim
1555 1390 1798 1447 confidas

220 1480 267 1534 in
295 1477 546 1542 Domino,
591 1486 716 1534 tunc
745 1480 948 1549 poteris
975 1479 1153 1534 dicere
1186 1499 1198 1534 :
1229 1479 1427 1536 Omnes
1465 1490 1652 1550 gentes
1691 1483 1796 1536 cir-

218 1569 598 1623 cumdederunt
624 1587 728 1633 me,
756 1582 808 1623 et
831 1571 880 1623 in
911 1573 1122 1626 nomine
1151 1570 1361 1625 Domini
1386 1573 1524 1626 ultus
1545 1589 1659 1627 sum
1683 1588 1798 1627 eos.

220 1657 329 1723 Iloc
359 1659 579 1714 libertas
605 1659 810 1714 arbitrii
839 1661 1019 1716 dicere
1049 1665 1154 1716 non
1185 1671 1376 1732 potest,
1403 1671 1494 1717 aut
1513 1645 1557 1717 si
1585 1663 1798 1729 dixerit,

217 1751 422 1808 docebo
453 1766 571 1805 eam
601 1759 786 1821 aperte
811 1753 1042 1817 mentiri,
1067 1763 1160 1808 aut
1183 1763 1330 1809 certe
1351 1756 1418 1808 ab
1448 1755 1599 1810 initio
1621 1748 1800 1810 saeculi

1896 579 2082 634 genus,
2107 569 2300 636 quidve
2329 571 2592 638 gesserint
2627 572 2768 625 circa
2809 570 2980 626 Deum
3010 573 3256 628 homines
3289 583 3475 630 notum

1899 659 2118 724 iaciens,
2142 670 2194 714 et
2237 661 2340 715 hoc
2370 671 2556 715 notum
2589 661 2731 726 fecit,
2764 663 2906 733 quod
2929 665 2978 717 in
3001 665 3308 722 novissimis
3339 675 3473 722 tem-

1899 750 2116 816 poribus
2144 753 2426 804 Sili-CIIIII‘CI.
2475 751 2553 806 eis
2581 767 2644 806 ex
2675 751 2878 807 femore
2907 753 3055 809 Judae
3103 771 3283 826 regem
3323 757 3475 812 Chri-

1897 849 2060 906 stunt,
2091 841 2156 894 de
2185 857 2292 910 quo
2345 844 2458 912 ipse
2507 843 2718 914 Moyses
2768 843 3008 900 direret:
3042 845 3216 915 Ipsum
3248 849 3478 904 audietis

1899 942 2152 1002 tanquam
2183 951 2267 988 me
2296 951 2394 1004 per
2419 936 2628 999 omnia,
2663 936 2728 990 de
2757 953 2864 1005 quo
2898 937 3098 1006 jurav‘it
3143 939 3282 996 Deus
3325 951 3478 1010 pater

1899 1021 1963 1076 ad
1993 1023 2177 1088 David,
2203 1024 2385 1079 dia-ens
2411 1043 2422 1076 ε
2454 1023 2532 1078 De
2561 1027 2732 1096 fructu
2759 1030 2950 1082 centris
2995 1029 3067 1081 tui
3104 1047 3297 1098 ponam
3326 1051 3478 1104 super
3545 1065 3554 1082 .-

1897 1114 2069 1166 sedem
2101 1123 2241 1168 tuam
2274 1114 2445 1186 (Psal.
2465 1117 2660 1186 cxxxr).
2684 1115 2759 1172 De.
2788 1133 2895 1186 quo
2945 1119 3145 1188 juravit
3200 1120 3266 1176 ad
3309 1121 3477 1176 Abra-
3549 1117 3566 1160 ’⁷

1898 1207 2053 1272 ham,
2085 1208 2227 1276 quod
2273 1210 2327 1262 in
2358 1209 2552 1264 semine
2599 1221 2682 1264 tuo
2736 1210 3051 1266 ltwredttabo
3096 1230 3272 1268 omnes
3303 1225 3477 1286 gentes

1901 1296 2055 1368 (Gen.
2081 1299 2232 1368 χχιι).
2265 1299 2338 1352 De
2368 1316 2476 1368 quo
2501 1315 2598 1369 per
2623 1300 2815 1356 Isaiam
2837 1302 2970 1355 dixit
2989 1302 3126 1357 Deus
3150 1304 3292 1372 quod
3323 1304 3478 1377 Virgo

1897 1387 1951 1440 in
1973 1395 2117 1440 utero
2147 1391 2418 1460 concipiet,
2439 1401 2488 1444 et
2513 1392 2682 1460 pariet
2702 1390 3017 1445 Emmanuel
3041 1391 3173 1464 (Isa.
3205 1393 3318 1464 vn).
3354 1395 3478 1451 Haec

1899 1485 1953 1530 et
1981 1478 2060 1531 his
2095 1478 2287 1532 similia
2315 1481 2477 1533 multa
2514 1481 2565 1534 in
2589 1481 2859 1535 veteribus
2901 1482 3050 1537 libris
3070 1483 3328 1548 invenies,
3361 1499 3480 1554 qua:

1899 1577 1952 1623 et
1979 1569 2144 1623 Judaei
2167 1570 2231 1624 ad
2269 1565 2682 1627 aediﬁcationem
2712 1573 2895 1642 populi
2923 1573 3180 1642 legentes,
3210 1574 3479 1631 aediﬁcan-

1903 1667 1981 1712 tes
2009 1659 2270 1714 uominati
2316 1669 2458 1714 sunt.
2503 1659 2543 1714 Ii
2573 1661 2694 1714 dum
2736 1663 3000 1716 aediﬁcant
3028 1673 3386 1732 pervenerunt
3414 1665 3478 1720 ad

1903 1749 2136 1820 lapidem
2167 1749 2494 1817 angularem,
2521 1751 2612 1819 qui
2636 1751 2768 1806 duos
2795 1752 3025 1822 parietes
3047 1755 3477 1824 amplecteretur,

217 1838 304 1908 det
331 1839 463 1894 mihi
491 1841 582 1908 qui
621 1841 736 1894 sine
778 1841 867 1895 Dei
898 1843 1096 1898 auxilio
1123 1845 1382 1910 evaserit,
1403 1843 1516 1898 sive
1547 1844 1796 1909 visibiles,
1831 1833 1876 1892 B
1905 1848 1958 1894 et
1981 1841 2107 1894 duos
2155 1841 2398 1894 conderet
2443 1841 2497 1893 in
2543 1843 2816 1910 semetipso
2848 1841 3006 1914 (Eph.
3032 1843 3110 1912 ιι).
3137 1843 3201 1897 Et
3228 1845 3350 1912 quia
3384 1845 3482 1914 ipsi

217 1930 326 1983 sive
381 1930 675 1984 invisibiles
715 1931 985 1986 inimicos.
1045 1931 1274 1988 Attende
1329 1935 1572 1988 etiamin
1604 1935 1802 1990 auxilio

218 2022 407 2102 positis
437 2023 564 2092 quid
611 2023 816 2078 accidat
844 2043 854 2076 :
889 2024 1149 2094 lmpulsus
1170 2041 1307 2089 sum,
1336 2027 1527 2096 inquit,
1559 2036 1804 2081 versatus

218 2130 330 2166 sum
367 2121 423 2167 ut
445 2114 713 2178 caderem,
744 2124 797 2168 ct
819 2113 1076 2169 Dominus
1102 2116 1336 2184 suscepit
1363 2130 1467 2170 me.
1502 2115 1565 2169 Et
1586 2117 1806 2185 subjun-

216 2218 300 2271 gat
329 2205 377 2256 si
410 2212 588 2272 potest
621 2221 632 2256 :
665 2203 942 2260 Fortitudo
992 2220 1107 2258 mea
1149 2213 1204 2258 et
1250 2205 1365 2260 laus
1416 2221 1561 2259 mea.
1588 2205 1806 2260 libertas

215 2296 444 2360 arbitrii,
480 2306 533 2349 et
564 2297 673 2364 ipsa
706 2296 840 2350 facta
873 2305 954 2351 est
979 2293 1116 2350 mihi
1133 2297 1186 2350 in
1215 2297 1462 2351 salutem.
1491 2296 1604 2352 IIoc
1632 2297 1678 2349 si
1698 2313 1804 2350 non

218 2394 398 2458 potest
426 2386 627 2451 dicere,
657 2387 820 2440 immo
849 2387 972 2456 quia
1002 2403 1109 2443 non
1141 2395 1319 2456 potest
1342 2386 1486 2454 juste
1513 2387 1710 2453 dicere,
1733 2387 1809 2441 di-

217 2485 301 2532 cat
355 2494 418 2532 se
447 2495 477 2531 a
507 2477 736 2532 Domino
791 2480 1029 2550 suscipi,
1071 2488 1125 2534 et
1179 2479 1544 2534 fortitudinem
1593 2495 1807 2534 omnem

218 2571 436 2625 auxiliis
458 2569 650 2624 divinis
687 2572 935 2627 ascribat.
967 2571 1100 2640 Ejus
1125 2571 1268 2626 enim
1296 2570 1516 2625 dextera
1546 2569 1668 2624 fecit
1702 2571 1811 2624 vir-

220 2671 415 2725 tutem,
447 2661 492 2715 si
521 2677 680 2730 quam
707 2661 756 2714 in
789 2662 942 2716 nobis
964 2662 1240 2716 habemus.
1265 2659 1400 2730 Ejus
1423 2661 1644 2716 dextera
1672 2661 1814 2715 exal-

220 2761 288 2808 tat
325 2769 434 2806 nos
455 2768 521 2806 ex
545 2752 752 2806 inferno
786 2752 1056 2806 inferiore.
1087 2753 1204 2822 Ipse
1233 2755 1374 2808 enim
1407 2752 1532 2807 facit
1579 2760 1637 2806 ut
1666 2751 1812 2806 viva-

221 2862 357 2906 Irus,
395 2853 449 2897 et
479 2859 584 2897 non
609 2845 921 2903 moriamur.
954 2853 1010 2899 ut
1043 2861 1317 2898 nari-cunas
1339 2859 1502 2913 opera
1528 2843 1662 2912 ejus.
1695 2843 1812 2913 Ipse

220 2937 492 3004 castigans
522 2929 750 3002 castigat
779 2952 876 2989 nos
926 2936 977 2992 in
1011 2935 1395 2997 misericordia,
1428 2944 1482 2988 et
1509 2935 1665 2988 inorti
1705 2949 1812 2986 non

221 3027 403 3080 tradet
451 3041 567 3080 nos.
594 3025 746 3079 Nunc
775 3023 913 3079 forte
945 3025 1125 3078 audiat
1173 3041 1258 3079 me
1287 3023 1812 3092 praedestinationem

1907 1931 1957 1984 in
1975 1947 2084 1985 uno
2104 1931 2308 2000 pariete
2328 1939 2470 1984 stare
2493 1932 2764 1996 volebant,
2790 1933 3210 2002 reprohaverunt
3234 1935 3481 2004 lapidem,

1905 2023 1996 2092 qui
2025 2039 2132 2076 non
2181 2031 2296 2078 erat
2343 2033 2500 2092 aptus
2528 2024 2593 2078 ad
2644 2041 2823 2090 unum,
2868 2025 2963 2080 sed
2989 2026 3054 2079 ad
3085 2026 3238 2082 duos.
3289 2027 3485 2083 Videtis

1906 2112 2046 2167 Deus
2076 2113 2326 2181 injustam
2357 2115 2791 2184 reprobationcm
2840 2117 3143 2182 hominum,
3189 2120 3298 2188 ipse
3346 2121 3486 2188 quod

1905 2205 2230 2274 probaverat
2276 2206 2377 2260 illis
2405 2206 2712 2260 nolentibus
2759 2207 3046 2273 ordinavit,
3079 2217 3132 2262 et
3178 2211 3316 2263 hunc.
3350 2212 3484 2278 ιυρι-

1907 2295 2030 2348 dem
2062 2295 2175 2364 ipse
2197 2311 2292 2364 per
2313 2310 2370 2348 se
2392 2296 2568 2364 posuit
2598 2295 2650 2348 in
2681 2296 2856 2364 capite
2878 2297 3074 2365 anguli,
3111 2308 3165 2350 ut.
3185 2313 3251 2352 ex
3281 2298 3486 2352 duobus

1911 2387 2263 2448 testamentis,
2285 2393 2337 2439 et
2360 2402 2426 2439 ex
2447 2386 2654 2440 duobus
2683 2387 2894 2456 populis
2913 2387 3191 2442 aediﬁcatio
3220 2397 3484 2456 surgeret,

1907 2491 2069 2545 quam
2117 2476 2376 2531 increduli
2421 2477 2802 2546 relinquentes,
2849 2494 2880 2532 a
2927 2477 3039 2533 Deo
3067 2480 3305 2534 derelicti
3337 2490 3480 2534 sunt.

1909 2567 2202 2622 Credentes
2231 2577 2408 2621 autem
2439 2568 2866 2638 superandilicant
2893 2587 3050 2642 supra
3087 2571 3486 2626 fundamentum

1910 2658 2033 2721 hoc,
2066 2657 2208 2726 quod
2258 2673 2324 2712 ex
2352 2659 2590 2726 angulari
2639 2659 2894 2729 lapidein
2924 2663 3100 2731 capite
3145 2663 3320 2730 anguli
3349 2663 3489 2730 posi-

1913 2760 2044 2815 tum,
2075 2759 2299 2818 utraque
2330 2751 2646 2818 constringit
2667 2759 2722 2806 et
2760 2753 3017 2819 continet,
3051 2763 3104 2806 et
3137 2755 3305 2822 ipsum
3353 2754 3488 2822 lapi-

1912 2843 2032 2894 dem
2065 2842 2360 2896 mirabilem
2394 2842 2454 2896 in
2503 2843 2616 2896 suis
2656 2845 2827 2898 oculis
2869 2845 3127 2900 habentes
3173 2845 3491 2900 confitentur

1914 2931 2056 2986 hunc
2101 2946 2220 2985 esse
2249 2932 2410 2997 diem,
2441 2933 2660 2987 cuinon
2705 2934 2944 2989 succedit
2983 2953 3108 3000 nox,
3138 2951 3295 3003 quem
3349 2937 3491 2989 horae

1915 3040 2020 3077 Itazlt
2051 3023 2312 3089 dividunt,
2343 3039 2506 3093 quem
2537 3027 2720 3080 umbra
2752 3043 2858 3080 non
2888 3027 3131 3098 impedit.
3156 3028 3493 3082 Exsultcmus

219 3117 444 3180 docens,
477 3125 530 3170 et
560 3116 836 3168 arbitrium
876 3115 1150 3169 hominum
1205 3113 1517 3182 infringens,
1549 3120 1700 3183 putet
1728 3126 1814 3166 me
1915 3129 2044 3180 ergo
2074 3122 2130 3168 et
2158 3114 2402 3168 laetemur
2423 3115 2474 3168 in
2496 3131 2582 3176 eo,
2611 3115 2733 3184 quia
2758 3115 3008 3170 alumine
3030 3133 3157 3171 vero
3182 3128 3393 3171 nostras
3416 3126 3493 3170 te-

222 3207 531 3262 Iibertatem
559 3207 764 3260 arbitrii
794 3206 866 3259 ita
897 3206 1202 3270 excludere,
1237 3214 1294 3260 ut
1317 3211 1600 3274 peccantes
1627 3203 1810 3257 existi-
1839 3199 1882 3259 C
1919 3205 2111 3258 neb’ras
2141 3206 2418 3272 fugaturns
2467 3205 2671 3270 illuxit;
2704 3205 3012 3261 Benedictus
3039 3210 3123 3280 qni
3153 3210 3286 3262 rcta-it
3319 3212 3369 3262 in
3403 3227 3494 3262 no-

221 3316 362 3353 mem
392 3297 490 3352 Dei
521 3297 822 3367 abjectione
849 3313 1091 3367 peccare.
1137 3296 1290 3363 Quod
1315 3311 1616 3366 peccamus,
1646 3294 1810 3347 nostri

221 3391 435 3445 arbitrii
461 3375 758 3453 docebitur,
789 3387 931 3458 quod
961 3387 1352 3442 contemnimus
1401 3387 1645 3451 gratiam.
1679 3383 1813 3438 Vide

221 3491 426 3550 quanta
459 3481 676 3535 libertas
721 3488 806 3534 est
847 3479 1053 3534 arbitrii
1081 3479 1183 3544 tui;
1205 3485 1432 3544 negetur
1459 3492 1488 3529 a
1519 3489 1674 3528 servo
1705 3474 1814 3528 Do-

223 3574 427 3636 nrinus,
459 3581 518 3626 ut
546 3571 688 3626 dicat
720 3572 880 3626 homo
908 3569 1022 3623 Deo
1055 3587 1067 3622 :
1100 3567 1234 3623 Nolo
1265 3567 1358 3621 tibi
1389 3565 1627 3630 credere,
1657 3572 1710 3618 et
1739 3562 1816 3616 fa-

223 3665 331 3718 ciat
355 3663 462 3716 sibi
489 3663 740 3732 templlun
763 3662 852 3716 ubi
877 3661 1076 3715 idolum
1101 3660 1257 3724 colat,
1279 3665 1370 3712 aut
1389 3668 1711 3728 synagogam
1727 3653 1816 3707 ubi

225 3773 384 3811 suum
409 3756 638 3822 abneget
658 3753 1013 3808 Salvatorcm.
1039 3750 1176 3818 Quid
1197 3763 1324 3818 ergo
1347 3749 1543 3802 malum
1572 3747 1812 3811 facimus,

225 3847 648 3916 perlibcrtatem
679 3843 1020 3908 incurrimus,
1049 3841 1172 3910 quia
1216 3857 1320 3894 non
1357 3841 1604 3907 dignatur
1631 3838 1816 3894 Domi-

228 3955 325 4000 nus
341 3937 529 4007 ju~tus
549 3945 735 3999 coacta
760 3936 994 3990 servitia.
1023 3935 1078 3988 Si
1111 3949 1238 3988 vero
1255 3933 1451 4002 aliquid
1481 3933 1608 3987 boni
1637 3932 1820 3987 feceri-

228 4045 366 4091 mus,
424 4027 804 4096 imputabimus
847 4025 1120 4093 largitori,
1156 4009 1251 4093 qui
1280 4025 1419 4078 bona
1458 4023 1636 4078 omnia
1666 4023 1734 4078 ad
1761 4039 1820 4078 se

227 4117 665 4183 confugientibus
687 4123 918 4184 praestat,
943 4114 1233 4168 secundum
1261 4112 1386 4166 illud
1409 4113 1550 4181 quod
1581 4113 1695 4182 ipse
1734 4113 1818 4167 di-

227 4215 430 4274 gnatus
456 4213 539 4258 est
577 4204 954 4273 repromittere
983 4221 996 4254 :
1032 4201 1218 4255 Omnis
1257 4203 1340 4273 qui
1369 4203 1492 4272 petit
1535 4202 1740 4271 accipit,
1771 4210 1821 4256 et

229 4297 310 4363 qui
366 4295 559 4364 quccrit
613 4295 826 4357 invenit,
851 4302 898 4346 et
927 4293 1160 4363 pulsanti
1207 4293 1470 4362 aperietur
1519 4291 1816 4363 (Luam).

230 4383 517 4440 Pulsemus
544 4399 692 4452 ergo,
723 4393 774 4438 et
801 4401 921 4438 cum
950 4384 1210 4454 propheta
1247 4385 1297 4436 in
1329 4385 1430 4436 isto
1462 4384 1666 4452 psalmo
1695 4399 1824 4437 can-

231 4490 413 4536 temus
439 4499 451 4533 :
483 4481 705 4550 Aperite,
722 4480 1063 4548 mihi‘portas
1085 4476 1322 4546 justitiac,
1355 4485 1409 4532 et
1432 4479 1702 4544 ingressus
1731 4491 1822 4530 eas

230 4573 537 4629 conﬁtebor
576 4571 820 4626 Domino.
870 4570 996 4626 Haec
1037 4585 1136 4624 nos
1169 4569 1461 4624 clamamus
1489 4567 1822 4622 adminiculis
1852 4569 1900 4628 υ

232 4665 562 4731 auxiliisque
593 4662 805 4722 divinis,
843 4661 986 4715 unde
1009 4660 1164 4715 nobis
1193 4676 1296 4713 vox
1337 4658 1706 4728 responsionis
1730 4674 1825 4713 eo-

235 4771 353 4809 rum
389 4753 602 4808 videtur
652 4752 862 4806 audiri:
895 4749 1022 4805 Haec
1069 4759 1221 4820 porta
1277 4766 1436 4818 quam
1466 4751 1688 4818 pulsatis
1716 4763 1822 4803 non

236 4853 320 4900 est
349 4844 558 4898 homini
587 4845 836 4898 libertate
855 4857 1132 4906 concessa,
1155 4841 1248 4895 sed
1271 4849 1355 4896 est
1377 4843 1426 4894 in
1456 4841 1663 4895 Domini
1683 4842 1828 4894 auxi-

239 4934 312 4989 lio
339 4935 662 4999 constituta,
693 4944 748 4988 et
777 4939 874 4988 soli
911 4938 1038 5002 justi
1069 4933 1367 4987 mtroibunt
1394 4948 1490 5003 per
1510 4948 1649 4986 eam.
1682 4931 1826 4986 Con-

241 5026 489 5078 iitcamur
517 5041 645 5091 ergo
672 5023 921 5087 Domino,
947 5024 1200 5090 quoniam
1235 5023 1350 5092 ipse
1378 5022 1596 5077 exaudit
1625 5039 1742 5086 nos,
1775 5029 1830 5077 et

243 5113 358 5182 ipse
391 5114 546 5166 nobis
591 5113 818 5166 efficitur
855 5113 909 5166 in
957 5113 1203 5166 salutem.
1237 5113 1526 5166 Veniamus
1580 5127 1720 5165 nunc
1765 5111 1829 5165 ad

245 5204 478 5272 lapidem
529 5219 688 5274 quem
733 5204 1156 5272 reprohaverunt
1201 5202 1542 5256 aediliranatcs.
1574 5203 1670 5258 llic
1697 5203 1832 5274 lapis

245 5292 442 5352 legitur
471 5295 524 5348 in
556 5293 774 5347 Daniele
821 5294 1024 5346 excisus
1066 5295 1178 5346 sine
1208 5292 1441 5347 manibus
1475 5293 1636 5365 (Dan.
1669 5297 1748 5365 tt),
1782 5293 1832 5348 id

248 5392 352 5447 est,
387 5385 499 5438 sine
528 5399 692 5453 opera
748 5384 847 5436 viri
880 5399 1034 5438 natus
1074 5399 1140 5438 ex
1195 5383 1434 5451 Virgine.
1485 5383 1834 5438 Aidiﬁcantes

249 5471 592 5528 erantJudrci
616 5473 716 5528 soli
743 5488 904 5543 super
933 5473 1235 5528 universam
1282 5472 1470 5529 faciem
1501 5482 1676 5528 terrae.
1701 5473 1829 5527 Dan--

253 5579 352 5616 nes
383 5564 522 5616 enim
551 5573 738 5630 gentes
777 5564 830 5618 in
857 5565 1218 5620 destructione
1246 5564 1510 5620 idolorum
1550 5565 1832 5619 moraban-

253 5661 362 5715 tur,
384 5651 480 5706 soli
505 5651 668 5706 Judaei
699 5655 796 5708 sub
827 5655 1180 5723 omnipotenti
1221 5663 1275 5709 et
1303 5671 1429 5709 vero
1462 5655 1572 5710 Deo
1599 5654 1829 5709 acdiliea-

255 5740 459 5794 tionem
489 5741 620 5811 legis
648 5749 702 5796 et
726 5743 1016 5812 prophetiae
1048 5745 1362 5810 tractabant,
1387 5744 1582 5814 quibus
1617 5744 1684 5798 ab
1723 5745 1832 5800 ori-

1914 3295 2050 3348 mine
2081 3293 2290 3348 Domini
2315 3293 2462 3366 (Luc.
2497 3295 2632 3364 xix).
2654 3294 2934 3350 Benedixit
2963 3314 3060 3352 nos
3093 3299 3142 3351 in
3182 3297 3342 3353 domo
3375 3298 3486 3352 Do-

1914 3384 2064 3447 mini,
2097 3385 2240 3438 Deus
2267 3383 2531 3438 Dominus
2566 3397 2619 3439 et
2651 3386 2823 3440 illuxit
2851 3386 3024 3442 nobis.
3060 3388 3166 3441 NJS
3192 3403 3320 3456 ergo
3361 3408 3495 3443 cog:-

1914 3475 2196 3530 stituamus
2221 3474 2364 3530 diem
2395 3475 2738 3539 don'iiaicam,
2782 3477 2834 3529 in
2878 3478 3498 3544 eanfrequentationibus

1918 3580 2083 3634 usque
2126 3566 2192 3620 ad
2219 3581 2418 3622 cornua
2468 3567 2670 3621 altaris.
2720 3566 2778 3622 ln
2805 3584 2910 3636 qua
2941 3568 3026 3622 die
3056 3568 3296 3624 dicamus
3345 3569 3492 3624 Deo:

1898 3654 2056 3735 Deus
2103 3671 2254 3710 meus
2292 3670 2351 3710 es
2377 3663 2454 3721 tu,
2487 3663 2542 3710 et
2587 3654 2889 3712 conﬁtebor
2913 3658 3041 3722 tibi;
3073 3656 3215 3712 Deus
3243 3673 3395 3712 meus
3441 3674 3499 3712 es

1919 3754 1996 3811 tu,
2022 3754 2077 3799 et
2115 3745 2361 3800 exaltabb
2393 3753 2464 3801 te.
2493 3745 2806 3802 Confuehor
2849 3763 3067 3816 gemens
3097 3756 3315 3818 peccata
3357 3766 3504 3814 nu-a,

1919 3835 2198 3891 essultabo
2223 3836 2459 3904 gaudens
2500 3837 2826 3905 indulgentia
2857 3848 2967 3892 tua.
3002 3837 3092 3894 Sic
3140 3841 3371 3908 denique
3415 3856 3504 3893 sc-

1920 3929 2100 3998 quitur
2130 3947 2142 3982 :
2175 3927 2504 3996 Confitebor,
2535 3931 2659 3999 quia
2689 3933 2950 3986 exaudisti
2983 3949 3093 3999 me,
3127 3941 3181 3988 et
3222 3933 3394 3988 factus
3439 3949 3498 3988 es

1921 4021 2046 4074 mihi
2100 4021 2152 4074 in
2205 4022 2452 4076 salutem.
2504 4022 2569 4076 Et
2597 4025 2749 4092 quasi
2779 4024 2870 4093 qui
2912 4025 3121 4078 sodales
3148 4026 3407 4088 hortetur,
3443 4035 3503 4079 ut

1919 4113 2059 4166 sicut
2086 4110 2186 4180 ipsi
2227 4111 2490 4166 indultum
2533 4121 2616 4166 cst
2644 4112 2944 4175 conﬁtenti,
2977 4123 3029 4167 et
3058 4115 3161 4168 illis
3190 4115 3500 4167 conlitenti-

1921 4203 2018 4257 bus
2047 4201 2344 4256 dimittatur
2375 4221 2387 4254 ε
2420 4202 2485 4256 Ει
2515 4217 2632 4263 vos,
2665 4204 2856 4271 inquit,
2887 4203 3215 4258 confitemini
3255 4205 3498 4267 Domino,

1923 4295 2173 4362 quoniam
2215 4295 2408 4358 bonus,
2441 4294 2693 4363 quoniam
2734 4295 2786 4346 in
2837 4295 3092 4348 sarculum
3136 4295 3506 4348 misericordia

1924 4383 2056 4452 ejus,
2087 4383 2176 4452 qui
2206 4392 2394 4450 regnat
2423 4383 2473 4436 in
2501 4382 2693 4438 sarcula
2722 4383 3058 4436 saeculorum.
3091 4383 3280 4438 Amen.

2228 4514 2541 4571 PSALMUS
2568 4515 2772 4571 CXVIII
2801 4517 2954 4587 (νει-δ.
2983 4514 3198 4585 1-48).

2587 4627 2831 4696 Alleluia.

1999 4741 2146 4795 Beat:
2186 4739 2502 4794 immaculati
2544 4741 2601 4794 in
2629 4741 2729 4804 ria,
2761 4741 2844 4810 qui
2875 4737 3142 4791 ambulant
3168 4738 3224 4792 in
3253 4739 3365 4808 lege
3397 4737 3504 4792 Do-

1926 4834 2074 4887 mini.
2133 4832 2279 4885 Beati
2319 4833 2402 4904 qui
2442 4841 2744 4884 scrutantur
2783 4829 3071 4882 testimonia
3118 4827 3251 4898 ejus,
3302 4829 3356 4882 in
3401 4841 3512 4884 toto

1929 4925 2081 4978 corde
2099 4925 2376 4994 extptiratnt
2405 4939 2540 4976 eum.
2570 4920 2695 4975 Non
2723 4923 2860 4974 enim
2896 4922 2982 4990 qui
3009 4929 3292 4991 operantur
3317 4922 3513 4990 iniqui-

1931 5026 2087 5070 tatem
2113 5019 2168 5070 in
2221 5016 2312 5068 viis
2343 5014 2452 5084 ejus
2500 5011 2908 5067 antlmlarcrnnt.
2961 5012 3033 5066 Tu
3062 5016 3325 5068 mandasti
3355 5032 3507 5069 inan-

1932 5109 2055 5160 data
2077 5115 2164 5159 tua
2195 5105 2437 5159 custodiri
2467 5105 2643 5157 nimis.
2681 5101 2893 5158 Utinam
2936 5103 3229 5174 dirigantur
3259 5107 3353 5158 ria:
3380 5121 3514 5159 men:

1932 5200 1999 5251 ad
2027 5195 2390 5250 custodiendas
2407 5195 2812 5266 justiﬁcationes
2837 5203 2968 5248 tuus.
2995 5193 3136 5248 Tnnc
3158 5213 3258 5250 non
3289 5206 3510 5264 tangam
3540 5247 3547 5255 _

1934 5289 2030 5342 dar
2053 5302 2167 5340 cum
2195 5300 2510 5356 perspexero
2539 5285 2592 5338 in
2619 5281 2853 5337 omnibus
2884 5285 3145 5338 mandatis
3184 5286 3301 5336 nais.
3329 5283 3509 5350 Con/iu

1933 5381 2074 5434 tebor
2097 5377 2188 5432 tibi
2215 5380 2270 5432 in
2293 5377 2578 5430 directione
2610 5376 2800 5441 cordis,
2832 5378 2886 5429 in
2917 5394 2978 5431 eo
3007 5377 3142 5448 quod
3181 5378 3336 5428 didici
3363 5376 3511 5440 judi-

1931 5473 2016 5524 cia
2053 5469 2272 5540 justitiw
2301 5477 2421 5522 tute.
2448 5467 2860 5538 Justi/icationcs
2915 5477 3032 5520 tuas
3069 5468 3375 5528 custodiam,
3407 5483 3512 5519 tum

1933 5578 2012 5614 me
2035 5560 2364 5632 derelinquas
2391 5574 2768 5630 usquequaque.

2005 5649 2072 5704 In
2097 5666 2195 5721 quo
2218 5649 2432 5721 corrigit
2463 5645 2840 5702 adolescentior
2867 5647 2998 5700 viam
3030 5661 3175 5698 suum
3190 5646 3213 5696 Ζ)
3239 5645 3291 5696 in
3336 5660 3425 5696 rus
3451 5665 3511 5696 υσ-

1933 5743 2122 5799 diendo
2149 5758 2410 5797 sermones
2442 5750 2572 5795 tuos.
2609 5739 2674 5793 In
2705 5748 2808 5792 toto
2834 5737 2986 5792 corde
3009 5753 3122 5790 meo
3148 5737 3398 5807 exquisivi
3437 5749 3509 5806 te,
