3926 6176
451 372 552 427 3307

1763 364 2028 422 ARNOBll
2067 364 2365 423 JUNIOPJS

3559 378 3645 433 508

446 501 508 538 ue
528 482 748 551 repellas
768 498 847 535 me
867 499 899 533 a
924 480 1182 535 mandatis
1213 480 1331 533 tuis.
1359 478 1425 532 In
1452 479 1605 533 corde
1627 495 1741 533 meo
1762 477 2012 533 abscondi
2042 479 2090 537 Α
2117 479 2241 549 quia
2262 481 2696 552 obtemperantes
2717 499 2811 553 per
2833 485 3042 552 omnia;
3067 484 3118 539 in
3140 486 3239 552 via,
3257 487 3373 556 quia
3396 487 3442 543 itt
3465 489 3648 548 Christo

442 578 648 646 eloquia
691 581 796 638 tua,
826 581 1012 625 utnon
1055 586 1257 642 peccem
1283 568 1393 625 tibi.
1446 569 1749 624 Benedictus
1795 587 1850 624 es
1872 611 1887 635 ,
1919 569 2024 624 Do-

442 666 598 729 mine,
629 673 755 718 uoce
784 680 864 717 me
884 663 1286 734 justiﬁcationes
1321 670 1456 715 tuas.
1483 659 1549 715 In
1576 660 1729 715 labiis
1750 662 1879 716 meis
1905 679 2021 732 pro-

443 755 675 809 nuntiavi
702 756 877 809 omnia
904 754 1109 825 judicia
1138 754 1242 807 oris
1275 754 1365 805 liti.
1399 751 1463 805 In
1503 754 1582 805 via
1613 754 2018 807 testimoniorum

445 857 648 901 tuorum
694 847 978 901 delectatus
1007 860 1121 898 sum
1166 844 1298 897 sicut
1340 845 1393 896 in
1446 843 1680 897 omnibus
1708 844 1916 897 divitiis.
1952 842 2019 896 In

442 937 703 991 mandatis
735 936 832 989 tuis
859 933 1149 999 exercebar,
1188 944 1237 988 et
1266 934 1601 988 considerabo
1630 936 1737 988 vias
1768 944 1904 988 tuas.
1952 932 2019 988 In

434 1028 899 1099 ,iustiﬁcationibus
921 1030 1020 1082 tuis
1042 1027 1347 1093 meditabor,
1379 1045 1480 1083 non
1520 1029 1794 1084 obliviscar
1814 1046 2018 1084 sermo-

444 1136 534 1174 nes
571 1129 705 1174 tuos.
1961 1180 1970 1190 _

517 1210 761 1266 Retribue
802 1227 945 1266 servo
991 1221 1095 1277 tuo,
1135 1211 1336 1281 vivifica
1363 1228 1471 1276 me,
1513 1220 1562 1266 et
1591 1215 1875 1268 custodiam
1902 1231 2018 1269 ser-

444 1320 620 1358 mones
653 1314 782 1357 tuos.
821 1303 1007 1357 Revela
1030 1303 1202 1358 oculos
1234 1319 1392 1368 meos,
1416 1312 1464 1356 et
1490 1305 1824 1360 considerabo
1852 1308 2018 1361 mira-

444 1393 568 1447 bilia
589 1395 650 1448 de
671 1395 784 1464 lege
809 1401 915 1446 tua.
938 1392 1122 1446 lncola
1150 1410 1243 1463 ego
1271 1409 1383 1447 sum
1410 1394 1464 1448 in
1488 1403 1644 1455 terra,
1673 1412 1776 1449 non
1798 1399 2019 1451 abscon-

443 1487 536 1540 das
559 1504 589 1538 a
620 1502 699 1539 me
725 1486 975 1539 mandata
1004 1495 1112 1540 tua.
1142 1485 1445 1557 Concupivit
1463 1489 1639 1541 anima
1668 1506 1782 1542 mea
1811 1489 2018 1545 deside-

443 1596 561 1632 rare
580 1580 978 1650 justiﬁcationes
1028 1589 1141 1632 tuas
1170 1578 1224 1631 in
1252 1580 1393 1633 omni
1431 1587 1678 1650 tempore.
1728 1580 2019 1650 Increpasti

441 1671 704 1738 superbos.
731 1670 990 1723 maledicti
1018 1670 1103 1737 qui
1133 1669 1399 1722 declinant
1420 1687 1450 1722 a
1474 1670 1735 1725 mandatis
1756 1674 1881 1727 tuis.
1911 1673 2019 1725 Au-

445 1760 523 1829 fer
547 1776 579 1811 a
624 1776 703 1812 me
728 1758 1056 1829 approbrium
1085 1771 1134 1813 et
1160 1770 1523 1830 contemptam,
1562 1764 1681 1833 quia
1724 1766 2017 1819 testimonia

2122 578 2266 637 sunt,
2294 572 2658 639 ambulabunt,
2685 575 2811 642 quia
2842 575 2893 628 in
2924 584 3037 631 toto
3059 576 3188 632 orbe
3217 586 3463 632 terrarum
3488 596 3648 636 eorum

2121 664 2357 719 ambulat
2402 675 2586 719 sancta
2627 664 2870 725 doctrina
2895 708 2909 733 ,
2946 681 3069 735 quae
3098 675 3178 722 est
3215 668 3268 721 in
3312 667 3421 737 lege
3447 670 3647 726 Domini.

2121 753 2331 810 Primus
2357 755 2701 811 beatitudinis
2727 756 2922 825 gradus
2941 758 2993 811 in
3024 759 3276 828 apostolis
3293 771 3651 818 consummatus

2121 854 2234 909 est;
2279 846 2542 901 secundus
2589 846 2743 900 nobis
2780 855 2863 901 est
2891 857 3212 902 reservatus.
3258 847 3400 903 Sicut
3438 851 3565 904 enim
3607 852 3652 906 in

2120 938 2294 1007 primo
2323 938 2549 1008 psalmo,
2581 936 2770 992 Beatus
2801 947 2880 992 est
2908 941 2995 1011 qui
3022 940 3074 993 in
3104 940 3213 1012 lege
3241 940 3442 996 Domini
3463 943 3653 996 medita-

2121 1028 2257 1083 bitur
2279 1029 2361 1082 die
2390 1045 2451 1082 ac
2471 1024 2643 1093 nocte,
2671 1029 2932 1096 legentem
2961 1032 3132 1085 noluit
3154 1032 3511 1100 negligentem.
3540 1032 3651 1088 Nam

2119 1120 2209 1189 qui
2240 1120 2400 1187 legit,
2443 1121 2486 1174 si
2519 1121 2719 1175 nesciat
2746 1120 2873 1189 quid
2902 1122 3061 1191 legat,
3098 1123 3346 1191 negligat.
3373 1122 3505 1177 Deus
3531 1125 3653 1178 enim

2119 1210 2244 1265 sciri
2273 1210 2386 1264 vult
2413 1212 2590 1265 omnia
2617 1227 2833 1265 suarum
2857 1213 3104 1283 mysteria
3133 1215 3438 1267 litterarum.
3464 1213 3523 1266 Et
3541 1215 3656 1268 sicut

2119 1301 2262 1370 quod
2291 1301 2549 1370 scriptum
2580 1318 2684 1355 non
2715 1301 2954 1357 invenies
2973 1344 2986 1369 ,
3019 1305 3063 1358 si
3094 1320 3300 1374 quaeras
3327 1305 3566 1369 incurris;
3592 1305 3658 1359 sic

2119 1390 2261 1460 quod
2292 1393 2546 1461 scriptum
2577 1400 2677 1456 est,
2708 1390 2755 1445 si
2785 1408 2890 1446 non
2920 1393 3177 1462 inquiras,
3210 1395 3457 1462 argueris.
3490 1394 3658 1449 Beatus

2119 1484 2259 1538 enim
2282 1483 2548 1553 perfectus
2574 1499 2693 1538 esse
2721 1499 2826 1539 non
2856 1486 3079 1555 poteris,
3113 1487 3213 1541 nisi
3240 1494 3495 1563 scrutatus
3521 1484 3659 1541 fueris

2120 1575 2423 1630 testimonia
2444 1574 2579 1643 ejus,
2594 1585 2650 1630 et
2669 1576 2721 1630 in
2744 1584 2862 1630 toto
2890 1576 3053 1631 corde
3070 1577 3345 1647 exquirunt
3375 1573 3460 1649 [F.
3476 1576 3565 1645 leg.
3584 1590 3658 1630 ex-

2118 1664 2321 1737 quiras]
2337 1681 2477 1720 eum.
2497 1666 2612 1720 Non
2632 1667 2772 1722 enim
2788 1667 3095 1731 militantes,
3114 1669 3458 1737 negotiantes,
3474 1677 3657 1722 terrena

2119 1758 2433 1826 cogitantes,
2452 1758 2534 1812 bis
2554 1757 2741 1814 studiis
2754 1760 3004 1829 occupari
3021 1768 3262 1829 possunt,
3282 1762 3385 1812 n'on
3406 1758 3479 1812 eis
3497 1766 3655 1823 vacat;

444 1856 531 1901 tua
564 1850 830 1919 exquisivi.
864 1849 1071 1903 Etenim
1099 1850 1341 1904 sederunt
1374 1853 1651 1920 principes,
1676 1861 1725 1905 et
1746 1853 2013 1908 adrersum
2047 1834 2095 1895 Β
2120 1846 2373 1902 mundum
2401 1849 2727 1917 custodiunt,
2750 1839 2865 1920 ejus
2894 1858 3033 1906 totas
3054 1859 3233 1921 partes
3262 1857 3437 1918 agunt.
3453 1848 3526 1903 Tu
3551 1848 3658 1918 quid

442 1955 525 1992 me
547 1940 900 2009 loquebantur,
924 1957 1098 1994 servus
1128 1951 1298 1994 autent
1330 1952 1442 1995 tuus
1471 1941 1804 1998 exercebatur
1830 1946 1885 1998 in
1905 1946 2017 2016 jus-

446 2031 810 2101 tiﬁcationibus
861 2035 980 2087 tuis.
1024 2032 1162 2087 Nam
1204 2046 1253 2089 et
1286 2038 1579 2090 testimonia
1628 2046 1715 2091 tua
1750 2039 2017 2093 meditatio

442 2138 557 2176 mea
583 2132 681 2186 est,
709 2133 758 2177 et
786 2125 1055 2179 consilium
1075 2142 1241 2179 meum
1255 2127 1657 2203 justi/icationes
1679 2136 1804 2184 tuae.

512 2217 742 2269 Adhaesit
782 2218 1070 2287 parimento
1108 2222 1285 2272 anima
1323 2235 1465 2284 mea,
1499 2221 1697 2290 viviﬁca
1729 2237 1810 2276 me
1835 2237 2019 2276 secun-

442 2306 563 2360 dum
592 2305 794 2361 verbum
835 2313 998 2361 tuum.
1051 2307 1176 2361 Vias
1204 2325 1343 2364 meos
1379 2312 1638 2365 enuntiavi
1674 2318 1723 2364 et
1758 2312 2018 2366 exaudisti

441 2413 540 2461 me,
570 2398 692 2452 doce
718 2415 798 2452 me
820 2399 1219 2469 jas.’i/icationes
1243 2408 1374 2452 tuas.
1419 2399 1455 2452 V
1461 2402 1564 2453 iant
1585 2400 2016 2471 justiﬁeationum

444 2496 643 2542 tuarum
683 2490 881 2543 instrue
916 2507 1024 2555 me,
1067 2499 1115 2543 rt
1152 2489 1423 2544 exercebar
1450 2494 1503 2544 in
1541 2491 1859 2547 mirabilibus
1889 2496 2010 2547 tuis.

441 2580 753 2636 Dormitavit
797 2585 973 2637 anima
1019 2600 1132 2638 mea
1161 2600 1270 2654 pt‘tB
1316 2584 1509 2649 taedio,
1558 2586 1924 2654 conﬁrntaune
1962 2588 2015 2640 in

440 2676 602 2729 verbis
635 2676 753 2728 tuis.
795 2674 945 2729 Viant
981 2677 1268 2747 iniquitatis
1297 2694 1471 2730 amore
1515 2694 1546 2730 a
1575 2694 1685 2742 me,
1726 2687 1773 2730 et
1808 2678 1870 2732 de
1904 2679 2016 2750 lege

443 2774 533 2820 tua
552 2769 788 2822 miserere
810 2769 927 2821 ntei.
969 2767 1118 2821 Viam
1142 2768 1366 2823 veritatis
1393 2770 1542 2840 elegi,
1566 2771 1766 2840 judicia
1796 2780 1883 2824 tua
1912 2788 2015 2826 non

443 2875 555 2913 sum
577 2859 783 2913 oblitus.
813 2859 1021 2914 Adliwsi
1050 2861 1355 2913 testimoniis
1377 2862 1494 2923 tuis,
1527 2860 1766 2927 Domine,
1798 2862 1904 2916 noli
1932 2880 2014 2917 me

441 2952 772 3019 confundere.
816 2949 965 3004 Viam
993 2951 1356 3005 mandatorum
1395 2959 1600 3006 tuorum
1638 2954 1867 3019 cucurri,
1899 2970 2013 3007 cum

437 3040 672 3094 dllatasti
695 3057 782 3093 cor
810 3057 999 3094 meum.

511 3130 694 3202 Legem
739 3148 871 3200 pone
913 3132 1070 3196 mihi,
1118 3130 1367 3197 Domine,
1410 3132 1544 3187 riam
1576 3133 2011 3204 justiﬁcalionum

439 3231 660 3288 tuarum,
683 3232 732 3276 et
758 3224 1022 3295 exquiram
1051 3241 1163 3277 eam
1187 3241 1405 3295 semper.
1425 3224 1508 3277 Da
1533 3226 1657 3280 milii
1674 3227 2007 3291 intellectum,

437 3324 485 3367 et
524 3314 792 3369 scrutabor
818 3316 978 3387 legem
1009 3324 1180 3382 tuam,
1228 3325 1277 3370 et
1319 3317 1606 3372 custodiam
1633 3319 1779 3374 illaut
1818 3322 1875 3377 in
1906 3331 2009 3376 toto

435 3405 588 3459 corde
608 3422 736 3460 meo.
768 3405 945 3460 Dedac
967 3424 1046 3461 me
1064 3410 1117 3462 in
1137 3411 1369 3463 semitam
1395 3410 1754 3465 mandatorum
1784 3421 2008 3479 tuorum,

433 3498 555 3568 quia
581 3499 745 3567 ipsam
774 3501 929 3554 volui.
960 3498 1165 3554 Inclina
1194 3516 1284 3555 cor
1309 3519 1476 3556 nteum
1503 3504 1556 3556 in
1587 3506 1876 3559 testimonia
1899 3515 2004 3570 tua,

434 3596 599 3641 etnon
620 3589 671 3640 in
688 3590 976 3643 avaritiam.
995 3592 1175 3645 Averte
1192 3591 1365 3645 oculos
1386 3608 1544 3657 meos,
1561 3609 1624 3646 ne
1645 3594 1849 3648 videant
1868 3597 2009 3649 vani-

435 3688 609 3738 tatem.
640 3682 693 3733 in
718 3681 796 3733 via
820 3689 906 3734 tua
927 3683 1126 3751 vivi/ica
1156 3696 1253 3736 me.
1281 3683 1462 3737 Statue
1480 3701 1623 3739 servo
1646 3695 1731 3739 tuo
1751 3686 2007 3758 eloquium

433 3776 595 3828 tuum,
627 3768 681 3821 in
711 3770 892 3823 timore
922 3780 1025 3823 tuo.
1062 3773 1283 3841 Amputa
1313 3772 1642 3842 opprobrium
1671 3792 1837 3829 meum
1871 3778 2007 3845 quod

433 3859 722 3927 suspicatus
746 3876 877 3923 sum,
907 3862 1026 3929 quia
1040 3862 1242 3931 judicia
1270 3873 1358 3916 tua
1371 3863 1626 3934 jucunda.
1661 3864 1792 3921 Ecce
1820 3883 2007 3922 concu-

431 3947 802 4017 pivimandata
829 3959 933 4015 tua,
963 3952 1016 4004 in
1040 3954 1277 4019 (equitate
1307 3962 1391 4006 tua
1414 3955 1609 4024 viri/ica
1632 3973 1729 4011 me.

500 4036 571 4092 Et
600 4040 767 4093 veniat
793 4057 946 4109 super
968 4058 1047 4096 me
1073 4044 1427 4097 misericordia
1456 4054 1562 4109 tua,
1593 4045 1832 4113 Domine,
1862 4050 2004 4104 salu-

430 4135 544 4182 tare
566 4138 705 4183 tuum
723 4131 1000 4186 secundum
1019 4134 1273 4203 eloquium
1297 4144 1456 4189 tuum.
1490 4134 1558 4188 Et
1580 4121 1891 4208 respondebo
1912 4157 2004 4194 ea:-

428 4216 789 4288 probrantibas
814 4222 939 4275 milii
969 4224 1189 4286 verbunt,
1221 4227 1340 4296 quia
1365 4228 1570 4297 sperari
1597 4230 1650 4282 in
1682 4230 2002 4286 sermonibus

430 4310 549 4363 tuis.
580 4309 643 4365 Et
672 4328 735 4367 ne
763 4316 971 4385 auferas
993 4315 1055 4368 de
1081 4333 1168 4370 ore
1190 4333 1301 4371 meo
1330 4319 1534 4372 verbum
1562 4322 1790 4377 veritatis
1818 4339 2002 4395 usque-

427 4418 641 4474 quaque.
665 4406 783 4474 quia
807 4407 861 4459 in
881 4406 1093 4475 judiciis
1110 4410 1212 4463 tuis
1223 4413 1597 4481 supersperari.
1623 4412 1688 4467 Et
1712 4416 1999 4470 custodiam

427 4493 587 4562 legem
616 4503 755 4548 tuam
774 4511 993 4566 semper,
1022 4496 1074 4550 in
1104 4500 1347 4552 saxulum
1374 4502 1499 4555 etin
1527 4505 1771 4557 siccatum
1798 4506 1993 4559 sicculi.

427 4579 496 4636 Et
527 4582 855 4639 ambulabam
881 4588 935 4640 in
959 4586 1251 4647 latitudine.
1275 4592 1396 4656 quia
1416 4591 1665 4646 mandata
1694 4603 1783 4649 tua
1811 4598 1995 4666 exqui-

422 4673 538 4726 sivi.
582 4671 652 4727 Et
689 4674 933 4747 loquebar
959 4676 1023 4731 de
1052 4679 1355 4732 testimoniis
1385 4682 1484 4734 tuis
1524 4682 1578 4734 in
1600 4693 1881 4755 'conspectu
1908 4703 1996 4739 re-

422 4778 562 4833 gum,
592 4773 644 4817 et
680 4781 784 4819 non
821 4767 1190 4837 confundebar.
1225 4767 1293 4821 Et
1332 4769 1620 4826 meditabar
1652 4774 1705 4827 in
1734 4776 1997 4831 mandatis

424 4854 556 4919 tuis,
583 4870 697 4925 qua:
732 4856 909 4910 dilexi.
953 4856 1022 4911 Et
1050 4857 1208 4913 let-avi
1250 4877 1433 4914 manus
1462 4879 1601 4917 ηιθγε
1641 4863 1710 4916 ad
1747 4865 1995 4920 ntandata

424 4952 510 4996 tua
536 4960 652 5013 qua:
677 4945 869 5013 dilexi,
900 4958 951 5001 et
990 4950 1265 5005 exercebar
1291 4954 1343 5005 in
1375 4952 1836 5024 justiﬁeationibus
1872 4960 1990 5013 tuis.

985 5100 1416 5143 (ΞΟΜἉΕΝΤΔΒΙΕΜ.

491 5217 715 5273 Alleluia
742 5234 861 5274 cum
889 5220 1173 5290 alphabeto
1201 5223 1438 5290 inchoat,
1468 5226 1611 5296 quod
1640 5235 1723 5283 est
1750 5229 1994 5296 magiste-

417 5311 554 5366 rium
588 5309 677 5364 Dei
710 5311 761 5364 in
792 5310 1023 5376 alleluia,
1055 5322 1110 5367 et
1138 5314 1369 5369 eruditio
1398 5316 1700 5371 hominibus
1730 5317 1989 5372 tradenda

416 5403 469 5459 in
518 5405 824 5475 alpbabeto.
865 5403 1113 5461 Dicamus
1141 5421 1270 5475 ergo
1309 5408 1497 5462 beatos
1535 5417 1590 5462 et
1619 5409 1990 5465 immaculatos

416 5496 610 5551 Christi
641 5497 926 5565 disci,iulos
945 5536 959 5562 ,
1000 5500 1089 5568 qui
1120 5513 1288 5567 nque
1317 5498 1474 5554 hodie
1502 5500 1554 5553 in
1584 5500 1665 5555 via
1694 5509 1820 5556 sunt
1842 5543 1857 5569 ,
1899 5503 1988 5571 qui

415 5594 498 5638 est
519 5584 779 5642 Christus.
812 5587 927 5658 Ipse
955 5589 1098 5643 enim
1140 5589 1229 5657 qui
1260 5603 1319 5643 se
1347 5588 1482 5643 dixit
1516 5592 1680 5656 viam,
1714 5592 1828 5661 ipse
1855 5593 1991 5647 dixit

414 5676 495 5729 eis
525 5693 537 5727 :
573 5673 779 5732 Maneto
823 5681 877 5732 in
906 5696 1005 5742 me,
1044 5681 1177 5734 sicut
1204 5688 1252 5732 et
1290 5696 1383 5753 ego
1410 5683 1466 5736 in
1496 5681 1634 5737 vobis
1664 5683 1844 5753 (.loan.
1871 5688 1985 5745 xv).

415 5763 558 5837 Ergo
600 5774 815 5822 manent
852 5769 933 5822 isti
976 5768 1152 5834 beati,
1202 5771 1322 5840 quia
1356 5772 1581 5842 apostoli
1623 5773 1943 5827 ittllllllclliuli
1970 5816 1983 5840 ,

2119 1940 2269 2007 facis,
2300 1939 2634 2000 Christiane?
2674 1944 2720 2000 si
2758 1947 2954 2000 militas
2982 1946 3184 2001 homini
3208 1987 3222 2010 ,
3254 1955 3484 2000 scrutare
3512 1945 3658 2008 legero

2118 2032 2251 2101 ejus,
2271 2035 2393 2104 quia
2418 2035 2461 2090 si
2483 2037 2609 2105 quid
2636 2037 2760 2093 licet
2783 2036 2894 2106 jam
2918 2039 3130 2107 ignarus
3158 2037 3457 2100 incurreris,
3487 2035 3659 2090 metie-

2118 2124 2191 2179 ris
2216 2142 2230 2191 ;
2259 2127 2465 2183 nescire
2487 2128 2629 2181 enim
2657 2128 2829 2197 legem
2860 2129 3060 2184 nemini
3089 2127 3234 2183 licet.
3265 2127 3559 2195 Negotiator
3582 2127 3662 2179 est

2116 2215 2327 2285 inquire
2345 2218 2512 2286 pretia
2540 2218 2848 2283 constituta,
2865 2219 2987 2287 quia
3009 2220 3055 2272 si
3078 2217 3290 2272 nescius
3317 2218 3434 2272 licet
3454 2216 3661 2271 incurre-

2116 2307 2211 2373 ris,
2242 2322 2348 2362 non
2376 2308 2590 2363 evades.
2623 2309 2821 2365 Servus
2849 2309 3045 2365 Christi
3074 2312 3165 2366 cs?
3192 2316 3428 2366 scrutare
3460 2311 3663 2363 tcslitnoo

2117 2398 2204 2452 nia
2233 2397 2367 2466 ejus.
2400 2397 2459 2454 Si
2481 2401 2623 2455 enim
2654 2399 2755 2455 illis
2784 2416 2890 2455 non
2921 2417 3100 2466 vacas,
3125 2410 3181 2455 tu
3211 2401 3304 2471 qui
3333 2401 3568 2456 clericum
3586 2405 3663 2450 aut

2119 2487 2423 2557 religiosum
2453 2486 2740 2560 proﬁteris,
2784 2508 2881 2546 nec
2911 2492 2981 2546 ibi
3012 2491 3148 2546 forte
3174 2508 3365 2547 vacare
3393 2492 3483 2551 vis,
3515 2492 3661 2555 legem

2116 2594 2267 2635 suam
2296 2579 2439 2636 Deus
2479 2583 2565 2636 cui
2606 2580 2799 2637 debeat
2830 2582 3078 2651 delegare
3108 2584 3392 2653 responde.
3424 2577 3547 2636 Novi
3575 2582 3663 2634 isto

2117 2671 2236 2729 loco
2279 2674 2476 2729 multos
2521 2674 2701 2729 dicere
2746 2693 2757 2727 :
2805 2674 2942 2744 Etgo
2972 2676 3244 2747 simplices
3285 2692 3390 2730 non
3437 2674 3661 2728 videbunt

2116 2779 2337 2834 regnum
2375 2766 2507 2832 Dei,
2539 2766 2629 2836 qui
2678 2769 2902 2821 scrutari
2945 2767 3043 2821 ista
3094 2778 3196 2821 nOn
3241 2774 3478 2837 possunt.
3518 2765 3658 2829 Audi,

2115 2856 2428 2912 charissime
2463 2874 2476 2909 :
2515 2871 2545 2910 a
2586 2857 2733 2911 nullo
2773 2857 2912 2913 Deus
2938 2856 3080 2926 quod
3123 2872 3229 2910 non
3263 2864 3438 2927 potest
3465 2865 3657 2924 qureret,

2116 2954 2295 3017 mutus
2341 2962 2447 3002 non
2493 2946 2832 3001 damnabitur
2877 2946 2943 3002 de
2974 2948 3376 3008 taciturnitate.
3424 2961 3517 3001 nec
3540 2955 3661 3012 (eger

2115 3038 2417 3107 culpabitur
2442 3039 2510 3095 de
2539 3040 2741 3095 labore.
2775 3039 3033 3095 Voluntas
3061 3040 3176 3095 sola
3204 3040 3404 3095 sufficit
3432 3039 3564 3094 Deo:
3586 3038 3660 3092 ubi

2114 3129 2442 3198 possibilitas
2469 3131 2642 3196 deest,
2675 3132 2789 3201 ipsa
2812 3146 2958 3186 reum
2981 3132 3160 3195 ellicit,
3186 3132 3300 3202 ipsa
3329 3141 3578 3195 sanctum,
3605 3128 3661 3183 de

2035 3199 2082 3265 (ἶ
2114 3219 2196 3275 his
2222 3220 2416 3288 quibus
2443 3236 2571 3277 vere
2597 3199 2785 3285 voluit,
2824 3230 2878 3277 et
2905 3237 3032 3277 vere
3058 3238 3163 3293 non
3193 3199 3391 3292 potuit.
3425 3222 3553 3291 Ergo
3579 3237 3659 3273 ex-

2113 3312 2376 3369 cussimus
2403 3328 2503 3368 nos
2531 3312 2596 3367 de
2625 3315 2822 3369 uncino
2851 3313 3187 3385 objectiouis,
3219 3324 3276 3369 et
3303 3330 3333 3369 a
3362 3312 3664 3384 simplicibus

2112 3411 2382 3475 utcunque
2409 3406 2646 3460 eruimus
2676 3413 2744 3460 te.
2768 3404 2901 3460 Cum
2928 3405 3090 3461 modo
3118 3421 3310 3463 causas
3329 3420 3461 3475 quas
3485 3418 3666 3458 mento-

2110 3495 2224 3547 ravi
2254 3495 2495 3550 tractabo
2517 3536 2532 3560 ,
2574 3495 2665 3564 qui
2696 3495 2836 3550 nosti
2864 3495 3147 3561 discutere,
3179 3497 3271 3566 qui
3313 3497 3451 3551 nosti
3480 3493 3664 3564 species

2109 3585 2367 3650 vestium,
2409 3587 2619 3654 species
2665 3586 2790 3651 vini,
2822 3587 3031 3657 species
3059 3587 3191 3651 cibi,
3223 3587 3435 3656 species
3459 3584 3662 3653 argenti.

2110 3672 2215 3727 Ista
2257 3680 2312 3728 et
2358 3675 2441 3729 bis
2469 3675 2694 3741 similia,
2737 3676 2944 3731 etiamsi
2974 3692 3079 3731 non
3107 3676 3404 3746 possideas.
3437 3692 3483 3730 nx
3505 3675 3568 3729 sti
3594 3684 3661 3727 ta-

2108 3779 2229 3818 men
2254 3805 2269 3829 ,
2320 3772 2373 3839 et
2401 3765 2529 3834 quid
2568 3767 2876 3836 imposturre
2920 3767 3171 3832 habeant,
3204 3774 3258 3821 et
3295 3768 3421 3836 quid
3448 3765 3665 3820 veritatis

2107 3854 2385 3910 obtineant
2411 3856 2653 3911 discutis.
2699 3856 2833 3923 Quid
2864 3858 3020 3912 vicini
3052 3861 3127 3912 tui
3165 3866 3352 3925 agunt,
3387 3874 3489 3911 non
3522 3865 3569 3911 te
3597 3856 3659 3907 Ia-‘

2106 3953 2219 4000 tere
2242 3947 2351 4010 vis;
2378 3947 2502 4015 quid
2520 3947 2805 4016 loquantur
2831 3948 3238 4017 extranei,quitl
3258 3948 3424 4016 jnch
3454 3946 3664 4002 civitatis

2105 4038 2352 4101 SCuSCI'il,
2371 4038 2495 4106 quid
2518 4038 2642 4091 novi
2666 4038 3005 4092 constituerit
3034 4038 3348 4108 imperator,
3371 4037 3497 4107 quid
3523 4041 3663 4103 agant

2104 4121 2419 4192 Orientales,
2451 4127 2577 4197 quid
2607 4125 2995 4191 Octidcntales,
3014 4127 3137 4195 quid
3167 4128 3355 4183 rustici
3386 4144 3479 4198 per
3505 4125 3665 4181 omnia

2103 4233 2225 4271 rura
2252 4226 2558 4287 qumrantur
2580 4215 2743 4289 [Nunt
2773 4219 2873 4289 leg.
2902 4221 3234 4287 querantur?
3253 4217 3291 4289 ],
3319 4220 3422 4272 ista
3444 4228 3495 4271 et
3517 4217 3665 4271 multa

2102 4311 2186 4366 bis
2208 4312 2401 4365 similia
2414 4312 2700 4377 scrutaris;
2725 4311 2874 4365 venis
2890 4310 2953 4364 ad
2976 4311 3222 4365 mandata
3247 4310 3365 4376 Dei,
3385 4321 3439 4365 et
3461 4310 3604 4365 tolles
3619 4317 3667 4362 to

2102 4408 2157 4456 et
2178 4401 2354 4457 dices:
2383 4401 2522 4456 Nihil
2538 4401 2733 4477 melius
2761 4402 2861 4457 nisi
2890 4401 3203 4471 simpliciter
3241 4402 3446 4457 vivere.
3473 4400 3665 4469 Eignne

2102 4493 2294 4547 astutia
2337 4508 2405 4547 ex
2440 4500 2749 4561 contemptu
2788 4499 3048 4561 concepta
3077 4491 3394 4561 simpliciter
3420 4490 3579 4545 vivit?
3615 4497 3664 4542 ct

2024 4562 2078 4625 Ῑ)
2100 4584 2220 4653 quis
2246 4582 2458 4639 Domini
2479 4584 2558 4638 sui
2574 4584 2719 4653 jussa
2742 4584 2991 4648 custodit,
3010 4598 3127 4653 quae
3155 4584 3426 4643 custodire
3447 4600 3552 4639 non
3573 4598 3657 4652 po.

2068 4692 2075 4699 ·
2099 4674 2256 4738 terit,
2281 4676 2383 4730 nisi
2412 4684 2535 4730 ante
2563 4675 2825 4741 didicerit,
2867 4676 3076 4731 dicente
3116 4685 3303 4731 sancto
3331 4674 3532 4746 Spiritu
3577 4690 3663 4744 per

2099 4766 2414 4836 prophetam
2436 4784 2448 4817 :
2469 4765 2577 4821 Nisi
2592 4766 2712 4836 quis
2731 4765 2976 4822 didicerit
2989 4767 3249 4835 justitiam
3269 4782 3435 4837 super
3456 4777 3659 4826 terram,

2097 4858 2378 4913 veritatem
2407 4874 2513 4913 non
2545 4857 2747 4914 faciet?
2774 4856 2842 4912 Et
2867 4858 3004 4913 sicut
3034 4857 3203 4926 majus
3229 4864 3312 4912 est
3341 4857 3659 4912 voluntatem

2098 4946 2192 5000 Dei
2224 4946 2398 5002 lacere
2423 4962 2585 5016 quam
2614 4961 2773 5000 nosse
2792 4985 2806 5010 ,
2837 4947 2910 5000 ita
2939 4946 3085 5016 prius
3113 4953 3193 4999 est
3221 4960 3379 5000 nosse
3393 4959 3558 5012 quam
3588 4942 3660 4993 la-

2097 5053 2239 5094 cere.
2283 5039 2411 5094 lllud
2441 5040 2633 5094 merito
2662 5026 2915 5109 praecedit
2942 5038 3046 5092 hoc
3083 5036 3290 5092 ordine.
3335 5035 3403 5089 Et
3432 5035 3543 5090 lieri
3573 5048 3660 5101 pn-

2098 5138 2203 5185 test
2230 5139 2289 5185 ut
2318 5130 2646 5199 obsequendi
2674 5138 2802 5184 voto
2832 5128 3083 5194 olfendat,
3114 5128 3205 5197 qui
3250 5126 3481 5197 qualiter
3507 5124 3658 5179 obse-

2096 5223 2187 5293 qui
2215 5222 2410 5278 debeat
2435 5230 2559 5276 ante
2583 5237 2691 5276 non
2718 5219 2919 5275 didicit.
2963 5221 3127 5275 Nobis
3158 5234 3287 5288 ergo
3314 5214 3658 5273 desideranti-

2092 5314 2194 5370 bus
2244 5329 2309 5368 ac
2335 5313 2667 5379 dicentibus,
2709 5311 2923 5367 Utinam
2968 5314 3267 5382 dirigantur
3304 5312 3400 5365 via:
3440 5322 3572 5362 metu
3599 5305 3660 5360 ad

2092 5405 2498 5462 custodiendum
2522 5403 2935 5474 justiﬁcationes
2971 5387 3107 5471 Dei,
3149 5422 3255 5460 non
3295 5400 3662 5459 confundimur

2093 5499 2218 5553 dum
2261 5498 2575 5568 respicimus
2604 5496 2670 5551 ad
2714 5498 2892 5551 omnia
2922 5479 3172 5552 mandata
3222 5497 3367 5563 ejus,
3408 5493 3455 5547 si
3486 5501 3659 5545 tamen

2091 5586 2441 5643 conﬁteamur
2461 5585 2689 5641 Domino
2720 5586 2768 5640 in
2805 5586 3099 5642 directione
3126 5590 3320 5649 cordis,
3347 5587 3395 5640 in
3425 5599 3493 5637 eo
3523 5580 3661 5650 quod

2092 5681 2431 5736 didicerimus
2440 5678 2637 5749 judicia
2657 5679 2874 5749 justitiae
2896 5679 3030 5748 ejus.
3040 5677 3266 5733 Tantum
3284 5679 3419 5732 enim
3434 5674 3658 5742 exigitur

2091 5780 2345 5842 quantum
2379 5771 2634 5842 sapimus,
2668 5785 2771 5825 non
2801 5778 3057 5839 qttanlutn
3083 5786 3187 5823 non
3219 5768 3467 5839 sapimus,
3502 5763 3658 5815 immo
