3926 6176
247 402 346 457 509

1185 389 1645 451 COMMENTARII
1683 389 1748 443 lN
1782 387 2108 444 PSALMOS.
2152 389 2341 444 PSAL.
2384 389 2604 446 CXVIII.

3396 386 3499 442 SlO

245 529 501 591 quantum
531 530 719 586 sapere
748 527 1048 585 possumus,
1078 525 1186 565 non
1207 514 1464 578 quantum
1486 521 1592 561 non
1621 519 1812 575 possu-
1844 504 1890 562 Α
1919 505 2143 561 suscitas
2171 506 2237 560 de
2268 515 2407 559 terra
2442 505 2675 574 inopem,
2708 504 2915 556 vivilica
2946 518 3030 556 me
3059 500 3349 556 secundum
3380 518 3501 557 ver-

245 628 379 669 mus.
396 610 597 665 Verum
612 608 735 677 quia
762 603 1030 666 mandata,
1051 601 1240 669 inquit,
1255 606 1345 653 tua
1367 595 1621 653 custodiri
1639 595 1719 649 vis
1741 594 1815 647 ni-

244 704 366 768 mis,
380 718 485 755 non
508 714 593 754 me
604 696 941 763 derelinquas
958 702 1357 761 usquequaque.
1378 687 1492 741 Non
1515 686 1655 740 enim
1674 682 1815 737 aliud

243 773 328 849 ubi
359 792 626 845 adolesce.
650 788 736 841 tirc
763 787 875 839 vias
903 783 1166 849 corrigam
1187 820 1202 844 ,
1237 780 1335 833 nisi
1360 779 1410 831 in
1439 776 1680 832 custodia
1711 790 1818 828 ser-

242 897 459 938 menum
488 890 720 934 tuorum.
746 876 1031 930 Videamus
1060 886 1200 926 nunc
1227 870 1542 924 oralionem.
1567 866 1667 932 Qui
1697 872 1817 918 o:at
1862 877 1867 882 '

241 988 348 1027 non
392 970 647 1033 mentitur
675 966 786 1019 Deo
823 966 873 1018 in
899 963 1075 1018 verbis
1118 960 1376 1015 orationis
1405 974 1512 1013 sua:
1546 976 1557 1009 :
1592 957 1646 1009 In
1679 965 1811 1019 toto,

242 1061 449 1132 inquit,
483 1057 644 1114 corde
673 1072 795 1111 meo
824 1054 1083 1123 exquisivi
1117 1062 1188 1107 te.
1219 1051 1275 1106 Si
1305 1066 1488 1104 verum
1528 1049 1678 1112 dicis,
1712 1065 1813 1100 non

241 1163 291 1207 te.
332 1151 560 1221 repellet
588 1164 616 1202 a
649 1147 910 1201 mandatis
946 1145 1075 1199 suis.
1111 1144 1166 1197 In
1216 1142 1406 1206 corde,
1441 1141 1648 1209 inquit,
1696 1153 1816 1192 meo

242 1240 495 1297 abscondi
525 1238 794 1307 eloquium
826 1244 974 1290 tuum
1000 1274 1014 1298 ,
1066 1241 1122 1287 ut
1152 1246 1257 1286 non
1288 1247 1505 1302 peccem
1535 1230 1648 1283 tibi.
1700 1228 1816 1282 Non

241 1347 368 1402 ergo
398 1332 518 1386 ideo
556 1330 621 1383 ad
650 1327 927 1383 scientiam
969 1324 1204 1378 laboravi
1233 1322 1554 1391 pertingere,
1586 1329 1641 1374 et
1679 1333 1815 1388 pra:-

242 1432 395 1493 cepta
423 1422 519 1475 Dei
558 1417 867 1474 memoriter
896 1416 1125 1469 retinere
1143 1452 1157 1477 ,
1193 1420 1254 1466 ut
1283 1410 1494 1465 viderer
1517 1409 1733 1473 sciolus,
1763 1414 1820 1461 et

243 1528 338 1584 per
365 1512 645 1567 scientiam
676 1505 887 1563 inﬂatus
918 1504 1167 1574 superbia
1197 1499 1551 1571 increpationi
1577 1508 1815 1568 aptarer;

241 1604 334 1658 sed
374 1604 526 1665 ideo,
559 1612 616 1654 ut
644 1613 750 1653 non
779 1609 1059 1667 peccarem
1083 1594 1198 1647 tibi.
1243 1592 1386 1646 Doce
1414 1604 1542 1659 ergo
1570 1605 1674 1651 me,
1720 1588 1814 1652 ait,

241 1695 488 1755 Domine,
518 1690 924 1762 iustiﬁcationes
947 1696 1083 1740 tuas.
1110 1684 1190 1739 Ad
1216 1684 1330 1739 haec
1355 1680 1700 1751 respondebit
1722 1679 1818 1733 tibi

240 1787 331 1841 ille
357 1800 518 1854 quem
548 1797 702 1847 oras,
734 1788 793 1835 ut
816 1780 1009 1834 doceat
1036 1786 1090 1832 te
1112 1776 1348 1846 justitias
1371 1789 1497 1829 suas
1523 1791 1535 1825 :
1562 1772 1687 1827 Hazc
1714 1780 1815 1837 cst,

1921 598 2044 653 bnm
2069 607 2234 651 tuum.
2256 596 2381 650 Vias
2405 603 2524 649 tuas
2553 596 2841 655 cnuntiavi,
2860 603 2913 647 et
2940 592 3201 648 cxaudisti
3231 607 3334 647 me.
3359 590 3503 648 Con-

1922 694 2092 749 sidera
2118 693 2243 761 quid
2292 708 2350 747 se
2380 690 2567 746 fecisse
2599 690 2749 756 dixit,
2778 701 2832 743 nt
2856 692 3231 753 exatidiretur;
3263 688 3390 759 quid
3420 697 3502 745 est

1922 786 2034 839 vias
2088 794 2208 837 tuas
2260 782 2567 838 enuntiavi?
2597 781 2713 835 lioc
2767 792 2843 835 est
2884 782 3323 852 :qnibuscnnque
3371 782 3499 835 mihi

1920 874 2245 944 possibilitas
2273 872 2523 940 loquendi
2555 870 2667 931 fuit,
2700 872 2797 925 hos
2824 872 2924 924 illis
2944 872 3105 925 calles
3132 872 3360 935 ostendi,
3383 871 3502 940 qui-

1921 967 2018 1022 bus
2047 966 2308 1036 parebant
2352 964 2591 1031 vestigia.
2628 962 2728 1015 Per
2750 964 2891 1031 ipsos
2921 964 3059 1015 enim
3086 963 3327 1015 evaditur
3356 977 3501 1016 mors

1922 1066 1974 1110 et
2002 1055 2312 1126 pervenitur
2335 1054 2400 1106 ad
2431 1054 2612 1106 vitam.
2638 1051 2861 1116 Quando
2890 1066 3017 1118 eng
3048 1052 3160 1104 vias
3188 1059 3306 1104 tuas
3328 1066 3499 1104 enun-

1923 1150 2084 1213 tiavi;
2114 1156 2239 1201 tunc
2268 1145 2530 1200 cxaudisti
2555 1160 2657 1197 me.
2692 1143 2872 1195 Artem
2906 1139 3222 1196 exandiendi
3252 1141 3500 1206 didicisti,

1920 1237 2240 1297 Christiane,
2274 1235 2316 1288 si
2347 1233 2589 1287 exaudiri
2617 1232 2715 1295 vis,
2748 1232 2861 1284 vias
2888 1229 2986 1284 DEi
3015 1230 3217 1294 nuntia,
3247 1230 3381 1284 doce
3409 1245 3503 1285 ca-

1921 1329 2177 1387 stitatem,
2212 1324 2587 1387 humilitatem,
2616 1330 2979 1391 contemptum
3015 1321 3214 1383 mundi,
3256 1328 3312 1375 et
3347 1320 3503 1389 quid—

1921 1418 2048 1488 quid
2076 1416 2323 1487 petieris,
2369 1414 2698 1477 exaudieris;
2732 1421 2783 1466 et
2812 1426 3005 1477 rogans
3031 1420 3083 1465 te
3109 1411 3290 1466 doceri
3320 1428 3349 1466 a
3397 1410 3503 1467 Do—

1924 1509 2089 1571 mino,
2114 1506 2237 1575 quid
2266 1506 2462 1560 doceas
2490 1505 2843 1566 collibertnm,
2869 1504 3031 1556 dicito
3062 1521 3074 1555 :
3108 1503 3219 1570 Ego
3241 1503 3361 1571 quia
3377 1503 3503 1558 volo

1924 1600 2036 1654 vias
2058 1607 2175 1652 tuas
2201 1596 2501 1661 enuntiare,
2535 1603 2591 1649 ut
2636 1594 2896 1647 exaudias
2944 1609 3049 1657 me,
3077 1593 3214 1647 viam
3241 1593 3501 1662 justiﬁca-

1923 1689 2128 1743 tionum
2152 1696 2361 1741 tuarum
2393 1684 2473 1739 fac
2494 1695 2548 1738 ut
2580 1684 2889 1751 intelligam,
2915 1693 2966 1735 et
3006 1684 3300 1737 exercebar
3326 1684 3378 1737 in
3399 1684 3503 1737 mi-

1924 1780 2181 1834 rabilibus
2208 1779 2333 1833 tuis.
2354 1776 2601 1832 Exerceri
2631 1776 2865 1843 argutari
2895 1784 3006 1829 est:
3040 1774 3286 1844 Argutus,
3312 1776 3501 1845 inquit,

241 1874 434 1944 inquit,
462 1873 669 1942 justitia
698 1885 815 1925 mea
836 1908 850 1932 ,
881 1875 942 1923 ut
985 1867 1166 1922 omnia
1194 1880 1314 1936 qua:
1343 1865 1421 1920 vis
1450 1872 1507 1918 ut
1536 1863 1694 1919 faciat
1722 1863 1819 1917 tibi

1932 1887 2016 1927 ero
2046 1887 2151 1926 non
2182 1871 2351 1940 piger.
2379 1868 2513 1935 Quid
2544 1877 2751 1921 tantum
2780 1867 3080 1936 promittis?
3109 1881 3235 1922 ecce
3265 1882 3365 1921 una
3388 1876 3504 1921 ten-

238 1966 425 2028 homo,
458 1964 645 2019 eadem
677 1970 731 2017 tu
761 1962 965 2017 homini
991 1959 1172 2015 facias.
1215 1957 1273 2014 Si
1302 1957 1640 2027 amplecteris
1661 1956 1818 2025 justi-

239 2057 371 2111 tiam
422 2055 551 2120 Dei,
583 2054 768 2109 dices:
798 2052 857 2108 In
901 2052 1054 2107 labiis
1093 2051 1228 2106 meis
1268 2050 1608 2121 pronuntiavi
1642 2047 1822 2103 omnia

237 2146 437 2216 judicia
466 2145 577 2199 oris
605 2145 702 2207 tui,
733 2150 789 2199 et
808 2143 861 2196 in
891 2142 973 2196 bis
994 2140 1289 2197 delectatus
1306 2154 1444 2204 sum,
1467 2139 1604 2195 sicut
1629 2137 1682 2191 in
1705 2151 1823 2191 om-

237 2236 403 2291 nibus
429 2235 647 2289 divitiis.
681 2233 977 2288 Videamus
1010 2246 1153 2287 nunc
1191 2230 1318 2299 quid
1348 2238 1430 2284 est
1456 2226 1601 2298 quod
1639 2227 1822 2296 sequi-

238 2335 347 2381 tur.
379 2325 438 2381 In
470 2325 735 2380 mandatis
758 2324 861 2379 tuis
895 2338 981 2378 me
1008 2322 1293 2378 exercebo.
1317 2319 1466 2375 Sicut
1494 2318 1686 2373 tironia
1710 2333 1826 2372 cor-

238 2430 347 2485 pus
374 2422 623 2479 exercet,
662 2414 735 2468 ita
763 2414 991 2467 animam
1021 2412 1198 2467 divina
1227 2418 1490 2480 praecepta
1521 2408 1819 2478 instituunt.

237 2507 451 2563 Doceut
471 2507 615 2561 enim
640 2520 703 2561 ea
733 2504 962 2574 qualiter
980 2515 1190 2573 pugnos
1218 2510 1374 2557 caute
1394 2499 1670 2569 suscipiat,
1694 2513 1828 2569 qua--

237 2595 365 2650 liter
394 2595 609 2650 fortiter
635 2594 840 2649 reddat.
874 2593 940 2647 Et
982 2592 1335 2648 considerabo
1354 2632 1367 2657 ,
1398 2590 1511 2655 ait,
1542 2590 1657 2644 vias
1687 2598 1825 2653 tuas,

237 2684 296 2743 id
343 2694 448 2749 est,
480 2684 698 2738 attendo
726 2683 955 2752 qualiter
990 2681 1290 2751 superasti,
1332 2687 1388 2734 et
1425 2680 1539 2748 ipsa
1578 2678 1829 2733 imitabor

238 2776 515 2845 exempla.
544 2773 600 2829 Si
626 2774 839 2843 quidem
869 2774 960 2843 qui
992 2787 1090 2827 nos
1117 2772 1301 2827 docuit
1327 2771 1403 2826 sic
1429 2771 1560 2825 dicit
1593 2789 1605 2823 :
1641 2771 1827 2824 Imita-

241 2880 381 2923 tores
421 2869 524 2922 mei
564 2878 744 2931 estote,
785 2869 916 2921 sicut
944 2876 992 2921 et
1020 2884 1114 2939 ego
1154 2867 1390 2937 magistri
1422 2863 1676 2937 {Christi}.
1710 2865 1827 2919 Non

238 2960 555 3020 obliviscar,
587 2957 779 3027 inquit,
810 2972 1088 3011 sermones
1118 2966 1258 3011 tuos.
1300 2955 1460 3009 Vides
1485 2955 1612 3025 quia
1640 2955 1827 3010 oblitio

239 3065 333 3105 res
356 3050 468 3103 vitii
492 3057 592 3113 est,
629 3063 733 3103 non
769 3056 991 3101 naturze.
1018 3046 1293 3113 Retribue,
1318 3046 1506 3115 inquit.
1531 3060 1689 3101 servo
1712 3053 1825 3099 tuo.

240 3139 387 3208 Quid
416 3140 511 3193 tibi
541 3140 621 3194 vis
650 3139 911 3193 retribui?
940 3137 1151 3193 Amoris
1173 3178 1188 3203 ,
1233 3138 1432 3206 inquit,
1472 3136 1738 3202 aﬂ‘ectum,
1770 3144 1829 3190 ut

1905 1964 2054 2018 ‘tatio
2079 1964 2334 2028 nascitur,
2364 1969 2419 2015 et
2438 1961 2669 2015 meveris
2697 1960 2769 2015 ita
2800 1968 2858 2014 ιιι
2885 1960 3065 2014 dicas:
3097 1958 3359 2013 Dormitat
3386 1954 3505 2013 ani-

1924 2071 2008 2109 ma
2028 2070 2148 2110 mea
2175 2069 2284 2124 pra:
2306 2053 2484 2108 ucdio.
2500 2051 2744 2108 Dormire
2764 2052 3007 2121 corporis
3029 2059 3129 2111 est.
3158 2066 3263 2105 non
3290 2051 3502 2105 animm.

1921 2146 2163 2215 Quantus
2192 2161 2356 2216 sopor
2376 2152 2527 2199 tuum
2571 2160 2766 2214 corpus
2806 2142 3029 2206 invasit,
3061 2142 3152 2211 qui
3191 2150 3245 2195 et
3273 2142 3506 2195 animam

1923 2237 2214 2292 dormitare
2256 2236 2547 2308 compellit.
2581 2235 2650 2289 At
2694 2236 2782 2289 ille
2812 2253 2824 2287 :
2855 2234 2959 2288 ista
3002 2234 3130 2287 mihi
3172 2242 3499 2299 evenerunt,

1924 2330 2048 2399 quia
2103 2329 2171 2384 de
2216 2344 2304 2384 me
2355 2328 2688 2399 przesumpsi.
2739 2325 2925 2381 Excita
2954 2342 3069 2391 me,
3101 2327 3345 2390 Domine,
3378 2327 3504 2396 quia

1924 2420 2154 2476 dormio.
2187 2418 2403 2475 Excitas
2430 2428 2609 2474 autem
2656 2434 2759 2484 me,
2806 2420 2850 2473 si
2897 2419 3295 2474 contirmaveris
3323 2434 3409 2473 me
3453 2418 3506 2473 in

1927 2510 2103 2565 verbis
2131 2510 2255 2563 tuis.
2289 2508 2585 2564 Conlirmas
2630 2517 2808 2563 autem
2859 2524 2945 2563 me
2993 2511 3047 2563 in
3076 2509 3253 2563 verbis
3301 2510 3431 2573 tuis,
3462 2511 3508 2567 si

1927 2602 2069 2656 viam
2100 2600 2416 2669 iniquitatis,
2474 2600 2526 2652 id
2555 2610 2654 2664 est,
2689 2600 2857 2669 ipsum
2889 2606 3210 2654 teutatorcm
3261 2615 3509 2656 amoveas

1928 2707 1958 2745 a
1986 2706 2091 2746 me.
2141 2691 2249 2745 Nisi
2280 2691 2421 2745 enim
2451 2690 2609 2759 longe
2652 2707 2771 2745 eum
2804 2691 2991 2746 feceris
3021 2706 3049 2745 a
3081 2708 3183 2758 me,
3236 2694 3288 2746 in
3318 2710 3508 2749 somno

1928 2781 2138 2847 animm,
2168 2790 2221 2835 et
2249 2782 2301 2835 in
2330 2781 2523 2835 mentis
2551 2797 2682 2835 mea:
2724 2782 2877 2837 taedio
2906 2785 3252 2851 permanebo.
3283 2782 3358 2838 Tu
3380 2800 3509 2855 ergo

1926 2873 2069 2926 viam
2119 2873 2410 2941 iniquitatis
2440 2887 2631 2927 amove
2651 2889 2679 2925 a
2706 2889 2811 2936 me,
2843 2882 2895 2927 et
2922 2874 2971 2927 in
3005 2874 3084 2927 via
3133 2882 3218 2928 tua
3251 2876 3506 2929 miserere

1929 2962 2057 3016 mei.
2092 2960 2267 3016 Meum
2291 2970 2373 3016 est
2394 2963 2536 3015 enim
2579 2963 2776 3030 eligere
2809 2964 2950 3017 viam
2975 2965 3230 3030 veritatis,
3258 2973 3403 3018 tuum
3433 2976 3513 3019 cst

1931 3049 2227 3105 concedere
2256 3051 2535 3106 electionis
2565 3052 2720 3115 huius
2765 3052 3030 3107 cﬂ‘cctum.
3074 3052 3140 3108 Et
3165 3054 3288 3123 quia
3320 3054 3513 3109 adhatsi

1932 3141 2258 3197 testimoniis
2283 3143 2405 3206 tuis,
2450 3142 2673 3197 credens
2708 3152 2766 3197 ut
2794 3144 2968 3197 onmis
2997 3144 3089 3212 qui
3121 3145 3274 3213 petiit
3303 3145 3513 3213 accipit.

239 3235 446 3288 vivam.
476 3229 545 3284 Et
572 3232 617 3285 si
664 3230 761 3284 tibi
789 3230 953 3284 vitam
998 3229 1218 3292 dedero,
1251 3228 1381 3297 quid
1428 3227 1628 3282 facies?
1670 3227 1832 3283 Forte
1862 3219 1907 3281 C
1936 3240 2082 3302 peto,
2106 3232 2350 3297 Domine,
2383 3233 2492 3287 noli
2522 3248 2608 3288 me
2640 3232 2987 3287 confundere.
3022 3231 3345 3288 Nalm-aliter
3384 3253 3515 3288 con—

239 3323 414 3377 dixit:
438 3321 628 3376 Vivam
658 3328 712 3375 et
737 3320 940 3391 epuler,
973 3319 1139 3384 lzeter,
1171 3316 1447 3380 :ediﬁcem,
1477 3331 1635 3386 agros
1663 3332 1816 3372 exco-

243 3414 375 3478 lam,
408 3428 562 3481 agam
593 3426 803 3474 causas,
828 3419 881 3466 et
907 3421 1119 3472 caetera,
1146 3423 1265 3478 qua:
1291 3423 1409 3464 cum
1439 3415 1681 3477 tempore
1709 3422 1832 3477 per-

244 3506 421 3560 eunt?
448 3504 564 3558 Non
594 3504 698 3558 hoc
732 3504 893 3567 dixit;
925 3503 1018 3557 sed
1053 3501 1180 3572 quid
1216 3501 1326 3555 ait?
1354 3500 1540 3554 Vivam
1568 3506 1624 3554 et
1644 3505 1829 3553 custo-

242 3596 393 3651 diam
423 3610 701 3649 sermones
737 3604 874 3649 tuos.
908 3594 1102 3648 Verum
1132 3593 1256 3663 quia
1299 3592 1442 3646 inter
1487 3590 1667 3660 apices
1709 3596 1831 3643 tuos

244 3690 536 3742 thesauros
604 3686 843 3741 occultos
872 3686 1045 3739 sentio
1071 3725 1085 3748 ,
1129 3699 1264 3752 quos
1294 3680 1532 3737 invenire
1563 3695 1667 3735 non
1707 3695 1833 3749 pos-

245 3793 388 3843 sum,
417 3785 495 3842 tu,
523 3776 765 3841 Domine,
792 3777 971 3831 revela
996 3775 1181 3829 oculos
1208 3788 1376 3838 meos,
1405 3781 1459 3827 et
1481 3770 1833 3828 considerabo

247 3867 517 3923 mirabilia
558 3867 625 3921 de
670 3864 787 3939 lege
816 3873 926 3919 tua.
958 3864 1128 3919 Caute
1169 3877 1296 3917 sane
1342 3860 1710 3931 accipiendum
1753 3865 1836 3913 est

248 3956 396 4028 quod
444 3955 639 4024 adjecit
683 3972 695 4007 :
738 3953 936 4015 lncola,
983 3953 1033 4007 id
1080 3960 1182 4014 est,
1216 3950 1528 4021 peregrinus
1568 3962 1672 4017 ego
1715 3962 1834 4002 sum

251 4048 400 4119 apud
447 4056 499 4103 te
547 4048 601 4102 in
652 4055 825 4112 terra,
878 4045 928 4099 id
960 4053 1083 4108 est,
1138 4043 1267 4097 nihil
1312 4052 1579 4097 terrenum
1622 4054 1832 4111 qmero;

250 4139 399 4209 quod
444 4153 666 4210 quacro,
710 4138 814 4193 hoc
860 4137 987 4190 milii
1038 4135 1148 4189 noli
1192 4133 1542 4188 abscondere.
1565 4131 1683 4185 Non
1723 4131 1839 4185 abs.

253 4231 459 4287 conlas
504 4246 535 4285 a
575 4244 660 4285 me
707 4228 957 4283 mandata
1005 4236 1114 4281 tua.
1161 4226 1275 4281 Non
1321 4226 1464 4280 enim
1507 4220 1838 4293 concupiscit

253 4324 436 4378 anima
464 4336 583 4377 mea
609 4360 624 4385 ,
673 4320 775 4374 nisi
805 4319 1109 4374 desiderare
1149 4314 1562 4388 justiﬁcationes
1602 4323 1753 4379 tuas;
1784 4321 1839 4368 et

255 4412 387 4483 quia
434 4412 549 4466 scio
597 4417 650 4464 te
697 4410 975 4478 increpare
1022 4407 1321 4478 superbos,
1366 4404 1518 4460 aufer
1554 4420 1583 4458 a
1613 4420 1699 4458 me
1737 4418 1836 4473 op-

254 4505 560 4576 probrium.
593 4502 821 4573 Superbi
865 4509 991 4556 sunt
1027 4502 1169 4556 enim
1200 4500 1291 4571 qui
1339 4493 1688 4555 contemnunt
1729 4496 1839 4552 Do-

1930 3320 2069 3376 fusio
2091 3323 2326 3377 nascitur
2347 3322 2558 3389 quando
2581 3323 2723 3390 quod
2748 3324 2987 3393 poscitur
3014 3323 3328 3392 denegatur,
3363 3336 3415 3378 et
3450 3326 3517 3378 ah

1932 3428 1998 3466 eo
2025 3412 2115 3481 qui
2141 3412 2393 3482 prmdicat
2422 3423 2541 3465 eum
2567 3427 2726 3480 quem
2765 3414 3030 3480 petiturus
3060 3421 3141 3465 est
3173 3414 3301 3467 nihil
3326 3429 3519 3482 negare

1931 3503 2194 3574 poscenti.
2230 3502 2381 3558 Unde
2409 3511 2464 3558 et
2507 3503 2613 3565 hic,
2647 3504 2714 3557 ab
2748 3505 2848 3558 hac
2877 3504 3189 3560 C"nfttsione
3229 3522 3285 3560 sc
3307 3506 3518 3560 liberari

1932 3592 2267 3656 desiderans,
2318 3591 2836 3659 clamat:Domine,
2882 3594 2991 3648 noli
3038 3610 3123 3648 me
3173 3594 3518 3650 confundere.

1923 3681 2061 3749 Quid
2083 3692 2258 3738 tamen
2280 3683 2521 3753 postulas
2540 3683 2834 3739 videamus.
2855 3683 2993 3752 Quid
3015 3686 3186 3741 curris
3210 3687 3346 3741 viam
3379 3703 3520 3741 man-

1933 3775 2216 3831 datorum?
2237 3773 2373 3842 Quid
2396 3776 2636 3846 postulas
2658 3776 2982 3832 intellcctum
3007 3786 3063 3832 ut
3078 3779 3330 3834 scrutcris
3352 3779 3521 3847 legem

1934 3865 2068 3920 Dei?
2095 3864 2232 3933 Quid
2262 3866 2453 3922 ducem
2483 3866 2680 3936 qumris
2694 3868 2792 3923 vim
2819 3866 2953 3922 Dei?
2984 3866 3163 3923 Pande
3191 3869 3317 3938 quid
3341 3879 3523 3940 postu-

1934 3955 2031 4009 las.
2060 3955 2281 4017 lnclina,
2307 3956 2498 4024 inquit,
2530 3972 2625 4011 cor
2652 3972 2827 4012 meum
2877 3958 2929 4011 in
2977 3959 3280 4014 testimonia
3322 3969 3410 4013 tua
3431 4002 3445 4021 ,
3468 3968 3524 4014 et

1937 4061 2044 4099 non
2076 4045 2128 4098 in
2177 4045 2478 4100 avaritiam.
2509 4046 2637 4102 Ideo
2688 4063 2818 4117 ergo
2856 4048 3181 4105 dormitabat
3228 4050 3402 4105 anima
3433 4058 3523 4105 tua

1934 4150 2045 4207 pne
2075 4134 2253 4200 tardio,
2279 4135 2405 4204 quia
2451 4137 2518 4191 de
2547 4139 2770 4191 avaritia
2811 4138 3115 4206 cogitabas,
3145 4138 3428 4194 attendens
3456 4139 3524 4195 ad

1936 4242 1999 4281 ea
2019 4240 2137 4295 qua:
2160 4224 2423 4290 videntur,
2447 4240 2566 4294 qua:
2585 4227 2638 4279 in
2665 4226 2901 4280 vanitate
2916 4227 3237 4293 consistunt,
3252 4228 3377 4296 quia
3400 4227 3524 4281 dum

1936 4314 2108 4370 teneri
2138 4322 2391 4386 putantur
2413 4314 2707 4384 aufttgiunt.
2737 4316 2840 4370 Ora
2862 4329 2989 4385 ergo
3017 4325 3071 4370 ut
3101 4325 3309 4371 avertat
3337 4317 3524 4372 oculos

1940 4412 2082 4469 tuos,
2113 4420 2182 4460 ne
2227 4404 2446 4459 videant
2482 4405 2641 4460 istam
2671 4406 2965 4460 vanitatem
2994 4407 3107 4461 sive
3136 4406 3188 4460 in
3218 4407 3523 4461 ambitioni-

1940 4500 2041 4555 bus
2068 4498 2272 4567 mundi,
2303 4498 2416 4554 sive
2440 4499 2492 4554 in
2522 4500 2969 4571 concupiscentiis
3003 4503 3197 4558 carnis.
3228 4499 3294 4555 Et
3318 4501 3400 4556 dic
3423 4501 3528 4555 Do-

257 4595 465 4649 minum
516 4593 905 4661 imperantem,
949 4598 1004 4646 et
1050 4590 1318 4645 maledicti
1365 4597 1489 4644 sunt
1531 4589 1624 4657 qui
1677 4588 1841 4643 decli-
1869 4586 1917 4646 D
1945 4592 2093 4646 mino
2124 4599 2183 4645 ut
2210 4597 2409 4645 statuat
2436 4605 2595 4645 servo
2633 4607 2730 4644 suo
2759 4591 3030 4661 eloquium
3055 4607 3210 4646 suum
3253 4592 3305 4646 in
3336 4592 3530 4645 timore

257 4690 391 4735 nant
439 4696 469 4735 a
519 4681 784 4736 mandatis
829 4681 952 4735 tuis.
1000 4679 1129 4734 Tuis
1174 4695 1332 4744 sane,
1381 4682 1504 4748 quia
1550 4679 1702 4733 nobis
1755 4679 1843 4749 pie

260 4771 545 4840 agentibus
573 4771 842 4841 principes
880 4771 1017 4824 aeris
1046 4769 1204 4839 hujus
1254 4770 1581 4837 dejectiones
1631 4769 1843 4837 excogi-

260 4869 401 4915 tant.
424 4860 626 4917 ldcirco
655 4861 850 4929 adjecit
882 4878 894 4914 :
928 4859 1080 4927 Quod
1112 4860 1147 4913 ii
1180 4860 1468 4929 principes,
1508 4860 1601 4923 ait,
1651 4859 1841 4913 adver-

260 4966 377 5006 sum
400 4968 487 5007 me
517 4952 885 5021 loquebantur.
921 4951 1032 5021 Ego
1056 4968 1183 5007 vero
1203 4968 1388 5008 servus
1416 4961 1536 5007 tuus
1557 4952 1846 5007 exercebar

262 5042 316 5096 in
360 5043 467 5096 tuis
491 5042 981 5111 juniﬁcationibus.
1015 5041 1148 5096 Nam
1179 5051 1234 5097 et
1277 5042 1580 5097 testimonia
1611 5049 1700 5096 tua
1729 5057 1845 5097 me-

262 5132 452 5189 ditatio
480 5150 599 5189 mea
646 5142 760 5200 est,
805 5143 860 5189 et
900 5135 1181 5190 consilium
1228 5150 1405 5189 meum
1441 5134 1849 5205 justificationes

269 5231 394 5279 tute.
427 5225 716 5280 Videamus
744 5225 887 5295 quod
914 5226 1194 5281 consilium
1223 5233 1439 5280 secutus
1477 5226 1551 5280 sis
1579 5225 1629 5280 in
1652 5223 1847 5294 justiti-

266 5316 565 5371 cationibus
589 5315 822 5371 Domini.
847 5316 1097 5381 Adhassit,
1121 5316 1313 5386 inquit,
1343 5317 1645 5386 pavimento
1673 5315 1848 5369 anima

269 5420 411 5471 mea,
441 5407 544 5463 hoc
564 5415 667 5469 est,
688 5406 827 5475 jacui
857 5407 907 5460 in
935 5406 1263 5475 pavimento,
1288 5413 1360 5470 te,
1388 5407 1632 5471 Domine,
1656 5406 1848 5475 depre-

270 5510 417 5561 cans,
439 5505 492 5552 te
510 5512 770 5562 exorans;
796 5494 1001 5552 vivilica
1021 5512 1105 5551 me
1124 5496 1416 5551 secundum
1435 5496 1651 5551 verbum
1680 5505 1845 5550 tuum.

272 5582 406 5649 Quid
451 5588 592 5642 enim
631 5588 876 5658 promisit
921 5586 1107 5642 Deus?
1137 5586 1418 5651 Promisit,
1469 5587 1663 5655 inquit,
1712 5587 1853 5641 Deus

273 5676 471 5733 dicens.
496 5678 630 5743 Quia
649 5681 704 5734 in
723 5696 804 5734 me
829 5681 1069 5750 speravit,
1094 5693 1193 5748 ego
1216 5678 1442 5734 liberabo
1470 5696 1584 5733 eum
1613 5678 1850 5751 (Pam).

278 5766 411 5826 Ecce
436 5785 537 5841 ego
564 5788 785 5842 sperans
808 5773 858 5828 in
883 5781 935 5827 te
956 5773 1066 5842 jam
1097 5773 1401 5843 pavimento
1430 5772 1642 5828 adlucsi.
1661 5772 1738 5826 Tu
1762 5774 1850 5841 qni

1942 4697 2063 4748 suo,
2088 4688 2142 4736 et
2170 4688 2410 4750 amputet
2431 4681 2775 4752 opprobrium
2796 4681 2940 4750 quod
2960 4683 3260 4751 suspicatus
3288 4699 3365 4738 es.
3386 4682 3524 4749 Quid

1946 4772 2088 4826 enim
2139 4772 2440 4841 suspicatus
2479 4786 2571 4835 es,
2630 4787 2752 4827 cum
2800 4788 2909 4842 pra:
2964 4771 3123 4828 taedio
3175 4771 3531 4828 dormitares?

1944 4866 2123 4920 dixisti
2151 4884 2163 4919 :
2209 4863 2346 4930 Quid
2373 4863 2716 4925 manducabo.
2745 4864 2870 4936 quid
2887 4860 3075 4923 bibam,
3096 4861 3277 4933 quibus
3290 4860 3534 4931 operiar?

1947 4958 2015 5011 At
2041 4959 2129 5012 ubi
2159 4956 2434 5012 inclinavit
2484 4954 2742 5009 Dominus
2786 4969 2881 5009 cor
2926 4962 3073 5007 tuum
3124 4954 3174 5007 in
3229 4954 3531 5009 testimo:.ia

1945 5063 2068 5113 sua,
2092 5047 2338 5101 liberavit
2364 5054 2416 5099 te
2464 5046 2532 5098 ab
2572 5044 2816 5106 avaritia,
2852 5052 2906 5099 et
2934 5043 3143 5114 cmpisti
3173 5059 3413 5116 qumrere
3443 5059 3528 5097 re-

1949 5153 2109 5207 gnum
2141 5137 2235 5191 Dei
2264 5143 2319 5191 et
2337 5135 2600 5205 justitiam
2630 5135 2764 5203 ejus,
2794 5135 3017 5191 credens
3046 5135 3186 5205 quod
3214 5136 3328 5190 hzec
3354 5135 3531 5189 omnia

1951 5234 2290 5299 apponantur
2310 5227 2424 5281 tibi.
2451 5225 2606 5280 Modo
2632 5226 2882 5295 ergojam
2913 5242 3070 5295 rogas
3096 5235 3147 5281 ut
3177 5227 3334 5291 hujus
3362 5223 3535 5294 suspi-

1950 5318 2122 5373 cionis
2164 5317 2507 5389 opprobrium
2549 5326 2853 5387 amputetur
2881 5333 2909 5371 a
2965 5325 3033 5373 te.
3070 5316 3423 5386 Opprobrinni
3454 5330 3535 5368 est

1954 5408 2094 5462 enim
2149 5416 2208 5461 ut
2251 5405 2439 5462 credas
2489 5406 2755 5461 hominem
2784 5408 3068 5463 sollicitum
3111 5421 3228 5459 esse
3265 5404 3331 5459 de
3379 5420 3536 5458 servo

1955 5515 2073 5563 suo,
2105 5507 2156 5552 et
2178 5497 2344 5552 Deum
2371 5497 2636 5566 negligere
2663 5498 2983 5553 servientem
3011 5496 3129 5549 sibi.
3158 5494 3398 5553 Peccavi,
3429 5493 3535 5545 Ῑὶιι-

1958 5590 2117 5651 mine,
2160 5589 2281 5658 quia
2314 5590 2387 5643 ita
2442 5590 2741 5659 suspicatus
2793 5605 2909 5643 sum
2935 5605 2947 5653 ;
2976 5602 3154 5656 parce,
3185 5585 3310 5656 quia
3337 5584 3535 5652 judicia

1959 5691 2044 5734 tua
2076 5681 2301 5748 incunda
2328 5691 2472 5738 sunt.
2507 5681 2644 5739 Ecce
2674 5680 2853 5743 credo,
2886 5696 3010 5735 ecce
3042 5679 3168 5734 nihil
3192 5680 3533 5750 concupisco.

1960 5774 2056 5828 ni~i
2091 5774 2337 5830 numdata
2362 5784 2483 5840 tua;
2516 5774 2594 5829 fac
2619 5783 2672 5827 ut
2695 5773 2872 5827 veniat
2891 5787 3051 5840 super
3072 5789 3155 5829 me
3177 5770 3537 5828 misericordia
