3884 6184
444 355 456 365 ’
478 339 533 391 il
1781 330 2023 383 ARNOI‘J

2139 330 2158 381 .Ῐ
2174 331 2386 382 filiiﬁlii;
3278 354 3279 357 ‘
3572 340 3664 392 δη

447 463 555 505 um.
586 449 629 501 si
678 447 906 501 salutare
940 457 1083 499 luunt
1108 462 1271 516 super
1308 462 1399 501 me
1446 446 1675 512 venerit,
1721 441 2016 503 secundum
2046 445 2094 499 Α
2194 443 2488 497 Bonitatem
2513 446 2683 516 fecisti
2710 464 2823 499 cum
2847 462 2992 500 servo
3021 454 3126 511 tuo,
3162 445 3395 511 Domine,
3419 453 3666 511 secundum

445 537 713 604 eloquium
762 545 905 588 tuum
946 533 1088 603 quod
1137 534 1429 604 promisisti
1470 551 1483 586 :
1536 530 1763 596 Quaerite
1809 547 2021 602 regnum

452 627 544 680 Dei
571 668 585 691 ,
644 634 693 681 et
744 628 844 680 ista
898 627 1071 680 omnia
1118 635 1437 696 opponentur
1480 623 1619 678 vobis
1675 623 1838 694 (Luc.
1882 622 2017 693 xu).

451 717 583 769 Dum
610 730 736 783 ergo
775 717 1127 784 compleveris
1150 716 1381 769 salutare
1412 723 1558 769 tuum
1587 713 1875 770 secundum
1906 712 2022 766 elo—

450 808 626 875 quium
656 814 823 870 tuum,
871 820 970 874 ego
1018 805 1351 874 respondebo
1406 804 1851 874 exprobrantibus
1896 802 2025 856 mihi

452 897 691 961 verbum,
720 896 841 964 quia
872 897 922 948 in
947 896 1281 950 sermonibus
1305 896 1408 948 luis
1435 910 1617 963 spero.
1646 894 1763 948 Non
1784 907 1912 960 ergo
1928 907 2025 945 an-

453 985 591 1041 feras
618 1002 681 1040 ex
707 1002 801 1040 ore
829 1002 949 1040 meo
961 986 1180 1039 verbum
1204 986 1442 1040 veritatis
1462 998 1861 1053 usquequaque.
1892 981 2028 1036 Ecce

455 1073 659 1131 inﬁcias
686 1076 738 1129 in
764 1076 928 1130 Deum
958 1076 1177 1129 validas.
1204 1075 1342 1143 Ergo
1370 1076 1509 1131 Deus
1535 1076 1693 1130 alicui
1738 1074 1877 1128 tollit
1903 1090 2025 1128 ver-

455 1167 579 1220 bum
592 1167 834 1221 veritatis
859 1182 925 1220 ex
950 1168 1077 1221 ore?
1100 1166 1213 1221 Hoc
1239 1168 1482 1222 diabolus
1510 1167 1653 1232 facit,
1679 1167 1816 1220 tollit
1836 1165 2027 1219 verita-

457 1266 584 1321 tem,
618 1262 672 1310 et
699 1258 860 1311 mittit
889 1256 1238 1311 mendacium.
1270 1257 1408 1324 Quid
1435 1272 1562 1326 ergo
1588 1257 1698 1311 Deo
1725 1257 1915 1325 loquar
1941 1271 2030 1309 os-

456 1349 631 1404 tende.
664 1350 795 1417 Ego,
849 1351 1038 1419 inquit,
1065 1350 1188 1404 volo
1216 1349 1542 1419 respondere
1586 1348 2029 1419 exprobrantibus

456 1439 584 1493 mihi
622 1439 864 1502 verbum,
898 1440 1021 1507 quia
1065 1440 1116 1492 in
1145 1440 1478 1493 sermonibus
1506 1438 1597 1492 Dei
1638 1453 1868 1507 sperans,
1898 1437 2029 1491 nihil

455 1528 683 1599 cogitavi
710 1528 777 1583 de
804 1536 1015 1590 ventre,
1047 1527 1138 1581 sed
1169 1527 1235 1581 de
1260 1536 1471 1593 mente;
1492 1526 1621 1579 nihil
1658 1525 1724 1580 de
1752 1534 1914 1590 terra,
1937 1525 2030 1579 sed

456 1620 521 1676 t‘s:
548 1620 701 1675 cmlo.
728 1617 859 1673 Cum
882 1633 1009 1687 ergo
1037 1619 1301 1674 dicerem:
1330 1619 1471 1673 Deus
1493 1619 1669 1673 omnia
1692 1627 1845 1688 parat
1863 1618 2031 1672 servis

456 1713 585 1778 suis,
620 1712 726 1776 illi,
765 1711 817 1766 id
844 1719 926 1765 est
954 1711 1228 1774 increduli,
1258 1712 1371 1767 sive
1398 1710 1665 1781 immundi
1687 1711 1904 1779 spiritus
1932 1710 2031 1763 bu-

2124 535 2329 588 verbum
2371 544 2533 589 tuum.
2586 535 2880 591 Bonitatem
2905 548 2954 590 et
2993 538 3319 607 disciplinam
3355 549 3398 593 ct
3429 545 3668 599 scientiam

2125 624 2250 678 doce
2276 642 2372 688 me,
2395 626 2516 695 quia
2539 626 2801 680 mandatis
2823 628 2924 681 tuis
2952 627 3167 681 credidi.
3195 627 3491 700 Priusquam
3527 633 3671 687 humi-

2124 714 2282 767 liarer
2306 732 2399 786 ego
2429 716 2637 787 deliqui,
2681 726 2951 787 propterea
2981 719 3233 789 eloquium
3254 727 3399 773 tuam
3427 725 3669 777 custodivi.

2127 807 2300 861 Bonus
2329 821 2381 861 es
2412 816 2484 870 tu,
2511 818 2559 862 et
2588 810 2639 862 in
2666 807 2895 863 bonitate
2941 817 3029 861 tua
3057 810 3182 862 doce
3208 826 3286 863 me
3307 810 3674 880 justiﬁrationcs

2127 904 2263 951 tuas.
2294 897 2645 968 Multiplicata
2679 907 2755 953 est
2783 916 2936 968 super
2966 915 3047 953 me
3086 899 3331 968 iniquitas
3357 903 3673 970 superborum,

2126 1005 2220 1059 ego
2243 997 2413 1041 autem
2459 989 2515 1041 in
2538 995 2645 1042 toto
2673 987 2828 1042 corde
2864 1004 2974 1040 meo
3020 990 3285 1042 scrutabor
3306 990 3547 1043 mandata
3581 1001 3672 1045 tua.

2129 1079 2468 1152 Coagulatam
2514 1089 2589 1134 est
2625 1081 2756 1134 sicut
2802 1080 2884 1133 lac
2921 1097 3009 1134 cor
3034 1096 3226 1143 eorum,
3258 1097 3349 1150 ego
3390 1098 3495 1134 vero
3539 1082 3675 1152 legent

2131 1180 2271 1225 luant
2292 1171 2566 1225 meditatus
2594 1188 2726 1225 sum.
2758 1169 2960 1241 Bonum
2990 1172 3114 1225 mihi
3143 1173 3262 1242 quia
3291 1172 3564 1225 liumiliasti
3592 1190 3674 1236 me,

2128 1270 2183 1314 ut
2211 1262 2408 1315 discam
2429 1262 2832 1332 justi/icationes
2873 1269 3009 1314 tuas.
3062 1261 3264 1315 Bonum
3305 1262 3432 1315 mild
3469 1261 3546 1316 lea:
3588 1263 3677 1317 oris

2130 1353 2221 1415 tui,
2252 1368 2405 1422 super
2429 1351 2593 1405 millia
2622 1349 2738 1403 auri
2756 1357 2805 1402 et
2830 1351 3052 1420 argenti.

2204 1444 2393 1499 Manus
2421 1455 2522 1500 tua:
2546 1446 2772 1516 fecerunt
2796 1459 2875 1498 me
2902 1453 2950 1497 et
2969 1443 3351 1513 plasmaverunt
3372 1459 3465 1506 me,
3485 1444 3549 1496 da
3571 1445 3675 1497 mihi

2129 1537 2522 1597 intellectum,ut
2550 1535 2745 1589 discam
2770 1534 3146 1589 mandat/uua.
3181 1532 3282 1597 Qui
3312 1535 3485 1587 timent
3505 1542 3546 1588 te
3564 1534 3678 1587 video

2131 1624 2257 1679 bunt
2282 1642 2364 1679 me
2382 1633 2430 1679 et
2458 1623 2787 1689 lmtabuntur,
2816 1625 2935 1696 quia
2959 1625 3015 1677 in
3044 1622 3192 1676 verba
3222 1630 3314 1676 tua
3341 1626 3661 1694 supersperavi

2133 1714 2375 1787 Cognovi,
2408 1715 2651 1781 Domine,
2674 1717 2793 1785 quia
2815 1717 3027 1787 a'quitas
3047 1716 3248 1785 judicia
3276 1723 3396 1778 tua,
3425 1726 3473 1768 et
3496 1717 3547 1769 in
3568 1718 3679 1769 veri-

457 1802 542 1867 ius
572 1802 964 1870 praedicationis
991 1802 1271 1856 veritatem
1318 1801 1706 1856 convertebant
1736 1802 1786 1854 in
1819 1799 2037 1854 menda-
2066 1801 2113 1861 Β
2140 1816 2244 1861 tate
2271 1817 2356 1860 tua
2379 1807 2657 1861 liumiliasti
2680 1823 2777 1861 me.
2811 1804 2932 1859 Fiat
2956 1805 3311 1860 misericordia
3335 1814 3419 1858 tua
3446 1813 3498 1857 ut
3523 1821 3679 1858 conso-

460 1896 621 1949 cium.
648 1894 726 1947 Tu
749 1908 895 1963 ergo,
930 1894 1169 1958 Domine,
1203 1909 1322 1948 cum
1351 1892 1703 1962 compleveris
1729 1892 1872 1961 quod
1897 1892 1963 1946 de
1985 1899 2037 1946 te
2137 1898 2271 1952 letur
2297 1916 2396 1959 me,
2425 1898 2703 1954 secundum
2721 1898 2983 1969 eloquium
3004 1906 3145 1950 tuum
3184 1913 3332 1950 servo
3361 1906 3461 1950 tuo.
3492 1894 3682 1949 Veniant

460 1986 585 2038 dum
613 1984 885 2040 Crederem
916 1985 1217 2054 Γθβνοηιίεὶ,
1250 1993 1305 2038 Gl
1331 1984 1436 2039 illis
1463 1983 1798 2054 respondebo
1839 1996 2036 2052 eXPl‘O-
2137 1991 2262 2045 mihi
2291 1990 2647 2045 miserationes
2675 1998 2775 2043 tua:
2794 1998 2842 2045 et
2867 1989 3048 2051 vivam,
3073 1989 3193 2054 quia
3228 1987 3318 2045 lex
3344 1997 3429 2040 tua
3454 1988 3682 2042 me'ditatio

461 2075 880 2130 brantibusmihi
900 2076 1140 2139 verbum,
1165 2083 1219 2129 et
1246 2091 1351 2130 non
1378 2083 1460 2130 est
1478 2076 1683 2131 ablatus
1704 2091 1771 2130 ex
1800 2089 1894 2128 ore
1914 2090 2036 2129 meo
2136 2099 2250 2136 mea
2265 2091 2360 2135 est.
2377 2079 2774 2151 confundantur
2796 2079 3016 2149 superbi,
3041 2081 3160 2150 quia
3185 2079 3381 2149 injuste
3400 2079 3684 2150 iniquitatem

460 2179 639 2217 sermo
670 2164 910 2218 veritatis
939 2178 1344 2234 usquequaque,
1375 2167 1499 2233 quia
1525 2166 1662 2220 bene
1695 2165 1795 2221 feci
1825 2173 1884 2220 ut
1910 2179 2034 2235 spe—
2139 2174 2365 2243 fecerunt
2408 2172 2592 2234 in,me,
2621 2174 2715 2241 ego
2728 2180 2911 2225 autem
2938 2168 3209 2223 exercebar
3224 2170 3285 2222 in
3311 2167 3557 2223 mandatis
3583 2168 3682 2221 tuis.

460 2269 632 2311 rarem
671 2256 724 2309 in
746 2257 1081 2312 sermonibus
1111 2257 1232 2311 tuis.
1266 2255 1381 2312 Non
1403 2272 1529 2325 ergo
1558 2257 1854 2312 custodiam
1883 2272 2037 2312 num-
2138 2262 2508 2317 Convcrtantur
2532 2262 2656 2316 mibi
2679 2263 2908 2317 timentes
2936 2269 3005 2325 te,
3033 2269 3082 2314 et
3106 2261 3190 2329 qui
3219 2269 3469 2314 noverunt
3493 2260 3683 2312 testimo-

459 2364 576 2403 mos
626 2364 796 2414 meos,
828 2365 933 2404 non
968 2350 1179 2404 divitias
1207 2365 1373 2414 meas,
1404 2367 1511 2409 non
1540 2350 1761 2418 gloriam
1800 2350 2031 2415 inanem,
2136 2356 2225 2409 nia
2255 2362 2361 2411 tua.
2386 2344 2518 2406 Fiat
2537 2369 2624 2407 cor
2651 2368 2817 2406 meum
2852 2352 3236 2411 immaculatum
3262 2351 3317 2405 in
3332 2346 3683 2421 justiﬁcationi-

459 2437 553 2491 sed
584 2438 880 2492 custodiam
910 2438 1083 2505 legem
1113 2446 1257 2492 tuam
1286 2440 1587 2509 semper,in
1615 2447 1891 2493 aeternum.
1924 2438 2033 2493 Aus
2135 2444 2227 2504 bus
2249 2446 2367 2510 tuis,
2389 2454 2570 2500 utnon
2592 2443 2902 2515 confundor.

460 2527 687 2581 divimus
727 2543 871 2582 nunc
898 2528 1023 2597 quid
1069 2537 1152 2583 est
1179 2528 1319 2597 quod
1360 2528 1502 2583 dicat
1548 2544 1605 2583 se
1654 2528 1953 2582 ambulasse
1983 2530 2034 2584 in

460 2617 754 2682 latitudine,
802 2618 925 2688 quia
964 2619 1211 2673 mandata
1241 2618 1335 2672 Dei
1373 2618 1632 2687 quaesivit,
1664 2633 1785 2673 cum
1812 2619 2034 2675 latitudo

461 2710 526 2764 ad
556 2719 784 2765 mortem
816 2711 992 2765 ducat.
1019 2711 1133 2765 Non
1165 2712 1236 2764 ita
1265 2720 1345 2766 est
1376 2712 1474 2764 ista
1504 2710 1748 2765 latitudo.
1778 2708 1871 2766 Vis
1898 2712 2035 2766 scire

459 2799 729 2867 quomodo
758 2801 993 2854 ambulat
1019 2801 1181 2855 homo
1211 2802 1263 2854 in
1290 2800 1602 2855 latitudine?
1622 2800 1754 2866 Quia
1784 2802 2036 2857 mandata

464 2889 559 2941 Dei
587 2890 834 2957 exquirit.
866 2888 1053 2944 Latum
1082 2891 1316 2945 ambulat
1338 2906 1494 2959 quem
1523 2891 1745 2947 affectus
1772 2908 1877 2948 non
1908 2893 2035 2962 ligat

462 2980 655 3039 carnis,
683 2980 942 3049 spatiatur
962 2996 1119 3048 quem
1145 2996 1324 3035 rerum
1351 2981 1570 3036 sarcina:
1599 2997 1705 3036 non
1736 2991 2028 3039 coarctant.
2137 2997 2295 3037 omne
2324 2982 2599 3036 hominum
2623 2981 2935 3051 deplorabat
2960 2996 3147 3049 genus.
3176 2980 3423 3037 Perierat
3448 2995 3590 3037 omne
3612 2992 3683 3048 ge-

462 3069 720 3140 l.oquitur
743 3073 1045 3142 testimonia
1098 3072 1193 3127 Dei
1220 3074 1379 3128 etiam
1406 3075 1459 3128 in
1504 3083 1795 3145 conspectu
1824 3091 2030 3146 regum,
2138 3088 2238 3126 nus
2265 3073 2541 3127 hominum
2569 3073 2621 3126 in
2652 3072 3092 3141 praavaricatione
3121 3071 3273 3131 Adae.
3323 3080 3378 3127 et
3402 3070 3684 3141 promissum

462 3171 516 3216 et
562 3162 705 3215 nulla
747 3161 1061 3217 confusione
1106 3162 1315 3218 dicetur
1348 3165 1411 3233 .ei
1454 3183 1466 3218 :
1500 3164 1576 3219 Tu
1625 3165 1883 3235 possides,
1916 3166 2039 3234 quid
2066 3159 2112 3221 C
2145 3162 2318 3217 fuerat
2342 3162 2574 3217 Verbum
2605 3164 2701 3218 Dei
2727 3172 3009 3219 venturum
3040 3164 3092 3221 in
3132 3178 3321 3226 carne,
3348 3171 3402 3219 et
3429 3178 3520 3232 per
3544 3162 3684 3229 ipsum

461 3261 831 3324 contemptum
860 3255 1118 3324 puedicas
1140 3256 1358 3310 mundi?
1395 3255 1548 3311 Nulla
1578 3258 1879 3327 trepidatio,
1914 3259 2034 3327 quia
2140 3269 2307 3323 genus
2355 3263 2594 3309 nostrum
2645 3262 3085 3325 recuperaturum
3114 3256 3166 3308 in
3212 3256 3424 3309 melius.
3455 3253 3686 3308 Clamauit

461 3361 561 3400 nec
603 3347 826 3414 gloriam
870 3348 936 3401 ab
966 3362 1050 3412 eo,
1095 3363 1195 3403 nec
1240 3364 1457 3403 censum
1488 3358 1791 3419 exspectat,
1832 3349 1925 3405 sed
1971 3348 2038 3403 ad
2140 3359 2303 3412 ergo:
2350 3344 2618 3400 Memento
2642 3348 2791 3401 verbi
2822 3347 2896 3401 tui
2925 3361 3084 3401 servo
3134 3354 3248 3409 tuo,
3285 3348 3337 3401 id
3386 3353 3496 3407 est,
3534 3344 3687 3412 generi

463 3437 625 3492 Deum
647 3438 818 3492 solum
849 3438 990 3493 levat
1011 3455 1198 3494 manus
1226 3455 1368 3502 suas,
1393 3455 1549 3509 quem
1575 3440 1745 3494 solum
1768 3440 1956 3508 diligit,
1986 3448 2038 3493 et
2140 3433 2393 3499 humano,
2444 3435 2497 3488 in
2536 3450 2643 3502 quo
2680 3436 2810 3489 mihi
2849 3451 3000 3506 spem
3052 3434 3267 3489 dedisti.
3317 3434 3439 3493 Haec
3488 3448 3598 3503 spes
3619 3445 3687 3484 me

462 3535 742 3582 exercetur
772 3528 820 3582 in
846 3527 1317 3594 justiﬁeationibus
1342 3529 1476 3600 ejus,
1507 3531 1599 3600 qui
1639 3539 1828 3599 regnat
1856 3532 1909 3585 in
1940 3546 2038 3586 sae-
2139 3525 2418 3580 consolala
2449 3534 2531 3580 est
2554 3528 2611 3580 in
2641 3528 2939 3583 humilitate
2977 3543 3117 3587 mea.
3144 3528 3273 3582 dum
3304 3525 3513 3596 superbi
3541 3525 3688 3592 inique

460 3619 577 3674 cula
605 3620 935 3675 seculorum.
971 3619 1158 3677 Amen.
1800 3688 1803 3693 γ
2141 3624 2363 3685 agerent
2384 3629 2793 3687 usquequaque;
2838 3618 2887 3672 id
2917 3628 3019 3684 est,
3068 3619 3191 3674 dum
3223 3617 3481 3673 immundi
3510 3615 3689 3685 spiritus

758 3749 1067 3805 ρε-εωιυε
1104 3749 1309 3806 cm
1350 3751 1497 3824 (ιεενε.
1528 3752 1734 3824 isi-so).
2139 3704 3688 3830 ἱιῖηῖξιεξεξὶῖξξἐῖξῑτλίεέῗξξξεέῖξξοξὶίῖλῖῖξξξξέθτξλξῖξξῖέξ

2139 3807 2533 3853 construerent.
2578 3799 2691 3863 Ego
2730 3815 2936 3852 memor
2972 3800 3046 3853 fui
3098 3799 3426 3867 iudiciorum
3476 3808 3686 3854 tuorum.

2142 3889 2265 3958 quia
2290 3889 2580 3957 promisisti
2606 3888 2834 3943 Verbum
2876 3897 3026 3942 tuum
3072 3890 3257 3943 venire
3288 3890 3354 3943 ad
3403 3885 3689 3943 destructio-

2144 3994 2266 4032 nem
2296 3994 2504 4039 eorum.
2535 3978 2649 4032 Hoc
2694 3994 2902 4039 memor
2929 3979 3023 4043 fui,
3054 3987 3110 4034 et
3134 3980 3447 4034 consolatus
3473 3992 3604 4036 sum;
3624 3984 3686 4028 ta-

2142 4083 2264 4122 men
2289 4068 2339 4122 in
2368 4069 2638 4139 pnesenti,
2671 4068 2902 4124 defectio
2924 4069 3087 4124 animi
3109 4070 3283 4123 tenuit
3303 4085 3391 4124 me
3416 4084 3511 4138 pro
3532 4076 3687 4135 pecca'

2147 4162 2351 4216 toribus
2379 4162 2871 4232 derclinquentibus
2902 4163 3068 4229 legem
3101 4170 3271 4226 tuam,
3304 4170 3361 4216 et.
3386 4160 3618 4223 eumibus
3634 4149 3687 4206 ad

2145 4252 2315 4319 legem
2337 4252 2657 4319 daemonum,
2687 4269 2805 4322 quze
2848 4254 3102 4319 agebatur
3123 4254 3174 4306 in
3202 4254 3448 4323 templis;
3480 4248 3596 4305 mibi
3622 4254 3689 4298 ta-

2704 2589 3138 2630 COMMENTARIUM.

2206 2710 2476 2765 Hactenus
2504 2726 2532 2764 a
2563 2710 2742 2779 capite
2788 2727 2924 2766 unus
2951 2718 3035 2766 est
3060 2725 3274 2765 sensus.
3327 2709 3492 2765 Aliter
3533 2706 3683 2775 incipit

2136 2809 2315 2855 textus
2336 2801 2561 2862 orantis,
2590 2816 2699 2869 quo
2727 2802 2802 2855 ait
2830 2820 2842 2853 :
2872 2800 3163 2864 Memento,
3196 2800 3445 2873 Domine,
3470 2798 3599 2854 verbi
3624 2794 3684 2851 tui

2136 2906 2292 2947 servo
2323 2899 2432 2956 tuo,
2463 2892 2515 2944 in
2543 2906 2651 2959 quo
2677 2892 2806 2946 mihi
2844 2906 2994 2960 spem
3021 2891 3231 2946 dedisti.
3263 2891 3324 2945 ln
3352 2892 3450 2946 hac
3475 2889 3684 2944 oratione

535 3882 734 3937 Memor
759 3894 867 3939 esto
908 3883 1043 3939 verbi
1074 3887 1146 3938 tui
1193 3902 1335 3940 servo
1365 3894 1470 3948 tuo,
1512 3888 1565 3940 in
1615 3904 1711 3963 quo
1747 3887 1873 3941 mihi
1902 3904 2040 3957 spem

462 3973 668 4027 dedisti.
701 3972 828 4027 Ilwc
857 3991 937 4028 me
957 3976 1220 4028 consolata
1248 3983 1323 4029 est
1360 3977 1413 4033 in
1442 3977 1728 4030 humilitate
1760 3995 1890 4041 mea,
1922 3980 2041 4050 quia

465 4066 715 4137 eloquium
746 4074 883 4119 tuum
915 4066 1191 4136 viriﬁcabit
1234 4084 1330 4127 me.
1365 4066 1580 4139 Superbi
1628 4069 1799 4141 inique
1825 4069 2043 4141 agebant

462 4170 835 4225 usquequaque,
867 4171 899 4207 a
941 4155 1048 4225 lege
1078 4163 1245 4209 autem
1275 4163 1365 4208 tua
1401 4172 1504 4210 non
1543 4155 1812 4210 declinavi.
1848 4157 2046 4211 Memor

466 4247 541 4316 fui
570 4246 877 4312 iudiciorum
899 4255 1097 4300 tuorum
1127 4264 1158 4300 a
1178 4247 1385 4309 seculo,
1417 4246 1655 4311 Domine,
1686 4257 1733 4301 et
1754 4249 2043 4305 consolatus

464 4351 595 4386 sunt.
629 4334 862 4406 Defectio
884 4335 1043 4388 tenuit
1066 4352 1162 4399 me,
1192 4353 1283 4403 pro
1312 4338 1658 4406 peccatoribus
1689 4338 2043 4409 derelinquen-
2146 4358 2266 4398 men
2296 4343 2588 4399 cantabiles
2615 4351 2770 4396 erant
2790 4343 3198 4412 justiticationes
3226 4345 3408 4398 tumin
3437 4343 3549 4396 loco
3568 4352 3691 4410 pere

456 4425 597 4481 sibus
620 4426 783 4495 legm
809 4433 968 4479 tuam.
1004 4426 1296 4481 Cantabiles
1326 4429 1452 4481 mitti
1480 4430 2044 4499 crantjustiﬁcationes
2148 4434 2462 4500 grinationis
2490 4446 2641 4498 mae,
2673 4433 2760 4487 ubi
2791 4433 2995 4489 advena
3040 4436 3453 4504 comprobabar.
3485 4429 3689 4498 Denique

464 4530 567 4571 tua:
595 4519 648 4571 in
673 4519 783 4572 loco
812 4519 1240 4590 peregrinationis
1268 4536 1409 4572 mete.
1437 4520 1636 4574 Memor
1663 4523 1738 4593 [ui
1779 4531 1924 4576 nocte
1951 4541 2047 4577 no-
2080 4524 2126 4582 D
2154 4526 2281 4580 tolle
2324 4525 2500 4580 subito
2527 4523 2908 4587 Christianum,
2942 4533 2995 4579 et
3033 4541 3176 4595 pone
3219 4526 3363 4580 inter
3384 4523 3584 4579 Judams
3616 4521 3692 4572 aut

460 4610 616 4663 minis
646 4608 739 4673 tui,
765 4607 999 4672 Domine,
1033 4616 1081 4662 et
1103 4608 1349 4662 custodivi
1379 4608 1536 4679 legem
1566 4617 1725 4663 tuam.
1752 4611 1875 4666 Ilaec
1905 4614 2045 4684 facta
2144 4617 2389 4685 gentiles,
2413 4631 2588 4670 nonne
2614 4616 2818 4671 advena
2838 4616 3064 4679 videtur,
3095 4616 3220 4670 licet
3245 4616 3295 4669 in
3326 4630 3419 4677 sua
3446 4612 3566 4668 urbe
3585 4622 3690 4671 con-

464 4706 540 4750 est
561 4698 841 4769 mihi,quia
856 4698 1253 4768 justi/icationes
1283 4705 1397 4752 tuas
1419 4699 1683 4770 exquisivi.
2144 4708 2331 4763 sistat?
2361 4708 2455 4773 lbi,
2488 4708 2676 4775 inquit,
2708 4716 2887 4761 tamen
2920 4707 3210 4762 mutabiles
3241 4708 3372 4761 mihi
3393 4698 3690 4769 erantjusti-

540 4785 720 4840 Portio
761 4803 893 4850 mea,
944 4786 1182 4850 Domine,
1212 4786 1322 4840 dixi
1369 4787 1626 4842 custodire
1672 4790 1828 4860 legem
1883 4800 2038 4844 tuam.
2142 4799 2417 4853 licationcs
2465 4807 2585 4863 tum,
2628 4807 2682 4852 et
2733 4798 2929 4866 injuste
2973 4799 3251 4866 agentibus
3299 4812 3405 4851 non
3448 4793 3679 4848 tacebam.

466 4874 782 4944 Deprecams
803 4892 914 4928 sum
940 4876 1121 4946 facient
1144 4886 1283 4931 tuam
1324 4877 1378 4931 in
1413 4886 1519 4931 toto
1548 4880 1698 4932 corde
1735 4897 1864 4943 meo,
1897 4882 2046 4934 mise-
2148 4889 2353 4942 Memor
2384 4904 2530 4943 cram
2582 4889 2634 4943 in
2666 4896 2824 4944 nocte
2868 4889 3096 4943 nominis
3126 4889 3220 4953 tui,
3272 4888 3513 4950 Domine,
3536 4882 3582 4937 id
3606 4886 3687 4937 est,

468 4983 582 5020 rere
610 4965 710 5018 mei
729 4967 1004 5020 secundum
1024 4970 1277 5039 eloquium
1306 4979 1465 5025 tuum.
1494 4970 1722 5042 ﬂagitati
1750 4973 1855 5025 vias
1887 4989 2044 5036 meas,
2149 4979 2199 5032 in
2226 4979 2521 5034 tenebrosis
2547 4980 2822 5033 hominum
2845 4979 3085 5036 conciliis
3100 4979 3331 5046 positus;
3345 4989 3544 5031 memor
3567 4980 3689 5025 erant

460 5067 516 5112 et
548 5056 771 5111 converti
789 5058 940 5126 pedes
971 5077 1105 5113 mnos
1136 5062 1189 5113 in
1224 5063 1517 5117 testimonia
1549 5070 1655 5115 tua.
1688 5062 1914 5117 Paratus
1936 5079 2047 5117 sum
2151 5068 2383 5123 nominis
2411 5069 2510 5133 tui,
2539 5077 2591 5122 et
2618 5069 2880 5122 custodivi
2912 5070 3082 5136 legem
3108 5078 3274 5129 tuam,
3304 5083 3412 5121 non
3441 5080 3521 5119 me
3542 5070 3691 5114 exem-

464 5160 517 5203 et
546 5165 647 5203 non
672 5164 784 5201 sum
806 5148 1054 5211 turbatus,
1081 5158 1135 5201 ut
1156 5153 1435 5204 custodiam
1466 5153 1710 5206 mandatu
1733 5160 1839 5206 tua.
1876 5150 2048 5205 Funes
2149 5157 2235 5227 pla
2271 5158 2559 5213 multorum
2586 5174 2615 5210 a
2646 5166 2792 5214 recto
2822 5168 3009 5213 tenore
3036 5157 3381 5211 revocabant.
3425 5154 3542 5206 Haec
3566 5146 3691 5202 deni‘

470 5246 799 5309 peccatorum
831 5238 1160 5306 circumplexi
1193 5248 1311 5293 sunt
1346 5257 1442 5302 me,
1475 5249 1521 5293 et
1552 5241 1715 5312 legem
1762 5249 1901 5295 luant
1946 5259 2050 5296 non
2151 5266 2255 5318 que
2307 5250 2419 5304 sola
2450 5249 2580 5303 mihi
2614 5248 2752 5304 facta
2800 5258 2881 5304 est
2927 5249 3122 5319 portio,
3153 5249 3275 5316 quia
3314 5240 3689 5314 justiﬁcatioucs

465 5344 585 5382 sum
630 5328 833 5383 oblitus.
886 5327 1059 5382 Media
1108 5337 1254 5383 nocte
1299 5330 1564 5401 surgebam
1593 5332 1662 5385 ad
1706 5334 2050 5403 conﬁtendum
2154 5351 2269 5396 mas
2292 5341 2574 5410 exquisivi,
2607 5357 2725 5395 cum
2753 5342 3012 5396 discerem
3046 5341 3312 5396 custodire
3355 5337 3518 5403 legem
3547 5340 3685 5383 tuam.

471 5420 585 5475 tibi.
610 5438 763 5486 super
796 5420 997 5491 judicia
1039 5420 1429 5491 justiﬁcationis
1479 5428 1598 5475 tuae.
1645 5422 1915 5494 Partim-ps
1956 5440 2050 5496 ego
2153 5432 2278 5487 nam
2306 5434 2418 5486 sola
2442 5433 2581 5488 facta
2611 5440 2694 5488 est
2713 5432 2840 5485 mihi
2864 5432 3058 5501 ρυηίο,
3091 5430 3223 5485 Cum
3258 5428 3397 5484 enim
3420 5425 3490 5479 illi
3515 5420 3606 5476 sibi
3622 5415 3687 5469 di-

478 5526 588 5563 sum
620 5511 849 5564 omnium
891 5510 1171 5563 timentium
1209 5517 1275 5573 te,
1308 5517 1356 5562 ct
1384 5511 1775 5567 custodientium
1803 5517 2049 5568 mandata
2151 5522 2394 5577 viderent
2421 5537 2596 5591 agros,
2628 5523 2837 5587 domus,
2869 5523 3071 5588 vineas,
3104 5521 3408 5591 gloriasque
3426 5509 3592 5570 mundi
3617 5504 3687 5559 di-

474 5606 583 5650 tua.
616 5598 973 5655 Misericordia
998 5609 1103 5664 tua,
1139 5600 1375 5664 Domine,
1408 5601 1560 5671 plena
1598 5612 1673 5657 est
1710 5613 1866 5671 terra,
1893 5607 2051 5677 justi-
2152 5628 2353 5675 versas,
2385 5629 2471 5667 me
2505 5613 2760 5667 inermem
2791 5628 2821 5666 a
2869 5628 2965 5669 suo
2991 5610 3340 5669 contubernio
3368 5601 3682 5673 reliquorum.

466 5689 743 5761 ﬁnitiones
772 5702 883 5748 tuas
913 5693 1038 5762 doce
1067 5710 1160 5747 mc.

2153 5701 2391 5756 dicentes
2416 5719 2426 5754 :
2457 5701 2511 5757 Si
2541 5719 2647 5757 non
2698 5704 2748 5757 in
2782 5719 2919 5772 pane
2958 5704 3134 5758 vivere
3161 5713 3329 5772 potes,
3356 5696 3445 5754 sed
3473 5696 3519 5749 in
3544 5687 3683 5745 verbo
