  <div class='ocr_page' id='page_1' title='image "/cluster/home/n/w/nwhite01/storage/ocr_20150623/53/hvd.32044073505091/264.png"; bbox 0 0 3884 6184; ppageno 0'>
   <div class='ocr_carea' id='block_1_1' title="bbox 204 252 1776 317">
    <p class='ocr_par' dir='ltr' id='par_1_1' title="bbox 204 252 1776 314">
     <span class='ocr_line' id='line_1_1' title="bbox 204 252 1776 314; baseline -0.001 -2"><span class='ocrx_word' id='word_1_1' title='bbox 204 260 287 314; x_wconf 67' lang='grc' dir='ltr'><strong>5ξῦ</strong></span> <span class='ocrx_word' id='word_1_2' title='bbox 1092 252 1561 310; x_wconf 66' lang='lat' dir='ltr'><strong>COMTJENTARII</strong></span> <span class='ocrx_word' id='word_1_3' title='bbox 1599 257 1665 311; x_wconf 69' lang='lat' dir='ltr'><strong>LV</strong></span> <span class='ocrx_word' id='word_1_4' title='bbox 1705 258 1776 311; x_wconf 81' lang='lat' dir='ltr'><strong>PS</strong></span> 
     </span>
    </p>
   </div>
   <div class='ocr_carea' id='block_1_2' title="bbox 1884 252 2529 317">
    <p class='ocr_par' dir='ltr' id='par_1_2' title="bbox 1884 257 2529 317">
     <span class='ocr_line' id='line_1_2' title="bbox 1884 257 2529 317; baseline 0.006 -6"><span class='ocrx_word' id='word_1_5' title='bbox 1884 257 2031 313; x_wconf 61' lang='lat' dir='ltr'><strong>SlOS.</strong></span> <span class='ocrx_word' id='word_1_6' title='bbox 2076 260 2264 315; x_wconf 65' lang='lat' dir='ltr'><strong>PSAL</strong></span> <span class='ocrx_word' id='word_1_7' title='bbox 2309 261 2529 317; x_wconf 70' lang='lat' dir='ltr'><strong>CXVIII.</strong></span> 
     </span>
    </p>
   </div>
   <div class='ocr_carea' id='block_1_3' title="bbox 3350 265 3451 315">
    <p class='ocr_par' dir='ltr' id='par_1_3' title="bbox 3350 265 3451 315">
     <span class='ocr_line' id='line_1_3' title="bbox 3350 265 3451 315; baseline 0.059 -5"><span class='ocrx_word' id='word_1_8' title='bbox 3350 265 3451 315; x_wconf 60' lang='grc' dir='ltr'><strong>διδ</strong></span> 
     </span>
    </p>
   </div>
   <div class='ocr_carea' id='block_1_4' title="bbox 206 366 3452 457">
    <p class='ocr_par' dir='ltr' id='par_1_4' title="bbox 206 366 3452 457">
     <span class='ocr_line' id='line_1_4' title="bbox 206 366 3452 457; baseline 0 -31"><span class='ocrx_word' id='word_1_9' title='bbox 206 374 302 435; x_wconf 84' lang='lat' dir='ltr'><strong>Dei,</strong></span> <span class='ocrx_word' id='word_1_10' title='bbox 327 372 430 425; x_wconf 72' lang='lat' dir='ltr'><strong>lucc</strong></span> <span class='ocrx_word' id='word_1_11' title='bbox 447 369 566 424; x_wconf 74' lang='lat' dir='ltr'><strong>sola</strong></span> <span class='ocrx_word' id='word_1_12' title='bbox 587 368 653 421; x_wconf 91' lang='lat' dir='ltr'><strong>sit</strong></span> <span class='ocrx_word' id='word_1_13' title='bbox 676 367 779 421; x_wconf 80' lang='lat' dir='ltr'><strong>tibi-</strong></span> <span class='ocrx_word' id='word_1_14' title='bbox 795 368 990 437; x_wconf 88' lang='lat' dir='ltr'><strong>portio.</strong></span> <span class='ocrx_word' id='word_1_15' title='bbox 1018 366 1081 421; x_wconf 84' lang='lat' dir='ltr'><strong>Et</strong></span> <span class='ocrx_word' id='word_1_16' title='bbox 1105 380 1204 437; x_wconf 85' lang='lat' dir='ltr'><strong>ego</strong></span> <span class='ocrx_word' id='word_1_17' title='bbox 1225 366 1336 421; x_wconf 82' lang='lat' dir='ltr'><strong>dixi</strong></span> <span class='ocrx_word' id='word_1_18' title='bbox 1358 367 1486 423; x_wconf 86' lang='lat' dir='ltr'><strong>tibi:</strong></span> <span class='ocrx_word' id='word_1_19' title='bbox 1512 367 1758 432; x_wconf 88' lang='lat' dir='ltr'><strong>Domine,</strong></span> <span class='ocrx_word' id='word_1_20' title='bbox 1791 374 1837 431; x_wconf 75' lang='grc' dir='ltr'><strong>Α</strong></span> <span class='ocrx_word' id='word_1_21' title='bbox 1867 380 2069 434; x_wconf 86' lang='lat' dir='ltr'><strong>autem.</strong></span> <span class='ocrx_word' id='word_1_22' title='bbox 2113 374 2205 438; x_wconf 93' lang='lat' dir='ltr'><strong>ait,</strong></span> <span class='ocrx_word' id='word_1_23' title='bbox 2241 389 2347 429; x_wconf 93' lang='lat' dir='ltr'><strong>non</strong></span> <span class='ocrx_word' id='word_1_24' title='bbox 2377 374 2574 429; x_wconf 76' lang='lat' dir='ltr'><strong>recessi</strong></span> <span class='ocrx_word' id='word_1_25' title='bbox 2606 388 2633 426; x_wconf 87' lang='lat' dir='ltr'><strong>a</strong></span> <span class='ocrx_word' id='word_1_26' title='bbox 2664 374 2944 443; x_wconf 75' lang='lat' dir='ltr'><strong>patientia,</strong></span> <span class='ocrx_word' id='word_1_27' title='bbox 2978 373 3071 427; x_wconf 90' lang='lat' dir='ltr'><strong>sed</strong></span> <span class='ocrx_word' id='word_1_28' title='bbox 3099 373 3288 457; x_wconf 74' lang='lat' dir='ltr'><strong>emptis</strong></span> <span class='ocrx_word' id='word_1_29' title='bbox 3327 375 3452 428; x_wconf 78' lang='lat' dir='ltr'><strong>insi-</strong></span> 
     </span>
    </p>
   </div>
   <div class='ocr_carea' id='block_1_5' title="bbox 212 456 1759 529">
    <p class='ocr_par' dir='ltr' id='par_1_5' title="bbox 212 456 1759 529">
     <span class='ocr_line' id='line_1_5' title="bbox 212 456 1759 529; baseline -0.003 -14"><span class='ocrx_word' id='word_1_30' title='bbox 212 463 433 515; x_wconf 85' lang='lat' dir='ltr'><strong>miserere</strong></span> <span class='ocrx_word' id='word_1_31' title='bbox 456 458 562 511; x_wconf 86' lang='lat' dir='ltr'><strong>mei</strong></span> <span class='ocrx_word' id='word_1_32' title='bbox 613 458 909 512; x_wconf 90' lang='lat' dir='ltr'><strong>secundum</strong></span> <span class='ocrx_word' id='word_1_33' title='bbox 939 456 1215 527; x_wconf 86' lang='lat' dir='ltr'><strong>eloquium</strong></span> <span class='ocrx_word' id='word_1_34' title='bbox 1245 465 1415 512; x_wconf 88' lang='lat' dir='ltr'><strong>tuum.</strong></span> <span class='ocrx_word' id='word_1_35' title='bbox 1449 458 1526 512; x_wconf 92' lang='lat' dir='ltr'><strong>Tu</strong></span> <span class='ocrx_word' id='word_1_36' title='bbox 1555 460 1759 529; x_wconf 89' lang='lat' dir='ltr'><strong>promi-</strong></span> 
     </span>
    </p>
   </div>
   <div class='ocr_carea' id='block_1_6' title="bbox 212 549 1763 620">
    <p class='ocr_par' dir='ltr' id='par_1_6' title="bbox 212 549 1763 620">
     <span class='ocr_line' id='line_1_6' title="bbox 212 549 1763 620; baseline -0.001 -13"><span class='ocrx_word' id='word_1_37' title='bbox 212 554 310 607; x_wconf 85' lang='lat' dir='ltr'><strong>sisti</strong></span> <span class='ocrx_word' id='word_1_38' title='bbox 338 558 389 605; x_wconf 82' lang='lat' dir='ltr'><strong>ut</strong></span> <span class='ocrx_word' id='word_1_39' title='bbox 409 549 532 603; x_wconf 84' lang='lat' dir='ltr'><strong>nihil</strong></span> <span class='ocrx_word' id='word_1_40' title='bbox 563 549 750 602; x_wconf 83' lang='lat' dir='ltr'><strong>horum</strong></span> <span class='ocrx_word' id='word_1_41' title='bbox 773 550 1133 618; x_wconf 85' lang='lat' dir='ltr'><strong>requiramus;</strong></span> <span class='ocrx_word' id='word_1_42' title='bbox 1157 565 1263 605; x_wconf 86' lang='lat' dir='ltr'><strong>non</strong></span> <span class='ocrx_word' id='word_1_43' title='bbox 1294 551 1424 607; x_wconf 89' lang='lat' dir='ltr'><strong>mibi</strong></span> <span class='ocrx_word' id='word_1_44' title='bbox 1452 552 1763 620; x_wconf 81' lang='lat' dir='ltr'><strong>promissio-</strong></span> 
     </span>
    </p>
   </div>
   <div class='ocr_carea' id='block_1_7' title="bbox 213 639 1763 708">
    <p class='ocr_par' dir='ltr' id='par_1_7' title="bbox 213 639 1763 708">
     <span class='ocr_line' id='line_1_7' title="bbox 213 639 1763 708; baseline -0.001 -9"><span class='ocrx_word' id='word_1_45' title='bbox 213 658 318 699; x_wconf 87' lang='lat' dir='ltr'><strong>nem</strong></span> <span class='ocrx_word' id='word_1_46' title='bbox 342 649 477 694; x_wconf 87' lang='lat' dir='ltr'><strong>tuam</strong></span> <span class='ocrx_word' id='word_1_47' title='bbox 508 646 723 708; x_wconf 87' lang='lat' dir='ltr'><strong>peccata</strong></span> <span class='ocrx_word' id='word_1_48' title='bbox 749 654 866 693; x_wconf 88' lang='lat' dir='ltr'><strong>mea</strong></span> <span class='ocrx_word' id='word_1_49' title='bbox 894 639 1207 708; x_wconf 89' lang='lat' dir='ltr'><strong>impediant,</strong></span> <span class='ocrx_word' id='word_1_50' title='bbox 1238 641 1363 708; x_wconf 88' lang='lat' dir='ltr'><strong>quia</strong></span> <span class='ocrx_word' id='word_1_51' title='bbox 1390 641 1621 708; x_wconf 81' lang='lat' dir='ltr'><strong>cogitavi</strong></span> <span class='ocrx_word' id='word_1_52' title='bbox 1651 643 1763 698; x_wconf 88' lang='lat' dir='ltr'><strong>vias</strong></span> 
     </span>
    </p>
   </div>
   <div class='ocr_carea' id='block_1_8' title="bbox 214 731 1757 801">
    <p class='ocr_par' dir='ltr' id='par_1_8' title="bbox 214 731 1757 801">
     <span class='ocr_line' id='line_1_8' title="bbox 214 731 1757 801; baseline -0.001 -12"><span class='ocrx_word' id='word_1_53' title='bbox 214 744 330 789; x_wconf 89' lang='lat' dir='ltr'><strong>tuas.</strong></span> <span class='ocrx_word' id='word_1_54' title='bbox 362 732 424 786; x_wconf 84' lang='lat' dir='ltr'><strong>Et</strong></span> <span class='ocrx_word' id='word_1_55' title='bbox 465 732 700 786; x_wconf 80' lang='lat' dir='ltr'><strong>converti</strong></span> <span class='ocrx_word' id='word_1_56' title='bbox 748 731 911 801; x_wconf 84' lang='lat' dir='ltr'><strong>pedes</strong></span> <span class='ocrx_word' id='word_1_57' title='bbox 966 747 1119 785; x_wconf 90' lang='lat' dir='ltr'><strong>meos</strong></span> <span class='ocrx_word' id='word_1_58' title='bbox 1155 732 1221 784; x_wconf 87' lang='lat' dir='ltr'><strong>ad</strong></span> <span class='ocrx_word' id='word_1_59' title='bbox 1278 733 1582 788; x_wconf 87' lang='lat' dir='ltr'><strong>testimonia</strong></span> <span class='ocrx_word' id='word_1_60' title='bbox 1647 744 1757 787; x_wconf 87' lang='lat' dir='ltr'><strong>tua.</strong></span> 
     </span>
    </p>
   </div>
   <div class='ocr_carea' id='block_1_9' title="bbox 212 826 1760 893">
    <p class='ocr_par' dir='ltr' id='par_1_9' title="bbox 212 826 1760 893">
     <span class='ocr_line' id='line_1_9' title="bbox 212 826 1760 893; baseline 0 -12"><span class='ocrx_word' id='word_1_61' title='bbox 212 826 343 881; x_wconf 87' lang='lat' dir='ltr'><strong>Nunc</strong></span> <span class='ocrx_word' id='word_1_62' title='bbox 362 832 529 878; x_wconf 86' lang='lat' dir='ltr'><strong>autem</strong></span> <span class='ocrx_word' id='word_1_63' title='bbox 557 832 774 893; x_wconf 83' lang='lat' dir='ltr'><strong>paratus</strong></span> <span class='ocrx_word' id='word_1_64' title='bbox 817 839 955 888; x_wconf 91' lang='lat' dir='ltr'><strong>sum,</strong></span> <span class='ocrx_word' id='word_1_65' title='bbox 985 832 1039 877; x_wconf 90' lang='lat' dir='ltr'><strong>et</strong></span> <span class='ocrx_word' id='word_1_66' title='bbox 1079 840 1187 879; x_wconf 90' lang='lat' dir='ltr'><strong>non</strong></span> <span class='ocrx_word' id='word_1_67' title='bbox 1217 841 1335 879; x_wconf 88' lang='lat' dir='ltr'><strong>sum</strong></span> <span class='ocrx_word' id='word_1_68' title='bbox 1361 827 1628 891; x_wconf 79' lang='lat' dir='ltr'><strong>turbatus,</strong></span> <span class='ocrx_word' id='word_1_69' title='bbox 1656 843 1760 881; x_wconf 90' lang='lat' dir='ltr'><strong>non</strong></span> 
     </span>
    </p>
   </div>
   <div class='ocr_carea' id='block_1_10' title="bbox 211 916 1761 982">
    <p class='ocr_par' dir='ltr' id='par_1_10' title="bbox 211 916 1761 982">
     <span class='ocr_line' id='line_1_10' title="bbox 211 916 1761 982; baseline -0.001 -9"><span class='ocrx_word' id='word_1_70' title='bbox 211 933 284 973; x_wconf 80' lang='lat' dir='ltr'><strong>me</strong></span> <span class='ocrx_word' id='word_1_71' title='bbox 320 916 485 971; x_wconf 83' lang='lat' dir='ltr'><strong>turbet</strong></span> <span class='ocrx_word' id='word_1_72' title='bbox 513 931 525 968; x_wconf 89' lang='lat'><strong>:</strong></span> <span class='ocrx_word' id='word_1_73' title='bbox 557 916 790 969; x_wconf 85' lang='lat' dir='ltr'><strong>triticum</strong></span> <span class='ocrx_word' id='word_1_74' title='bbox 831 931 940 969; x_wconf 89' lang='lat' dir='ltr'><strong>non</strong></span> <span class='ocrx_word' id='word_1_75' title='bbox 971 922 1054 970; x_wconf 90' lang='lat' dir='ltr'><strong>est</strong></span> <span class='ocrx_word' id='word_1_76' title='bbox 1095 916 1145 969; x_wconf 90' lang='lat' dir='ltr'><strong>in</strong></span> <span class='ocrx_word' id='word_1_77' title='bbox 1175 917 1392 982; x_wconf 88' lang='lat' dir='ltr'><strong>horreo,</strong></span> <span class='ocrx_word' id='word_1_78' title='bbox 1423 918 1599 972; x_wconf 89' lang='lat' dir='ltr'><strong>oleum</strong></span> <span class='ocrx_word' id='word_1_79' title='bbox 1654 934 1761 971; x_wconf 88' lang='lat' dir='ltr'><strong>non</strong></span> 
     </span>
    </p>
   </div>
   <div class='ocr_carea' id='block_1_11' title="bbox 211 1006 1761 1073">
    <p class='ocr_par' dir='ltr' id='par_1_11' title="bbox 211 1006 1761 1073">
     <span class='ocr_line' id='line_1_11' title="bbox 211 1006 1761 1073; baseline 0 -11"><span class='ocrx_word' id='word_1_80' title='bbox 211 1016 279 1063; x_wconf 86' lang='lat' dir='ltr'><strong>est</strong></span> <span class='ocrx_word' id='word_1_81' title='bbox 323 1008 371 1060; x_wconf 93' lang='lat' dir='ltr'><strong>in</strong></span> <span class='ocrx_word' id='word_1_82' title='bbox 417 1006 653 1069; x_wconf 86' lang='lat' dir='ltr'><strong>vasculo,</strong></span> <span class='ocrx_word' id='word_1_83' title='bbox 708 1021 954 1059; x_wconf 88' lang='lat' dir='ltr'><strong>nummus</strong></span> <span class='ocrx_word' id='word_1_84' title='bbox 998 1022 1104 1061; x_wconf 89' lang='lat' dir='ltr'><strong>non</strong></span> <span class='ocrx_word' id='word_1_85' title='bbox 1151 1016 1232 1061; x_wconf 83' lang='lat' dir='ltr'><strong>est</strong></span> <span class='ocrx_word' id='word_1_86' title='bbox 1263 1008 1313 1061; x_wconf 91' lang='lat' dir='ltr'><strong>in</strong></span> <span class='ocrx_word' id='word_1_87' title='bbox 1365 1008 1600 1073; x_wconf 87' lang='lat' dir='ltr'><strong>sacculo,</strong></span> <span class='ocrx_word' id='word_1_88' title='bbox 1641 1023 1761 1063; x_wconf 84' lang='lat' dir='ltr'><strong>ves-</strong></span> 
     </span>
    </p>
   </div>
   <div class='ocr_carea' id='block_1_12' title="bbox 211 1097 1763 1170">
    <p class='ocr_par' dir='ltr' id='par_1_12' title="bbox 211 1097 1763 1170">
     <span class='ocr_line' id='line_1_12' title="bbox 211 1097 1763 1170; baseline 0.001 -18"><span class='ocrx_word' id='word_1_89' title='bbox 211 1101 463 1152; x_wconf 87' lang='lat' dir='ltr'><strong>timentum</strong></span> <span class='ocrx_word' id='word_1_90' title='bbox 487 1097 538 1150; x_wconf 93' lang='lat' dir='ltr'><strong>in</strong></span> <span class='ocrx_word' id='word_1_91' title='bbox 566 1097 797 1151; x_wconf 78' lang='lat' dir='ltr'><strong>conditis</strong></span> <span class='ocrx_word' id='word_1_92' title='bbox 822 1112 928 1151; x_wconf 89' lang='lat' dir='ltr'><strong>non</strong></span> <span class='ocrx_word' id='word_1_93' title='bbox 958 1105 1058 1162; x_wconf 84' lang='lat' dir='ltr'><strong>est,</strong></span> <span class='ocrx_word' id='word_1_94' title='bbox 1082 1099 1361 1168; x_wconf 79' lang='lat' dir='ltr'><strong>expeditus</strong></span> <span class='ocrx_word' id='word_1_95' title='bbox 1382 1114 1519 1166; x_wconf 89' lang='lat' dir='ltr'><strong>sum,</strong></span> <span class='ocrx_word' id='word_1_96' title='bbox 1546 1109 1763 1170; x_wconf 85' lang='lat' dir='ltr'><strong>paratus</strong></span> 
     </span>
    </p>
   </div>
   <div class='ocr_carea' id='block_1_13' title="bbox 210 1191 1772 1264">
    <p class='ocr_par' dir='ltr' id='par_1_13' title="bbox 210 1191 1772 1264">
     <span class='ocr_line' id='line_1_13' title="bbox 210 1191 1772 1264; baseline 0.003 -17"><span class='ocrx_word' id='word_1_97' title='bbox 210 1209 333 1256; x_wconf 85' lang='lat' dir='ltr'><strong>sum,</strong></span> <span class='ocrx_word' id='word_1_98' title='bbox 363 1200 416 1245; x_wconf 91' lang='lat' dir='ltr'><strong>et</strong></span> <span class='ocrx_word' id='word_1_99' title='bbox 442 1193 497 1245; x_wconf 91' lang='lat' dir='ltr'><strong>in</strong></span> <span class='ocrx_word' id='word_1_100' title='bbox 544 1191 644 1246; x_wconf 85' lang='lat' dir='ltr'><strong>hac</strong></span> <span class='ocrx_word' id='word_1_101' title='bbox 671 1201 988 1261; x_wconf 81' lang='lat' dir='ltr'><strong>paupertate</strong></span> <span class='ocrx_word' id='word_1_102' title='bbox 1023 1210 1127 1248; x_wconf 88' lang='lat' dir='ltr'><strong>non</strong></span> <span class='ocrx_word' id='word_1_103' title='bbox 1169 1211 1285 1249; x_wconf 85' lang='lat' dir='ltr'><strong>sum</strong></span> <span class='ocrx_word' id='word_1_104' title='bbox 1311 1197 1570 1251; x_wconf 87' lang='lat' dir='ltr'><strong>turbatus.</strong></span> <span class='ocrx_word' id='word_1_105' title='bbox 1604 1197 1667 1251; x_wconf 82' lang='lat' dir='ltr'><strong>Et</strong></span> <span class='ocrx_word' id='word_1_106' title='bbox 1698 1199 1772 1264; x_wconf 31' lang='lat' dir='ltr'><strong>ad,</strong></span> 
     </span>
    </p>
   </div>
   <div class='ocr_carea' id='block_1_14' title="bbox 210 1282 1759 1355">
    <p class='ocr_par' dir='ltr' id='par_1_14' title="bbox 210 1282 1759 1355">
     <span class='ocr_line' id='line_1_14' title="bbox 210 1282 1759 1355; baseline 0.003 -18"><span class='ocrx_word' id='word_1_107' title='bbox 210 1284 317 1354; x_wconf 88' lang='lat' dir='ltr'><strong>quid</strong></span> <span class='ocrx_word' id='word_1_108' title='bbox 344 1291 556 1352; x_wconf 87' lang='lat' dir='ltr'><strong>paratus</strong></span> <span class='ocrx_word' id='word_1_109' title='bbox 576 1284 670 1337; x_wconf 87' lang='lat' dir='ltr'><strong>es?</strong></span> <span class='ocrx_word' id='word_1_110' title='bbox 692 1282 761 1337; x_wconf 88' lang='lat' dir='ltr'><strong>Ut</strong></span> <span class='ocrx_word' id='word_1_111' title='bbox 786 1284 1105 1350; x_wconf 81' lang='lat' dir='ltr'><strong>custodiam,</strong></span> <span class='ocrx_word' id='word_1_112' title='bbox 1147 1286 1335 1355; x_wconf 85' lang='lat' dir='ltr'><strong>inquit,</strong></span> <span class='ocrx_word' id='word_1_113' title='bbox 1370 1289 1617 1342; x_wconf 88' lang='lat' dir='ltr'><strong>mandata</strong></span> <span class='ocrx_word' id='word_1_114' title='bbox 1649 1298 1759 1351; x_wconf 84' lang='lat' dir='ltr'><strong>tua,</strong></span> 
     </span>
    </p>
   </div>
   <div class='ocr_carea' id='block_1_15' title="bbox 211 1373 1763 1449">
    <p class='ocr_par' dir='ltr' id='par_1_15' title="bbox 211 1373 1763 1449">
     <span class='ocr_line' id='line_1_15' title="bbox 211 1373 1763 1449; baseline 0.005 -21"><span class='ocrx_word' id='word_1_115' title='bbox 211 1382 257 1428; x_wconf 86' lang='lat' dir='ltr'><strong>et</strong></span> <span class='ocrx_word' id='word_1_116' title='bbox 282 1375 393 1428; x_wconf 82' lang='lat' dir='ltr'><strong>licet</strong></span> <span class='ocrx_word' id='word_1_117' title='bbox 415 1373 565 1428; x_wconf 84' lang='lat' dir='ltr'><strong>funes</strong></span> <span class='ocrx_word' id='word_1_118' title='bbox 594 1383 848 1443; x_wconf 78' lang='lat' dir='ltr'><strong>peccator</strong></span> <span class='ocrx_word' id='word_1_119' title='bbox 870 1375 922 1429; x_wconf 92' lang='lat' dir='ltr'><strong>in</strong></span> <span class='ocrx_word' id='word_1_120' title='bbox 946 1377 1332 1433; x_wconf 85' lang='lat' dir='ltr'><strong>tenebrositate</strong></span> <span class='ocrx_word' id='word_1_121' title='bbox 1361 1379 1632 1443; x_wconf 70' lang='lat' dir='ltr'><strong>distendit,</strong></span> <span class='ocrx_word' id='word_1_122' title='bbox 1661 1392 1763 1449; x_wconf 79' lang='lat' dir='ltr'><strong>ego</strong></span> 
     </span>
    </p>
   </div>
   <div class='ocr_carea' id='block_1_16' title="bbox 212 1466 1766 1539">
    <p class='ocr_par' dir='ltr' id='par_1_16' title="bbox 212 1466 1766 1539">
     <span class='ocr_line' id='line_1_16' title="bbox 212 1466 1766 1539; baseline 0.003 -17"><span class='ocrx_word' id='word_1_123' title='bbox 212 1474 257 1522; x_wconf 89' lang='lat' dir='ltr'><strong>et</strong></span> <span class='ocrx_word' id='word_1_124' title='bbox 281 1466 476 1522; x_wconf 81' lang='lat' dir='ltr'><strong>funibus</strong></span> <span class='ocrx_word' id='word_1_125' title='bbox 502 1476 843 1533; x_wconf 68' lang='lat' dir='ltr'><strong>peccatorum</strong></span> <span class='ocrx_word' id='word_1_126' title='bbox 873 1468 1283 1539; x_wconf 78' lang='lat' dir='ltr'><strong>circumplexus,</strong></span> <span class='ocrx_word' id='word_1_127' title='bbox 1317 1480 1372 1525; x_wconf 89' lang='lat' dir='ltr'><strong>et</strong></span> <span class='ocrx_word' id='word_1_128' title='bbox 1398 1473 1448 1525; x_wconf 92' lang='lat' dir='ltr'><strong>in</strong></span> <span class='ocrx_word' id='word_1_129' title='bbox 1467 1474 1655 1525; x_wconf 75' lang='lat' dir='ltr'><strong>mediis</strong></span> <span class='ocrx_word' id='word_1_130' title='bbox 1684 1482 1766 1527; x_wconf 71' lang='lat' dir='ltr'><strong>te—</strong></span> 
     </span>
    </p>
   </div>
   <div class='ocr_carea' id='block_1_17' title="bbox 211 1557 1763 1629">
    <p class='ocr_par' dir='ltr' id='par_1_17' title="bbox 211 1557 1763 1629">
     <span class='ocr_line' id='line_1_17' title="bbox 211 1557 1763 1629; baseline 0.005 -18"><span class='ocrx_word' id='word_1_131' title='bbox 211 1557 366 1611; x_wconf 88' lang='lat' dir='ltr'><strong>nebris</strong></span> <span class='ocrx_word' id='word_1_132' title='bbox 392 1558 618 1626; x_wconf 80' lang='lat' dir='ltr'><strong>positus,</strong></span> <span class='ocrx_word' id='word_1_133' title='bbox 646 1559 927 1625; x_wconf 79' lang='lat' dir='ltr'><strong>surgebam</strong></span> <span class='ocrx_word' id='word_1_134' title='bbox 952 1560 1018 1613; x_wconf 86' lang='lat' dir='ltr'><strong>ad</strong></span> <span class='ocrx_word' id='word_1_135' title='bbox 1048 1560 1408 1616; x_wconf 77' lang='lat' dir='ltr'><strong>confitendum</strong></span> <span class='ocrx_word' id='word_1_136' title='bbox 1425 1563 1539 1629; x_wconf 82' lang='lat' dir='ltr'><strong>tibi,</strong></span> <span class='ocrx_word' id='word_1_137' title='bbox 1566 1565 1763 1618; x_wconf 82' lang='lat' dir='ltr'><strong>vadens</strong></span> 
     </span>
    </p>
   </div>
   <div class='ocr_carea' id='block_1_18' title="bbox 212 1649 1763 1725">
    <p class='ocr_par' dir='ltr' id='par_1_18' title="bbox 212 1649 1763 1725">
     <span class='ocr_line' id='line_1_18' title="bbox 212 1649 1763 1725; baseline 0.004 -22"><span class='ocrx_word' id='word_1_138' title='bbox 212 1665 351 1720; x_wconf 83' lang='lat' dir='ltr'><strong>super</strong></span> <span class='ocrx_word' id='word_1_139' title='bbox 371 1650 565 1717; x_wconf 87' lang='lat' dir='ltr'><strong>judicia</strong></span> <span class='ocrx_word' id='word_1_140' title='bbox 609 1649 829 1717; x_wconf 69' lang='lat' dir='ltr'><strong>justitim</strong></span> <span class='ocrx_word' id='word_1_141' title='bbox 858 1658 983 1705; x_wconf 72' lang='lat' dir='ltr'><strong>ture.</strong></span> <span class='ocrx_word' id='word_1_142' title='bbox 1020 1652 1396 1708; x_wconf 70' lang='lat' dir='ltr'><strong>Desiderabam</strong></span> <span class='ocrx_word' id='word_1_143' title='bbox 1426 1657 1568 1709; x_wconf 92' lang='lat' dir='ltr'><strong>enim</strong></span> <span class='ocrx_word' id='word_1_144' title='bbox 1598 1657 1763 1725; x_wconf 89' lang='lat' dir='ltr'><strong>parti-</strong></span> 
     </span>
    </p>
   </div>
   <div class='ocr_carea' id='block_1_19' title="bbox 1862 462 3449 530">
    <p class='ocr_par' dir='ltr' id='par_1_19' title="bbox 1862 462 3449 530">
     <span class='ocr_line' id='line_1_19' title="bbox 1862 462 3449 530; baseline -0.001 -12"><span class='ocrx_word' id='word_1_145' title='bbox 1862 469 2028 524; x_wconf 85' lang='lat' dir='ltr'><strong>stens,</strong></span> <span class='ocrx_word' id='word_1_146' title='bbox 2056 462 2107 515; x_wconf 91' lang='lat' dir='ltr'><strong>in</strong></span> <span class='ocrx_word' id='word_1_147' title='bbox 2139 471 2255 518; x_wconf 92' lang='lat' dir='ltr'><strong>toto</strong></span> <span class='ocrx_word' id='word_1_148' title='bbox 2284 464 2451 518; x_wconf 88' lang='lat' dir='ltr'><strong>corde</strong></span> <span class='ocrx_word' id='word_1_149' title='bbox 2472 478 2596 517; x_wconf 87' lang='lat' dir='ltr'><strong>meo</strong></span> <span class='ocrx_word' id='word_1_150' title='bbox 2625 464 2906 516; x_wconf 83' lang='lat' dir='ltr'><strong>scrutabar</strong></span> <span class='ocrx_word' id='word_1_151' title='bbox 2944 463 3116 530; x_wconf 82' lang='lat' dir='ltr'><strong>legem</strong></span> <span class='ocrx_word' id='word_1_152' title='bbox 3144 472 3308 518; x_wconf 87' lang='lat' dir='ltr'><strong>tuam.</strong></span> <span class='ocrx_word' id='word_1_153' title='bbox 3344 464 3449 517; x_wconf 57' lang='lat' dir='ltr'><strong>Ve-</strong></span> 
     </span>
    </p>
   </div>
   <div class='ocr_carea' id='block_1_20' title="bbox 1860 555 3451 627">
    <p class='ocr_par' dir='ltr' id='par_1_20' title="bbox 1860 555 3451 627">
     <span class='ocr_line' id='line_1_20' title="bbox 1860 555 3451 627; baseline 0 -20"><span class='ocrx_word' id='word_1_154' title='bbox 1860 569 1979 608; x_wconf 87' lang='lat' dir='ltr'><strong>rum</strong></span> <span class='ocrx_word' id='word_1_155' title='bbox 2008 556 2131 625; x_wconf 85' lang='lat' dir='ltr'><strong>quia</strong></span> <span class='ocrx_word' id='word_1_156' title='bbox 2154 556 2414 609; x_wconf 87' lang='lat' dir='ltr'><strong>orandqu</strong></span> <span class='ocrx_word' id='word_1_157' title='bbox 2447 566 2528 610; x_wconf 76' lang='lat' dir='ltr'><strong>est</strong></span> <span class='ocrx_word' id='word_1_158' title='bbox 2550 565 2605 608; x_wconf 79' lang='lat' dir='ltr'><strong>ut</strong></span> <span class='ocrx_word' id='word_1_159' title='bbox 2626 558 2851 627; x_wconf 76' lang='lat' dir='ltr'><strong>quietam</strong></span> <span class='ocrx_word' id='word_1_160' title='bbox 2873 563 2921 608; x_wconf 86' lang='lat' dir='ltr'><strong>et</strong></span> <span class='ocrx_word' id='word_1_161' title='bbox 2945 555 3279 625; x_wconf 83' lang='lat' dir='ltr'><strong>tranquillam</strong></span> <span class='ocrx_word' id='word_1_162' title='bbox 3297 557 3451 608; x_wconf 75' lang='lat' dir='ltr'><strong>vitam</strong></span> 
     </span>
    </p>
   </div>
   <div class='ocr_carea' id='block_1_21' title="bbox 1862 644 3455 715">
    <p class='ocr_par' dir='ltr' id='par_1_21' title="bbox 1862 644 3455 715">
     <span class='ocr_line' id='line_1_21' title="bbox 1862 644 3455 715; baseline 0.001 -17"><span class='ocrx_word' id='word_1_163' title='bbox 1862 662 2074 715; x_wconf 79' lang='lat' dir='ltr'><strong>agamus</strong></span> <span class='ocrx_word' id='word_1_164' title='bbox 2106 645 2164 715; x_wconf 80' lang='grc' dir='ltr'><strong>(Ι</strong></span> <span class='ocrx_word' id='word_1_165' title='bbox 2191 645 2321 699; x_wconf 79' lang='lat' dir='ltr'><strong>Tim.</strong></span> <span class='ocrx_word' id='word_1_166' title='bbox 2358 646 2445 714; x_wconf 85' lang='grc' dir='ltr'><strong>ιι),</strong></span> <span class='ocrx_word' id='word_1_167' title='bbox 2472 647 2557 699; x_wconf 89' lang='lat' dir='ltr'><strong>isti</strong></span> <span class='ocrx_word' id='word_1_168' title='bbox 2591 662 2618 699; x_wconf 85' lang='lat' dir='ltr'><strong>a</strong></span> <span class='ocrx_word' id='word_1_169' title='bbox 2646 661 2729 700; x_wconf 89' lang='lat' dir='ltr'><strong>me</strong></span> <span class='ocrx_word' id='word_1_170' title='bbox 2774 655 3103 699; x_wconf 69' lang='lat' dir='ltr'><strong>avertantur.</strong></span> <span class='ocrx_word' id='word_1_171' title='bbox 3139 644 3205 698; x_wconf 78' lang='lat' dir='ltr'><strong>Et</strong></span> <span class='ocrx_word' id='word_1_172' title='bbox 3231 661 3455 700; x_wconf 85' lang='lat' dir='ltr'><strong>convcr-</strong></span> 
     </span>
    </p>
   </div>
   <div class='ocr_carea' id='block_1_22' title="bbox 1862 736 3455 804">
    <p class='ocr_par' dir='ltr' id='par_1_22' title="bbox 1862 736 3455 804">
     <span class='ocr_line' id='line_1_22' title="bbox 1862 736 3455 804; baseline 0.003 -17"><span class='ocrx_word' id='word_1_173' title='bbox 1862 742 2046 788; x_wconf 88' lang='lat' dir='ltr'><strong>tantur</strong></span> <span class='ocrx_word' id='word_1_174' title='bbox 2075 736 2140 789; x_wconf 84' lang='lat' dir='ltr'><strong>ad</strong></span> <span class='ocrx_word' id='word_1_175' title='bbox 2164 751 2250 790; x_wconf 91' lang='lat' dir='ltr'><strong>me</strong></span> <span class='ocrx_word' id='word_1_176' title='bbox 2279 737 2370 804; x_wconf 89' lang='lat' dir='ltr'><strong>qui</strong></span> <span class='ocrx_word' id='word_1_177' title='bbox 2402 737 2589 789; x_wconf 85' lang='lat' dir='ltr'><strong>timent</strong></span> <span class='ocrx_word' id='word_1_178' title='bbox 2613 746 2684 797; x_wconf 89' lang='lat' dir='ltr'><strong>te,</strong></span> <span class='ocrx_word' id='word_1_179' title='bbox 2710 745 2764 789; x_wconf 92' lang='lat' dir='ltr'><strong>et</strong></span> <span class='ocrx_word' id='word_1_180' title='bbox 2791 737 2880 803; x_wconf 85' lang='lat' dir='ltr'><strong>qui</strong></span> <span class='ocrx_word' id='word_1_181' title='bbox 2911 745 3181 789; x_wconf 82' lang='lat' dir='ltr'><strong>noverunt</strong></span> <span class='ocrx_word' id='word_1_182' title='bbox 3210 738 3455 791; x_wconf 79' lang='lat' dir='ltr'><strong>testimo-</strong></span> 
     </span>
    </p>
   </div>
   <div class='ocr_carea' id='block_1_23' title="bbox 1864 826 3454 897">
    <p class='ocr_par' dir='ltr' id='par_1_23' title="bbox 1864 826 3454 897">
     <span class='ocr_line' id='line_1_23' title="bbox 1864 826 3454 897; baseline 0.001 -17"><span class='ocrx_word' id='word_1_183' title='bbox 1864 826 1948 880; x_wconf 87' lang='lat' dir='ltr'><strong>nia</strong></span> <span class='ocrx_word' id='word_1_184' title='bbox 1980 834 2088 892; x_wconf 87' lang='lat' dir='ltr'><strong>tua,</strong></span> <span class='ocrx_word' id='word_1_185' title='bbox 2121 828 2246 896; x_wconf 86' lang='lat' dir='ltr'><strong>quia</strong></span> <span class='ocrx_word' id='word_1_186' title='bbox 2292 844 2389 897; x_wconf 79' lang='lat' dir='ltr'><strong>per</strong></span> <span class='ocrx_word' id='word_1_187' title='bbox 2432 829 2746 882; x_wconf 81' lang='lat' dir='ltr'><strong>societatem</strong></span> <span class='ocrx_word' id='word_1_188' title='bbox 2787 830 3047 881; x_wconf 66' lang='lat' dir='ltr'><strong>bonorum</strong></span> <span class='ocrx_word' id='word_1_189' title='bbox 3098 828 3325 883; x_wconf 79' lang='lat' dir='ltr'><strong>efﬁcitur</strong></span> <span class='ocrx_word' id='word_1_190' title='bbox 3361 844 3454 883; x_wconf 90' lang='lat' dir='ltr'><strong>cor</strong></span> 
     </span>
    </p>
   </div>
   <div class='ocr_carea' id='block_1_24' title="bbox 1864 918 3455 989">
    <p class='ocr_par' dir='ltr' id='par_1_24' title="bbox 1864 918 3455 989">
     <span class='ocr_line' id='line_1_24' title="bbox 1864 918 3455 989; baseline 0.002 -18"><span class='ocrx_word' id='word_1_191' title='bbox 1864 924 2104 971; x_wconf 85' lang='lat' dir='ltr'><strong>nostrum</strong></span> <span class='ocrx_word' id='word_1_192' title='bbox 2126 921 2402 982; x_wconf 91' lang='lat' dir='ltr'><strong>mundum,</strong></span> <span class='ocrx_word' id='word_1_193' title='bbox 2430 920 2481 973; x_wconf 90' lang='lat' dir='ltr'><strong>in</strong></span> <span class='ocrx_word' id='word_1_194' title='bbox 2506 919 2977 989; x_wconf 81' lang='lat' dir='ltr'><strong>justiticationibus</strong></span> <span class='ocrx_word' id='word_1_195' title='bbox 3006 918 3237 983; x_wconf 84' lang='lat' dir='ltr'><strong>Domini,</strong></span> <span class='ocrx_word' id='word_1_196' title='bbox 3263 928 3319 972; x_wconf 90' lang='lat' dir='ltr'><strong>ut</strong></span> <span class='ocrx_word' id='word_1_197' title='bbox 3347 935 3455 974; x_wconf 85' lang='lat' dir='ltr'><strong>non</strong></span> 
     </span>
    </p>
   </div>
   <div class='ocr_carea' id='block_1_25' title="bbox 1861 1008 3454 1080">
    <p class='ocr_par' dir='ltr' id='par_1_25' title="bbox 1861 1008 3454 1080">
     <span class='ocr_line' id='line_1_25' title="bbox 1861 1008 3454 1080; baseline -0.002 -16"><span class='ocrx_word' id='word_1_198' title='bbox 1861 1008 2268 1064; x_wconf 80' lang='lat' dir='ltr'><strong>confundamur.</strong></span> <span class='ocrx_word' id='word_1_199' title='bbox 2300 1010 2411 1063; x_wconf 88' lang='lat' dir='ltr'><strong>lloc</strong></span> <span class='ocrx_word' id='word_1_200' title='bbox 2435 1020 2610 1063; x_wconf 86' lang='lat' dir='ltr'><strong>autem</strong></span> <span class='ocrx_word' id='word_1_201' title='bbox 2653 1018 2869 1079; x_wconf 68' lang='lat' dir='ltr'><strong>pncstat</strong></span> <span class='ocrx_word' id='word_1_202' title='bbox 2907 1012 3020 1080; x_wconf 86' lang='lat' dir='ltr'><strong>ipse</strong></span> <span class='ocrx_word' id='word_1_203' title='bbox 3047 1010 3225 1074; x_wconf 81' lang='lat' dir='ltr'><strong>solus,</strong></span> <span class='ocrx_word' id='word_1_204' title='bbox 3258 1010 3348 1078; x_wconf 88' lang='lat' dir='ltr'><strong>qui</strong></span> <span class='ocrx_word' id='word_1_205' title='bbox 3374 1015 3454 1063; x_wconf 83' lang='lat' dir='ltr'><strong>cst</strong></span> 
     </span>
    </p>
   </div>
   <div class='ocr_carea' id='block_1_26' title="bbox 1863 1099 3453 1171">
    <p class='ocr_par' dir='ltr' id='par_1_26' title="bbox 1863 1099 3453 1171">
     <span class='ocr_line' id='line_1_26' title="bbox 1863 1099 3453 1171; baseline 0.001 -19"><span class='ocrx_word' id='word_1_206' title='bbox 1863 1099 1916 1152; x_wconf 92' lang='lat' dir='ltr'><strong>in</strong></span> <span class='ocrx_word' id='word_1_207' title='bbox 1945 1099 2163 1153; x_wconf 77' lang='lat' dir='ltr'><strong>dextera</strong></span> <span class='ocrx_word' id='word_1_208' title='bbox 2188 1099 2489 1168; x_wconf 84' lang='lat' dir='ltr'><strong>Patris,qui</strong></span> <span class='ocrx_word' id='word_1_209' title='bbox 2519 1102 2821 1170; x_wconf 82' lang='lat' dir='ltr'><strong>interpellat</strong></span> <span class='ocrx_word' id='word_1_210' title='bbox 2854 1118 2949 1171; x_wconf 90' lang='lat' dir='ltr'><strong>pro</strong></span> <span class='ocrx_word' id='word_1_211' title='bbox 2981 1102 3154 1165; x_wconf 78' lang='lat' dir='ltr'><strong>nobis,</strong></span> <span class='ocrx_word' id='word_1_212' title='bbox 3173 1103 3258 1155; x_wconf 75' lang='lat' dir='ltr'><strong>cui</strong></span> <span class='ocrx_word' id='word_1_213' title='bbox 3287 1102 3453 1168; x_wconf 75' lang='lat' dir='ltr'><strong>gloria</strong></span> 
     </span>
    </p>
   </div>
   <div class='ocr_carea' id='block_1_27' title="bbox 1862 1189 3446 1261">
    <p class='ocr_par' dir='ltr' id='par_1_27' title="bbox 1862 1189 3446 1261">
     <span class='ocr_line' id='line_1_27' title="bbox 1862 1189 3446 1261; baseline 0.003 -19"><span class='ocrx_word' id='word_1_214' title='bbox 1862 1189 2021 1244; x_wconf 83' lang='lat' dir='ltr'><strong>simul</strong></span> <span class='ocrx_word' id='word_1_215' title='bbox 2048 1206 2169 1245; x_wconf 86' lang='lat' dir='ltr'><strong>cum</strong></span> <span class='ocrx_word' id='word_1_216' title='bbox 2199 1190 2357 1246; x_wconf 85' lang='lat' dir='ltr'><strong>Patre</strong></span> <span class='ocrx_word' id='word_1_217' title='bbox 2377 1201 2430 1245; x_wconf 88' lang='lat' dir='ltr'><strong>et</strong></span> <span class='ocrx_word' id='word_1_218' title='bbox 2458 1190 2659 1261; x_wconf 84' lang='lat' dir='ltr'><strong>Spiritu</strong></span> <span class='ocrx_word' id='word_1_219' title='bbox 2688 1202 2876 1247; x_wconf 85' lang='lat' dir='ltr'><strong>sancto</strong></span> <span class='ocrx_word' id='word_1_220' title='bbox 2906 1195 2955 1246; x_wconf 92' lang='lat' dir='ltr'><strong>in</strong></span> <span class='ocrx_word' id='word_1_221' title='bbox 2982 1195 3186 1248; x_wconf 78' lang='lat' dir='ltr'><strong>unitate</strong></span> <span class='ocrx_word' id='word_1_222' title='bbox 3205 1193 3446 1257; x_wconf 81' lang='lat' dir='ltr'><strong>Deitatis,</strong></span> 
     </span>
    </p>
   </div>
   <div class='ocr_carea' id='block_1_28' title="bbox 1863 1281 2950 1349">
    <p class='ocr_par' dir='ltr' id='par_1_28' title="bbox 1863 1281 2950 1349">
     <span class='ocr_line' id='line_1_28' title="bbox 1863 1281 2950 1349; baseline 0.001 -16"><span class='ocrx_word' id='word_1_223' title='bbox 1863 1294 1961 1349; x_wconf 87' lang='lat' dir='ltr'><strong>per</strong></span> <span class='ocrx_word' id='word_1_224' title='bbox 1984 1281 2162 1334; x_wconf 81' lang='lat' dir='ltr'><strong>omnia</strong></span> <span class='ocrx_word' id='word_1_225' title='bbox 2185 1282 2373 1334; x_wconf 71' lang='lat' dir='ltr'><strong>stecula</strong></span> <span class='ocrx_word' id='word_1_226' title='bbox 2397 1282 2733 1335; x_wconf 67' lang='grc' dir='ltr'><strong>δωριῆοηιιη.</strong></span> <span class='ocrx_word' id='word_1_227' title='bbox 2763 1282 2950 1335; x_wconf 77' lang='lat' dir='ltr'><strong>Amen.</strong></span> 
     </span>
    </p>
   </div>
   <div class='ocr_carea' id='block_1_29' title="bbox 2137 1411 3169 1485">
    <p class='ocr_par' dir='ltr' id='par_1_29' title="bbox 2137 1411 3169 1485">
     <span class='ocr_line' id='line_1_29' title="bbox 2137 1411 3169 1485; baseline 0.002 -19"><span class='ocrx_word' id='word_1_228' title='bbox 2137 1411 2445 1469; x_wconf 64' lang='lat' dir='ltr'><strong>essurus</strong></span> <span class='ocrx_word' id='word_1_229' title='bbox 2485 1414 2690 1469; x_wconf 79' lang='lat' dir='ltr'><strong>cxvxu</strong></span> <span class='ocrx_word' id='word_1_230' title='bbox 2732 1418 2881 1485; x_wconf 71' lang='lat' dir='ltr'><strong>(vers.</strong></span> <span class='ocrx_word' id='word_1_231' title='bbox 2917 1414 3169 1485; x_wconf 82' lang='lat' dir='ltr'><strong>8l-l76).</strong></span> 
     </span>
    </p>
   </div>
   <div class='ocr_carea' id='block_1_30' title="bbox 1934 1543 3455 1615">
    <p class='ocr_par' dir='ltr' id='par_1_30' title="bbox 1934 1543 3455 1615">
     <span class='ocr_line' id='line_1_30' title="bbox 1934 1543 3455 1615; baseline 0.003 -18"><span class='ocrx_word' id='word_1_232' title='bbox 1934 1543 2136 1615; x_wconf 83' lang='lat' dir='ltr'><strong>Defecit</strong></span> <span class='ocrx_word' id='word_1_233' title='bbox 2175 1546 2229 1598; x_wconf 86' lang='lat' dir='ltr'><strong>in</strong></span> <span class='ocrx_word' id='word_1_234' title='bbox 2277 1547 2494 1599; x_wconf 84' lang='lat' dir='ltr'><strong>salutari</strong></span> <span class='ocrx_word' id='word_1_235' title='bbox 2544 1555 2628 1599; x_wconf 88' lang='lat' dir='ltr'><strong>tuo</strong></span> <span class='ocrx_word' id='word_1_236' title='bbox 2682 1549 2860 1599; x_wconf 89' lang='lat' dir='ltr'><strong>anima</strong></span> <span class='ocrx_word' id='word_1_237' title='bbox 2904 1563 3038 1608; x_wconf 88' lang='lat' dir='ltr'><strong>mea,</strong></span> <span class='ocrx_word' id='word_1_238' title='bbox 3072 1556 3120 1599; x_wconf 89' lang='lat' dir='ltr'><strong>et</strong></span> <span class='ocrx_word' id='word_1_239' title='bbox 3164 1548 3215 1599; x_wconf 87' lang='lat' dir='ltr'><strong>in</strong></span> <span class='ocrx_word' id='word_1_240' title='bbox 3255 1545 3455 1601; x_wconf 75' lang='lat' dir='ltr'><strong>verbum</strong></span> 
     </span>
    </p>
   </div>
   <div class='ocr_carea' id='block_1_31' title="bbox 1864 1634 3457 1706">
    <p class='ocr_par' dir='ltr' id='par_1_31' title="bbox 1864 1634 3457 1706">
     <span class='ocr_line' id='line_1_31' title="bbox 1864 1634 3457 1706; baseline 0.002 -21"><span class='ocrx_word' id='word_1_241' title='bbox 1864 1642 2002 1686; x_wconf 86' lang='lat' dir='ltr'><strong>tuum</strong></span> <span class='ocrx_word' id='word_1_242' title='bbox 2048 1635 2418 1704; x_wconf 81' lang='lat' dir='ltr'><strong>supersperari.</strong></span> <span class='ocrx_word' id='word_1_243' title='bbox 2450 1634 2759 1706; x_wconf 80' lang='lat' dir='ltr'><strong>Defecerunt</strong></span> <span class='ocrx_word' id='word_1_244' title='bbox 2800 1636 2933 1689; x_wconf 84' lang='lat' dir='ltr'><strong>oculi</strong></span> <span class='ocrx_word' id='word_1_245' title='bbox 2964 1638 3061 1689; x_wconf 82' lang='lat' dir='ltr'><strong>mei</strong></span> <span class='ocrx_word' id='word_1_246' title='bbox 3110 1638 3165 1689; x_wconf 87' lang='lat' dir='ltr'><strong>in</strong></span> <span class='ocrx_word' id='word_1_247' title='bbox 3201 1636 3457 1705; x_wconf 72' lang='lat' dir='ltr'><strong>eloquium</strong></span> 
     </span>
    </p>
   </div>
   <div class='ocr_carea' id='block_1_32' title="bbox 211 1725 1776 1809">
    <p class='ocr_par' dir='ltr' id='par_1_32' title="bbox 211 1737 1761 1809">
     <span class='ocr_line' id='line_1_32' title="bbox 211 1737 1761 1809; baseline 0.003 -14"><span class='ocrx_word' id='word_1_248' title='bbox 211 1754 320 1809; x_wconf 89' lang='lat' dir='ltr'><strong>ceps</strong></span> <span class='ocrx_word' id='word_1_249' title='bbox 363 1737 473 1794; x_wconf 86' lang='lat' dir='ltr'><strong>ﬁeri</strong></span> <span class='ocrx_word' id='word_1_250' title='bbox 520 1741 825 1794; x_wconf 87' lang='lat' dir='ltr'><strong>timentium</strong></span> <span class='ocrx_word' id='word_1_251' title='bbox 856 1750 929 1806; x_wconf 88' lang='lat' dir='ltr'><strong>te,</strong></span> <span class='ocrx_word' id='word_1_252' title='bbox 960 1750 1013 1796; x_wconf 90' lang='lat' dir='ltr'><strong>et</strong></span> <span class='ocrx_word' id='word_1_253' title='bbox 1058 1745 1470 1799; x_wconf 89' lang='lat' dir='ltr'><strong>custodientium</strong></span> <span class='ocrx_word' id='word_1_254' title='bbox 1514 1748 1761 1800; x_wconf 85' lang='lat' dir='ltr'><strong>mandata</strong></span> 
     </span>
    </p>
   </div>
   <div class='ocr_carea' id='block_1_33' title="bbox 1884 1725 3459 1809">
    <p class='ocr_par' dir='ltr' id='par_1_33' title="bbox 1887 1725 3459 1798">
     <span class='ocr_line' id='line_1_33' title="bbox 1887 1725 3459 1798; baseline 0.003 -21"><span class='ocrx_word' id='word_1_255' title='bbox 1887 1741 2027 1789; x_wconf 87' lang='lat' dir='ltr'><strong>unm,</strong></span> <span class='ocrx_word' id='word_1_256' title='bbox 2058 1727 2329 1784; x_wconf 82' lang='lat' dir='ltr'><strong>dicentes:</strong></span> <span class='ocrx_word' id='word_1_257' title='bbox 2362 1725 2579 1790; x_wconf 81' lang='lat' dir='ltr'><strong>Quando</strong></span> <span class='ocrx_word' id='word_1_258' title='bbox 2608 1728 2955 1781; x_wconf 59' lang='lat' dir='ltr'><strong>consolaberis</strong></span> <span class='ocrx_word' id='word_1_259' title='bbox 2995 1745 3094 1781; x_wconf 87' lang='lat' dir='ltr'><strong>me.</strong></span> <span class='ocrx_word' id='word_1_260' title='bbox 3130 1726 3263 1791; x_wconf 78' lang='lat' dir='ltr'><strong>Quia</strong></span> <span class='ocrx_word' id='word_1_261' title='bbox 3295 1732 3459 1798; x_wconf 74' lang='lat' dir='ltr'><strong>factus</strong></span> 
     </span>
    </p>
   </div>
   <div class='ocr_carea' id='block_1_34' title="bbox 213 1829 1769 1902">
    <p class='ocr_par' dir='ltr' id='par_1_34' title="bbox 213 1829 1769 1902">
     <span class='ocr_line' id='line_1_34' title="bbox 213 1829 1769 1902; baseline 0.005 -17"><span class='ocrx_word' id='word_1_262' title='bbox 213 1840 303 1885; x_wconf 87' lang='lat' dir='ltr'><strong>tua.</strong></span> <span class='ocrx_word' id='word_1_263' title='bbox 331 1829 741 1885; x_wconf 87' lang='lat' dir='ltr'><strong>Considerabam</strong></span> <span class='ocrx_word' id='word_1_264' title='bbox 776 1840 951 1886; x_wconf 88' lang='lat' dir='ltr'><strong>tamen</strong></span> <span class='ocrx_word' id='word_1_265' title='bbox 982 1844 1202 1902; x_wconf 86' lang='lat' dir='ltr'><strong>peccata</strong></span> <span class='ocrx_word' id='word_1_266' title='bbox 1251 1851 1388 1900; x_wconf 86' lang='lat' dir='ltr'><strong>mea,</strong></span> <span class='ocrx_word' id='word_1_267' title='bbox 1420 1837 1514 1891; x_wconf 89' lang='lat' dir='ltr'><strong>sed</strong></span> <span class='ocrx_word' id='word_1_268' title='bbox 1562 1839 1769 1893; x_wconf 87' lang='lat' dir='ltr'><strong>miseri-</strong></span> 
     </span>
    </p>
   </div>
   <div class='ocr_carea' id='block_1_35' title="bbox 211 1920 1769 1995">
    <p class='ocr_par' dir='ltr' id='par_1_35' title="bbox 211 1920 1769 1995">
     <span class='ocr_line' id='line_1_35' title="bbox 211 1920 1769 1995; baseline 0.005 -20"><span class='ocrx_word' id='word_1_269' title='bbox 211 1921 420 1975; x_wconf 86' lang='lat' dir='ltr'><strong>cordiam</strong></span> <span class='ocrx_word' id='word_1_270' title='bbox 464 1930 612 1975; x_wconf 88' lang='lat' dir='ltr'><strong>tuam</strong></span> <span class='ocrx_word' id='word_1_271' title='bbox 643 1922 854 1992; x_wconf 88' lang='lat' dir='ltr'><strong>plenius</strong></span> <span class='ocrx_word' id='word_1_272' title='bbox 881 1920 1181 1990; x_wconf 83' lang='lat' dir='ltr'><strong>cogitabant</strong></span> <span class='ocrx_word' id='word_1_273' title='bbox 1213 1935 1268 1980; x_wconf 89' lang='lat' dir='ltr'><strong>et</strong></span> <span class='ocrx_word' id='word_1_274' title='bbox 1313 1925 1556 1981; x_wconf 84' lang='lat' dir='ltr'><strong>dicebam</strong></span> <span class='ocrx_word' id='word_1_275' title='bbox 1591 1946 1603 1980; x_wconf 91' lang='lat'><strong>:</strong></span> <span class='ocrx_word' id='word_1_276' title='bbox 1635 1927 1769 1995; x_wconf 88' lang='lat' dir='ltr'><strong>Quia</strong></span> 
     </span>
    </p>
   </div>
   <div class='ocr_carea' id='block_1_36' title="bbox 211 2011 1771 2088">
    <p class='ocr_par' dir='ltr' id='par_1_36' title="bbox 211 2011 1771 2088">
     <span class='ocr_line' id='line_1_36' title="bbox 211 2011 1771 2088; baseline 0.006 -25"><span class='ocrx_word' id='word_1_277' title='bbox 211 2011 548 2065; x_wconf 85' lang='lat' dir='ltr'><strong>misericordia</strong></span> <span class='ocrx_word' id='word_1_278' title='bbox 576 2021 670 2066; x_wconf 88' lang='lat' dir='ltr'><strong>tua</strong></span> <span class='ocrx_word' id='word_1_279' title='bbox 701 2013 857 2082; x_wconf 90' lang='lat' dir='ltr'><strong>plena</strong></span> <span class='ocrx_word' id='word_1_280' title='bbox 887 2022 968 2068; x_wconf 92' lang='lat' dir='ltr'><strong>est</strong></span> <span class='ocrx_word' id='word_1_281' title='bbox 997 2022 1161 2069; x_wconf 86' lang='lat' dir='ltr'><strong>terra.</strong></span> <span class='ocrx_word' id='word_1_282' title='bbox 1192 2016 1329 2084; x_wconf 90' lang='lat' dir='ltr'><strong>Quid</strong></span> <span class='ocrx_word' id='word_1_283' title='bbox 1369 2025 1470 2081; x_wconf 85' lang='lat' dir='ltr'><strong>est,</strong></span> <span class='ocrx_word' id='word_1_284' title='bbox 1502 2018 1658 2088; x_wconf 85' lang='lat' dir='ltr'><strong>plena</strong></span> <span class='ocrx_word' id='word_1_285' title='bbox 1689 2027 1771 2074; x_wconf 84' lang='lat' dir='ltr'><strong>est</strong></span> 
     </span>
    </p>
   </div>
   <div class='ocr_carea' id='block_1_37' title="bbox 214 2100 1764 2165">
    <p class='ocr_par' dir='ltr' id='par_1_37' title="bbox 214 2100 1764 2165">
     <span class='ocr_line' id='line_1_37' title="bbox 214 2100 1764 2165; baseline 0.007 -13"><span class='ocrx_word' id='word_1_286' title='bbox 214 2109 338 2153; x_wconf 88' lang='lat' dir='ltr'><strong>terra</strong></span> <span class='ocrx_word' id='word_1_287' title='bbox 364 2100 731 2156; x_wconf 86' lang='lat' dir='ltr'><strong>misericordia</strong></span> <span class='ocrx_word' id='word_1_288' title='bbox 782 2101 913 2157; x_wconf 87' lang='lat' dir='ltr'><strong>Dei?</strong></span> <span class='ocrx_word' id='word_1_289' title='bbox 943 2104 1382 2161; x_wconf 81' lang='lat' dir='ltr'><strong>Medicamentum</strong></span> <span class='ocrx_word' id='word_1_290' title='bbox 1422 2117 1505 2162; x_wconf 89' lang='lat' dir='ltr'><strong>est</strong></span> <span class='ocrx_word' id='word_1_291' title='bbox 1556 2110 1764 2165; x_wconf 76' lang='lat' dir='ltr'><strong>animm.</strong></span> 
     </span>
    </p>
   </div>
   <div class='ocr_carea' id='block_1_38' title="bbox 212 2189 1766 2271">
    <p class='ocr_par' dir='ltr' id='par_1_38' title="bbox 212 2189 1766 2271">
     <span class='ocr_line' id='line_1_38' title="bbox 212 2189 1766 2271; baseline 0.008 -28"><span class='ocrx_word' id='word_1_292' title='bbox 212 2189 640 2246; x_wconf 81' lang='lat' dir='ltr'><strong>Medicamentum</strong></span> <span class='ocrx_word' id='word_1_293' title='bbox 686 2200 863 2248; x_wconf 87' lang='lat' dir='ltr'><strong>autem</strong></span> <span class='ocrx_word' id='word_1_294' title='bbox 911 2196 1123 2266; x_wconf 88' lang='lat' dir='ltr'><strong>quando</strong></span> <span class='ocrx_word' id='word_1_295' title='bbox 1168 2198 1477 2271; x_wconf 78' lang='lat' dir='ltr'><strong>vulneribus</strong></span> <span class='ocrx_word' id='word_1_296' title='bbox 1518 2202 1766 2268; x_wconf 85' lang='lat' dir='ltr'><strong>mittitur,</strong></span> 
     </span>
    </p>
   </div>
   <div class='ocr_carea' id='block_1_39' title="bbox 210 2281 1770 2361">
    <p class='ocr_par' dir='ltr' id='par_1_39' title="bbox 210 2281 1770 2361">
     <span class='ocr_line' id='line_1_39' title="bbox 210 2281 1770 2361; baseline 0.008 -27"><span class='ocrx_word' id='word_1_297' title='bbox 210 2281 298 2335; x_wconf 88' lang='lat' dir='ltr'><strong>nisi</strong></span> <span class='ocrx_word' id='word_1_298' title='bbox 346 2281 667 2351; x_wconf 76' lang='lat' dir='ltr'><strong>impleverit,</strong></span> <span class='ocrx_word' id='word_1_299' title='bbox 711 2285 933 2339; x_wconf 85' lang='lat' dir='ltr'><strong>vulnera</strong></span> <span class='ocrx_word' id='word_1_300' title='bbox 988 2302 1094 2339; x_wconf 91' lang='lat' dir='ltr'><strong>non</strong></span> <span class='ocrx_word' id='word_1_301' title='bbox 1127 2297 1400 2342; x_wconf 89' lang='lat' dir='ltr'><strong>curantur.</strong></span> <span class='ocrx_word' id='word_1_302' title='bbox 1433 2289 1597 2344; x_wconf 87' lang='lat' dir='ltr'><strong>Terra</strong></span> <span class='ocrx_word' id='word_1_303' title='bbox 1642 2307 1770 2361; x_wconf 86' lang='lat' dir='ltr'><strong>ergo</strong></span> 
     </span>
    </p>
   </div>
   <div class='ocr_carea' id='block_1_40' title="bbox 210 2376 1772 2451">
    <p class='ocr_par' dir='ltr' id='par_1_40' title="bbox 210 2376 1772 2451">
     <span class='ocr_line' id='line_1_40' title="bbox 210 2376 1772 2451; baseline 0.008 -28"><span class='ocrx_word' id='word_1_304' title='bbox 210 2388 382 2442; x_wconf 83' lang='lat' dir='ltr'><strong>corpus</strong></span> <span class='ocrx_word' id='word_1_305' title='bbox 404 2383 646 2428; x_wconf 90' lang='lat' dir='ltr'><strong>nostrum</strong></span> <span class='ocrx_word' id='word_1_306' title='bbox 678 2384 778 2435; x_wconf 89' lang='lat' dir='ltr'><strong>est,</strong></span> <span class='ocrx_word' id='word_1_307' title='bbox 809 2376 951 2445; x_wconf 91' lang='lat' dir='ltr'><strong>quod</strong></span> <span class='ocrx_word' id='word_1_308' title='bbox 975 2393 1073 2446; x_wconf 91' lang='lat' dir='ltr'><strong>per</strong></span> <span class='ocrx_word' id='word_1_309' title='bbox 1091 2379 1270 2432; x_wconf 92' lang='lat' dir='ltr'><strong>omnia</strong></span> <span class='ocrx_word' id='word_1_310' title='bbox 1302 2380 1540 2435; x_wconf 89' lang='lat' dir='ltr'><strong>membra</strong></span> <span class='ocrx_word' id='word_1_311' title='bbox 1565 2383 1772 2451; x_wconf 86' lang='lat' dir='ltr'><strong>spirita-</strong></span> 
     </span>
    </p>
   </div>
   <div class='ocr_carea' id='block_1_41' title="bbox 212 2461 1773 2535">
    <p class='ocr_par' dir='ltr' id='par_1_41' title="bbox 212 2461 1773 2535">
     <span class='ocr_line' id='line_1_41' title="bbox 212 2461 1773 2535; baseline 0.009 -23"><span class='ocrx_word' id='word_1_312' title='bbox 212 2461 269 2513; x_wconf 82' lang='lat' dir='ltr'><strong>lia</strong></span> <span class='ocrx_word' id='word_1_313' title='bbox 292 2463 499 2517; x_wconf 84' lang='lat' dir='ltr'><strong>vulnera</strong></span> <span class='ocrx_word' id='word_1_314' title='bbox 528 2464 904 2520; x_wconf 86' lang='lat' dir='ltr'><strong>contrahendo</strong></span> <span class='ocrx_word' id='word_1_315' title='bbox 934 2481 1069 2535; x_wconf 83' lang='lat' dir='ltr'><strong>Opus</strong></span> <span class='ocrx_word' id='word_1_316' title='bbox 1097 2468 1279 2523; x_wconf 85' lang='lat' dir='ltr'><strong>habuit</strong></span> <span class='ocrx_word' id='word_1_317' title='bbox 1301 2468 1653 2530; x_wconf 83' lang='lat' dir='ltr'><strong>Sal&#39;vatorem.</strong></span> <span class='ocrx_word' id='word_1_318' title='bbox 1679 2490 1773 2527; x_wconf 89' lang='lat' dir='ltr'><strong>cu-</strong></span> 
     </span>
    </p>
   </div>
   <div class='ocr_carea' id='block_1_42' title="bbox 214 2552 1772 2631">
    <p class='ocr_par' dir='ltr' id='par_1_42' title="bbox 214 2552 1772 2631">
     <span class='ocr_line' id='line_1_42' title="bbox 214 2552 1772 2631; baseline 0.007 -26"><span class='ocrx_word' id='word_1_319' title='bbox 214 2552 289 2619; x_wconf 85' lang='lat' dir='ltr'><strong>jus</strong></span> <span class='ocrx_word' id='word_1_320' title='bbox 314 2553 677 2608; x_wconf 82' lang='lat' dir='ltr'><strong>misericordia</strong></span> <span class='ocrx_word' id='word_1_321' title='bbox 704 2555 1018 2624; x_wconf 90' lang='lat' dir='ltr'><strong>impleretur</strong></span> <span class='ocrx_word' id='word_1_322' title='bbox 1045 2566 1206 2621; x_wconf 87' lang='lat' dir='ltr'><strong>terra,</strong></span> <span class='ocrx_word' id='word_1_323' title='bbox 1246 2568 1303 2614; x_wconf 87' lang='lat' dir='ltr'><strong>et</strong></span> <span class='ocrx_word' id='word_1_324' title='bbox 1329 2561 1561 2617; x_wconf 87' lang='lat' dir='ltr'><strong>salvatos</strong></span> <span class='ocrx_word' id='word_1_325' title='bbox 1577 2562 1772 2631; x_wconf 81' lang='lat' dir='ltr'><strong>justiﬁ-</strong></span> 
     </span>
    </p>
   </div>
   <div class='ocr_carea' id='block_1_43' title="bbox 213 2641 1770 2721">
    <p class='ocr_par' dir='ltr' id='par_1_43' title="bbox 213 2641 1770 2721">
     <span class='ocr_line' id='line_1_43' title="bbox 213 2641 1770 2721; baseline 0.01 -27"><span class='ocrx_word' id='word_1_326' title='bbox 213 2641 428 2697; x_wconf 83' lang='lat' dir='ltr'><strong>cationes</strong></span> <span class='ocrx_word' id='word_1_327' title='bbox 452 2658 579 2698; x_wconf 87' lang='lat' dir='ltr'><strong>suas</strong></span> <span class='ocrx_word' id='word_1_328' title='bbox 612 2644 852 2699; x_wconf 88' lang='lat' dir='ltr'><strong>doceret.</strong></span> <span class='ocrx_word' id='word_1_329' title='bbox 882 2645 1124 2716; x_wconf 88' lang='lat' dir='ltr'><strong>Denique</strong></span> <span class='ocrx_word' id='word_1_330' title='bbox 1148 2650 1218 2703; x_wconf 91' lang='lat' dir='ltr'><strong>ita</strong></span> <span class='ocrx_word' id='word_1_331' title='bbox 1250 2652 1527 2721; x_wconf 86' lang='lat' dir='ltr'><strong>sequitur:</strong></span> <span class='ocrx_word' id='word_1_332' title='bbox 1574 2651 1639 2707; x_wconf 91' lang='lat' dir='ltr'><strong>Ut</strong></span> <span class='ocrx_word' id='word_1_333' title='bbox 1668 2654 1770 2709; x_wconf 55' lang='lat' dir='ltr'><strong>bos</strong></span> 
     </span>
    </p>
   </div>
   <div class='ocr_carea' id='block_1_44' title="bbox 214 2732 1773 2807">
    <p class='ocr_par' dir='ltr' id='par_1_44' title="bbox 214 2732 1773 2807">
     <span class='ocr_line' id='line_1_44' title="bbox 214 2732 1773 2807; baseline 0.008 -23"><span class='ocrx_word' id='word_1_334' title='bbox 214 2732 407 2786; x_wconf 89' lang='lat' dir='ltr'><strong>nitatem</strong></span> <span class='ocrx_word' id='word_1_335' title='bbox 436 2740 487 2787; x_wconf 91' lang='lat' dir='ltr'><strong>et</strong></span> <span class='ocrx_word' id='word_1_336' title='bbox 529 2734 871 2803; x_wconf 87' lang='lat' dir='ltr'><strong>disciplinam</strong></span> <span class='ocrx_word' id='word_1_337' title='bbox 910 2744 964 2791; x_wconf 90' lang='lat' dir='ltr'><strong>et</strong></span> <span class='ocrx_word' id='word_1_338' title='bbox 1005 2738 1314 2805; x_wconf 87' lang='lat' dir='ltr'><strong>scientiam,</strong></span> <span class='ocrx_word' id='word_1_339' title='bbox 1346 2741 1546 2807; x_wconf 88' lang='lat' dir='ltr'><strong>inquit,</strong></span> <span class='ocrx_word' id='word_1_340' title='bbox 1577 2740 1773 2799; x_wconf 86' lang='lat' dir='ltr'><strong>doceas</strong></span> 
     </span>
    </p>
   </div>
   <div class='ocr_carea' id='block_1_45' title="bbox 215 2822 1774 2905">
    <p class='ocr_par' dir='ltr' id='par_1_45' title="bbox 215 2822 1774 2905">
     <span class='ocr_line' id='line_1_45' title="bbox 215 2822 1774 2905; baseline 0.008 -30"><span class='ocrx_word' id='word_1_341' title='bbox 215 2837 302 2878; x_wconf 87' lang='lat' dir='ltr'><strong>me.</strong></span> <span class='ocrx_word' id='word_1_342' title='bbox 331 2822 458 2889; x_wconf 84' lang='lat' dir='ltr'><strong>Quia</strong></span> <span class='ocrx_word' id='word_1_343' title='bbox 478 2824 748 2878; x_wconf 86' lang='lat' dir='ltr'><strong>mandatis</strong></span> <span class='ocrx_word' id='word_1_344' title='bbox 778 2826 881 2880; x_wconf 90' lang='lat' dir='ltr'><strong>tuis</strong></span> <span class='ocrx_word' id='word_1_345' title='bbox 902 2826 1118 2881; x_wconf 89' lang='lat' dir='ltr'><strong>credidi.</strong></span> <span class='ocrx_word' id='word_1_346' title='bbox 1142 2830 1268 2899; x_wconf 75' lang='lat' dir='ltr'><strong>Ego.</strong></span> <span class='ocrx_word' id='word_1_347' title='bbox 1287 2830 1576 2900; x_wconf 85' lang='lat' dir='ltr'><strong>inquit.qui</strong></span> <span class='ocrx_word' id='word_1_348' title='bbox 1600 2833 1774 2905; x_wconf 83' lang='lat' dir='ltr'><strong>prius-</strong></span> 
     </span>
    </p>
   </div>
   <div class='ocr_carea' id='block_1_46' title="bbox 215 2915 1774 2989">
    <p class='ocr_par' dir='ltr' id='par_1_46' title="bbox 215 2915 1774 2989">
     <span class='ocr_line' id='line_1_46' title="bbox 215 2915 1774 2989; baseline 0.006 -23"><span class='ocrx_word' id='word_1_349' title='bbox 215 2928 351 2981; x_wconf 85' lang='lat' dir='ltr'><strong>quam</strong></span> <span class='ocrx_word' id='word_1_350' title='bbox 380 2915 469 2968; x_wconf 90' lang='lat' dir='ltr'><strong>tibi</strong></span> <span class='ocrx_word' id='word_1_351' title='bbox 500 2916 817 2969; x_wconf 87' lang='lat' dir='ltr'><strong>humiliarer</strong></span> <span class='ocrx_word' id='word_1_352' title='bbox 844 2916 1067 2987; x_wconf 86' lang='lat' dir='ltr'><strong>deliqui.</strong></span> <span class='ocrx_word' id='word_1_353' title='bbox 1108 2934 1249 2974; x_wconf 90' lang='lat' dir='ltr'><strong>nunc</strong></span> <span class='ocrx_word' id='word_1_354' title='bbox 1269 2922 1547 2989; x_wconf 78' lang='lat' dir='ltr'><strong>vero,quia</strong></span> <span class='ocrx_word' id='word_1_355' title='bbox 1568 2922 1774 2976; x_wconf 90' lang='lat' dir='ltr'><strong>miseri-</strong></span> 
     </span>
    </p>
   </div>
   <div class='ocr_carea' id='block_1_47' title="bbox 216 3007 1775 3082">
    <p class='ocr_par' dir='ltr' id='par_1_47' title="bbox 216 3007 1775 3082">
     <span class='ocr_line' id='line_1_47' title="bbox 216 3007 1775 3082; baseline 0.006 -23"><span class='ocrx_word' id='word_1_356' title='bbox 216 3007 372 3061; x_wconf 78' lang='lat' dir='ltr'><strong>cordia</strong></span> <span class='ocrx_word' id='word_1_357' title='bbox 400 3016 488 3062; x_wconf 90' lang='lat' dir='ltr'><strong>tua</strong></span> <span class='ocrx_word' id='word_1_358' title='bbox 518 3009 679 3078; x_wconf 88' lang='lat' dir='ltr'><strong>plena</strong></span> <span class='ocrx_word' id='word_1_359' title='bbox 705 3017 788 3063; x_wconf 89' lang='lat' dir='ltr'><strong>est</strong></span> <span class='ocrx_word' id='word_1_360' title='bbox 819 3017 980 3073; x_wconf 80' lang='lat' dir='ltr'><strong>terra,</strong></span> <span class='ocrx_word' id='word_1_361' title='bbox 1008 3019 1293 3081; x_wconf 85' lang='lat' dir='ltr'><strong>propterea</strong></span> <span class='ocrx_word' id='word_1_362' title='bbox 1328 3013 1538 3082; x_wconf 89' lang='lat' dir='ltr'><strong>eloquia</strong></span> <span class='ocrx_word' id='word_1_363' title='bbox 1566 3022 1657 3068; x_wconf 89' lang='lat' dir='ltr'><strong>tua</strong></span> <span class='ocrx_word' id='word_1_364' title='bbox 1681 3031 1775 3068; x_wconf 92' lang='lat' dir='ltr'><strong>cu-</strong></span> 
     </span>
    </p>
   </div>
   <div class='ocr_carea' id='block_1_48' title="bbox 1870 1818 3458 1888">
    <p class='ocr_par' dir='ltr' id='par_1_48' title="bbox 1870 1818 3458 1888">
     <span class='ocr_line' id='line_1_48' title="bbox 1870 1818 3458 1888; baseline 0.001 -20"><span class='ocrx_word' id='word_1_365' title='bbox 1870 1833 1981 1869; x_wconf 88' lang='lat' dir='ltr'><strong>sum</strong></span> <span class='ocrx_word' id='word_1_366' title='bbox 2011 1818 2144 1869; x_wconf 88' lang='lat' dir='ltr'><strong>sicut</strong></span> <span class='ocrx_word' id='word_1_367' title='bbox 2170 1827 2284 1869; x_wconf 89' lang='lat' dir='ltr'><strong>uter</strong></span> <span class='ocrx_word' id='word_1_368' title='bbox 2310 1819 2364 1870; x_wconf 88' lang='lat' dir='ltr'><strong>in</strong></span> <span class='ocrx_word' id='word_1_369' title='bbox 2412 1819 2617 1885; x_wconf 82' lang='lat' dir='ltr'><strong>pruina,</strong></span> <span class='ocrx_word' id='word_1_370' title='bbox 2645 1818 3048 1888; x_wconf 81' lang='lat' dir='ltr'><strong>justificotiones</strong></span> <span class='ocrx_word' id='word_1_371' title='bbox 3081 1829 3194 1871; x_wconf 87' lang='lat' dir='ltr'><strong>tuas</strong></span> <span class='ocrx_word' id='word_1_372' title='bbox 3219 1835 3318 1871; x_wconf 89' lang='lat' dir='ltr'><strong>non</strong></span> <span class='ocrx_word' id='word_1_373' title='bbox 3349 1834 3458 1873; x_wconf 77' lang='lat' dir='ltr'><strong>sunt</strong></span> 
     </span>
    </p>
   </div>
   <div class='ocr_carea' id='block_1_49' title="bbox 1869 1904 3460 1979">
    <p class='ocr_par' dir='ltr' id='par_1_49' title="bbox 1869 1904 3460 1979">
     <span class='ocr_line' id='line_1_49' title="bbox 1869 1904 3460 1979; baseline 0.001 -18"><span class='ocrx_word' id='word_1_374' title='bbox 1869 1906 2075 1961; x_wconf 76' lang='lat' dir='ltr'><strong>oblitus.</strong></span> <span class='ocrx_word' id='word_1_375' title='bbox 2110 1904 2244 1969; x_wconf 74' lang='lat' dir='ltr'><strong>Quot</strong></span> <span class='ocrx_word' id='word_1_376' title='bbox 2267 1918 2384 1959; x_wconf 86' lang='lat' dir='ltr'><strong>sunt</strong></span> <span class='ocrx_word' id='word_1_377' title='bbox 2407 1909 2514 1961; x_wconf 89' lang='lat' dir='ltr'><strong>dies</strong></span> <span class='ocrx_word' id='word_1_378' title='bbox 2544 1910 2674 1961; x_wconf 76' lang='lat' dir='ltr'><strong>servi</strong></span> <span class='ocrx_word' id='word_1_379' title='bbox 2707 1912 2798 1971; x_wconf 68' lang='lat' dir='ltr'><strong>tui,</strong></span> <span class='ocrx_word' id='word_1_380' title='bbox 2828 1910 3035 1979; x_wconf 80' lang='lat' dir='ltr'><strong>quando</strong></span> <span class='ocrx_word' id='word_1_381' title='bbox 3058 1911 3216 1979; x_wconf 76' lang='lat' dir='ltr'><strong>facies</strong></span> <span class='ocrx_word' id='word_1_382' title='bbox 3257 1910 3319 1962; x_wconf 86' lang='lat' dir='ltr'><strong>de</strong></span> <span class='ocrx_word' id='word_1_383' title='bbox 3347 1927 3460 1978; x_wconf 80' lang='lat' dir='ltr'><strong>per-</strong></span> 
     </span>
    </p>
   </div>
   <div class='ocr_carea' id='block_1_50' title="bbox 1868 1995 3459 2070">
    <p class='ocr_par' dir='ltr' id='par_1_50' title="bbox 1868 1995 3459 2070">
     <span class='ocr_line' id='line_1_50' title="bbox 1868 1995 3459 2070; baseline 0.001 -21"><span class='ocrx_word' id='word_1_384' title='bbox 1868 1995 2193 2066; x_wconf 87' lang='lat' dir='ltr'><strong>sequentibus</strong></span> <span class='ocrx_word' id='word_1_385' title='bbox 2222 2014 2300 2051; x_wconf 87' lang='lat' dir='ltr'><strong>me</strong></span> <span class='ocrx_word' id='word_1_386' title='bbox 2322 1995 2990 2067; x_wconf 66' lang='lat' dir='ltr'><strong>judiciumHVarraverunt</strong></span> <span class='ocrx_word' id='word_1_387' title='bbox 3021 1999 3148 2051; x_wconf 73' lang='lat' dir='ltr'><strong>milii</strong></span> <span class='ocrx_word' id='word_1_388' title='bbox 3191 2000 3351 2069; x_wconf 82' lang='lat' dir='ltr'><strong>iniqui</strong></span> <span class='ocrx_word' id='word_1_389' title='bbox 3380 2001 3459 2070; x_wconf 68' lang='grc' dir='ltr'><strong>[(ιο</strong></span> 
     </span>
    </p>
   </div>
   <div class='ocr_carea' id='block_1_51' title="bbox 1870 2087 3459 2154">
    <p class='ocr_par' dir='ltr' id='par_1_51' title="bbox 1870 2087 3459 2154">
     <span class='ocr_line' id='line_1_51' title="bbox 1870 2087 3459 2154; baseline 0.003 -14"><span class='ocrx_word' id='word_1_390' title='bbox 1870 2087 2176 2154; x_wconf 85' lang='lat' dir='ltr'><strong>bulationes,</strong></span> <span class='ocrx_word' id='word_1_391' title='bbox 2206 2089 2297 2142; x_wconf 86' lang='lat' dir='ltr'><strong>sed</strong></span> <span class='ocrx_word' id='word_1_392' title='bbox 2323 2106 2426 2143; x_wconf 88' lang='lat' dir='ltr'><strong>non</strong></span> <span class='ocrx_word' id='word_1_393' title='bbox 2452 2100 2506 2142; x_wconf 88' lang='lat' dir='ltr'><strong>ut</strong></span> <span class='ocrx_word' id='word_1_394' title='bbox 2533 2090 2616 2143; x_wconf 80' lang='lat' dir='ltr'><strong>lca:</strong></span> <span class='ocrx_word' id='word_1_395' title='bbox 2637 2100 2744 2143; x_wconf 90' lang='lat' dir='ltr'><strong>tua.</strong></span> <span class='ocrx_word' id='word_1_396' title='bbox 2772 2088 2960 2144; x_wconf 84' lang='lat' dir='ltr'><strong>Omnia</strong></span> <span class='ocrx_word' id='word_1_397' title='bbox 2990 2093 3235 2144; x_wconf 85' lang='lat' dir='ltr'><strong>mandata</strong></span> <span class='ocrx_word' id='word_1_398' title='bbox 3258 2106 3344 2145; x_wconf 83' lang='lat' dir='ltr'><strong>tua</strong></span> <span class='ocrx_word' id='word_1_399' title='bbox 3375 2111 3459 2146; x_wconf 75' lang='lat' dir='ltr'><strong>re-</strong></span> 
     </span>
    </p>
   </div>
   <div class='ocr_carea' id='block_1_52' title="bbox 1869 2180 3458 2251">
    <p class='ocr_par' dir='ltr' id='par_1_52' title="bbox 1869 2180 3458 2251">
     <span class='ocr_line' id='line_1_52' title="bbox 1869 2180 3458 2251; baseline 0.001 -20"><span class='ocrx_word' id='word_1_400' title='bbox 1869 2180 2020 2242; x_wconf 88' lang='lat' dir='ltr'><strong>ritas,</strong></span> <span class='ocrx_word' id='word_1_401' title='bbox 2046 2181 2208 2251; x_wconf 80' lang='lat' dir='ltr'><strong>iniqui</strong></span> <span class='ocrx_word' id='word_1_402' title='bbox 2236 2182 2485 2249; x_wconf 86' lang='lat' dir='ltr'><strong>persecuti</strong></span> <span class='ocrx_word' id='word_1_403' title='bbox 2507 2189 2625 2233; x_wconf 86' lang='lat' dir='ltr'><strong>sunt</strong></span> <span class='ocrx_word' id='word_1_404' title='bbox 2654 2198 2753 2245; x_wconf 84' lang='lat' dir='ltr'><strong>me,</strong></span> <span class='ocrx_word' id='word_1_405' title='bbox 2778 2183 2963 2251; x_wconf 78' lang='lat' dir='ltr'><strong>adjura</strong></span> <span class='ocrx_word' id='word_1_406' title='bbox 2994 2199 3091 2235; x_wconf 90' lang='lat' dir='ltr'><strong>me.</strong></span> <span class='ocrx_word' id='word_1_407' title='bbox 3123 2181 3458 2235; x_wconf 74' lang='lat' dir='ltr'><strong>Paulomimss</strong></span> 
     </span>
    </p>
   </div>
   <div class='ocr_carea' id='block_1_53' title="bbox 1868 2271 3460 2345">
    <p class='ocr_par' dir='ltr' id='par_1_53' title="bbox 1868 2271 3460 2345">
     <span class='ocr_line' id='line_1_53' title="bbox 1868 2271 3460 2345; baseline 0.003 -22"><span class='ocrx_word' id='word_1_408' title='bbox 1868 2271 2299 2339; x_wconf 76' lang='lat' dir='ltr'><strong>conﬁrmaverunt</strong></span> <span class='ocrx_word' id='word_1_409' title='bbox 2337 2289 2417 2324; x_wconf 87' lang='lat' dir='ltr'><strong>me</strong></span> <span class='ocrx_word' id='word_1_410' title='bbox 2453 2272 2509 2324; x_wconf 87' lang='lat' dir='ltr'><strong>in</strong></span> <span class='ocrx_word' id='word_1_411' title='bbox 2552 2280 2722 2336; x_wconf 83' lang='lat' dir='ltr'><strong>terra,</strong></span> <span class='ocrx_word' id='word_1_412' title='bbox 2753 2290 2846 2342; x_wconf 85' lang='lat' dir='ltr'><strong>ego</strong></span> <span class='ocrx_word' id='word_1_413' title='bbox 2877 2284 3047 2327; x_wconf 86' lang='lat' dir='ltr'><strong>autem</strong></span> <span class='ocrx_word' id='word_1_414' title='bbox 3085 2291 3187 2328; x_wconf 91' lang='lat' dir='ltr'><strong>non</strong></span> <span class='ocrx_word' id='word_1_415' title='bbox 3218 2275 3409 2345; x_wconf 83' lang='lat' dir='ltr'><strong>dereliq</strong></span> <span class='ocrx_word' id='word_1_416' title='bbox 3446 2277 3460 2327; x_wconf 89' lang='lat' dir='ltr'><strong>i</strong></span> 
     </span>
    </p>
   </div>
   <div class='ocr_carea' id='block_1_54' title="bbox 1868 2360 3461 2433">
    <p class='ocr_par' dir='ltr' id='par_1_54' title="bbox 1868 2360 3461 2433">
     <span class='ocr_line' id='line_1_54' title="bbox 1868 2360 3461 2433; baseline 0.001 -18"><span class='ocrx_word' id='word_1_417' title='bbox 1868 2361 2123 2416; x_wconf 82' lang='lat' dir='ltr'><strong>mandata</strong></span> <span class='ocrx_word' id='word_1_418' title='bbox 2161 2370 2271 2414; x_wconf 88' lang='lat' dir='ltr'><strong>tua.</strong></span> <span class='ocrx_word' id='word_1_419' title='bbox 2316 2360 2607 2416; x_wconf 78' lang='lat' dir='ltr'><strong>Secundum</strong></span> <span class='ocrx_word' id='word_1_420' title='bbox 2638 2365 3047 2417; x_wconf 81' lang='lat' dir='ltr'><strong>misericordiam</strong></span> <span class='ocrx_word' id='word_1_421' title='bbox 3092 2373 3229 2417; x_wconf 88' lang='lat' dir='ltr'><strong>tuam</strong></span> <span class='ocrx_word' id='word_1_422' title='bbox 3261 2366 3461 2433; x_wconf 67' lang='lat' dir='ltr'><strong>viviﬁu</strong></span> 
     </span>
    </p>
   </div>
   <div class='ocr_carea' id='block_1_55' title="bbox 1869 2453 3499 2518">
    <p class='ocr_par' dir='ltr' id='par_1_55' title="bbox 1869 2453 3499 2518">
     <span class='ocr_line' id='line_1_55' title="bbox 1869 2453 3499 2518; baseline 0.001 -12"><span class='ocrx_word' id='word_1_423' title='bbox 1869 2469 1967 2518; x_wconf 90' lang='lat' dir='ltr'><strong>me,</strong></span> <span class='ocrx_word' id='word_1_424' title='bbox 1998 2462 2048 2506; x_wconf 88' lang='lat' dir='ltr'><strong>et</strong></span> <span class='ocrx_word' id='word_1_425' title='bbox 2074 2453 2359 2507; x_wconf 75' lang='lat' dir='ltr'><strong>custodiam</strong></span> <span class='ocrx_word' id='word_1_426' title='bbox 2392 2456 2682 2508; x_wconf 86' lang='lat' dir='ltr'><strong>testimonia</strong></span> <span class='ocrx_word' id='word_1_427' title='bbox 2703 2457 2807 2508; x_wconf 72' lang='lat' dir='ltr'><strong>oris</strong></span> <span class='ocrx_word' id='word_1_428' title='bbox 2830 2457 2922 2508; x_wconf 87' lang='lat' dir='ltr'><strong>tui.</strong></span> <span class='ocrx_word' id='word_1_429' title='bbox 2968 2454 3031 2509; x_wconf 86' lang='lat' dir='ltr'><strong>In</strong></span> <span class='ocrx_word' id='word_1_430' title='bbox 3054 2468 3318 2517; x_wconf 68' lang='lat' dir='ltr'><strong>internum,</strong></span> <span class='ocrx_word' id='word_1_431' title='bbox 3354 2456 3462 2508; x_wconf 51' lang='lat' dir='ltr'><strong>Do-</strong></span> <span class='ocrx_word' id='word_1_432' title='bbox 3492 2482 3499 2488; x_wconf 65' lang='grc' dir='ltr'><em>ι</em></span> 
     </span>
    </p>
   </div>
   <div class='ocr_carea' id='block_1_56' title="bbox 1876 2548 3461 2618">
    <p class='ocr_par' dir='ltr' id='par_1_56' title="bbox 1876 2548 3461 2618">
     <span class='ocr_line' id='line_1_56' title="bbox 1876 2548 3461 2618; baseline 0.001 -18"><span class='ocrx_word' id='word_1_433' title='bbox 1876 2548 2035 2612; x_wconf 89' lang='lat' dir='ltr'><strong>mine,</strong></span> <span class='ocrx_word' id='word_1_434' title='bbox 2065 2548 2271 2601; x_wconf 75' lang='lat' dir='ltr'><strong>verbum</strong></span> <span class='ocrx_word' id='word_1_435' title='bbox 2302 2559 2440 2601; x_wconf 85' lang='lat' dir='ltr'><strong>tuum</strong></span> <span class='ocrx_word' id='word_1_436' title='bbox 2481 2550 2821 2618; x_wconf 79' lang='lat' dir='ltr'><strong>permanet‘in</strong></span> <span class='ocrx_word' id='word_1_437' title='bbox 2862 2549 3006 2602; x_wconf 68' lang='lat' dir='ltr'><strong>ra&#39;lo.</strong></span> <span class='ocrx_word' id='word_1_438' title='bbox 3043 2548 3105 2601; x_wconf 86' lang='lat' dir='ltr'><strong>In</strong></span> <span class='ocrx_word' id='word_1_439' title='bbox 3136 2552 3461 2617; x_wconf 78' lang='lat' dir='ltr'><strong>generatione</strong></span> 
     </span>
    </p>
   </div>
   <div class='ocr_carea' id='block_1_57' title="bbox 1870 2640 3460 2710">
    <p class='ocr_par' dir='ltr' id='par_1_57' title="bbox 1870 2640 3460 2710">
     <span class='ocr_line' id='line_1_57' title="bbox 1870 2640 3460 2710; baseline 0.001 -19"><span class='ocrx_word' id='word_1_440' title='bbox 1870 2646 1920 2692; x_wconf 85' lang='lat' dir='ltr'><strong>et</strong></span> <span class='ocrx_word' id='word_1_441' title='bbox 1969 2641 2345 2710; x_wconf 79' lang='lat' dir='ltr'><strong>generationem</strong></span> <span class='ocrx_word' id='word_1_442' title='bbox 2376 2641 2562 2692; x_wconf 70' lang='lat' dir='ltr'><strong>veritas</strong></span> <span class='ocrx_word' id='word_1_443' title='bbox 2601 2649 2717 2703; x_wconf 87' lang='lat' dir='ltr'><strong>tua;</strong></span> <span class='ocrx_word' id='word_1_444' title='bbox 2750 2640 2979 2709; x_wconf 77' lang='lat' dir='ltr'><strong>fundasti</strong></span> <span class='ocrx_word' id='word_1_445' title='bbox 3011 2650 3219 2703; x_wconf 78' lang='lat' dir='ltr'><strong>terram,</strong></span> <span class='ocrx_word' id='word_1_446' title='bbox 3249 2651 3297 2693; x_wconf 86' lang='lat' dir='ltr'><strong>et</strong></span> <span class='ocrx_word' id='word_1_447' title='bbox 3344 2659 3460 2710; x_wconf 81' lang='lat' dir='ltr'><strong>per-</strong></span> 
     </span>
    </p>
   </div>
   <div class='ocr_carea' id='block_1_58' title="bbox 1871 2728 3463 2801">
    <p class='ocr_par' dir='ltr' id='par_1_58' title="bbox 1871 2728 3463 2801">
     <span class='ocr_line' id='line_1_58' title="bbox 1871 2728 3463 2801; baseline 0.001 -18"><span class='ocrx_word' id='word_1_448' title='bbox 1871 2739 2063 2783; x_wconf 83' lang='lat' dir='ltr'><strong>manet.</strong></span> <span class='ocrx_word' id='word_1_449' title='bbox 2121 2728 2464 2784; x_wconf 83' lang='lat' dir='ltr'><strong>Ordinatione</strong></span> <span class='ocrx_word' id='word_1_450' title='bbox 2520 2740 2623 2783; x_wconf 74' lang='lat' dir='ltr'><strong>tua‘</strong></span> <span class='ocrx_word' id='word_1_451' title='bbox 2651 2740 2977 2801; x_wconf 84' lang='lat' dir='ltr'><strong>perseverant</strong></span> <span class='ocrx_word' id='word_1_452' title='bbox 3033 2732 3172 2791; x_wconf 82' lang='lat' dir='ltr'><strong>dies,</strong></span> <span class='ocrx_word' id='word_1_453' title='bbox 3222 2735 3463 2801; x_wconf 63' lang='lat' dir='ltr'><strong>quoniam</strong></span> 
     </span>
    </p>
   </div>
   <div class='ocr_carea' id='block_1_59' title="bbox 1874 2820 3465 2893">
    <p class='ocr_par' dir='ltr' id='par_1_59' title="bbox 1874 2820 3465 2893">
     <span class='ocr_line' id='line_1_59' title="bbox 1874 2820 3465 2893; baseline 0.003 -20"><span class='ocrx_word' id='word_1_454' title='bbox 1874 2822 2050 2874; x_wconf 82' lang='lat' dir='ltr'><strong>omnia</strong></span> <span class='ocrx_word' id='word_1_455' title='bbox 2096 2822 2323 2874; x_wconf 74' lang='lat' dir='ltr'><strong>serviunt</strong></span> <span class='ocrx_word' id='word_1_456' title='bbox 2353 2820 2459 2874; x_wconf 78' lang='lat' dir='ltr'><strong>tibi.</strong></span> <span class='ocrx_word' id='word_1_457' title='bbox 2494 2820 2615 2875; x_wconf 83' lang='lat' dir='ltr'><strong>Nisi</strong></span> <span class='ocrx_word' id='word_1_458' title='bbox 2654 2823 2792 2893; x_wconf 81' lang='lat' dir='ltr'><strong>quod</strong></span> <span class='ocrx_word' id='word_1_459' title='bbox 2822 2823 2905 2875; x_wconf 63' lang='lat' dir='ltr'><strong>lea‘</strong></span> <span class='ocrx_word' id='word_1_460' title='bbox 2934 2834 3020 2875; x_wconf 87' lang='lat' dir='ltr'><strong>tua</strong></span> <span class='ocrx_word' id='word_1_461' title='bbox 3060 2825 3323 2877; x_wconf 79' lang='lat' dir='ltr'><strong>meditatio</strong></span> <span class='ocrx_word' id='word_1_462' title='bbox 3350 2842 3465 2878; x_wconf 82' lang='lat' dir='ltr'><strong>mea</strong></span> 
     </span>
    </p>
   </div>
   <div class='ocr_carea' id='block_1_60' title="bbox 1881 2914 3464 2983">
    <p class='ocr_par' dir='ltr' id='par_1_60' title="bbox 1881 2914 3464 2983">
     <span class='ocr_line' id='line_1_60' title="bbox 1881 2914 3464 2983; baseline 0.001 -16"><span class='ocrx_word' id='word_1_463' title='bbox 1881 2922 1974 2977; x_wconf 89' lang='lat' dir='ltr'><strong>est,</strong></span> <span class='ocrx_word' id='word_1_464' title='bbox 2011 2922 2129 2965; x_wconf 87' lang='lat' dir='ltr'><strong>tunc</strong></span> <span class='ocrx_word' id='word_1_465' title='bbox 2168 2915 2301 2983; x_wconf 87' lang='lat' dir='ltr'><strong>forte</strong></span> <span class='ocrx_word' id='word_1_466' title='bbox 2347 2915 2609 2983; x_wconf 75' lang='lat' dir='ltr'><strong>periissem</strong></span> <span class='ocrx_word' id='word_1_467' title='bbox 2638 2916 2690 2968; x_wconf 88' lang='lat' dir='ltr'><strong>in</strong></span> <span class='ocrx_word' id='word_1_468' title='bbox 2719 2914 3006 2967; x_wconf 82' lang='lat' dir='ltr'><strong>humilitate</strong></span> <span class='ocrx_word' id='word_1_469' title='bbox 3048 2932 3178 2968; x_wconf 80' lang='lat' dir='ltr'><strong>mea.</strong></span> <span class='ocrx_word' id='word_1_470' title='bbox 3222 2915 3287 2969; x_wconf 84' lang='lat' dir='ltr'><strong>In</strong></span> <span class='ocrx_word' id='word_1_471' title='bbox 3317 2926 3464 2970; x_wconf 46' lang='lat' dir='ltr'><strong>cetera</strong></span> 
     </span>
    </p>
   </div>
   <div class='ocr_carea' id='block_1_61' title="bbox 1875 3004 3464 3078">
    <p class='ocr_par' dir='ltr' id='par_1_61' title="bbox 1875 3004 3464 3078">
     <span class='ocr_line' id='line_1_61' title="bbox 1875 3004 3464 3078; baseline 0.001 -21"><span class='ocrx_word' id='word_1_472' title='bbox 1875 3020 1998 3058; x_wconf 88' lang='lat' dir='ltr'><strong>num</strong></span> <span class='ocrx_word' id='word_1_473' title='bbox 2027 3021 2130 3059; x_wconf 86' lang='lat' dir='ltr'><strong>non</strong></span> <span class='ocrx_word' id='word_1_474' title='bbox 2159 3004 2428 3059; x_wconf 80' lang='lat' dir='ltr'><strong>obliviscar</strong></span> <span class='ocrx_word' id='word_1_475' title='bbox 2458 3005 2857 3075; x_wconf 79' lang='lat' dir='ltr'><strong>justiﬁcationes</strong></span> <span class='ocrx_word' id='word_1_476' title='bbox 2906 3015 3051 3071; x_wconf 80' lang='lat' dir='ltr'><strong>tuas,</strong></span> <span class='ocrx_word' id='word_1_477' title='bbox 3094 3010 3211 3078; x_wconf 83' lang='lat' dir='ltr'><strong>quia</strong></span> <span class='ocrx_word' id='word_1_478' title='bbox 3239 3009 3291 3059; x_wconf 89' lang='lat' dir='ltr'><strong>iu</strong></span> <span class='ocrx_word' id='word_1_479' title='bbox 3339 3008 3464 3076; x_wconf 61' lang='lat' dir='ltr'><strong>ipsis</strong></span> 
     </span>
    </p>
   </div>
   <div class='ocr_carea' id='block_1_62' title="bbox 216 3090 1776 3176">
    <p class='ocr_par' dir='ltr' id='par_1_62' title="bbox 216 3092 1773 3176">
     <span class='ocr_line' id='line_1_62' title="bbox 216 3092 1773 3176; baseline 0.006 -24"><span class='ocrx_word' id='word_1_480' title='bbox 216 3100 402 3154; x_wconf 75' lang='lat' dir='ltr'><strong>stodivi.</strong></span> <span class='ocrx_word' id='word_1_481' title='bbox 437 3100 500 3165; x_wconf 78' lang='lat' dir='ltr'><strong>Et</strong></span> <span class='ocrx_word' id='word_1_482' title='bbox 530 3103 660 3156; x_wconf 86' lang='lat' dir='ltr'><strong>licet</strong></span> <span class='ocrx_word' id='word_1_483' title='bbox 700 3102 1083 3172; x_wconf 84' lang='lat' dir='ltr'><strong>multiplicetur</strong></span> <span class='ocrx_word' id='word_1_484' title='bbox 1107 3092 1380 3174; x_wconf 60' lang='lat' dir='ltr'><strong>superine</strong></span> <span class='ocrx_word' id='word_1_485' title='bbox 1402 3106 1653 3176; x_wconf 84' lang='lat' dir='ltr'><strong>iniquitas</strong></span> <span class='ocrx_word' id='word_1_486' title='bbox 1680 3121 1773 3161; x_wconf 89' lang='lat' dir='ltr'><strong>su-</strong></span> 
     </span>
    </p>
   </div>
   <div class='ocr_carea' id='block_1_63' title="bbox 1884 3090 3459 3176">
    <p class='ocr_par' dir='ltr' id='par_1_63' title="bbox 1884 3096 3459 3168">
     <span class='ocr_line' id='line_1_63' title="bbox 1884 3096 3459 3168; baseline 0.001 -19"><span class='ocrx_word' id='word_1_487' title='bbox 1884 3098 2142 3166; x_wconf 77' lang='lat' dir='ltr'><strong>viviﬁcasti</strong></span> <span class='ocrx_word' id='word_1_488' title='bbox 2164 3111 2261 3151; x_wconf 86' lang='lat' dir='ltr'><strong>me.</strong></span> <span class='ocrx_word' id='word_1_489' title='bbox 2293 3096 2429 3149; x_wconf 83' lang='lat' dir='ltr'><strong>Tuus</strong></span> <span class='ocrx_word' id='word_1_490' title='bbox 2460 3113 2573 3149; x_wconf 87' lang='lat' dir='ltr'><strong>sum</strong></span> <span class='ocrx_word' id='word_1_491' title='bbox 2594 3113 2705 3167; x_wconf 84' lang='lat' dir='ltr'><strong>ego,</strong></span> <span class='ocrx_word' id='word_1_492' title='bbox 2738 3100 2936 3150; x_wconf 84' lang='lat' dir='ltr'><strong>salvum</strong></span> <span class='ocrx_word' id='word_1_493' title='bbox 2977 3114 3055 3150; x_wconf 89' lang='lat' dir='ltr'><strong>me</strong></span> <span class='ocrx_word' id='word_1_494' title='bbox 3084 3101 3185 3167; x_wconf 84' lang='lat' dir='ltr'><strong>fac,</strong></span> <span class='ocrx_word' id='word_1_495' title='bbox 3217 3100 3459 3168; x_wconf 66' lang='lat' dir='ltr'><strong>quoniam</strong></span> 
     </span>
    </p>
   </div>
   <div class='ocr_carea' id='block_1_64' title="bbox 216 3186 3465 3266">
    <p class='ocr_par' dir='ltr' id='par_1_64' title="bbox 216 3186 3465 3266">
     <span class='ocr_line' id='line_1_64' title="bbox 216 3186 3465 3266; baseline 0.001 -30"><span class='ocrx_word' id='word_1_496' title='bbox 216 3192 497 3259; x_wconf 62' lang='lat' dir='ltr'><strong>pel-borum,</strong></span> <span class='ocrx_word' id='word_1_497' title='bbox 528 3194 585 3247; x_wconf 78' lang='lat' dir='ltr'><strong>id</strong></span> <span class='ocrx_word' id='word_1_498' title='bbox 604 3201 706 3258; x_wconf 65' lang='lat' dir='ltr'><strong>est,</strong></span> <span class='ocrx_word' id='word_1_499' title='bbox 731 3195 856 3247; x_wconf 58' lang='lat' dir='ltr'><strong>licet</strong></span> <span class='ocrx_word' id='word_1_500' title='bbox 884 3195 1305 3265; x_wconf 59' lang='lat' dir='ltr'><strong>multiplicemur</strong></span> <span class='ocrx_word' id='word_1_501' title='bbox 1332 3198 1460 3251; x_wconf 72' lang='lat' dir='ltr'><strong>mihi</strong></span> <span class='ocrx_word' id='word_1_502' title='bbox 1488 3200 1776 3266; x_wconf 59' lang='lat' dir='ltr'><strong>suggestio.</strong></span> <span class='ocrx_word' id='word_1_503' title='bbox 1868 3188 2272 3258; x_wconf 84' lang='lat' dir='ltr'><strong>justiﬁcationes</strong></span> <span class='ocrx_word' id='word_1_504' title='bbox 2302 3197 2416 3240; x_wconf 86' lang='lat' dir='ltr'><strong>tuas</strong></span> <span class='ocrx_word' id='word_1_505' title='bbox 2438 3188 2704 3258; x_wconf 68' lang='lat' dir='ltr'><strong>exquisivi.</strong></span> <span class='ocrx_word' id='word_1_506' title='bbox 2730 3186 2787 3240; x_wconf 82' lang='grc' dir='ltr'><em>Μ</em></span> <span class='ocrx_word' id='word_1_507' title='bbox 2793 3204 2819 3239; x_wconf 89' lang='lat' dir='ltr'><strong>e</strong></span> <span class='ocrx_word' id='word_1_508' title='bbox 2845 3198 3263 3256; x_wconf 70' lang='lat' dir='ltr'><strong>exspectaverunt</strong></span> <span class='ocrx_word' id='word_1_509' title='bbox 3288 3205 3465 3257; x_wconf 74' lang='lat' dir='ltr'><strong>perm-</strong></span> 
     </span>
    </p>
   </div>
   <div class='ocr_carea' id='block_1_65' title="bbox 217 3282 1778 3352">
    <p class='ocr_par' dir='ltr' id='par_1_65' title="bbox 217 3282 1778 3352">
     <span class='ocr_line' id='line_1_65' title="bbox 217 3282 1778 3352; baseline 0.008 -19"><span class='ocrx_word' id='word_1_510' title='bbox 217 3294 297 3334; x_wconf 89' lang='lat' dir='ltr'><strong>nes</strong></span> <span class='ocrx_word' id='word_1_511' title='bbox 317 3282 635 3348; x_wconf 68' lang='lat' dir='ltr'><strong>dmmonum,</strong></span> <span class='ocrx_word' id='word_1_512' title='bbox 650 3299 751 3352; x_wconf 86' lang='lat' dir='ltr'><strong>ego</strong></span> <span class='ocrx_word' id='word_1_513' title='bbox 773 3293 950 3340; x_wconf 88' lang='lat' dir='ltr'><strong>tamen</strong></span> <span class='ocrx_word' id='word_1_514' title='bbox 973 3287 1024 3340; x_wconf 93' lang='lat' dir='ltr'><strong>in</strong></span> <span class='ocrx_word' id='word_1_515' title='bbox 1044 3294 1156 3341; x_wconf 85' lang='lat' dir='ltr'><strong>toto</strong></span> <span class='ocrx_word' id='word_1_516' title='bbox 1173 3285 1333 3342; x_wconf 90' lang='lat' dir='ltr'><strong>corde</strong></span> <span class='ocrx_word' id='word_1_517' title='bbox 1356 3303 1477 3343; x_wconf 92' lang='lat' dir='ltr'><strong>meo</strong></span> <span class='ocrx_word' id='word_1_518' title='bbox 1500 3290 1778 3345; x_wconf 87' lang='lat' dir='ltr'><strong>scrutabor</strong></span> 
     </span>
    </p>
   </div>
   <div class='ocr_carea' id='block_1_66' title="bbox 218 3369 1772 3443">
    <p class='ocr_par' dir='ltr' id='par_1_66' title="bbox 218 3369 1772 3443">
     <span class='ocr_line' id='line_1_66' title="bbox 218 3369 1772 3443; baseline 0.007 -20"><span class='ocrx_word' id='word_1_519' title='bbox 218 3369 366 3440; x_wconf 79' lang='lat' dir='ltr'><strong>legem</strong></span> <span class='ocrx_word' id='word_1_520' title='bbox 395 3382 557 3429; x_wconf 89' lang='lat' dir='ltr'><strong>tuam.</strong></span> <span class='ocrx_word' id='word_1_521' title='bbox 590 3373 658 3428; x_wconf 87' lang='lat' dir='ltr'><strong>Et</strong></span> <span class='ocrx_word' id='word_1_522' title='bbox 682 3376 805 3431; x_wconf 89' lang='lat' dir='ltr'><strong>licet</strong></span> <span class='ocrx_word' id='word_1_523' title='bbox 825 3378 1143 3443; x_wconf 82' lang='lat' dir='ltr'><strong>coagulctur</strong></span> <span class='ocrx_word' id='word_1_524' title='bbox 1180 3379 1320 3432; x_wconf 85' lang='lat' dir='ltr'><strong>sicut</strong></span> <span class='ocrx_word' id='word_1_525' title='bbox 1346 3379 1427 3434; x_wconf 92' lang='lat' dir='ltr'><strong>lac</strong></span> <span class='ocrx_word' id='word_1_526' title='bbox 1455 3395 1548 3434; x_wconf 90' lang='lat' dir='ltr'><strong>cor</strong></span> <span class='ocrx_word' id='word_1_527' title='bbox 1568 3395 1772 3443; x_wconf 87' lang='lat' dir='ltr'><strong>eorum,</strong></span> 
     </span>
    </p>
   </div>
   <div class='ocr_carea' id='block_1_67' title="bbox 218 3468 1779 3535">
    <p class='ocr_par' dir='ltr' id='par_1_67' title="bbox 218 3468 1779 3535">
     <span class='ocr_line' id='line_1_67' title="bbox 218 3468 1779 3535; baseline 0.007 -20"><span class='ocrx_word' id='word_1_528' title='bbox 218 3476 304 3531; x_wconf 82' lang='lat' dir='ltr'><strong>ego</strong></span> <span class='ocrx_word' id='word_1_529' title='bbox 341 3474 511 3521; x_wconf 88' lang='lat' dir='ltr'><strong>tamen</strong></span> <span class='ocrx_word' id='word_1_530' title='bbox 557 3468 732 3535; x_wconf 86' lang='lat' dir='ltr'><strong>legem</strong></span> <span class='ocrx_word' id='word_1_531' title='bbox 783 3476 929 3523; x_wconf 90' lang='lat' dir='ltr'><strong>tuam</strong></span> <span class='ocrx_word' id='word_1_532' title='bbox 977 3470 1268 3525; x_wconf 88' lang='lat' dir='ltr'><strong>meditatus</strong></span> <span class='ocrx_word' id='word_1_533' title='bbox 1292 3487 1428 3524; x_wconf 91' lang='lat' dir='ltr'><strong>sum.</strong></span> <span class='ocrx_word' id='word_1_534' title='bbox 1461 3471 1665 3526; x_wconf 89' lang='lat' dir='ltr'><strong>Bonum</strong></span> <span class='ocrx_word' id='word_1_535' title='bbox 1696 3481 1779 3527; x_wconf 88' lang='lat' dir='ltr'><strong>cst</strong></span> 
     </span>
    </p>
   </div>
   <div class='ocr_carea' id='block_1_68' title="bbox 218 3553 1777 3625">
    <p class='ocr_par' dir='ltr' id='par_1_68' title="bbox 218 3553 1777 3625">
     <span class='ocr_line' id='line_1_68' title="bbox 218 3553 1777 3625; baseline 0.008 -21"><span class='ocrx_word' id='word_1_536' title='bbox 218 3553 343 3606; x_wconf 81' lang='lat' dir='ltr'><strong>enim</strong></span> <span class='ocrx_word' id='word_1_537' title='bbox 369 3555 492 3609; x_wconf 89' lang='lat' dir='ltr'><strong>mibi</strong></span> <span class='ocrx_word' id='word_1_538' title='bbox 534 3556 683 3625; x_wconf 89' lang='lat' dir='ltr'><strong>quod</strong></span> <span class='ocrx_word' id='word_1_539' title='bbox 712 3557 1002 3612; x_wconf 86' lang='lat' dir='ltr'><strong>bumiliasti</strong></span> <span class='ocrx_word' id='word_1_540' title='bbox 1033 3575 1143 3621; x_wconf 91' lang='lat' dir='ltr'><strong>me,</strong></span> <span class='ocrx_word' id='word_1_541' title='bbox 1190 3567 1247 3613; x_wconf 87' lang='lat' dir='ltr'><strong>ut</strong></span> <span class='ocrx_word' id='word_1_542' title='bbox 1292 3561 1491 3614; x_wconf 78' lang='lat' dir='ltr'><strong>discam</strong></span> <span class='ocrx_word' id='word_1_543' title='bbox 1530 3562 1777 3616; x_wconf 89' lang='lat' dir='ltr'><strong>mandata</strong></span> 
     </span>
    </p>
   </div>
   <div class='ocr_carea' id='block_1_69' title="bbox 219 3643 1777 3721">
    <p class='ocr_par' dir='ltr' id='par_1_69' title="bbox 219 3643 1777 3721">
     <span class='ocr_line' id='line_1_69' title="bbox 219 3643 1777 3721; baseline 0.008 -28"><span class='ocrx_word' id='word_1_544' title='bbox 219 3648 316 3696; x_wconf 89' lang='lat' dir='ltr'><strong>tua.</strong></span> <span class='ocrx_word' id='word_1_545' title='bbox 338 3643 448 3699; x_wconf 85' lang='lat' dir='ltr'><strong>Non</strong></span> <span class='ocrx_word' id='word_1_546' title='bbox 473 3655 555 3702; x_wconf 90' lang='lat' dir='ltr'><strong>est</strong></span> <span class='ocrx_word' id='word_1_547' title='bbox 578 3645 797 3701; x_wconf 73' lang='lat' dir='ltr'><strong>afﬂictio</strong></span> <span class='ocrx_word' id='word_1_548' title='bbox 814 3649 1110 3718; x_wconf 86' lang='lat' dir='ltr'><strong>corporalis</strong></span> <span class='ocrx_word' id='word_1_549' title='bbox 1129 3650 1181 3704; x_wconf 92' lang='lat' dir='ltr'><strong>in</strong></span> <span class='ocrx_word' id='word_1_550' title='bbox 1204 3648 1433 3705; x_wconf 85' lang='lat' dir='ltr'><strong>miseriis</strong></span> <span class='ocrx_word' id='word_1_551' title='bbox 1453 3650 1777 3721; x_wconf 87' lang='lat' dir='ltr'><strong>deputanda,</strong></span> 
     </span>
    </p>
   </div>
   <div class='ocr_carea' id='block_1_70' title="bbox 221 3730 1782 3811">
    <p class='ocr_par' dir='ltr' id='par_1_70' title="bbox 221 3730 1782 3811">
     <span class='ocr_line' id='line_1_70' title="bbox 221 3730 1782 3811; baseline 0.007 -26"><span class='ocrx_word' id='word_1_552' title='bbox 221 3730 259 3786; x_wconf 80' lang='lat' dir='ltr'><strong>si</strong></span> <span class='ocrx_word' id='word_1_553' title='bbox 293 3736 438 3790; x_wconf 89' lang='lat' dir='ltr'><strong>nobis</strong></span> <span class='ocrx_word' id='word_1_554' title='bbox 482 3738 651 3792; x_wconf 87' lang='lat' dir='ltr'><strong>etiam</strong></span> <span class='ocrx_word' id='word_1_555' title='bbox 696 3738 1005 3793; x_wconf 75' lang='lat' dir='ltr'><strong>nolentibus</strong></span> <span class='ocrx_word' id='word_1_556' title='bbox 1049 3741 1248 3794; x_wconf 82' lang='lat' dir='ltr'><strong>veniat.</strong></span> <span class='ocrx_word' id='word_1_557' title='bbox 1279 3740 1414 3795; x_wconf 79' lang='lat' dir='ltr'><strong>Vide</strong></span> <span class='ocrx_word' id='word_1_558' title='bbox 1465 3741 1609 3796; x_wconf 89' lang='lat' dir='ltr'><strong>enim</strong></span> <span class='ocrx_word' id='word_1_559' title='bbox 1654 3741 1782 3811; x_wconf 85' lang='lat' dir='ltr'><strong>quid</strong></span> 
     </span>
    </p>
   </div>
   <div class='ocr_carea' id='block_1_71' title="bbox 221 3823 1784 3901">
    <p class='ocr_par' dir='ltr' id='par_1_71' title="bbox 221 3823 1784 3901">
     <span class='ocr_line' id='line_1_71' title="bbox 221 3823 1784 3901; baseline 0.005 -23"><span class='ocrx_word' id='word_1_560' title='bbox 221 3823 338 3881; x_wconf 75' lang='lat' dir='ltr'><strong>dixit</strong></span> <span class='ocrx_word' id='word_1_561' title='bbox 370 3846 381 3880; x_wconf 91' lang='lat'><strong>:</strong></span> <span class='ocrx_word' id='word_1_562' title='bbox 410 3828 644 3894; x_wconf 86' lang='lat' dir='ltr'><strong>bonum,</strong></span> <span class='ocrx_word' id='word_1_563' title='bbox 696 3831 895 3899; x_wconf 88' lang='lat' dir='ltr'><strong>inquit,</strong></span> <span class='ocrx_word' id='word_1_564' title='bbox 944 3832 1073 3885; x_wconf 84' lang='lat' dir='ltr'><strong>mihi</strong></span> <span class='ocrx_word' id='word_1_565' title='bbox 1103 3832 1228 3901; x_wconf 86' lang='lat' dir='ltr'><strong>quia</strong></span> <span class='ocrx_word' id='word_1_566' title='bbox 1263 3833 1555 3887; x_wconf 88' lang='lat' dir='ltr'><strong>bumiliasti</strong></span> <span class='ocrx_word' id='word_1_567' title='bbox 1582 3849 1685 3896; x_wconf 90' lang='lat' dir='ltr'><strong>mc,</strong></span> <span class='ocrx_word' id='word_1_568' title='bbox 1726 3842 1784 3886; x_wconf 89' lang='lat' dir='ltr'><strong>ut</strong></span> 
     </span>
    </p>
   </div>
   <div class='ocr_carea' id='block_1_72' title="bbox 223 3914 1784 3991">
    <p class='ocr_par' dir='ltr' id='par_1_72' title="bbox 223 3914 1784 3991">
     <span class='ocr_line' id='line_1_72' title="bbox 223 3914 1784 3991; baseline 0.005 -24"><span class='ocrx_word' id='word_1_569' title='bbox 223 3914 401 3973; x_wconf 84' lang='lat' dir='ltr'><strong>discam</strong></span> <span class='ocrx_word' id='word_1_570' title='bbox 428 3920 683 3975; x_wconf 89' lang='lat' dir='ltr'><strong>mandata</strong></span> <span class='ocrx_word' id='word_1_571' title='bbox 711 3927 818 3974; x_wconf 89' lang='lat' dir='ltr'><strong>tua.</strong></span> <span class='ocrx_word' id='word_1_572' title='bbox 848 3920 950 3975; x_wconf 85' lang='lat' dir='ltr'><strong>Alii</strong></span> <span class='ocrx_word' id='word_1_573' title='bbox 980 3923 1308 3991; x_wconf 78' lang='lat' dir='ltr'><strong>possideant,</strong></span> <span class='ocrx_word' id='word_1_574' title='bbox 1338 3931 1391 3977; x_wconf 90' lang='lat' dir='ltr'><strong>et</strong></span> <span class='ocrx_word' id='word_1_575' title='bbox 1420 3924 1471 3976; x_wconf 91' lang='lat' dir='ltr'><strong>in</strong></span> <span class='ocrx_word' id='word_1_576' title='bbox 1499 3923 1609 3977; x_wconf 90' lang='lat' dir='ltr'><strong>suis</strong></span> <span class='ocrx_word' id='word_1_577' title='bbox 1637 3923 1784 3977; x_wconf 70' lang='lat' dir='ltr'><strong>locu-</strong></span> 
     </span>
    </p>
   </div>
   <div class='ocr_carea' id='block_1_73' title="bbox 224 4009 1780 4081">
    <p class='ocr_par' dir='ltr' id='par_1_73' title="bbox 224 4009 1780 4081">
     <span class='ocr_line' id='line_1_73' title="bbox 224 4009 1780 4081; baseline 0.003 -20"><span class='ocrx_word' id='word_1_578' title='bbox 224 4009 589 4077; x_wconf 81' lang='lat' dir='ltr'><strong>pletationibus</strong></span> <span class='ocrx_word' id='word_1_579' title='bbox 617 4013 932 4081; x_wconf 80' lang='lat' dir='ltr'><strong>glorientur,</strong></span> <span class='ocrx_word' id='word_1_580' title='bbox 958 4014 1087 4067; x_wconf 89' lang='lat' dir='ltr'><strong>mihi</strong></span> <span class='ocrx_word' id='word_1_581' title='bbox 1115 4015 1302 4069; x_wconf 88' lang='lat' dir='ltr'><strong>melior</strong></span> <span class='ocrx_word' id='word_1_582' title='bbox 1330 4023 1411 4069; x_wconf 88' lang='lat' dir='ltr'><strong>est</strong></span> <span class='ocrx_word' id='word_1_583' title='bbox 1440 4014 1527 4069; x_wconf 80' lang='lat' dir='ltr'><strong>lcx</strong></span> <span class='ocrx_word' id='word_1_584' title='bbox 1555 4015 1664 4069; x_wconf 86' lang='lat' dir='ltr'><strong>oris</strong></span> <span class='ocrx_word' id='word_1_585' title='bbox 1688 4015 1780 4078; x_wconf 89' lang='lat' dir='ltr'><strong>tui,</strong></span> 
     </span>
    </p>
   </div>
   <div class='ocr_carea' id='block_1_74' title="bbox 226 4103 1787 4171">
    <p class='ocr_par' dir='ltr' id='par_1_74' title="bbox 226 4103 1787 4171">
     <span class='ocr_line' id='line_1_74' title="bbox 226 4103 1787 4171; baseline 0.003 -19"><span class='ocrx_word' id='word_1_586' title='bbox 226 4116 368 4170; x_wconf 86' lang='lat' dir='ltr'><strong>super</strong></span> <span class='ocrx_word' id='word_1_587' title='bbox 386 4105 548 4158; x_wconf 82' lang='lat' dir='ltr'><strong>millia</strong></span> <span class='ocrx_word' id='word_1_588' title='bbox 574 4104 692 4159; x_wconf 90' lang='lat' dir='ltr'><strong>auri</strong></span> <span class='ocrx_word' id='word_1_589' title='bbox 717 4112 771 4158; x_wconf 90' lang='lat' dir='ltr'><strong>et</strong></span> <span class='ocrx_word' id='word_1_590' title='bbox 793 4105 1019 4171; x_wconf 84' lang='lat' dir='ltr'><strong>argenti.</strong></span> <span class='ocrx_word' id='word_1_591' title='bbox 1036 4103 1223 4159; x_wconf 85' lang='lat' dir='ltr'><strong>Manus</strong></span> <span class='ocrx_word' id='word_1_592' title='bbox 1245 4104 1385 4159; x_wconf 89' lang='lat' dir='ltr'><strong>enim</strong></span> <span class='ocrx_word' id='word_1_593' title='bbox 1414 4113 1517 4159; x_wconf 75' lang='lat' dir='ltr'><strong>ture</strong></span> <span class='ocrx_word' id='word_1_594' title='bbox 1546 4104 1787 4159; x_wconf 86' lang='lat' dir='ltr'><strong>fecerunt</strong></span> 
     </span>
    </p>
   </div>
   <div class='ocr_carea' id='block_1_75' title="bbox 227 4193 1783 4265">
    <p class='ocr_par' dir='ltr' id='par_1_75' title="bbox 227 4193 1783 4265">
     <span class='ocr_line' id='line_1_75' title="bbox 227 4193 1783 4265; baseline 0.003 -22"><span class='ocrx_word' id='word_1_595' title='bbox 227 4206 329 4258; x_wconf 89' lang='lat' dir='ltr'><strong>me;</strong></span> <span class='ocrx_word' id='word_1_596' title='bbox 356 4193 457 4249; x_wconf 86' lang='lat' dir='ltr'><strong>hoc</strong></span> <span class='ocrx_word' id='word_1_597' title='bbox 485 4210 698 4250; x_wconf 89' lang='lat' dir='ltr'><strong>memor</strong></span> <span class='ocrx_word' id='word_1_598' title='bbox 716 4204 855 4264; x_wconf 84' lang='lat' dir='ltr'><strong>esto,</strong></span> <span class='ocrx_word' id='word_1_599' title='bbox 874 4196 995 4265; x_wconf 89' lang='lat' dir='ltr'><strong>quia</strong></span> <span class='ocrx_word' id='word_1_600' title='bbox 1029 4211 1150 4250; x_wconf 91' lang='lat' dir='ltr'><strong>cum</strong></span> <span class='ocrx_word' id='word_1_601' title='bbox 1177 4196 1355 4250; x_wconf 89' lang='lat' dir='ltr'><strong>omnia</strong></span> <span class='ocrx_word' id='word_1_602' title='bbox 1381 4198 1545 4251; x_wconf 90' lang='lat' dir='ltr'><strong>verbo</strong></span> <span class='ocrx_word' id='word_1_603' title='bbox 1574 4196 1783 4260; x_wconf 71' lang='lat' dir='ltr'><strong>feceris,</strong></span> 
     </span>
    </p>
   </div>
   <div class='ocr_carea' id='block_1_76' title="bbox 227 4284 1786 4354">
    <p class='ocr_par' dir='ltr' id='par_1_76' title="bbox 227 4284 1786 4354">
     <span class='ocr_line' id='line_1_76' title="bbox 227 4284 1786 4354; baseline 0.004 -21"><span class='ocrx_word' id='word_1_604' title='bbox 227 4294 300 4335; x_wconf 88' lang='lat' dir='ltr'><strong>me</strong></span> <span class='ocrx_word' id='word_1_605' title='bbox 318 4297 497 4338; x_wconf 90' lang='lat' dir='ltr'><strong>manus</strong></span> <span class='ocrx_word' id='word_1_606' title='bbox 519 4292 626 4339; x_wconf 69' lang='lat' dir='ltr'><strong>tusc</strong></span> <span class='ocrx_word' id='word_1_607' title='bbox 644 4284 708 4338; x_wconf 87' lang='lat' dir='ltr'><strong>ad</strong></span> <span class='ocrx_word' id='word_1_608' title='bbox 730 4294 874 4339; x_wconf 91' lang='lat' dir='ltr'><strong>tuam</strong></span> <span class='ocrx_word' id='word_1_609' title='bbox 896 4284 1121 4354; x_wconf 84' lang='lat' dir='ltr'><strong>elilgiem</strong></span> <span class='ocrx_word' id='word_1_610' title='bbox 1143 4285 1553 4354; x_wconf 86' lang='lat' dir='ltr'><strong>plasmaverunt.</strong></span> <span class='ocrx_word' id='word_1_611' title='bbox 1568 4285 1642 4339; x_wconf 90' lang='lat' dir='ltr'><strong>Da</strong></span> <span class='ocrx_word' id='word_1_612' title='bbox 1659 4302 1786 4353; x_wconf 82' lang='lat' dir='ltr'><strong>ergo</strong></span> 
     </span>
    </p>
   </div>
   <div class='ocr_carea' id='block_1_77' title="bbox 227 4370 1785 4446">
    <p class='ocr_par' dir='ltr' id='par_1_77' title="bbox 227 4370 1785 4446">
     <span class='ocr_line' id='line_1_77' title="bbox 227 4370 1785 4446; baseline 0.005 -25"><span class='ocrx_word' id='word_1_613' title='bbox 227 4370 341 4423; x_wconf 82' lang='lat' dir='ltr'><strong>mihi</strong></span> <span class='ocrx_word' id='word_1_614' title='bbox 370 4372 993 4439; x_wconf 87' lang='lat' dir='ltr'><strong>intellectum,ntdiscam</strong></span> <span class='ocrx_word' id='word_1_615' title='bbox 1020 4375 1267 4428; x_wconf 90' lang='lat' dir='ltr'><strong>mandata</strong></span> <span class='ocrx_word' id='word_1_616' title='bbox 1299 4383 1386 4429; x_wconf 88' lang='lat' dir='ltr'><strong>tua</strong></span> <span class='ocrx_word' id='word_1_617' title='bbox 1407 4377 1536 4430; x_wconf 87' lang='lat' dir='ltr'><strong>:ista</strong></span> <span class='ocrx_word' id='word_1_618' title='bbox 1563 4377 1785 4446; x_wconf 87' lang='lat' dir='ltr'><strong>cupien-</strong></span> 
     </span>
    </p>
   </div>
   <div class='ocr_carea' id='block_1_78' title="bbox 1877 3278 3467 3348">
    <p class='ocr_par' dir='ltr' id='par_1_78' title="bbox 1877 3278 3467 3348">
     <span class='ocr_line' id='line_1_78' title="bbox 1877 3278 3467 3348; baseline -0.001 -18"><span class='ocrx_word' id='word_1_619' title='bbox 1877 3287 2010 3332; x_wconf 84' lang='lat' dir='ltr'><strong>tores</strong></span> <span class='ocrx_word' id='word_1_620' title='bbox 2052 3289 2108 3331; x_wconf 87' lang='lat' dir='ltr'><strong>ut</strong></span> <span class='ocrx_word' id='word_1_621' title='bbox 2145 3278 2411 3348; x_wconf 84' lang='lat' dir='ltr'><strong>perderent</strong></span> <span class='ocrx_word' id='word_1_622' title='bbox 2461 3294 2561 3341; x_wconf 89' lang='lat' dir='ltr'><strong>me,</strong></span> <span class='ocrx_word' id='word_1_623' title='bbox 2595 3278 2881 3331; x_wconf 82' lang='lat' dir='ltr'><strong>testimonia</strong></span> <span class='ocrx_word' id='word_1_624' title='bbox 2925 3288 3009 3331; x_wconf 87' lang='lat' dir='ltr'><strong>tua</strong></span> <span class='ocrx_word' id='word_1_625' title='bbox 3047 3279 3297 3331; x_wconf 59' lang='lat' dir='ltr'><strong>intellexi.</strong></span> <span class='ocrx_word' id='word_1_626' title='bbox 3341 3278 3467 3331; x_wconf 60' lang='lat' dir='ltr'><strong>0m-</strong></span> 
     </span>
    </p>
   </div>
   <div class='ocr_carea' id='block_1_79' title="bbox 1877 3368 3466 3437">
    <p class='ocr_par' dir='ltr' id='par_1_79' title="bbox 1877 3368 3466 3437">
     <span class='ocr_line' id='line_1_79' title="bbox 1877 3368 3466 3437; baseline -0.002 -15"><span class='ocrx_word' id='word_1_627' title='bbox 1877 3372 1959 3423; x_wconf 88' lang='lat' dir='ltr'><strong>nis</strong></span> <span class='ocrx_word' id='word_1_628' title='bbox 1989 3370 2440 3425; x_wconf 80' lang='lat' dir='ltr'><strong>consummationis</strong></span> <span class='ocrx_word' id='word_1_629' title='bbox 2462 3368 2561 3421; x_wconf 70' lang='lat' dir='ltr'><strong>vidi</strong></span> <span class='ocrx_word' id='word_1_630' title='bbox 2592 3368 2776 3437; x_wconf 79' lang='lat' dir='ltr'><strong>ﬁnem,</strong></span> <span class='ocrx_word' id='word_1_631' title='bbox 2810 3368 2968 3421; x_wconf 78' lang='lat' dir='ltr'><strong>latum</strong></span> <span class='ocrx_word' id='word_1_632' title='bbox 3000 3369 3297 3421; x_wconf 60' lang='lat' dir='ltr'><strong>mandatum</strong></span> <span class='ocrx_word' id='word_1_633' title='bbox 3328 3379 3466 3420; x_wconf 70' lang='lat' dir='ltr'><strong>(mm</strong></span> 
     </span>
    </p>
   </div>
   <div class='ocr_carea' id='block_1_80' title="bbox 1877 3463 2051 3517">
    <p class='ocr_par' dir='ltr' id='par_1_80' title="bbox 1877 3463 2051 3517">
     <span class='ocr_line' id='line_1_80' title="bbox 1877 3463 2051 3517; baseline -0.017 0"><span class='ocrx_word' id='word_1_634' title='bbox 1877 3463 2051 3517; x_wconf 87' lang='lat' dir='ltr'><strong>nimis.</strong></span> 
     </span>
    </p>
   </div>
   <div class='ocr_carea' id='block_1_81' title="bbox 1953 3547 3465 3622">
    <p class='ocr_par' dir='ltr' id='par_1_81' title="bbox 1953 3547 3465 3622">
     <span class='ocr_line' id='line_1_81' title="bbox 1953 3547 3465 3622; baseline -0.001 -17"><span class='ocrx_word' id='word_1_635' title='bbox 1953 3551 2220 3617; x_wconf 83' lang='lat' dir='ltr'><strong>Quomodo</strong></span> <span class='ocrx_word' id='word_1_636' title='bbox 2249 3552 2406 3606; x_wconf 67' lang='lat' dir='ltr'><strong>dilexi</strong></span> <span class='ocrx_word' id='word_1_637' title='bbox 2446 3553 2606 3622; x_wconf 81' lang='lat' dir='ltr'><strong>legem</strong></span> <span class='ocrx_word' id='word_1_638' title='bbox 2642 3560 2797 3613; x_wconf 86' lang='lat' dir='ltr'><strong>tuam,</strong></span> <span class='ocrx_word' id='word_1_639' title='bbox 2834 3547 3072 3613; x_wconf 81' lang='lat' dir='ltr'><strong>Domine,</strong></span> <span class='ocrx_word' id='word_1_640' title='bbox 3108 3559 3214 3602; x_wconf 89' lang='lat' dir='ltr'><strong>tota</strong></span> <span class='ocrx_word' id='word_1_641' title='bbox 3246 3552 3330 3601; x_wconf 75' lang='lat' dir='ltr'><strong>die</strong></span> <span class='ocrx_word' id='word_1_642' title='bbox 3358 3570 3465 3603; x_wconf 63' lang='lat' dir='ltr'><strong>nm-</strong></span> 
     </span>
    </p>
   </div>
   <div class='ocr_carea' id='block_1_82' title="bbox 1883 3640 3468 3712">
    <p class='ocr_par' dir='ltr' id='par_1_82' title="bbox 1883 3640 3468 3712">
     <span class='ocr_line' id='line_1_82' title="bbox 1883 3640 3468 3712; baseline -0.003 -13"><span class='ocrx_word' id='word_1_643' title='bbox 1883 3646 2068 3699; x_wconf 82' lang='lat' dir='ltr'><strong>ditat&#39;o</strong></span> <span class='ocrx_word' id='word_1_644' title='bbox 2111 3662 2223 3698; x_wconf 88' lang='lat' dir='ltr'><strong>mea</strong></span> <span class='ocrx_word' id='word_1_645' title='bbox 2252 3654 2345 3698; x_wconf 87' lang='lat' dir='ltr'><strong>est.</strong></span> <span class='ocrx_word' id='word_1_646' title='bbox 2399 3643 2566 3712; x_wconf 82' lang='lat' dir='ltr'><strong>Super</strong></span> <span class='ocrx_word' id='word_1_647' title='bbox 2609 3640 2848 3695; x_wconf 83' lang='lat' dir='ltr'><strong>inimicos</strong></span> <span class='ocrx_word' id='word_1_648' title='bbox 2894 3658 3030 3694; x_wconf 83' lang='lat' dir='ltr'><strong>meos</strong></span> <span class='ocrx_word' id='word_1_649' title='bbox 3070 3642 3468 3711; x_wconf 72' lang='lat' dir='ltr'><strong>prndentemme</strong></span> 
     </span>
    </p>
   </div>
   <div class='ocr_carea' id='block_1_83' title="bbox 1884 3732 3468 3813">
    <p class='ocr_par' dir='ltr' id='par_1_83' title="bbox 1884 3732 3468 3813">
     <span class='ocr_line' id='line_1_83' title="bbox 1884 3732 3468 3813; baseline -0.004 -20"><span class='ocrx_word' id='word_1_650' title='bbox 1884 3741 2049 3813; x_wconf 76' lang='lat' dir='ltr'><strong>fecisti</strong></span> <span class='ocrx_word' id='word_1_651' title='bbox 2076 3737 2320 3792; x_wconf 81' lang='lat' dir='ltr'><strong>mandato</strong></span> <span class='ocrx_word' id='word_1_652' title='bbox 2367 3744 2473 3800; x_wconf 88' lang='lat' dir='ltr'><strong>tuo,</strong></span> <span class='ocrx_word' id='word_1_653' title='bbox 2503 3737 2623 3806; x_wconf 80' lang='lat' dir='ltr'><strong>quia</strong></span> <span class='ocrx_word' id='word_1_654' title='bbox 2650 3736 2701 3787; x_wconf 91' lang='lat' dir='ltr'><strong>in</strong></span> <span class='ocrx_word' id='word_1_655' title='bbox 2731 3743 2978 3788; x_wconf 73' lang='lat' dir='ltr'><strong>teternum</strong></span> <span class='ocrx_word' id='word_1_656' title='bbox 3016 3733 3144 3786; x_wconf 72' lang='lat' dir='ltr'><strong>milii</strong></span> <span class='ocrx_word' id='word_1_657' title='bbox 3172 3744 3268 3786; x_wconf 82' lang='lat' dir='ltr'><strong>est.</strong></span> <span class='ocrx_word' id='word_1_658' title='bbox 3301 3732 3468 3803; x_wconf 87' lang='lat' dir='ltr'><strong>Super</strong></span> 
     </span>
    </p>
   </div>
   <div class='ocr_carea' id='block_1_84' title="bbox 1884 3828 3470 3898">
    <p class='ocr_par' dir='ltr' id='par_1_84' title="bbox 1884 3828 3470 3898">
     <span class='ocr_line' id='line_1_84' title="bbox 1884 3828 3470 3898; baseline -0.004 -13"><span class='ocrx_word' id='word_1_659' title='bbox 1884 3849 2058 3886; x_wconf 88' lang='lat' dir='ltr'><strong>omnes</strong></span> <span class='ocrx_word' id='word_1_660' title='bbox 2086 3831 2322 3884; x_wconf 80' lang='lat' dir='ltr'><strong>docentes</strong></span> <span class='ocrx_word' id='word_1_661' title='bbox 2344 3846 2424 3882; x_wconf 87' lang='lat' dir='ltr'><strong>me</strong></span> <span class='ocrx_word' id='word_1_662' title='bbox 2452 3829 2699 3890; x_wconf 63' lang='lat' dir='ltr'><strong>intellexi,</strong></span> <span class='ocrx_word' id='word_1_663' title='bbox 2722 3828 2841 3898; x_wconf 80' lang='lat' dir='ltr'><strong>quia</strong></span> <span class='ocrx_word' id='word_1_664' title='bbox 2875 3828 3160 3879; x_wconf 85' lang='lat' dir='ltr'><strong>testimonia</strong></span> <span class='ocrx_word' id='word_1_665' title='bbox 3193 3838 3276 3878; x_wconf 89' lang='lat' dir='ltr'><strong>tua</strong></span> <span class='ocrx_word' id='word_1_666' title='bbox 3307 3828 3470 3880; x_wconf 73' lang='lat' dir='ltr'><strong>medi-</strong></span> 
     </span>
    </p>
   </div>
   <div class='ocr_carea' id='block_1_85' title="bbox 1885 3919 3467 3989">
    <p class='ocr_par' dir='ltr' id='par_1_85' title="bbox 1885 3919 3467 3989">
     <span class='ocr_line' id='line_1_85' title="bbox 1885 3919 3467 3989; baseline -0.004 -14"><span class='ocrx_word' id='word_1_667' title='bbox 1885 3924 2011 3975; x_wconf 86' lang='lat' dir='ltr'><strong>tatio</strong></span> <span class='ocrx_word' id='word_1_668' title='bbox 2041 3939 2153 3975; x_wconf 86' lang='lat' dir='ltr'><strong>mea</strong></span> <span class='ocrx_word' id='word_1_669' title='bbox 2184 3930 2277 3973; x_wconf 79' lang='lat' dir='ltr'><strong>est.</strong></span> <span class='ocrx_word' id='word_1_670' title='bbox 2314 3920 2481 3988; x_wconf 71' lang='lat' dir='ltr'><strong>Super</strong></span> <span class='ocrx_word' id='word_1_671' title='bbox 2511 3936 2656 3972; x_wconf 80' lang='lat' dir='ltr'><strong>senes</strong></span> <span class='ocrx_word' id='word_1_672' title='bbox 2679 3920 2925 3981; x_wconf 69' lang='lat' dir='ltr'><strong>intellexi,</strong></span> <span class='ocrx_word' id='word_1_673' title='bbox 2955 3920 3073 3989; x_wconf 82' lang='lat' dir='ltr'><strong>quia</strong></span> <span class='ocrx_word' id='word_1_674' title='bbox 3107 3919 3353 3971; x_wconf 81' lang='lat' dir='ltr'><strong>mandata</strong></span> <span class='ocrx_word' id='word_1_675' title='bbox 3382 3925 3467 3969; x_wconf 86' lang='lat' dir='ltr'><strong>tua</strong></span> 
     </span>
    </p>
   </div>
   <div class='ocr_carea' id='block_1_86' title="bbox 1885 4008 3469 4083">
    <p class='ocr_par' dir='ltr' id='par_1_86' title="bbox 1885 4008 3469 4083">
     <span class='ocr_line' id='line_1_86' title="bbox 1885 4008 3469 4083; baseline -0.003 -18"><span class='ocrx_word' id='word_1_676' title='bbox 1885 4013 2112 4083; x_wconf 71' lang='lat' dir='ltr'><strong>qumsiri.</strong></span> <span class='ocrx_word' id='word_1_677' title='bbox 2145 4011 2219 4062; x_wconf 79' lang='lat' dir='ltr'><strong>Ab</strong></span> <span class='ocrx_word' id='word_1_678' title='bbox 2248 4013 2385 4063; x_wconf 90' lang='lat' dir='ltr'><strong>omni</strong></span> <span class='ocrx_word' id='word_1_679' title='bbox 2434 4012 2516 4063; x_wconf 79' lang='lat' dir='ltr'><strong>ria</strong></span> <span class='ocrx_word' id='word_1_680' title='bbox 2559 4010 2697 4062; x_wconf 85' lang='lat' dir='ltr'><strong>mala</strong></span> <span class='ocrx_word' id='word_1_681' title='bbox 2748 4008 2983 4079; x_wconf 78' lang='lat' dir='ltr'><strong>prohibui</strong></span> <span class='ocrx_word' id='word_1_682' title='bbox 3031 4010 3183 4078; x_wconf 79' lang='lat' dir='ltr'><strong>pedes</strong></span> <span class='ocrx_word' id='word_1_683' title='bbox 3210 4026 3368 4073; x_wconf 86' lang='lat' dir='ltr'><strong>meos,</strong></span> <span class='ocrx_word' id='word_1_684' title='bbox 3414 4018 3469 4061; x_wconf 87' lang='lat' dir='ltr'><strong>ut</strong></span> 
     </span>
    </p>
   </div>
   <div class='ocr_carea' id='block_1_87' title="bbox 1886 4098 3470 4169">
    <p class='ocr_par' dir='ltr' id='par_1_87' title="bbox 1886 4098 3470 4169">
     <span class='ocr_line' id='line_1_87' title="bbox 1886 4098 3470 4169; baseline -0.003 -13"><span class='ocrx_word' id='word_1_685' title='bbox 1886 4102 2167 4157; x_wconf 73' lang='lat' dir='ltr'><strong>cusfodimn</strong></span> <span class='ocrx_word' id='word_1_686' title='bbox 2190 4101 2338 4153; x_wconf 83' lang='lat' dir='ltr'><strong>rerba</strong></span> <span class='ocrx_word' id='word_1_687' title='bbox 2362 4111 2465 4152; x_wconf 85' lang='lat' dir='ltr'><strong>tua.</strong></span> <span class='ocrx_word' id='word_1_688' title='bbox 2496 4101 2531 4151; x_wconf 78' lang='grc' dir='ltr'><em>Α</em></span> <span class='ocrx_word' id='word_1_689' title='bbox 2558 4099 2772 4168; x_wconf 86' lang='lat' dir='ltr'><strong>judiciis</strong></span> <span class='ocrx_word' id='word_1_690' title='bbox 2795 4100 2896 4151; x_wconf 85' lang='lat' dir='ltr'><strong>tuis</strong></span> <span class='ocrx_word' id='word_1_691' title='bbox 2926 4114 3026 4151; x_wconf 85' lang='lat' dir='ltr'><strong>non</strong></span> <span class='ocrx_word' id='word_1_692' title='bbox 3058 4098 3326 4161; x_wconf 80' lang='lat' dir='ltr'><strong>declinari,</strong></span> <span class='ocrx_word' id='word_1_693' title='bbox 3350 4102 3470 4169; x_wconf 84' lang='lat' dir='ltr'><strong>quia</strong></span> 
     </span>
    </p>
   </div>
   <div class='ocr_carea' id='block_1_88' title="bbox 1888 4186 3472 4261">
    <p class='ocr_par' dir='ltr' id='par_1_88' title="bbox 1888 4186 3472 4261">
     <span class='ocr_line' id='line_1_88' title="bbox 1888 4186 3472 4261; baseline -0.003 -16"><span class='ocrx_word' id='word_1_694' title='bbox 1888 4200 1941 4245; x_wconf 84' lang='lat' dir='ltr'><strong>tu</strong></span> <span class='ocrx_word' id='word_1_695' title='bbox 1963 4190 2121 4261; x_wconf 80' lang='lat' dir='ltr'><strong>legem</strong></span> <span class='ocrx_word' id='word_1_696' title='bbox 2149 4191 2360 4261; x_wconf 75' lang='lat' dir='ltr'><strong>posuisti</strong></span> <span class='ocrx_word' id='word_1_697' title='bbox 2381 4190 2526 4242; x_wconf 79' lang='lat' dir='ltr'><strong>milii.</strong></span> <span class='ocrx_word' id='word_1_698' title='bbox 2563 4186 2727 4250; x_wconf 74' lang='lat' dir='ltr'><strong>Quam</strong></span> <span class='ocrx_word' id='word_1_699' title='bbox 2751 4188 2923 4240; x_wconf 71' lang='lat' dir='ltr'><strong>dulcia</strong></span> <span class='ocrx_word' id='word_1_700' title='bbox 2958 4186 3190 4257; x_wconf 75' lang='lat' dir='ltr'><strong>faucibus</strong></span> <span class='ocrx_word' id='word_1_701' title='bbox 3210 4187 3334 4241; x_wconf 78' lang='lat' dir='ltr'><strong>meis</strong></span> <span class='ocrx_word' id='word_1_702' title='bbox 3363 4188 3472 4240; x_wconf 81' lang='lat' dir='ltr'><strong>elo-</strong></span> 
     </span>
    </p>
   </div>
   <div class='ocr_carea' id='block_1_89' title="bbox 1886 4274 3467 4356">
    <p class='ocr_par' dir='ltr' id='par_1_89' title="bbox 1886 4274 3467 4356">
     <span class='ocr_line' id='line_1_89' title="bbox 1886 4274 3467 4356; baseline -0.004 -18"><span class='ocrx_word' id='word_1_703' title='bbox 1886 4285 2004 4356; x_wconf 87' lang='lat' dir='ltr'><strong>quia</strong></span> <span class='ocrx_word' id='word_1_704' title='bbox 2036 4293 2121 4335; x_wconf 87' lang='lat' dir='ltr'><strong>tua</strong></span> <span class='ocrx_word' id='word_1_705' title='bbox 2151 4298 2302 4351; x_wconf 80' lang='lat' dir='ltr'><strong>super</strong></span> <span class='ocrx_word' id='word_1_706' title='bbox 2329 4282 2427 4333; x_wconf 86' lang='lat' dir='ltr'><strong>mel</strong></span> <span class='ocrx_word' id='word_1_707' title='bbox 2456 4280 2534 4333; x_wconf 86' lang='lat' dir='ltr'><strong>ori</strong></span> <span class='ocrx_word' id='word_1_708' title='bbox 2553 4274 2757 4332; x_wconf 72' lang='lat' dir='ltr'><strong>mco.’.4</strong></span> <span class='ocrx_word' id='word_1_709' title='bbox 2787 4278 3046 4331; x_wconf 85' lang='lat' dir='ltr'><strong>mandatis</strong></span> <span class='ocrx_word' id='word_1_710' title='bbox 3077 4278 3178 4330; x_wconf 81' lang='lat' dir='ltr'><strong>tuis</strong></span> <span class='ocrx_word' id='word_1_711' title='bbox 3221 4277 3467 4341; x_wconf 64' lang='lat' dir='ltr'><strong>intellexi,</strong></span> 
     </span>
    </p>
   </div>
   <div class='ocr_carea' id='block_1_90' title="bbox 1889 4367 3043 4445">
    <p class='ocr_par' dir='ltr' id='par_1_90' title="bbox 1889 4367 3043 4445">
     <span class='ocr_line' id='line_1_90' title="bbox 1889 4367 3043 4445; baseline -0.008 -18"><span class='ocrx_word' id='word_1_712' title='bbox 1889 4383 2156 4445; x_wconf 82' lang='lat' dir='ltr'><strong>prapterea</strong></span> <span class='ocrx_word' id='word_1_713' title='bbox 2178 4371 2310 4425; x_wconf 73' lang='lat' dir='ltr'><strong>adiri</strong></span> <span class='ocrx_word' id='word_1_714' title='bbox 2340 4386 2539 4423; x_wconf 85' lang='lat' dir='ltr'><strong>omnem</strong></span> <span class='ocrx_word' id='word_1_715' title='bbox 2569 4369 2704 4421; x_wconf 82' lang='lat' dir='ltr'><strong>riam</strong></span> <span class='ocrx_word' id='word_1_716' title='bbox 2738 4367 3043 4437; x_wconf 77' lang='lat' dir='ltr'><strong>iniquitatis.</strong></span> 
     </span>
    </p>
   </div>
   <div class='ocr_carea' id='block_1_91' title="bbox 230 4451 3473 4534">
    <p class='ocr_par' dir='ltr' id='par_1_91' title="bbox 230 4451 3473 4534">
     <span class='ocr_line' id='line_1_91' title="bbox 230 4451 3473 4534; baseline 0.001 -22"><span class='ocrx_word' id='word_1_717' title='bbox 230 4465 339 4521; x_wconf 85' lang='lat' dir='ltr'><strong>tem.</strong></span> <span class='ocrx_word' id='word_1_718' title='bbox 370 4463 464 4516; x_wconf 87' lang='lat' dir='ltr'><strong>ista</strong></span> <span class='ocrx_word' id='word_1_719' title='bbox 495 4465 893 4519; x_wconf 83' lang='lat' dir='ltr'><strong>desiderantem</strong></span> <span class='ocrx_word' id='word_1_720' title='bbox 923 4466 1014 4534; x_wconf 90' lang='lat' dir='ltr'><strong>qui</strong></span> <span class='ocrx_word' id='word_1_721' title='bbox 1054 4466 1245 4520; x_wconf 86' lang='lat' dir='ltr'><strong>timent</strong></span> <span class='ocrx_word' id='word_1_722' title='bbox 1290 4475 1344 4521; x_wconf 89' lang='lat' dir='ltr'><strong>te</strong></span> <span class='ocrx_word' id='word_1_723' title='bbox 1392 4468 1647 4523; x_wconf 84' lang='lat' dir='ltr'><strong>videbunt</strong></span> <span class='ocrx_word' id='word_1_724' title='bbox 1673 4484 1777 4533; x_wconf 88' lang='lat' dir='ltr'><strong>mc,</strong></span> <span class='ocrx_word' id='word_1_725' title='bbox 1814 4451 1859 4508; x_wconf 83' lang='grc' dir='ltr'>υ</span> <span class='ocrx_word' id='word_1_726' title='bbox 1967 4464 2195 4517; x_wconf 83' lang='lat' dir='ltr'><strong>Lucerna</strong></span> <span class='ocrx_word' id='word_1_727' title='bbox 2224 4461 2433 4533; x_wconf 81' lang='lat' dir='ltr'><strong>pedibus</strong></span> <span class='ocrx_word' id='word_1_728' title='bbox 2454 4461 2580 4515; x_wconf 84' lang='lat' dir='ltr'><strong>meis</strong></span> <span class='ocrx_word' id='word_1_729' title='bbox 2602 4460 2803 4513; x_wconf 82' lang='lat' dir='ltr'><strong>verbum</strong></span> <span class='ocrx_word' id='word_1_730' title='bbox 2825 4467 2984 4525; x_wconf 83' lang='lat' dir='ltr'><strong>tuum,</strong></span> <span class='ocrx_word' id='word_1_731' title='bbox 3015 4469 3062 4512; x_wconf 84' lang='lat' dir='ltr'><strong>et</strong></span> <span class='ocrx_word' id='word_1_732' title='bbox 3089 4459 3257 4513; x_wconf 86' lang='lat' dir='ltr'><strong>lumen</strong></span> <span class='ocrx_word' id='word_1_733' title='bbox 3278 4462 3473 4516; x_wconf 83' lang='lat' dir='ltr'><strong>semitis</strong></span> 
     </span>
    </p>
   </div>
   <div class='ocr_carea' id='block_1_92' title="bbox 228 4551 1783 4629">
    <p class='ocr_par' dir='ltr' id='par_1_92' title="bbox 228 4551 1783 4629">
     <span class='ocr_line' id='line_1_92' title="bbox 228 4551 1783 4629; baseline 0.007 -27"><span class='ocrx_word' id='word_1_734' title='bbox 228 4557 274 4602; x_wconf 85' lang='lat' dir='ltr'><strong>et</strong></span> <span class='ocrx_word' id='word_1_735' title='bbox 309 4551 643 4608; x_wconf 70' lang='lat' dir='ltr'><strong>ltetabuntur.</strong></span> <span class='ocrx_word' id='word_1_736' title='bbox 675 4554 806 4620; x_wconf 82' lang='lat' dir='ltr'><strong>Quia</strong></span> <span class='ocrx_word' id='word_1_737' title='bbox 856 4556 907 4608; x_wconf 93' lang='lat' dir='ltr'><strong>in</strong></span> <span class='ocrx_word' id='word_1_738' title='bbox 956 4558 1290 4611; x_wconf 87' lang='lat' dir='ltr'><strong>sermonibus</strong></span> <span class='ocrx_word' id='word_1_739' title='bbox 1330 4558 1432 4613; x_wconf 90' lang='lat' dir='ltr'><strong>tuis</strong></span> <span class='ocrx_word' id='word_1_740' title='bbox 1470 4559 1697 4629; x_wconf 86' lang='lat' dir='ltr'><strong>speravi.</strong></span> <span class='ocrx_word' id='word_1_741' title='bbox 1726 4559 1783 4613; x_wconf 94' lang='lat' dir='ltr'><strong>ln</strong></span> 
     </span>
    </p>
   </div>
   <div class='ocr_carea' id='block_1_93' title="bbox 229 4640 1787 4719">
    <p class='ocr_par' dir='ltr' id='par_1_93' title="bbox 229 4640 1787 4719">
     <span class='ocr_line' id='line_1_93' title="bbox 229 4640 1787 4719; baseline 0.006 -26"><span class='ocrx_word' id='word_1_742' title='bbox 229 4640 342 4708; x_wconf 89' lang='lat' dir='ltr'><strong>ipsis</strong></span> <span class='ocrx_word' id='word_1_743' title='bbox 369 4646 505 4698; x_wconf 88' lang='lat' dir='ltr'><strong>enim</strong></span> <span class='ocrx_word' id='word_1_744' title='bbox 532 4662 633 4714; x_wconf 81' lang='lat' dir='ltr'><strong>cog</strong></span> <span class='ocrx_word' id='word_1_745' title='bbox 660 4647 761 4699; x_wconf 51' lang='lat' dir='ltr'><strong>iovi</strong></span> <span class='ocrx_word' id='word_1_746' title='bbox 798 4648 919 4715; x_wconf 89' lang='lat' dir='ltr'><strong>quia</strong></span> <span class='ocrx_word' id='word_1_747' title='bbox 960 4646 1520 4719; x_wconf 73' lang='lat' dir='ltr'><strong>mquitasjudiciatna.</strong></span> <span class='ocrx_word' id='word_1_748' title='bbox 1539 4647 1669 4701; x_wconf 79' lang='lat' dir='ltr'><strong>Etin</strong></span> <span class='ocrx_word' id='word_1_749' title='bbox 1696 4665 1787 4703; x_wconf 81' lang='lat' dir='ltr'><strong>vc-</strong></span> 
     </span>
    </p>
   </div>
   <div class='ocr_carea' id='block_1_94' title="bbox 230 4732 1790 4802">
    <p class='ocr_par' dir='ltr' id='par_1_94' title="bbox 230 4732 1790 4802">
     <span class='ocr_line' id='line_1_94' title="bbox 230 4732 1790 4802; baseline 0.006 -20"><span class='ocrx_word' id='word_1_750' title='bbox 230 4732 372 4788; x_wconf 89' lang='lat' dir='ltr'><strong>ritate</strong></span> <span class='ocrx_word' id='word_1_751' title='bbox 399 4734 687 4790; x_wconf 84' lang='lat' dir='ltr'><strong>humiliasti</strong></span> <span class='ocrx_word' id='word_1_752' title='bbox 743 4753 858 4801; x_wconf 88' lang='lat' dir='ltr'><strong>me;</strong></span> <span class='ocrx_word' id='word_1_753' title='bbox 903 4738 950 4790; x_wconf 69' lang='lat' dir='ltr'><strong>id</strong></span> <span class='ocrx_word' id='word_1_754' title='bbox 996 4746 1094 4802; x_wconf 68' lang='lat' dir='ltr'><strong>est,</strong></span> <span class='ocrx_word' id='word_1_755' title='bbox 1133 4754 1258 4792; x_wconf 87' lang='lat' dir='ltr'><strong>vera</strong></span> <span class='ocrx_word' id='word_1_756' title='bbox 1287 4753 1446 4794; x_wconf 90' lang='lat' dir='ltr'><strong>causa</strong></span> <span class='ocrx_word' id='word_1_757' title='bbox 1498 4740 1701 4793; x_wconf 76' lang='lat' dir='ltr'><strong>exstitit</strong></span> <span class='ocrx_word' id='word_1_758' title='bbox 1729 4748 1790 4792; x_wconf 88' lang='lat' dir='ltr'><strong>ut</strong></span> 
     </span>
    </p>
   </div>
   <div class='ocr_carea' id='block_1_95' title="bbox 232 4823 1789 4899">
    <p class='ocr_par' dir='ltr' id='par_1_95' title="bbox 232 4823 1789 4899">
     <span class='ocr_line' id='line_1_95' title="bbox 232 4823 1789 4899; baseline 0.007 -27"><span class='ocrx_word' id='word_1_759' title='bbox 232 4823 521 4880; x_wconf 78' lang='lat' dir='ltr'><strong>humiliores</strong></span> <span class='ocrx_word' id='word_1_760' title='bbox 550 4842 652 4880; x_wconf 87' lang='lat' dir='ltr'><strong>me.</strong></span> <span class='ocrx_word' id='word_1_761' title='bbox 684 4826 910 4896; x_wconf 81' lang='lat' dir='ltr'><strong>Propter</strong></span> <span class='ocrx_word' id='word_1_762' title='bbox 957 4829 1289 4897; x_wconf 86' lang='lat' dir='ltr'><strong>iniquitatem</strong></span> <span class='ocrx_word' id='word_1_763' title='bbox 1318 4830 1459 4883; x_wconf 89' lang='lat' dir='ltr'><strong>enim</strong></span> <span class='ocrx_word' id='word_1_764' title='bbox 1487 4830 1789 4899; x_wconf 90' lang='lat' dir='ltr'><strong>corripuisti</strong></span> 
     </span>
    </p>
   </div>
   <div class='ocr_carea' id='block_1_96' title="bbox 233 4910 1787 4981">
    <p class='ocr_par' dir='ltr' id='par_1_96' title="bbox 233 4910 1787 4981">
     <span class='ocr_line' id='line_1_96' title="bbox 233 4910 1787 4981; baseline 0.006 -18"><span class='ocrx_word' id='word_1_765' title='bbox 233 4925 325 4965; x_wconf 87' lang='lat' dir='ltr'><strong>me.</strong></span> <span class='ocrx_word' id='word_1_766' title='bbox 355 4910 468 4967; x_wconf 86' lang='lat' dir='ltr'><strong>Fiat</strong></span> <span class='ocrx_word' id='word_1_767' title='bbox 516 4932 656 4969; x_wconf 90' lang='lat' dir='ltr'><strong>nunc</strong></span> <span class='ocrx_word' id='word_1_768' title='bbox 714 4918 1074 4971; x_wconf 84' lang='lat' dir='ltr'><strong>misericordia</strong></span> <span class='ocrx_word' id='word_1_769' title='bbox 1116 4927 1226 4981; x_wconf 84' lang='lat' dir='ltr'><strong>tua,</strong></span> <span class='ocrx_word' id='word_1_770' title='bbox 1260 4926 1319 4973; x_wconf 91' lang='lat' dir='ltr'><strong>ut</strong></span> <span class='ocrx_word' id='word_1_771' title='bbox 1344 4919 1652 4975; x_wconf 88' lang='lat' dir='ltr'><strong>consoletur</strong></span> <span class='ocrx_word' id='word_1_772' title='bbox 1681 4935 1787 4981; x_wconf 90' lang='lat' dir='ltr'><strong>mc,</strong></span> 
     </span>
    </p>
   </div>
   <div class='ocr_carea' id='block_1_97' title="bbox 231 5001 1792 5074">
    <p class='ocr_par' dir='ltr' id='par_1_97' title="bbox 231 5001 1792 5074">
     <span class='ocr_line' id='line_1_97' title="bbox 231 5001 1792 5074; baseline 0.008 -23"><span class='ocrx_word' id='word_1_773' title='bbox 231 5001 505 5056; x_wconf 83' lang='lat' dir='ltr'><strong>secundum</strong></span> <span class='ocrx_word' id='word_1_774' title='bbox 535 5006 805 5074; x_wconf 87' lang='lat' dir='ltr'><strong>eloquium</strong></span> <span class='ocrx_word' id='word_1_775' title='bbox 856 5016 1001 5060; x_wconf 88' lang='lat' dir='ltr'><strong>tuum</strong></span> <span class='ocrx_word' id='word_1_776' title='bbox 1044 5023 1200 5061; x_wconf 84' lang='lat' dir='ltr'><strong>servo</strong></span> <span class='ocrx_word' id='word_1_777' title='bbox 1249 5018 1361 5062; x_wconf 91' lang='lat' dir='ltr'><strong>tuo.</strong></span> <span class='ocrx_word' id='word_1_778' title='bbox 1393 5007 1624 5063; x_wconf 83' lang='lat' dir='ltr'><strong>Veniant</strong></span> <span class='ocrx_word' id='word_1_779' title='bbox 1663 5008 1792 5063; x_wconf 88' lang='lat' dir='ltr'><strong>mihi</strong></span> 
     </span>
    </p>
   </div>
   <div class='ocr_carea' id='block_1_98' title="bbox 234 5090 1794 5167">
    <p class='ocr_par' dir='ltr' id='par_1_98' title="bbox 234 5090 1794 5167">
     <span class='ocr_line' id='line_1_98' title="bbox 234 5090 1794 5167; baseline 0.01 -26"><span class='ocrx_word' id='word_1_780' title='bbox 234 5090 589 5151; x_wconf 85' lang='lat' dir='ltr'><strong>miserationes</strong></span> <span class='ocrx_word' id='word_1_781' title='bbox 637 5109 758 5157; x_wconf 74' lang='lat' dir='ltr'><strong>tum,</strong></span> <span class='ocrx_word' id='word_1_782' title='bbox 792 5108 845 5152; x_wconf 86' lang='lat' dir='ltr'><strong>et</strong></span> <span class='ocrx_word' id='word_1_783' title='bbox 886 5100 1081 5165; x_wconf 86' lang='lat' dir='ltr'><strong>vivam,</strong></span> <span class='ocrx_word' id='word_1_784' title='bbox 1122 5101 1245 5167; x_wconf 87' lang='lat' dir='ltr'><strong>quia</strong></span> <span class='ocrx_word' id='word_1_785' title='bbox 1272 5102 1357 5155; x_wconf 80' lang='lat' dir='ltr'><strong>lex</strong></span> <span class='ocrx_word' id='word_1_786' title='bbox 1400 5111 1489 5157; x_wconf 91' lang='lat' dir='ltr'><strong>tua</strong></span> <span class='ocrx_word' id='word_1_787' title='bbox 1518 5101 1794 5157; x_wconf 84' lang='lat' dir='ltr'><strong>meditatio</strong></span> 
     </span>
    </p>
   </div>
   <div class='ocr_carea' id='block_1_99' title="bbox 236 5184 1797 5269">
    <p class='ocr_par' dir='ltr' id='par_1_99' title="bbox 236 5184 1797 5269">
     <span class='ocr_line' id='line_1_99' title="bbox 236 5184 1797 5269; baseline 0.01 -36"><span class='ocrx_word' id='word_1_788' title='bbox 236 5192 341 5236; x_wconf 83' lang='lat' dir='ltr'><strong>mea</strong></span> <span class='ocrx_word' id='word_1_789' title='bbox 362 5194 460 5237; x_wconf 89' lang='lat' dir='ltr'><strong>est.</strong></span> <span class='ocrx_word' id='word_1_790' title='bbox 502 5184 807 5242; x_wconf 80' lang='lat' dir='ltr'><strong>Cavendum</strong></span> <span class='ocrx_word' id='word_1_791' title='bbox 833 5205 959 5269; x_wconf 75' lang='lat' dir='ltr'><strong>sane</strong></span> <span class='ocrx_word' id='word_1_792' title='bbox 983 5200 1038 5243; x_wconf 90' lang='lat' dir='ltr'><strong>et</strong></span> <span class='ocrx_word' id='word_1_793' title='bbox 1064 5190 1478 5260; x_wconf 70' lang='lat' dir='ltr'><strong>prrevidendum,</strong></span> <span class='ocrx_word' id='word_1_794' title='bbox 1510 5193 1633 5262; x_wconf 89' lang='lat' dir='ltr'><strong>quia</strong></span> <span class='ocrx_word' id='word_1_795' title='bbox 1661 5207 1797 5261; x_wconf 89' lang='lat' dir='ltr'><strong>quo-</strong></span> 
     </span>
    </p>
   </div>
   <div class='ocr_carea' id='block_1_100' title="bbox 236 5269 1797 5354">
    <p class='ocr_par' dir='ltr' id='par_1_100' title="bbox 236 5269 1797 5354">
     <span class='ocr_line' id='line_1_100' title="bbox 236 5269 1797 5354; baseline 0.01 -31"><span class='ocrx_word' id='word_1_796' title='bbox 236 5269 536 5343; x_wconf 86' lang='lat' dir='ltr'><strong>tiescunque</strong></span> <span class='ocrx_word' id='word_1_797' title='bbox 555 5276 636 5332; x_wconf 78' lang='lat' dir='ltr'><strong>lex</strong></span> <span class='ocrx_word' id='word_1_798' title='bbox 666 5277 761 5333; x_wconf 78' lang='lat' dir='ltr'><strong>Dei</strong></span> <span class='ocrx_word' id='word_1_799' title='bbox 791 5280 1066 5334; x_wconf 77' lang='lat' dir='ltr'><strong>meditatio</strong></span> <span class='ocrx_word' id='word_1_800' title='bbox 1087 5293 1266 5336; x_wconf 89' lang='lat' dir='ltr'><strong>nostra</strong></span> <span class='ocrx_word' id='word_1_801' title='bbox 1296 5289 1395 5348; x_wconf 80' lang='lat' dir='ltr'><strong>est,</strong></span> <span class='ocrx_word' id='word_1_802' title='bbox 1430 5292 1556 5338; x_wconf 88' lang='lat' dir='ltr'><strong>tunc</strong></span> <span class='ocrx_word' id='word_1_803' title='bbox 1582 5284 1797 5354; x_wconf 82' lang='lat' dir='ltr'><strong>superbi</strong></span> 
     </span>
    </p>
   </div>
   <div class='ocr_carea' id='block_1_101' title="bbox 238 5356 1796 5437">
    <p class='ocr_par' dir='ltr' id='par_1_101' title="bbox 238 5356 1796 5437">
     <span class='ocr_line' id='line_1_101' title="bbox 238 5356 1796 5437; baseline 0.01 -24"><span class='ocrx_word' id='word_1_804' title='bbox 238 5356 533 5429; x_wconf 84' lang='lat' dir='ltr'><strong>iniquitates</strong></span> <span class='ocrx_word' id='word_1_805' title='bbox 553 5377 842 5437; x_wconf 84' lang='lat' dir='ltr'><strong>operantur</strong></span> <span class='ocrx_word' id='word_1_806' title='bbox 871 5371 924 5423; x_wconf 87' lang='lat' dir='ltr'><strong>in</strong></span> <span class='ocrx_word' id='word_1_807' title='bbox 953 5370 1126 5424; x_wconf 87' lang='lat' dir='ltr'><strong>nobis.</strong></span> <span class='ocrx_word' id='word_1_808' title='bbox 1159 5369 1371 5437; x_wconf 86' lang='lat' dir='ltr'><strong>Quanto</strong></span> <span class='ocrx_word' id='word_1_809' title='bbox 1400 5373 1542 5427; x_wconf 88' lang='lat' dir='ltr'><strong>enim</strong></span> <span class='ocrx_word' id='word_1_810' title='bbox 1571 5388 1669 5427; x_wconf 91' lang='lat' dir='ltr'><strong>nos</strong></span> <span class='ocrx_word' id='word_1_811' title='bbox 1694 5373 1796 5428; x_wconf 87' lang='lat' dir='ltr'><strong>hu-</strong></span> 
     </span>
    </p>
   </div>
   <div class='ocr_carea' id='block_1_102' title="bbox 239 5450 1800 5530">
    <p class='ocr_par' dir='ltr' id='par_1_102' title="bbox 239 5450 1800 5530">
     <span class='ocr_line' id='line_1_102' title="bbox 239 5450 1800 5530; baseline 0.01 -26"><span class='ocrx_word' id='word_1_812' title='bbox 239 5450 461 5509; x_wconf 84' lang='lat' dir='ltr'><strong>miliores</strong></span> <span class='ocrx_word' id='word_1_813' title='bbox 489 5466 707 5528; x_wconf 81' lang='lat' dir='ltr'><strong>propter</strong></span> <span class='ocrx_word' id='word_1_814' title='bbox 733 5457 921 5515; x_wconf 78' lang='lat' dir='ltr'><strong>.Dcum</strong></span> <span class='ocrx_word' id='word_1_815' title='bbox 945 5470 1064 5516; x_wconf 83' lang='lat' dir='ltr'><strong>esse</strong></span> <span class='ocrx_word' id='word_1_816' title='bbox 1094 5462 1437 5530; x_wconf 82' lang='lat' dir='ltr'><strong>voluerimus,</strong></span> <span class='ocrx_word' id='word_1_817' title='bbox 1473 5472 1623 5519; x_wconf 82' lang='lat' dir='ltr'><strong>tanto</strong></span> <span class='ocrx_word' id='word_1_818' title='bbox 1644 5466 1800 5520; x_wconf 84' lang='lat' dir='ltr'><strong>nobis</strong></span> 
     </span>
    </p>
   </div>
   <div class='ocr_carea' id='block_1_103' title="bbox 240 5544 1801 5625">
    <p class='ocr_par' dir='ltr' id='par_1_103' title="bbox 240 5544 1801 5625">
     <span class='ocr_line' id='line_1_103' title="bbox 240 5544 1801 5625; baseline 0.012 -32"><span class='ocrx_word' id='word_1_819' title='bbox 240 5544 440 5609; x_wconf 84' lang='lat' dir='ltr'><strong>superbi</strong></span> <span class='ocrx_word' id='word_1_820' title='bbox 470 5550 749 5617; x_wconf 78' lang='lat' dir='ltr'><strong>nequiores</strong></span> <span class='ocrx_word' id='word_1_821' title='bbox 764 5551 1016 5606; x_wconf 75' lang='lat' dir='ltr'><strong>existunt.</strong></span> <span class='ocrx_word' id='word_1_822' title='bbox 1042 5549 1475 5615; x_wconf 81' lang='lat' dir='ltr'><strong>Confundantur,</strong></span> <span class='ocrx_word' id='word_1_823' title='bbox 1499 5555 1691 5625; x_wconf 85' lang='lat' dir='ltr'><strong>inquit.</strong></span> <span class='ocrx_word' id='word_1_824' title='bbox 1709 5571 1801 5611; x_wconf 86' lang='lat' dir='ltr'><strong>su-</strong></span> 
     </span>
    </p>
   </div>
   <div class='ocr_carea' id='block_1_104' title="bbox 242 5632 1798 5716">
    <p class='ocr_par' dir='ltr' id='par_1_104' title="bbox 242 5632 1798 5716">
     <span class='ocr_line' id='line_1_104' title="bbox 242 5632 1798 5716; baseline 0.01 -31"><span class='ocrx_word' id='word_1_825' title='bbox 242 5632 401 5700; x_wconf 79' lang='lat' dir='ltr'><strong>perbi,</strong></span> <span class='ocrx_word' id='word_1_826' title='bbox 422 5639 546 5706; x_wconf 87' lang='lat' dir='ltr'><strong>quia</strong></span> <span class='ocrx_word' id='word_1_827' title='bbox 576 5641 765 5711; x_wconf 81' lang='lat' dir='ltr'><strong>injuste</strong></span> <span class='ocrx_word' id='word_1_828' title='bbox 803 5641 1139 5711; x_wconf 86' lang='lat' dir='ltr'><strong>iniquitatem</strong></span> <span class='ocrx_word' id='word_1_829' title='bbox 1183 5640 1423 5698; x_wconf 74' lang='lat' dir='ltr'><strong>fecerunt</strong></span> <span class='ocrx_word' id='word_1_830' title='bbox 1457 5644 1509 5698; x_wconf 92' lang='lat' dir='ltr'><strong>in</strong></span> <span class='ocrx_word' id='word_1_831' title='bbox 1553 5660 1657 5702; x_wconf 83' lang='lat' dir='ltr'><strong>me.</strong></span> <span class='ocrx_word' id='word_1_832' title='bbox 1688 5643 1798 5716; x_wconf 82' lang='lat' dir='ltr'><strong>Ego</strong></span> 
     </span>
    </p>
   </div>
   <div class='ocr_carea' id='block_1_105' title="bbox 1888 4550 3467 4621">
    <p class='ocr_par' dir='ltr' id='par_1_105' title="bbox 1888 4550 3467 4621">
     <span class='ocr_line' id='line_1_105' title="bbox 1888 4550 3467 4621; baseline -0.003 -11"><span class='ocrx_word' id='word_1_833' title='bbox 1888 4556 2032 4610; x_wconf 86' lang='lat' dir='ltr'><strong>meis.</strong></span> <span class='ocrx_word' id='word_1_834' title='bbox 2060 4553 2244 4608; x_wconf 74' lang='lat' dir='ltr'><strong>Juraii</strong></span> <span class='ocrx_word' id='word_1_835' title='bbox 2280 4563 2329 4607; x_wconf 87' lang='lat' dir='ltr'><strong>et</strong></span> <span class='ocrx_word' id='word_1_836' title='bbox 2376 4553 2532 4607; x_wconf 84' lang='lat' dir='ltr'><strong>statui</strong></span> <span class='ocrx_word' id='word_1_837' title='bbox 2572 4551 2828 4605; x_wconf 85' lang='lat' dir='ltr'><strong>custodire</strong></span> <span class='ocrx_word' id='word_1_838' title='bbox 2846 4550 3048 4620; x_wconf 86' lang='lat' dir='ltr'><strong>judicia</strong></span> <span class='ocrx_word' id='word_1_839' title='bbox 3087 4551 3307 4621; x_wconf 76' lang='lat' dir='ltr'><strong>justitia:</strong></span> <span class='ocrx_word' id='word_1_840' title='bbox 3348 4562 3467 4607; x_wconf 78' lang='lat' dir='ltr'><strong>tute.</strong></span> 
     </span>
    </p>
   </div>
   <div class='ocr_carea' id='block_1_106' title="bbox 1891 4642 3475 4715">
    <p class='ocr_par' dir='ltr' id='par_1_106' title="bbox 1891 4642 3475 4715">
     <span class='ocr_line' id='line_1_106' title="bbox 1891 4642 3475 4715; baseline -0.003 -16"><span class='ocrx_word' id='word_1_841' title='bbox 1891 4645 2210 4699; x_wconf 80' lang='lat' dir='ltr'><strong>Humiliatus</strong></span> <span class='ocrx_word' id='word_1_842' title='bbox 2250 4661 2360 4698; x_wconf 88' lang='lat' dir='ltr'><strong>sum</strong></span> <span class='ocrx_word' id='word_1_843' title='bbox 2386 4658 2757 4715; x_wconf 84' lang='lat' dir='ltr'><strong>usquequaque,</strong></span> <span class='ocrx_word' id='word_1_844' title='bbox 2784 4642 3016 4701; x_wconf 86' lang='lat' dir='ltr'><strong>Domine,</strong></span> <span class='ocrx_word' id='word_1_845' title='bbox 3041 4642 3241 4709; x_wconf 77' lang='lat' dir='ltr'><strong>riciﬁca</strong></span> <span class='ocrx_word' id='word_1_846' title='bbox 3288 4658 3366 4694; x_wconf 86' lang='lat' dir='ltr'><strong>me</strong></span> <span class='ocrx_word' id='word_1_847' title='bbox 3395 4658 3475 4694; x_wconf 82' lang='lat' dir='ltr'><strong>se-</strong></span> 
     </span>
    </p>
   </div>
   <div class='ocr_carea' id='block_1_107' title="bbox 1892 4730 3475 4802">
    <p class='ocr_par' dir='ltr' id='par_1_107' title="bbox 1892 4730 3475 4802">
     <span class='ocr_line' id='line_1_107' title="bbox 1892 4730 3475 4802; baseline -0.004 -11"><span class='ocrx_word' id='word_1_848' title='bbox 1892 4736 2113 4791; x_wconf 88' lang='lat' dir='ltr'><strong>cundum</strong></span> <span class='ocrx_word' id='word_1_849' title='bbox 2141 4734 2342 4790; x_wconf 77' lang='lat' dir='ltr'><strong>verbum</strong></span> <span class='ocrx_word' id='word_1_850' title='bbox 2365 4745 2520 4787; x_wconf 89' lang='lat' dir='ltr'><strong>tuum.</strong></span> <span class='ocrx_word' id='word_1_851' title='bbox 2562 4732 2870 4786; x_wconf 81' lang='lat' dir='ltr'><strong>Voluntaria</strong></span> <span class='ocrx_word' id='word_1_852' title='bbox 2897 4732 3001 4785; x_wconf 78' lang='lat' dir='ltr'><strong>oris</strong></span> <span class='ocrx_word' id='word_1_853' title='bbox 3031 4732 3128 4784; x_wconf 86' lang='lat' dir='ltr'><strong>mei</strong></span> <span class='ocrx_word' id='word_1_854' title='bbox 3157 4730 3475 4802; x_wconf 79' lang='lat' dir='ltr'><strong>beueplarita</strong></span> 
     </span>
    </p>
   </div>
   <div class='ocr_carea' id='block_1_108' title="bbox 1892 4823 3472 4899">
    <p class='ocr_par' dir='ltr' id='par_1_108' title="bbox 1892 4823 3472 4899">
     <span class='ocr_line' id='line_1_108' title="bbox 1892 4823 3472 4899; baseline -0.002 -18"><span class='ocrx_word' id='word_1_855' title='bbox 1892 4831 1995 4899; x_wconf 80' lang='lat' dir='ltr'><strong>fac,</strong></span> <span class='ocrx_word' id='word_1_856' title='bbox 2030 4827 2265 4890; x_wconf 70' lang='lat' dir='ltr'><strong>Domine,</strong></span> <span class='ocrx_word' id='word_1_857' title='bbox 2297 4837 2346 4879; x_wconf 87' lang='lat' dir='ltr'><strong>et</strong></span> <span class='ocrx_word' id='word_1_858' title='bbox 2374 4826 2577 4896; x_wconf 74' lang='lat' dir='ltr'><strong>judicia</strong></span> <span class='ocrx_word' id='word_1_859' title='bbox 2619 4834 2705 4876; x_wconf 89' lang='lat' dir='ltr'><strong>tua</strong></span> <span class='ocrx_word' id='word_1_860' title='bbox 2752 4823 2876 4876; x_wconf 82' lang='lat' dir='ltr'><strong>doce</strong></span> <span class='ocrx_word' id='word_1_861' title='bbox 2902 4840 2999 4875; x_wconf 88' lang='lat' dir='ltr'><strong>me.</strong></span> <span class='ocrx_word' id='word_1_862' title='bbox 3031 4823 3219 4876; x_wconf 82' lang='lat' dir='ltr'><strong>Anima</strong></span> <span class='ocrx_word' id='word_1_863' title='bbox 3258 4840 3372 4877; x_wconf 86' lang='lat' dir='ltr'><strong>mea</strong></span> <span class='ocrx_word' id='word_1_864' title='bbox 3418 4826 3472 4878; x_wconf 88' lang='lat' dir='ltr'><strong>in</strong></span> 
     </span>
    </p>
   </div>
   <div class='ocr_carea' id='block_1_109' title="bbox 1896 4915 3471 4985">
    <p class='ocr_par' dir='ltr' id='par_1_109' title="bbox 1896 4915 3471 4985">
     <span class='ocr_line' id='line_1_109' title="bbox 1896 4915 3471 4985; baseline -0.001 -13"><span class='ocrx_word' id='word_1_865' title='bbox 1896 4919 2129 4973; x_wconf 84' lang='lat' dir='ltr'><strong>manibus</strong></span> <span class='ocrx_word' id='word_1_866' title='bbox 2151 4920 2276 4972; x_wconf 86' lang='lat' dir='ltr'><strong>meis</strong></span> <span class='ocrx_word' id='word_1_867' title='bbox 2303 4933 2521 4985; x_wconf 75' lang='lat' dir='ltr'><strong>seraper,</strong></span> <span class='ocrx_word' id='word_1_868' title='bbox 2560 4924 2610 4969; x_wconf 87' lang='lat' dir='ltr'><strong>et</strong></span> <span class='ocrx_word' id='word_1_869' title='bbox 2650 4915 2808 4985; x_wconf 86' lang='lat' dir='ltr'><strong>legem</strong></span> <span class='ocrx_word' id='word_1_870' title='bbox 2838 4924 2975 4968; x_wconf 85' lang='lat' dir='ltr'><strong>tuam</strong></span> <span class='ocrx_word' id='word_1_871' title='bbox 2998 4932 3101 4969; x_wconf 89' lang='lat' dir='ltr'><strong>non</strong></span> <span class='ocrx_word' id='word_1_872' title='bbox 3125 4933 3238 4969; x_wconf 85' lang='lat' dir='ltr'><strong>sum</strong></span> <span class='ocrx_word' id='word_1_873' title='bbox 3266 4915 3471 4970; x_wconf 85' lang='lat' dir='ltr'><strong>oblitus.</strong></span> 
     </span>
    </p>
   </div>
   <div class='ocr_carea' id='block_1_110' title="bbox 1902 5006 3478 5080">
    <p class='ocr_par' dir='ltr' id='par_1_110' title="bbox 1902 5006 3478 5080">
     <span class='ocr_line' id='line_1_110' title="bbox 1902 5006 3478 5080; baseline -0.001 -16"><span class='ocrx_word' id='word_1_874' title='bbox 1902 5010 2190 5065; x_wconf 74' lang='lat' dir='ltr'><strong>Power-unt</strong></span> <span class='ocrx_word' id='word_1_875' title='bbox 2243 5018 2532 5080; x_wconf 81' lang='lat' dir='ltr'><strong>peccatores</strong></span> <span class='ocrx_word' id='word_1_876' title='bbox 2579 5008 2813 5078; x_wconf 77' lang='lat' dir='ltr'><strong>laqueum</strong></span> <span class='ocrx_word' id='word_1_877' title='bbox 2855 5006 3011 5070; x_wconf 77' lang='lat' dir='ltr'><strong>milii,</strong></span> <span class='ocrx_word' id='word_1_878' title='bbox 3038 5008 3182 5061; x_wconf 81' lang='lat' dir='ltr'><strong>etde</strong></span> <span class='ocrx_word' id='word_1_879' title='bbox 3220 5008 3478 5063; x_wconf 69' lang='lat' dir='ltr'><strong>mandatis</strong></span> 
     </span>
    </p>
   </div>
   <div class='ocr_carea' id='block_1_111' title="bbox 1901 5096 3478 5168">
    <p class='ocr_par' dir='ltr' id='par_1_111' title="bbox 1901 5096 3478 5168">
     <span class='ocr_line' id='line_1_111' title="bbox 1901 5096 3478 5168; baseline -0.004 -13"><span class='ocrx_word' id='word_1_880' title='bbox 1901 5104 2001 5155; x_wconf 83' lang='lat' dir='ltr'><strong>tuis</strong></span> <span class='ocrx_word' id='word_1_881' title='bbox 2026 5116 2128 5154; x_wconf 89' lang='lat' dir='ltr'><strong>non</strong></span> <span class='ocrx_word' id='word_1_882' title='bbox 2166 5101 2349 5153; x_wconf 72' lang='lat' dir='ltr'><strong>errari.</strong></span> <span class='ocrx_word' id='word_1_883' title='bbox 2396 5096 2719 5151; x_wconf 72' lang='lat' dir='ltr'><strong>ereditate</strong></span> <span class='ocrx_word' id='word_1_884' title='bbox 2763 5098 3008 5168; x_wconf 84' lang='lat' dir='ltr'><strong>acquisiri</strong></span> <span class='ocrx_word' id='word_1_885' title='bbox 3055 5099 3349 5152; x_wconf 86' lang='lat' dir='ltr'><strong>testimonia</strong></span> <span class='ocrx_word' id='word_1_886' title='bbox 3391 5108 3478 5150; x_wconf 76' lang='lat' dir='ltr'><strong>tua</strong></span> 
     </span>
    </p>
   </div>
   <div class='ocr_carea' id='block_1_112' title="bbox 1900 5185 3478 5260">
    <p class='ocr_par' dir='ltr' id='par_1_112' title="bbox 1900 5185 3478 5260">
     <span class='ocr_line' id='line_1_112' title="bbox 1900 5185 3478 5260; baseline -0.004 -13"><span class='ocrx_word' id='word_1_887' title='bbox 1900 5195 1953 5247; x_wconf 87' lang='lat' dir='ltr'><strong>in</strong></span> <span class='ocrx_word' id='word_1_888' title='bbox 1977 5201 2244 5253; x_wconf 74' lang='lat' dir='ltr'><strong>ceternum,</strong></span> <span class='ocrx_word' id='word_1_889' title='bbox 2272 5190 2391 5260; x_wconf 88' lang='lat' dir='ltr'><strong>quia</strong></span> <span class='ocrx_word' id='word_1_890' title='bbox 2416 5189 2690 5243; x_wconf 69' lang='lat' dir='ltr'><strong>exsultatio</strong></span> <span class='ocrx_word' id='word_1_891' title='bbox 2718 5186 2889 5243; x_wconf 86' lang='lat' dir='ltr'><strong>cordis</strong></span> <span class='ocrx_word' id='word_1_892' title='bbox 2926 5190 3024 5242; x_wconf 82' lang='lat' dir='ltr'><strong>mei</strong></span> <span class='ocrx_word' id='word_1_893' title='bbox 3053 5198 3191 5242; x_wconf 80' lang='lat' dir='ltr'><strong>sunt.</strong></span> <span class='ocrx_word' id='word_1_894' title='bbox 3224 5185 3427 5241; x_wconf 76' lang='lat' dir='ltr'><strong>Inrlina</strong></span> <span class='ocrx_word' id='word_1_895' title='bbox 3461 5190 3478 5241; x_wconf 88' lang='lat' dir='ltr'><strong>i</strong></span> 
     </span>
    </p>
   </div>
   <div class='ocr_carea' id='block_1_113' title="bbox 1903 5281 3475 5353">
    <p class='ocr_par' dir='ltr' id='par_1_113' title="bbox 1903 5281 3475 5353">
     <span class='ocr_line' id='line_1_113' title="bbox 1903 5281 3475 5353; baseline -0.007 -15"><span class='ocrx_word' id='word_1_896' title='bbox 1903 5300 1992 5338; x_wconf 79' lang='lat' dir='ltr'><strong>cor</strong></span> <span class='ocrx_word' id='word_1_897' title='bbox 2013 5300 2173 5337; x_wconf 81' lang='lat' dir='ltr'><strong>meum</strong></span> <span class='ocrx_word' id='word_1_898' title='bbox 2204 5282 2274 5335; x_wconf 88' lang='lat' dir='ltr'><strong>ad</strong></span> <span class='ocrx_word' id='word_1_899' title='bbox 2290 5281 2556 5353; x_wconf 76' lang='lat' dir='ltr'><strong>faciendas</strong></span> <span class='ocrx_word' id='word_1_900' title='bbox 2571 5281 2971 5352; x_wconf 80' lang='lat' dir='ltr'><strong>justiﬁcationes</strong></span> <span class='ocrx_word' id='word_1_901' title='bbox 2994 5291 3108 5335; x_wconf 82' lang='lat' dir='ltr'><strong>tuas</strong></span> <span class='ocrx_word' id='word_1_902' title='bbox 3126 5283 3182 5335; x_wconf 77' lang='lat' dir='ltr'><strong>in</strong></span> <span class='ocrx_word' id='word_1_903' title='bbox 3206 5289 3475 5343; x_wconf 65' lang='lat' dir='ltr'><strong>retensum,</strong></span> 
     </span>
    </p>
   </div>
   <div class='ocr_carea' id='block_1_114' title="bbox 1904 5374 3415 5447">
    <p class='ocr_par' dir='ltr' id='par_1_114' title="bbox 1904 5374 3415 5447">
     <span class='ocr_line' id='line_1_114' title="bbox 1904 5374 3415 5447; baseline -0.017 -17"><span class='ocrx_word' id='word_1_904' title='bbox 1904 5383 2111 5447; x_wconf 80' lang='lat' dir='ltr'><strong>propter</strong></span> <span class='ocrx_word' id='word_1_905' title='bbox 2131 5374 2541 5428; x_wconf 81' lang='lat' dir='ltr'><strong>retributionem.</strong></span> <span class='ocrx_word' id='word_1_906' title='bbox 3409 5432 3415 5439; x_wconf 32' lang='lat'>.</span> 
     </span>
    </p>
   </div>
   <div class='ocr_carea' id='block_1_115' title="bbox 1976 5459 3481 5537">
    <p class='ocr_par' dir='ltr' id='par_1_115' title="bbox 1976 5459 3481 5537">
     <span class='ocr_line' id='line_1_115' title="bbox 1976 5459 3481 5537; baseline -0.003 -19"><span class='ocrx_word' id='word_1_907' title='bbox 1976 5464 2188 5537; x_wconf 78' lang='lat' dir='ltr'><strong>Iniquus</strong></span> <span class='ocrx_word' id='word_1_908' title='bbox 2216 5463 2335 5517; x_wconf 86' lang='lat' dir='ltr'><strong>odio</strong></span> <span class='ocrx_word' id='word_1_909' title='bbox 2364 5464 2535 5529; x_wconf 78' lang='lat' dir='ltr'><strong>habui,</strong></span> <span class='ocrx_word' id='word_1_910' title='bbox 2570 5471 2621 5517; x_wconf 90' lang='lat' dir='ltr'><strong>et</strong></span> <span class='ocrx_word' id='word_1_911' title='bbox 2667 5463 2829 5535; x_wconf 72' lang='lat' dir='ltr'><strong>legem</strong></span> <span class='ocrx_word' id='word_1_912' title='bbox 2869 5472 3008 5516; x_wconf 81' lang='lat' dir='ltr'><strong>tuam</strong></span> <span class='ocrx_word' id='word_1_913' title='bbox 3052 5460 3235 5516; x_wconf 70' lang='lat' dir='ltr'><strong>dilexi.</strong></span> <span class='ocrx_word' id='word_1_914' title='bbox 3261 5459 3481 5531; x_wconf 79' lang='lat' dir='ltr'><strong>Adjutor</strong></span> 
     </span>
    </p>
   </div>
   <div class='ocr_carea' id='block_1_116' title="bbox 1905 5555 3482 5628">
    <p class='ocr_par' dir='ltr' id='par_1_116' title="bbox 1905 5555 3482 5628">
     <span class='ocr_line' id='line_1_116' title="bbox 1905 5555 3482 5628; baseline -0.004 -17"><span class='ocrx_word' id='word_1_915' title='bbox 1905 5568 1955 5612; x_wconf 87' lang='lat' dir='ltr'><strong>et</strong></span> <span class='ocrx_word' id='word_1_916' title='bbox 1981 5565 2243 5628; x_wconf 70' lang='lat' dir='ltr'><strong>suseeptbr</strong></span> <span class='ocrx_word' id='word_1_917' title='bbox 2269 5570 2412 5612; x_wconf 83' lang='lat' dir='ltr'><strong>meus</strong></span> <span class='ocrx_word' id='word_1_918' title='bbox 2444 5573 2496 5611; x_wconf 84' lang='lat' dir='ltr'><strong>es</strong></span> <span class='ocrx_word' id='word_1_919' title='bbox 2540 5565 2612 5621; x_wconf 86' lang='lat' dir='ltr'><strong>tn,</strong></span> <span class='ocrx_word' id='word_1_920' title='bbox 2638 5566 2687 5609; x_wconf 90' lang='lat' dir='ltr'><strong>et</strong></span> <span class='ocrx_word' id='word_1_921' title='bbox 2713 5558 2766 5609; x_wconf 90' lang='lat' dir='ltr'><strong>in</strong></span> <span class='ocrx_word' id='word_1_922' title='bbox 2786 5555 2995 5609; x_wconf 69' lang='lat' dir='ltr'><strong>uerbum</strong></span> <span class='ocrx_word' id='word_1_923' title='bbox 3035 5562 3174 5606; x_wconf 64' lang='lat' dir='ltr'><strong>suum</strong></span> <span class='ocrx_word' id='word_1_924' title='bbox 3212 5569 3482 5623; x_wconf 69' lang='lat' dir='ltr'><strong>saperspe~</strong></span> 
     </span>
    </p>
   </div>
   <div class='ocr_carea' id='block_1_117' title="bbox 1907 5644 3483 5719">
    <p class='ocr_par' dir='ltr' id='par_1_117' title="bbox 1907 5644 3483 5719">
     <span class='ocr_line' id='line_1_117' title="bbox 1907 5644 3483 5719; baseline -0.003 -17"><span class='ocrx_word' id='word_1_925' title='bbox 1907 5651 2034 5702; x_wconf 76' lang='lat' dir='ltr'><strong>rari.</strong></span> <span class='ocrx_word' id='word_1_926' title='bbox 2070 5649 2335 5703; x_wconf 65' lang='lat' dir='ltr'><strong>Declinat:</strong></span> <span class='ocrx_word' id='word_1_927' title='bbox 2373 5668 2404 5704; x_wconf 88' lang='lat' dir='ltr'><strong>a</strong></span> <span class='ocrx_word' id='word_1_928' title='bbox 2443 5666 2541 5713; x_wconf 86' lang='lat' dir='ltr'><strong>me,</strong></span> <span class='ocrx_word' id='word_1_929' title='bbox 2578 5648 2812 5719; x_wconf 78' lang='lat' dir='ltr'><strong>maligni,</strong></span> <span class='ocrx_word' id='word_1_930' title='bbox 2843 5653 2892 5700; x_wconf 83' lang='lat' dir='ltr'><strong>et</strong></span> <span class='ocrx_word' id='word_1_931' title='bbox 2929 5644 3196 5699; x_wconf 79' lang='lat' dir='ltr'><strong>scrutabor</strong></span> <span class='ocrx_word' id='word_1_932' title='bbox 3235 5644 3483 5699; x_wconf 79' lang='lat' dir='ltr'><strong>mandati</strong></span> 
     </span>
    </p>
   </div>
  </div>
