  <div class='ocr_page' id='page_1' title='image "/cluster/home/n/w/nwhite01/storage/ocr_20150623/53/hvd.32044073505091/265.png"; bbox 0 0 3884 6184; ppageno 0'>
   <div class='ocr_carea' id='block_1_1' title="bbox 445 234 548 286">
    <p class='ocr_par' dir='ltr' id='par_1_1' title="bbox 445 234 548 286">
     <span class='ocr_line' id='line_1_1' title="bbox 445 234 548 286; baseline -0.01 0"><span class='ocrx_word' id='word_1_1' title='bbox 445 234 548 286; x_wconf 72' lang='grc' dir='ltr'><strong><em>Μῧ</em></strong></span> 
     </span>
    </p>
   </div>
   <div class='ocr_carea' id='block_1_2' title="bbox 1794 237 2402 298">
    <p class='ocr_par' dir='ltr' id='par_1_2' title="bbox 1794 237 2402 298">
     <span class='ocr_line' id='line_1_2' title="bbox 1794 237 2402 298; baseline 0.012 -7"><span class='ocrx_word' id='word_1_2' title='bbox 1794 237 2064 292; x_wconf 71' lang='grc' dir='ltr'><strong><em>ΑΒΝΟΒΗ</em></strong></span> <span class='ocrx_word' id='word_1_3' title='bbox 2103 238 2402 298; x_wconf 70' lang='lat' dir='ltr'><strong><em>JUNIORIS</em></strong></span> 
     </span>
    </p>
   </div>
   <div class='ocr_carea' id='block_1_3' title="bbox 3563 254 3652 313">
    <p class='ocr_par' dir='ltr' id='par_1_3' title="bbox 3563 254 3652 313">
     <span class='ocr_line' id='line_1_3' title="bbox 3563 254 3652 313; baseline 0.022 -3"><span class='ocrx_word' id='word_1_4' title='bbox 3563 254 3652 313; x_wconf 73' lang='lat'><strong><em>518</em></strong></span> 
     </span>
    </p>
   </div>
   <div class='ocr_carea' id='block_1_4' title="bbox 446 349 3656 434">
    <p class='ocr_par' dir='ltr' id='par_1_4' title="bbox 446 349 3656 434">
     <span class='ocr_line' id='line_1_4' title="bbox 446 349 3656 434; baseline 0.007 -31"><span class='ocrx_word' id='word_1_5' title='bbox 446 349 544 405; x_wconf 85' lang='lat' dir='ltr'><strong><em>Dei</em></strong></span> <span class='ocrx_word' id='word_1_6' title='bbox 567 353 686 404; x_wconf 84' lang='lat' dir='ltr'><strong><em>mei.</em></strong></span> <span class='ocrx_word' id='word_1_7' title='bbox 717 350 934 421; x_wconf 81' lang='lat' dir='ltr'><strong><em>Suscipe</em></strong></span> <span class='ocrx_word' id='word_1_8' title='bbox 950 367 1026 404; x_wconf 86' lang='lat' dir='ltr'><strong><em>me</em></strong></span> <span class='ocrx_word' id='word_1_9' title='bbox 1041 350 1318 408; x_wconf 85' lang='lat' dir='ltr'><strong><em>secundum</em></strong></span> <span class='ocrx_word' id='word_1_10' title='bbox 1333 350 1590 422; x_wconf 88' lang='lat' dir='ltr'><strong><em>eloquium</em></strong></span> <span class='ocrx_word' id='word_1_11' title='bbox 1612 362 1751 405; x_wconf 82' lang='lat' dir='ltr'><strong><em>tuum</em></strong></span> <span class='ocrx_word' id='word_1_12' title='bbox 1769 362 1820 406; x_wconf 86' lang='lat' dir='ltr'><strong><em>et</em></strong></span> <span class='ocrx_word' id='word_1_13' title='bbox 1843 355 2026 420; x_wconf 70' lang='lat' dir='ltr'><strong><em>vivata,</em></strong></span> <span class='ocrx_word' id='word_1_14' title='bbox 2058 361 2104 416; x_wconf 79' lang='grc' dir='ltr'><strong>Α</strong></span> <span class='ocrx_word' id='word_1_15' title='bbox 2133 359 2308 411; x_wconf 86' lang='lat' dir='ltr'><strong><em>cordia</em></strong></span> <span class='ocrx_word' id='word_1_16' title='bbox 2348 369 2434 412; x_wconf 83' lang='lat' dir='ltr'><strong><em>tua</em></strong></span> <span class='ocrx_word' id='word_1_17' title='bbox 2471 360 2670 430; x_wconf 70' lang='lat' dir='ltr'><strong><em>uiuiﬁca</em></strong></span> <span class='ocrx_word' id='word_1_18' title='bbox 2715 377 2814 414; x_wconf 84' lang='lat' dir='ltr'><strong><em>me.</em></strong></span> <span class='ocrx_word' id='word_1_19' title='bbox 2855 363 3176 434; x_wconf 77' lang='lat' dir='ltr'><strong><em>Principium</em></strong></span> <span class='ocrx_word' id='word_1_20' title='bbox 3211 363 3458 423; x_wconf 71' lang='lat' dir='ltr'><strong><em>uerborum</em></strong></span> <span class='ocrx_word' id='word_1_21' title='bbox 3484 379 3656 428; x_wconf 67' lang='lat' dir='ltr'><strong><em>tuorum</em></strong></span> 
     </span>
    </p>
   </div>
   <div class='ocr_carea' id='block_1_5' title="bbox 441 439 2027 512">
    <p class='ocr_par' dir='ltr' id='par_1_5' title="bbox 441 439 2027 512">
     <span class='ocr_line' id='line_1_5' title="bbox 441 439 2027 512; baseline 0 -16"><span class='ocrx_word' id='word_1_22' title='bbox 441 453 494 496; x_wconf 85' lang='lat' dir='ltr'><strong><em>et</em></strong></span> <span class='ocrx_word' id='word_1_23' title='bbox 521 458 624 496; x_wconf 87' lang='lat' dir='ltr'><strong><em>non</em></strong></span> <span class='ocrx_word' id='word_1_24' title='bbox 664 439 954 512; x_wconf 76' lang='lat' dir='ltr'><strong><em>confundas</em></strong></span> <span class='ocrx_word' id='word_1_25' title='bbox 1001 456 1082 492; x_wconf 86' lang='lat' dir='ltr'><strong><em>me</em></strong></span> <span class='ocrx_word' id='word_1_26' title='bbox 1120 439 1184 493; x_wconf 91' lang='lat' dir='ltr'><strong><em>ab</em></strong></span> <span class='ocrx_word' id='word_1_27' title='bbox 1215 441 1596 510; x_wconf 73' lang='lat' dir='ltr'><strong><em>exspectatione</em></strong></span> <span class='ocrx_word' id='word_1_28' title='bbox 1650 458 1785 496; x_wconf 82' lang='lat' dir='ltr'><strong><em>utea.</em></strong></span> <span class='ocrx_word' id='word_1_29' title='bbox 1825 443 2027 512; x_wconf 82' lang='lat' dir='ltr'><strong><em>Adjuva</em></strong></span> 
     </span>
    </p>
   </div>
   <div class='ocr_carea' id='block_1_6' title="bbox 443 529 2025 602">
    <p class='ocr_par' dir='ltr' id='par_1_6' title="bbox 443 529 2025 602">
     <span class='ocr_line' id='line_1_6' title="bbox 443 529 2025 602; baseline 0.004 -19"><span class='ocrx_word' id='word_1_30' title='bbox 443 550 524 586; x_wconf 84' lang='lat' dir='ltr'><strong><em>me</em></strong></span> <span class='ocrx_word' id='word_1_31' title='bbox 553 541 602 586; x_wconf 90' lang='lat' dir='ltr'><strong><em>et</em></strong></span> <span class='ocrx_word' id='word_1_32' title='bbox 627 533 796 586; x_wconf 73' lang='lat' dir='ltr'><strong><em>salvus</em></strong></span> <span class='ocrx_word' id='word_1_33' title='bbox 823 548 930 595; x_wconf 89' lang='lat' dir='ltr'><strong><em>ero,</em></strong></span> <span class='ocrx_word' id='word_1_34' title='bbox 963 539 1012 582; x_wconf 90' lang='lat' dir='ltr'><strong><em>et</em></strong></span> <span class='ocrx_word' id='word_1_35' title='bbox 1043 529 1328 584; x_wconf 86' lang='lat' dir='ltr'><strong><em>meditabor</em></strong></span> <span class='ocrx_word' id='word_1_36' title='bbox 1352 533 1406 584; x_wconf 86' lang='lat' dir='ltr'><strong><em>in</em></strong></span> <span class='ocrx_word' id='word_1_37' title='bbox 1433 532 1892 602; x_wconf 77' lang='lat' dir='ltr'><strong><em>justi/icationibus</em></strong></span> <span class='ocrx_word' id='word_1_38' title='bbox 1925 535 2025 590; x_wconf 83' lang='lat' dir='ltr'><strong><em>tuis</em></strong></span> 
     </span>
    </p>
   </div>
   <div class='ocr_carea' id='block_1_7' title="bbox 440 622 2020 694">
    <p class='ocr_par' dir='ltr' id='par_1_7' title="bbox 440 622 2020 694">
     <span class='ocr_line' id='line_1_7' title="bbox 440 622 2020 694; baseline 0.003 -18"><span class='ocrx_word' id='word_1_39' title='bbox 440 641 659 694; x_wconf 82' lang='lat' dir='ltr'><strong><em>semper.</em></strong></span> <span class='ocrx_word' id='word_1_40' title='bbox 694 622 948 691; x_wconf 75' lang='lat' dir='ltr'><strong><em>Sprevisti</em></strong></span> <span class='ocrx_word' id='word_1_41' title='bbox 995 639 1173 676; x_wconf 88' lang='lat' dir='ltr'><strong><em>omnes</em></strong></span> <span class='ocrx_word' id='word_1_42' title='bbox 1225 623 1549 678; x_wconf 75' lang='lat' dir='ltr'><strong><em>discedentes</em></strong></span> <span class='ocrx_word' id='word_1_43' title='bbox 1580 641 1612 677; x_wconf 91' lang='lat' dir='ltr'><strong><em>a</em></strong></span> <span class='ocrx_word' id='word_1_44' title='bbox 1641 625 1854 694; x_wconf 84' lang='lat' dir='ltr'><strong><em>judiciis</em></strong></span> <span class='ocrx_word' id='word_1_45' title='bbox 1905 628 2020 692; x_wconf 89' lang='lat' dir='ltr'><strong><em>tuis,</em></strong></span> 
     </span>
    </p>
   </div>
   <div class='ocr_carea' id='block_1_8' title="bbox 439 714 2025 788">
    <p class='ocr_par' dir='ltr' id='par_1_8' title="bbox 439 714 2025 788">
     <span class='ocr_line' id='line_1_8' title="bbox 439 714 2025 788; baseline 0.001 -20"><span class='ocrx_word' id='word_1_46' title='bbox 439 719 556 788; x_wconf 81' lang='lat' dir='ltr'><strong><em>quia</em></strong></span> <span class='ocrx_word' id='word_1_47' title='bbox 594 715 788 784; x_wconf 80' lang='lat' dir='ltr'><strong><em>injusta</em></strong></span> <span class='ocrx_word' id='word_1_48' title='bbox 826 715 1068 784; x_wconf 75' lang='lat' dir='ltr'><strong><em>coqitatio</em></strong></span> <span class='ocrx_word' id='word_1_49' title='bbox 1111 730 1304 769; x_wconf 83' lang='lat' dir='ltr'><strong><em>eorum.</em></strong></span> <span class='ocrx_word' id='word_1_50' title='bbox 1348 714 1761 770; x_wconf 76' lang='lat' dir='ltr'><strong><em>Prwvaricantes</em></strong></span> <span class='ocrx_word' id='word_1_51' title='bbox 1797 719 2025 786; x_wconf 73' lang='lat' dir='ltr'><strong><em>reputari</em></strong></span> 
     </span>
    </p>
   </div>
   <div class='ocr_carea' id='block_1_9' title="bbox 437 805 2018 876">
    <p class='ocr_par' dir='ltr' id='par_1_9' title="bbox 437 805 2018 876">
     <span class='ocr_line' id='line_1_9' title="bbox 437 805 2018 876; baseline 0.003 -18"><span class='ocrx_word' id='word_1_52' title='bbox 437 821 614 860; x_wconf 84' lang='lat' dir='ltr'><strong><em>omnes</em></strong></span> <span class='ocrx_word' id='word_1_53' title='bbox 666 813 960 876; x_wconf 84' lang='lat' dir='ltr'><strong><em>peccatores</em></strong></span> <span class='ocrx_word' id='word_1_54' title='bbox 989 813 1158 870; x_wconf 64' lang='lat' dir='ltr'><strong><em>terrae,</em></strong></span> <span class='ocrx_word' id='word_1_55' title='bbox 1189 805 1308 860; x_wconf 88' lang='lat' dir='ltr'><strong><em>ideo</em></strong></span> <span class='ocrx_word' id='word_1_56' title='bbox 1359 806 1522 861; x_wconf 76' lang='lat' dir='ltr'><strong><em>dilexi</em></strong></span> <span class='ocrx_word' id='word_1_57' title='bbox 1561 810 1857 862; x_wconf 87' lang='lat' dir='ltr'><strong><em>testimonia</em></strong></span> <span class='ocrx_word' id='word_1_58' title='bbox 1911 818 2018 863; x_wconf 89' lang='lat' dir='ltr'><strong><em>tua.</em></strong></span> 
     </span>
    </p>
   </div>
   <div class='ocr_carea' id='block_1_10' title="bbox 438 895 2023 970">
    <p class='ocr_par' dir='ltr' id='par_1_10' title="bbox 438 895 2023 970">
     <span class='ocr_line' id='line_1_10' title="bbox 438 895 2023 970; baseline 0.003 -19"><span class='ocrx_word' id='word_1_59' title='bbox 438 895 650 968; x_wconf 80' lang='lat' dir='ltr'><strong><em>Conﬁge</em></strong></span> <span class='ocrx_word' id='word_1_60' title='bbox 679 897 862 950; x_wconf 84' lang='lat' dir='ltr'><strong><em>timore</em></strong></span> <span class='ocrx_word' id='word_1_61' title='bbox 902 904 988 950; x_wconf 84' lang='lat' dir='ltr'><strong><em>tuo</em></strong></span> <span class='ocrx_word' id='word_1_62' title='bbox 1027 913 1210 952; x_wconf 88' lang='lat' dir='ltr'><strong><em>carnes</em></strong></span> <span class='ocrx_word' id='word_1_63' title='bbox 1238 915 1412 965; x_wconf 88' lang='lat' dir='ltr'><strong><em>meas,</em></strong></span> <span class='ocrx_word' id='word_1_64' title='bbox 1445 916 1478 952; x_wconf 88' lang='lat' dir='ltr'><strong><em>a</em></strong></span> <span class='ocrx_word' id='word_1_65' title='bbox 1507 899 1720 970; x_wconf 85' lang='lat' dir='ltr'><strong><em>judiciis</em></strong></span> <span class='ocrx_word' id='word_1_66' title='bbox 1759 903 1892 956; x_wconf 87' lang='lat' dir='ltr'><strong><em>enim</em></strong></span> <span class='ocrx_word' id='word_1_67' title='bbox 1922 903 2023 956; x_wconf 87' lang='lat' dir='ltr'><strong><em>tuis</em></strong></span> 
     </span>
    </p>
   </div>
   <div class='ocr_carea' id='block_1_11' title="bbox 433 989 1551 1061">
    <p class='ocr_par' dir='ltr' id='par_1_11' title="bbox 433 989 1551 1061">
     <span class='ocr_line' id='line_1_11' title="bbox 433 989 1551 1061; baseline 0.002 -22"><span class='ocrx_word' id='word_1_68' title='bbox 433 989 602 1042; x_wconf 82' lang='lat' dir='ltr'><strong><em>timui.</em></strong></span> <span class='ocrx_word' id='word_1_69' title='bbox 1543 1053 1551 1061; x_wconf 29' lang='grc' dir='ltr'><strong><em>η</em></strong></span> 
     </span>
    </p>
   </div>
   <div class='ocr_carea' id='block_1_12' title="bbox 505 1077 2016 1152">
    <p class='ocr_par' dir='ltr' id='par_1_12' title="bbox 505 1077 2016 1152">
     <span class='ocr_line' id='line_1_12' title="bbox 505 1077 2016 1152; baseline 0.004 -19"><span class='ocrx_word' id='word_1_70' title='bbox 505 1077 631 1133; x_wconf 81' lang='lat' dir='ltr'><strong><em>Feci</em></strong></span> <span class='ocrx_word' id='word_1_71' title='bbox 645 1079 898 1150; x_wconf 79' lang='lat' dir='ltr'><strong><em>judicium</em></strong></span> <span class='ocrx_word' id='word_1_72' title='bbox 913 1090 964 1134; x_wconf 88' lang='lat' dir='ltr'><strong><em>et</em></strong></span> <span class='ocrx_word' id='word_1_73' title='bbox 979 1081 1258 1152; x_wconf 73' lang='lat' dir='ltr'><strong><em>justitiam,</em></strong></span> <span class='ocrx_word' id='word_1_74' title='bbox 1277 1097 1379 1134; x_wconf 90' lang='lat' dir='ltr'><strong><em>non</em></strong></span> <span class='ocrx_word' id='word_1_75' title='bbox 1401 1081 1580 1136; x_wconf 78' lang='lat' dir='ltr'><strong><em>tradas</em></strong></span> <span class='ocrx_word' id='word_1_76' title='bbox 1601 1083 2016 1138; x_wconf 80' lang='lat' dir='ltr'><strong><em>mecalumnian-</em></strong></span> 
     </span>
    </p>
   </div>
   <div class='ocr_carea' id='block_1_13' title="bbox 438 1170 2018 1242">
    <p class='ocr_par' dir='ltr' id='par_1_13' title="bbox 438 1170 2018 1242">
     <span class='ocr_line' id='line_1_13' title="bbox 438 1170 2018 1242; baseline 0.003 -16"><span class='ocrx_word' id='word_1_77' title='bbox 438 1170 571 1226; x_wconf 83' lang='lat' dir='ltr'><strong><em>tibus</em></strong></span> <span class='ocrx_word' id='word_1_78' title='bbox 596 1189 692 1226; x_wconf 90' lang='lat' dir='ltr'><strong><em>me.</em></strong></span> <span class='ocrx_word' id='word_1_79' title='bbox 727 1171 944 1242; x_wconf 90' lang='lat' dir='ltr'><strong><em>Suscipe</em></strong></span> <span class='ocrx_word' id='word_1_80' title='bbox 973 1189 1171 1228; x_wconf 82' lang='lat' dir='ltr'><strong><em>servum</em></strong></span> <span class='ocrx_word' id='word_1_81' title='bbox 1200 1181 1342 1227; x_wconf 84' lang='lat' dir='ltr'><strong><em>tuum</em></strong></span> <span class='ocrx_word' id='word_1_82' title='bbox 1363 1175 1415 1226; x_wconf 92' lang='lat' dir='ltr'><strong><em>in</em></strong></span> <span class='ocrx_word' id='word_1_83' title='bbox 1437 1174 1641 1237; x_wconf 85' lang='lat' dir='ltr'><strong><em>bonum,</em></strong></span> <span class='ocrx_word' id='word_1_84' title='bbox 1679 1192 1780 1230; x_wconf 88' lang='lat' dir='ltr'><strong><em>non</em></strong></span> <span class='ocrx_word' id='word_1_85' title='bbox 1817 1176 2018 1231; x_wconf 91' lang='lat' dir='ltr'><strong><em>calum-</em></strong></span> 
     </span>
    </p>
   </div>
   <div class='ocr_carea' id='block_1_14' title="bbox 437 1259 2020 1334">
    <p class='ocr_par' dir='ltr' id='par_1_14' title="bbox 437 1259 2020 1334">
     <span class='ocr_line' id='line_1_14' title="bbox 437 1259 2020 1334; baseline 0.003 -20"><span class='ocrx_word' id='word_1_86' title='bbox 437 1263 646 1315; x_wconf 87' lang='lat' dir='ltr'><strong><em>nientur</em></strong></span> <span class='ocrx_word' id='word_1_87' title='bbox 673 1277 753 1314; x_wconf 90' lang='lat' dir='ltr'><strong><em>me</em></strong></span> <span class='ocrx_word' id='word_1_88' title='bbox 781 1259 1002 1328; x_wconf 78' lang='lat' dir='ltr'><strong><em>superbi.</em></strong></span> <span class='ocrx_word' id='word_1_89' title='bbox 1035 1261 1185 1315; x_wconf 81' lang='lat' dir='ltr'><strong><em>Oculi</em></strong></span> <span class='ocrx_word' id='word_1_90' title='bbox 1225 1263 1332 1316; x_wconf 84' lang='lat' dir='ltr'><strong><em>mei</em></strong></span> <span class='ocrx_word' id='word_1_91' title='bbox 1365 1263 1660 1334; x_wconf 87' lang='lat' dir='ltr'><strong><em>defecerunt</em></strong></span> <span class='ocrx_word' id='word_1_92' title='bbox 1697 1266 1754 1318; x_wconf 88' lang='lat' dir='ltr'><strong><em>in</em></strong></span> <span class='ocrx_word' id='word_1_93' title='bbox 1795 1264 2020 1320; x_wconf 87' lang='lat' dir='ltr'><strong><em>salutare</em></strong></span> 
     </span>
    </p>
   </div>
   <div class='ocr_carea' id='block_1_15' title="bbox 435 1353 2022 1424">
    <p class='ocr_par' dir='ltr' id='par_1_15' title="bbox 435 1353 2022 1424">
     <span class='ocr_line' id='line_1_15' title="bbox 435 1353 2022 1424; baseline 0.003 -18"><span class='ocrx_word' id='word_1_94' title='bbox 435 1363 596 1417; x_wconf 89' lang='lat' dir='ltr'><strong><em>tuum,</em></strong></span> <span class='ocrx_word' id='word_1_95' title='bbox 612 1355 733 1408; x_wconf 88' lang='lat' dir='ltr'><strong><em>etin</em></strong></span> <span class='ocrx_word' id='word_1_96' title='bbox 755 1355 1008 1424; x_wconf 82' lang='lat' dir='ltr'><strong><em>eloquium</em></strong></span> <span class='ocrx_word' id='word_1_97' title='bbox 1021 1353 1240 1424; x_wconf 81' lang='lat' dir='ltr'><strong><em>justitice</em></strong></span> <span class='ocrx_word' id='word_1_98' title='bbox 1262 1363 1381 1409; x_wconf 70' lang='lat' dir='ltr'><strong><em>tua.</em></strong></span> <span class='ocrx_word' id='word_1_99' title='bbox 1402 1353 1513 1408; x_wconf 83' lang='lat' dir='ltr'><strong><em>Fac</em></strong></span> <span class='ocrx_word' id='word_1_100' title='bbox 1534 1371 1647 1409; x_wconf 88' lang='lat' dir='ltr'><strong><em>cum</em></strong></span> <span class='ocrx_word' id='word_1_101' title='bbox 1671 1373 1814 1410; x_wconf 81' lang='lat' dir='ltr'><strong><em>serra</em></strong></span> <span class='ocrx_word' id='word_1_102' title='bbox 1835 1365 1920 1410; x_wconf 90' lang='lat' dir='ltr'><strong><em>tuo</em></strong></span> <span class='ocrx_word' id='word_1_103' title='bbox 1945 1373 2022 1411; x_wconf 87' lang='lat' dir='ltr'><strong><em>se-</em></strong></span> 
     </span>
    </p>
   </div>
   <div class='ocr_carea' id='block_1_16' title="bbox 430 1443 2018 1515">
    <p class='ocr_par' dir='ltr' id='par_1_16' title="bbox 430 1443 2018 1515">
     <span class='ocr_line' id='line_1_16' title="bbox 430 1443 2018 1515; baseline 0.003 -19"><span class='ocrx_word' id='word_1_104' title='bbox 430 1444 653 1498; x_wconf 83' lang='lat' dir='ltr'><strong><em>cundum</em></strong></span> <span class='ocrx_word' id='word_1_105' title='bbox 673 1443 1079 1498; x_wconf 87' lang='lat' dir='ltr'><strong><em>misericordiam</em></strong></span> <span class='ocrx_word' id='word_1_106' title='bbox 1101 1453 1260 1509; x_wconf 89' lang='lat' dir='ltr'><strong><em>tuam,</em></strong></span> <span class='ocrx_word' id='word_1_107' title='bbox 1279 1452 1327 1496; x_wconf 88' lang='lat' dir='ltr'><strong><em>et</em></strong></span> <span class='ocrx_word' id='word_1_108' title='bbox 1340 1444 1738 1515; x_wconf 74' lang='lat' dir='ltr'><strong><em>justiﬁcationes</em></strong></span> <span class='ocrx_word' id='word_1_109' title='bbox 1759 1454 1875 1500; x_wconf 86' lang='lat' dir='ltr'><strong><em>tuas</em></strong></span> <span class='ocrx_word' id='word_1_110' title='bbox 1895 1446 2018 1502; x_wconf 87' lang='lat' dir='ltr'><strong><em>doce</em></strong></span> 
     </span>
    </p>
   </div>
   <div class='ocr_carea' id='block_1_17' title="bbox 431 1532 2013 1604">
    <p class='ocr_par' dir='ltr' id='par_1_17' title="bbox 431 1532 2013 1604">
     <span class='ocr_line' id='line_1_17' title="bbox 431 1532 2013 1604; baseline 0.002 -16"><span class='ocrx_word' id='word_1_111' title='bbox 431 1550 528 1588; x_wconf 85' lang='lat' dir='ltr'><strong><em>me.</em></strong></span> <span class='ocrx_word' id='word_1_112' title='bbox 563 1532 754 1590; x_wconf 77' lang='lat' dir='ltr'><strong><em>Servus</em></strong></span> <span class='ocrx_word' id='word_1_113' title='bbox 779 1543 893 1588; x_wconf 86' lang='lat' dir='ltr'><strong><em>tuus</em></strong></span> <span class='ocrx_word' id='word_1_114' title='bbox 913 1551 1024 1587; x_wconf 89' lang='lat' dir='ltr'><strong><em>sum</em></strong></span> <span class='ocrx_word' id='word_1_115' title='bbox 1045 1551 1156 1604; x_wconf 90' lang='lat' dir='ltr'><strong><em>ego,</em></strong></span> <span class='ocrx_word' id='word_1_116' title='bbox 1182 1534 1248 1588; x_wconf 79' lang='lat' dir='ltr'><strong><em>da</em></strong></span> <span class='ocrx_word' id='word_1_117' title='bbox 1278 1535 1405 1589; x_wconf 84' lang='lat' dir='ltr'><strong><em>mihi</em></strong></span> <span class='ocrx_word' id='word_1_118' title='bbox 1426 1536 1758 1602; x_wconf 89' lang='lat' dir='ltr'><strong><em>intellectum,</em></strong></span> <span class='ocrx_word' id='word_1_119' title='bbox 1779 1545 1835 1590; x_wconf 87' lang='lat' dir='ltr'><strong><em>ut</em></strong></span> <span class='ocrx_word' id='word_1_120' title='bbox 1854 1538 2013 1591; x_wconf 88' lang='lat' dir='ltr'><strong><em>sciam</em></strong></span> 
     </span>
    </p>
   </div>
   <div class='ocr_carea' id='block_1_18' title="bbox 433 1625 2014 1697">
    <p class='ocr_par' dir='ltr' id='par_1_18' title="bbox 433 1625 2014 1697">
     <span class='ocr_line' id='line_1_18' title="bbox 433 1625 2014 1697; baseline 0.002 -19"><span class='ocrx_word' id='word_1_121' title='bbox 433 1627 719 1680; x_wconf 87' lang='lat' dir='ltr'><strong><em>testimonia</em></strong></span> <span class='ocrx_word' id='word_1_122' title='bbox 741 1635 849 1678; x_wconf 88' lang='lat' dir='ltr'><strong><em>tua.</em></strong></span> <span class='ocrx_word' id='word_1_123' title='bbox 871 1625 1091 1696; x_wconf 78' lang='lat' dir='ltr'><strong><em>Tempus</em></strong></span> <span class='ocrx_word' id='word_1_124' title='bbox 1111 1627 1356 1696; x_wconf 87' lang='lat' dir='ltr'><strong><em>faciendi,</em></strong></span> <span class='ocrx_word' id='word_1_125' title='bbox 1375 1625 1614 1692; x_wconf 77' lang='lat' dir='ltr'><strong><em>Domine,</em></strong></span> <span class='ocrx_word' id='word_1_126' title='bbox 1639 1625 2014 1697; x_wconf 72' lang='lat' dir='ltr'><strong><em>dissipaverunt</em></strong></span> 
     </span>
    </p>
   </div>
   <div class='ocr_carea' id='block_1_19' title="bbox 2131 448 3477 524">
    <p class='ocr_par' dir='ltr' id='par_1_19' title="bbox 2131 448 3477 524">
     <span class='ocr_line' id='line_1_19' title="bbox 2131 448 3477 524; baseline 0.01 -26"><span class='ocrx_word' id='word_1_127' title='bbox 2131 448 2336 511; x_wconf 78' lang='lat' dir='ltr'><strong><em>ueritas,</em></strong></span> <span class='ocrx_word' id='word_1_128' title='bbox 2367 449 2421 501; x_wconf 88' lang='lat' dir='ltr'><strong><em>in</em></strong></span> <span class='ocrx_word' id='word_1_129' title='bbox 2450 458 2694 504; x_wconf 61' lang='lat' dir='ltr'><strong><em>cateruam</em></strong></span> <span class='ocrx_word' id='word_1_130' title='bbox 2715 451 2890 505; x_wconf 82' lang='lat' dir='ltr'><strong><em>omnia</em></strong></span> <span class='ocrx_word' id='word_1_131' title='bbox 2909 451 3108 522; x_wconf 87' lang='lat' dir='ltr'><strong><em>judicia</em></strong></span> <span class='ocrx_word' id='word_1_132' title='bbox 3127 454 3344 524; x_wconf 77' lang='lat' dir='ltr'><strong><em>justitue</em></strong></span> <span class='ocrx_word' id='word_1_133' title='bbox 3369 465 3477 512; x_wconf 68' lang='lat' dir='ltr'><strong><em>tua.</em></strong></span> 
     </span>
    </p>
   </div>
   <div class='ocr_carea' id='block_1_20' title="bbox 2198 535 3678 612">
    <p class='ocr_par' dir='ltr' id='par_1_20' title="bbox 2198 535 3678 612">
     <span class='ocr_line' id='line_1_20' title="bbox 2198 535 3678 612; baseline 0.011 -22"><span class='ocrx_word' id='word_1_134' title='bbox 2198 535 2465 608; x_wconf 81' lang='lat' dir='ltr'><strong><em>Principes</em></strong></span> <span class='ocrx_word' id='word_1_135' title='bbox 2509 542 2758 608; x_wconf 77' lang='lat' dir='ltr'><strong><em>persecuti</em></strong></span> <span class='ocrx_word' id='word_1_136' title='bbox 2804 550 2926 595; x_wconf 88' lang='lat' dir='ltr'><strong><em>sunt</em></strong></span> <span class='ocrx_word' id='word_1_137' title='bbox 2949 559 3030 596; x_wconf 89' lang='lat' dir='ltr'><strong><em>me</em></strong></span> <span class='ocrx_word' id='word_1_138' title='bbox 3055 546 3215 612; x_wconf 82' lang='lat' dir='ltr'><strong><em>gratis</em></strong></span> <span class='ocrx_word' id='word_1_139' title='bbox 3233 587 3248 608; x_wconf 89' lang='lat'><strong><em>,</em></strong></span> <span class='ocrx_word' id='word_1_140' title='bbox 3273 555 3322 599; x_wconf 87' lang='lat' dir='ltr'><strong><em>et</em></strong></span> <span class='ocrx_word' id='word_1_141' title='bbox 3347 565 3378 599; x_wconf 84' lang='lat' dir='ltr'><strong><em>a</em></strong></span> <span class='ocrx_word' id='word_1_142' title='bbox 3404 547 3551 602; x_wconf 79' lang='lat' dir='ltr'><strong><em>verbis</em></strong></span> <span class='ocrx_word' id='word_1_143' title='bbox 3573 553 3678 608; x_wconf 85' lang='lat' dir='ltr'><strong><em>tuis&#39;</em></strong></span> 
     </span>
    </p>
   </div>
   <div class='ocr_carea' id='block_1_21' title="bbox 2127 625 3657 709">
    <p class='ocr_par' dir='ltr' id='par_1_21' title="bbox 2127 625 3657 709">
     <span class='ocr_line' id='line_1_21' title="bbox 2127 625 3657 709; baseline 0.01 -29"><span class='ocrx_word' id='word_1_144' title='bbox 2127 625 2420 696; x_wconf 75' lang='lat' dir='ltr'><strong><em>formidavit</em></strong></span> <span class='ocrx_word' id='word_1_145' title='bbox 2448 645 2536 682; x_wconf 89' lang='lat' dir='ltr'><strong><em>cor</em></strong></span> <span class='ocrx_word' id='word_1_146' title='bbox 2568 647 2753 683; x_wconf 89' lang='lat' dir='ltr'><strong><em>meum.</em></strong></span> <span class='ocrx_word' id='word_1_147' title='bbox 2786 629 3024 684; x_wconf 74' lang='lat' dir='ltr'><strong><em>Lmtabor</em></strong></span> <span class='ocrx_word' id='word_1_148' title='bbox 3049 650 3140 704; x_wconf 87' lang='lat' dir='ltr'><strong><em>ego</em></strong></span> <span class='ocrx_word' id='word_1_149' title='bbox 3162 651 3221 687; x_wconf 88' lang='lat' dir='ltr'><strong><em>su</em></strong></span> <span class='ocrx_word' id='word_1_150' title='bbox 3255 651 3309 688; x_wconf 89' lang='lat' dir='ltr'><strong><em>er</em></strong></span> <span class='ocrx_word' id='word_1_151' title='bbox 3346 636 3529 709; x_wconf 86' lang='lat' dir='ltr'><strong><em>eloquia</em></strong></span> <span class='ocrx_word' id='word_1_152' title='bbox 3565 651 3657 708; x_wconf 86' lang='lat' dir='ltr'><strong><em>tua,</em></strong></span> 
     </span>
    </p>
   </div>
   <div class='ocr_carea' id='block_1_22' title="bbox 2123 718 3661 794">
    <p class='ocr_par' dir='ltr' id='par_1_22' title="bbox 2123 718 3661 794">
     <span class='ocr_line' id='line_1_22' title="bbox 2123 718 3661 794; baseline 0.012 -26"><span class='ocrx_word' id='word_1_153' title='bbox 2123 718 2254 769; x_wconf 82' lang='lat' dir='ltr'><strong><em>sicut</em></strong></span> <span class='ocrx_word' id='word_1_154' title='bbox 2273 719 2358 787; x_wconf 87' lang='lat' dir='ltr'><strong><em>qui</em></strong></span> <span class='ocrx_word' id='word_1_155' title='bbox 2380 719 2569 772; x_wconf 78' lang='lat' dir='ltr'><strong><em>invenit</em></strong></span> <span class='ocrx_word' id='word_1_156' title='bbox 2590 720 2756 790; x_wconf 81' lang='lat' dir='ltr'><strong><em>spolia</em></strong></span> <span class='ocrx_word' id='word_1_157' title='bbox 2785 723 2965 774; x_wconf 87' lang='lat' dir='ltr'><strong><em>multa.</em></strong></span> <span class='ocrx_word' id='word_1_158' title='bbox 2995 721 3316 794; x_wconf 76' lang='lat' dir='ltr'><strong><em>Iniquitatem</em></strong></span> <span class='ocrx_word' id='word_1_159' title='bbox 3338 727 3448 781; x_wconf 86' lang='lat' dir='ltr'><strong><em>odio</em></strong></span> <span class='ocrx_word' id='word_1_160' title='bbox 3467 729 3603 784; x_wconf 82' lang='lat' dir='ltr'><strong><em>habui</em></strong></span> <span class='ocrx_word' id='word_1_161' title='bbox 3619 741 3661 787; x_wconf 85' lang='lat' dir='ltr'><strong><em>et</em></strong></span> 
     </span>
    </p>
   </div>
   <div class='ocr_carea' id='block_1_23' title="bbox 2123 805 3659 886">
    <p class='ocr_par' dir='ltr' id='par_1_23' title="bbox 2123 805 3659 886">
     <span class='ocr_line' id='line_1_23' title="bbox 2123 805 3659 886; baseline 0.009 -26"><span class='ocrx_word' id='word_1_162' title='bbox 2123 805 2447 862; x_wconf 83' lang='lat' dir='ltr'><strong><em>abominatus</em></strong></span> <span class='ocrx_word' id='word_1_163' title='bbox 2474 827 2603 873; x_wconf 71' lang='lat' dir='ltr'><strong><em>sitm,</em></strong></span> <span class='ocrx_word' id='word_1_164' title='bbox 2635 810 2794 880; x_wconf 80' lang='lat' dir='ltr'><strong><em>legem</em></strong></span> <span class='ocrx_word' id='word_1_165' title='bbox 2832 820 3000 868; x_wconf 86' lang='lat' dir='ltr'><strong><em>autem</em></strong></span> <span class='ocrx_word' id='word_1_166' title='bbox 3037 823 3174 866; x_wconf 85' lang='lat' dir='ltr'><strong><em>tuam</em></strong></span> <span class='ocrx_word' id='word_1_167' title='bbox 3199 814 3370 869; x_wconf 70' lang='lat' dir='ltr'><strong><em>dilexi.</em></strong></span> <span class='ocrx_word' id='word_1_168' title='bbox 3411 816 3594 886; x_wconf 82' lang='lat' dir='ltr'><strong><em>Septies</em></strong></span> <span class='ocrx_word' id='word_1_169' title='bbox 3613 823 3659 876; x_wconf 87' lang='lat' dir='ltr'><strong><em>in</em></strong></span> 
     </span>
    </p>
   </div>
   <div class='ocr_carea' id='block_1_24' title="bbox 2123 897 3660 972">
    <p class='ocr_par' dir='ltr' id='par_1_24' title="bbox 2123 897 3660 972">
     <span class='ocr_line' id='line_1_24' title="bbox 2123 897 3660 972; baseline 0.009 -22"><span class='ocrx_word' id='word_1_170' title='bbox 2123 897 2206 951; x_wconf 89' lang='lat' dir='ltr'><strong><em>die</em></strong></span> <span class='ocrx_word' id='word_1_171' title='bbox 2241 898 2445 952; x_wconf 88' lang='lat' dir='ltr'><strong><em>laudem</em></strong></span> <span class='ocrx_word' id='word_1_172' title='bbox 2470 899 2577 953; x_wconf 71' lang='lat' dir='ltr'><strong><em>dixi</em></strong></span> <span class='ocrx_word' id='word_1_173' title='bbox 2607 901 2717 965; x_wconf 87' lang='lat' dir='ltr'><strong><em>tibi,</em></strong></span> <span class='ocrx_word' id='word_1_174' title='bbox 2747 917 2900 972; x_wconf 88' lang='lat' dir='ltr'><strong><em>super</em></strong></span> <span class='ocrx_word' id='word_1_175' title='bbox 2931 902 3132 972; x_wconf 86' lang='lat' dir='ltr'><strong><em>judicia</em></strong></span> <span class='ocrx_word' id='word_1_176' title='bbox 3167 903 3378 972; x_wconf 68' lang='lat' dir='ltr'><strong><em>jusntia:</em></strong></span> <span class='ocrx_word' id='word_1_177' title='bbox 3415 916 3522 960; x_wconf 70' lang='lat' dir='ltr'><strong><em>tua.</em></strong></span> <span class='ocrx_word' id='word_1_178' title='bbox 3557 907 3660 964; x_wconf 71' lang='lat' dir='ltr'><strong><em>Par</em></strong></span> 
     </span>
    </p>
   </div>
   <div class='ocr_carea' id='block_1_25' title="bbox 2123 990 3652 1062">
    <p class='ocr_par' dir='ltr' id='par_1_25' title="bbox 2123 990 3652 1062">
     <span class='ocr_line' id='line_1_25' title="bbox 2123 990 3652 1062; baseline 0.007 -21"><span class='ocrx_word' id='word_1_179' title='bbox 2123 991 2287 1042; x_wconf 82' lang='lat' dir='ltr'><strong><em>multa</em></strong></span> <span class='ocrx_word' id='word_1_180' title='bbox 2309 990 2636 1062; x_wconf 79' lang='lat' dir='ltr'><strong><em>diligentibus</em></strong></span> <span class='ocrx_word' id='word_1_181' title='bbox 2665 993 2826 1062; x_wconf 89' lang='lat' dir='ltr'><strong><em>legem</em></strong></span> <span class='ocrx_word' id='word_1_182' title='bbox 2853 1004 3012 1056; x_wconf 82' lang='lat' dir='ltr'><strong><em>tuam,</em></strong></span> <span class='ocrx_word' id='word_1_183' title='bbox 3033 1002 3081 1046; x_wconf 90' lang='lat' dir='ltr'><strong><em>et</em></strong></span> <span class='ocrx_word' id='word_1_184' title='bbox 3110 1010 3211 1047; x_wconf 87' lang='lat' dir='ltr'><strong><em>non</em></strong></span> <span class='ocrx_word' id='word_1_185' title='bbox 3238 1005 3314 1048; x_wconf 90' lang='lat' dir='ltr'><strong><em>est</em></strong></span> <span class='ocrx_word' id='word_1_186' title='bbox 3339 997 3436 1050; x_wconf 80' lang='lat' dir='ltr'><strong><em>illis</em></strong></span> <span class='ocrx_word' id='word_1_187' title='bbox 3462 999 3652 1052; x_wconf 75' lang='lat' dir='ltr'><strong><em>scanda-</em></strong></span> 
     </span>
    </p>
   </div>
   <div class='ocr_carea' id='block_1_26' title="bbox 2123 1077 3656 1150">
    <p class='ocr_par' dir='ltr' id='par_1_26' title="bbox 2123 1077 3656 1150">
     <span class='ocr_line' id='line_1_26' title="bbox 2123 1077 3656 1150; baseline 0.005 -19"><span class='ocrx_word' id='word_1_188' title='bbox 2123 1078 2250 1132; x_wconf 85' lang='lat' dir='ltr'><strong><em>lum.</em></strong></span> <span class='ocrx_word' id='word_1_189' title='bbox 2295 1077 2671 1150; x_wconf 71' lang='lat' dir='ltr'><strong><em>Exspectabam</em></strong></span> <span class='ocrx_word' id='word_1_190' title='bbox 2699 1086 2927 1134; x_wconf 65' lang='lat' dir='ltr'><strong><em>salutare</em></strong></span> <span class='ocrx_word' id='word_1_191' title='bbox 2970 1092 3138 1144; x_wconf 87' lang='lat' dir='ltr'><strong><em>tuum,</em></strong></span> <span class='ocrx_word' id='word_1_192' title='bbox 3170 1080 3409 1143; x_wconf 83' lang='lat' dir='ltr'><strong><em>Domine.</em></strong></span> <span class='ocrx_word' id='word_1_193' title='bbox 3452 1094 3496 1137; x_wconf 90' lang='lat' dir='ltr'><strong><em>et</em></strong></span> <span class='ocrx_word' id='word_1_194' title='bbox 3534 1103 3656 1140; x_wconf 84' lang='lat' dir='ltr'><strong><em>man-</em></strong></span> 
     </span>
    </p>
   </div>
   <div class='ocr_carea' id='block_1_27' title="bbox 2121 1169 3657 1230">
    <p class='ocr_par' dir='ltr' id='par_1_27' title="bbox 2121 1169 3657 1230">
     <span class='ocr_line' id='line_1_27' title="bbox 2121 1169 3657 1230; baseline 0.005 -8"><span class='ocrx_word' id='word_1_195' title='bbox 2121 1170 2244 1224; x_wconf 88' lang='lat' dir='ltr'><strong><em>data</em></strong></span> <span class='ocrx_word' id='word_1_196' title='bbox 2269 1180 2356 1224; x_wconf 88' lang='lat' dir='ltr'><strong><em>tua</em></strong></span> <span class='ocrx_word' id='word_1_197' title='bbox 2386 1172 2562 1226; x_wconf 72' lang='lat' dir='ltr'><strong><em>dilexi.</em></strong></span> <span class='ocrx_word' id='word_1_198' title='bbox 2596 1169 2878 1226; x_wconf 79' lang='lat' dir='ltr'><strong><em>Custodirit</em></strong></span> <span class='ocrx_word' id='word_1_199' title='bbox 2915 1173 3090 1226; x_wconf 85' lang='lat' dir='ltr'><strong><em>anima</em></strong></span> <span class='ocrx_word' id='word_1_200' title='bbox 3137 1190 3248 1227; x_wconf 88' lang='lat' dir='ltr'><strong><em>mea</em></strong></span> <span class='ocrx_word' id='word_1_201' title='bbox 3289 1177 3557 1230; x_wconf 87' lang='lat' dir='ltr'><strong><em>testimonia</em></strong></span> <span class='ocrx_word' id='word_1_202' title='bbox 3585 1186 3657 1229; x_wconf 88' lang='lat' dir='ltr'><strong><em>tua</em></strong></span> 
     </span>
    </p>
   </div>
   <div class='ocr_carea' id='block_1_28' title="bbox 2117 1261 3656 1321">
    <p class='ocr_par' dir='ltr' id='par_1_28' title="bbox 2117 1261 3656 1321">
     <span class='ocr_line' id='line_1_28' title="bbox 2117 1261 3656 1321; baseline 0.003 -6"><span class='ocrx_word' id='word_1_203' title='bbox 2117 1270 2166 1315; x_wconf 90' lang='lat' dir='ltr'><strong><em>et</em></strong></span> <span class='ocrx_word' id='word_1_204' title='bbox 2195 1261 2375 1315; x_wconf 70' lang='lat' dir='ltr'><strong><em>dilexit</em></strong></span> <span class='ocrx_word' id='word_1_205' title='bbox 2391 1279 2452 1316; x_wconf 93' lang='lat' dir='ltr'><strong><em>ea</em></strong></span> <span class='ocrx_word' id='word_1_206' title='bbox 2481 1263 2817 1316; x_wconf 79' lang='lat' dir='ltr'><strong><em>vehementer.</em></strong></span> <span class='ocrx_word' id='word_1_207' title='bbox 2851 1263 3061 1318; x_wconf 75' lang='lat' dir='ltr'><strong><em>Servavi</em></strong></span> <span class='ocrx_word' id='word_1_208' title='bbox 3090 1264 3335 1318; x_wconf 88' lang='lat' dir='ltr'><strong><em>mandata</em></strong></span> <span class='ocrx_word' id='word_1_209' title='bbox 3357 1276 3438 1318; x_wconf 90' lang='lat' dir='ltr'><strong><em>tua</em></strong></span> <span class='ocrx_word' id='word_1_210' title='bbox 3459 1279 3504 1319; x_wconf 91' lang='lat' dir='ltr'><strong><em>et</em></strong></span> <span class='ocrx_word' id='word_1_211' title='bbox 3534 1268 3656 1321; x_wconf 86' lang='lat' dir='ltr'><strong><em>testi-</em></strong></span> 
     </span>
    </p>
   </div>
   <div class='ocr_carea' id='block_1_29' title="bbox 2117 1353 3533 1426">
    <p class='ocr_par' dir='ltr' id='par_1_29' title="bbox 2117 1353 3533 1426">
     <span class='ocr_line' id='line_1_29' title="bbox 2117 1353 3533 1426; baseline 0.004 -22"><span class='ocrx_word' id='word_1_212' title='bbox 2117 1353 2291 1405; x_wconf 88' lang='lat' dir='ltr'><strong><em>monia</em></strong></span> <span class='ocrx_word' id='word_1_213' title='bbox 2312 1360 2418 1414; x_wconf 90' lang='lat' dir='ltr'><strong><em>tua,</em></strong></span> <span class='ocrx_word' id='word_1_214' title='bbox 2442 1353 2562 1426; x_wconf 89' lang='lat' dir='ltr'><strong><em>quia</em></strong></span> <span class='ocrx_word' id='word_1_215' title='bbox 2591 1369 2768 1406; x_wconf 87' lang='lat' dir='ltr'><strong><em>omnes</em></strong></span> <span class='ocrx_word' id='word_1_216' title='bbox 2789 1354 2880 1406; x_wconf 81' lang='lat' dir='ltr'><strong><em>uice</em></strong></span> <span class='ocrx_word' id='word_1_217' title='bbox 2917 1369 3046 1408; x_wconf 71' lang='lat' dir='ltr'><strong><em>mete</em></strong></span> <span class='ocrx_word' id='word_1_218' title='bbox 3071 1355 3126 1408; x_wconf 88' lang='lat' dir='ltr'><strong><em>in</em></strong></span> <span class='ocrx_word' id='word_1_219' title='bbox 3149 1365 3411 1424; x_wconf 86' lang='lat' dir='ltr'><strong><em>conspectu</em></strong></span> <span class='ocrx_word' id='word_1_220' title='bbox 3437 1365 3533 1410; x_wconf 88' lang='lat' dir='ltr'><strong><em>tuo.</em></strong></span> 
     </span>
    </p>
   </div>
   <div class='ocr_carea' id='block_1_30' title="bbox 2186 1443 3655 1522">
    <p class='ocr_par' dir='ltr' id='par_1_30' title="bbox 2186 1443 3655 1522">
     <span class='ocr_line' id='line_1_30' title="bbox 2186 1443 3655 1522; baseline 0.003 -27"><span class='ocrx_word' id='word_1_221' title='bbox 2186 1443 2567 1522; x_wconf 75' lang='lat' dir='ltr'><strong><em>Appropinquet</em></strong></span> <span class='ocrx_word' id='word_1_222' title='bbox 2588 1444 2876 1513; x_wconf 84' lang='lat' dir='ltr'><strong><em>deprecatio</em></strong></span> <span class='ocrx_word' id='word_1_223' title='bbox 2903 1461 3016 1497; x_wconf 90' lang='lat' dir='ltr'><strong><em>mea</em></strong></span> <span class='ocrx_word' id='word_1_224' title='bbox 3047 1447 3098 1496; x_wconf 89' lang='lat' dir='ltr'><strong><em>in</em></strong></span> <span class='ocrx_word' id='word_1_225' title='bbox 3129 1457 3391 1514; x_wconf 85' lang='lat' dir='ltr'><strong><em>conspectu</em></strong></span> <span class='ocrx_word' id='word_1_226' title='bbox 3429 1455 3524 1508; x_wconf 88' lang='lat' dir='ltr'><strong><em>tuo,</em></strong></span> <span class='ocrx_word' id='word_1_227' title='bbox 3565 1444 3655 1501; x_wconf 90' lang='lat' dir='ltr'><strong><em>Do-</em></strong></span> 
     </span>
    </p>
   </div>
   <div class='ocr_carea' id='block_1_31' title="bbox 2115 1533 3656 1605">
    <p class='ocr_par' dir='ltr' id='par_1_31' title="bbox 2115 1533 3656 1605">
     <span class='ocr_line' id='line_1_31' title="bbox 2115 1533 3656 1605; baseline 0.002 -17"><span class='ocrx_word' id='word_1_228' title='bbox 2115 1535 2268 1597; x_wconf 72' lang='lat' dir='ltr'><strong><em>mine,</em></strong></span> <span class='ocrx_word' id='word_1_229' title='bbox 2294 1533 2450 1604; x_wconf 70' lang='lat' dir='ltr'><strong><em>juxta</em></strong></span> <span class='ocrx_word' id='word_1_230' title='bbox 2478 1533 2728 1605; x_wconf 83' lang='lat' dir='ltr'><strong><em>eloquium</em></strong></span> <span class='ocrx_word' id='word_1_231' title='bbox 2751 1543 2893 1588; x_wconf 86' lang='lat' dir='ltr'><strong><em>tuum</em></strong></span> <span class='ocrx_word' id='word_1_232' title='bbox 2915 1535 2982 1588; x_wconf 90' lang='lat' dir='ltr'><strong><em>da</em></strong></span> <span class='ocrx_word' id='word_1_233' title='bbox 3008 1535 3134 1590; x_wconf 89' lang='lat' dir='ltr'><strong><em>mihi</em></strong></span> <span class='ocrx_word' id='word_1_234' title='bbox 3163 1537 3484 1588; x_wconf 84' lang='lat' dir='ltr'><strong><em>intellectum.</em></strong></span> <span class='ocrx_word' id='word_1_235' title='bbox 3515 1533 3656 1590; x_wconf 81' lang='lat' dir='ltr'><strong><em>Intret</em></strong></span> 
     </span>
    </p>
   </div>
   <div class='ocr_carea' id='block_1_32' title="bbox 2113 1623 3654 1696">
    <p class='ocr_par' dir='ltr' id='par_1_32' title="bbox 2113 1623 3654 1696">
     <span class='ocr_line' id='line_1_32' title="bbox 2113 1623 3654 1696; baseline 0.001 -20"><span class='ocrx_word' id='word_1_236' title='bbox 2113 1623 2388 1693; x_wconf 82' lang='lat' dir='ltr'><strong><em>postulatio</em></strong></span> <span class='ocrx_word' id='word_1_237' title='bbox 2417 1639 2528 1677; x_wconf 90' lang='lat' dir='ltr'><strong><em>mea</em></strong></span> <span class='ocrx_word' id='word_1_238' title='bbox 2567 1625 2622 1676; x_wconf 88' lang='lat' dir='ltr'><strong><em>in</em></strong></span> <span class='ocrx_word' id='word_1_239' title='bbox 2662 1632 2933 1694; x_wconf 75' lang='lat' dir='ltr'><strong><em>conspecta</em></strong></span> <span class='ocrx_word' id='word_1_240' title='bbox 2976 1635 3079 1685; x_wconf 88' lang='lat' dir='ltr'><strong><em>tuo,</em></strong></span> <span class='ocrx_word' id='word_1_241' title='bbox 3127 1627 3398 1678; x_wconf 84' lang='lat' dir='ltr'><strong><em>secundum</em></strong></span> <span class='ocrx_word' id='word_1_242' title='bbox 3437 1626 3654 1696; x_wconf 78' lang='lat' dir='ltr'><strong><em>eloqium</em></strong></span> 
     </span>
    </p>
   </div>
   <div class='ocr_carea' id='block_1_33' title="bbox 429 1711 3653 1790">
    <p class='ocr_par' dir='ltr' id='par_1_33' title="bbox 429 1711 3653 1790">
     <span class='ocr_line' id='line_1_33' title="bbox 429 1711 3653 1790; baseline -0 -20"><span class='ocrx_word' id='word_1_243' title='bbox 429 1715 589 1788; x_wconf 81' lang='lat' dir='ltr'><strong><em>legem</em></strong></span> <span class='ocrx_word' id='word_1_244' title='bbox 619 1727 774 1772; x_wconf 81' lang='lat' dir='ltr'><strong><em>luant.</em></strong></span> <span class='ocrx_word' id='word_1_245' title='bbox 810 1717 936 1771; x_wconf 84' lang='lat' dir='ltr'><strong><em>Ideo</em></strong></span> <span class='ocrx_word' id='word_1_246' title='bbox 966 1717 1122 1772; x_wconf 76' lang='lat' dir='ltr'><strong><em>dilexi</em></strong></span> <span class='ocrx_word' id='word_1_247' title='bbox 1166 1719 1412 1772; x_wconf 88' lang='lat' dir='ltr'><strong><em>mandata</em></strong></span> <span class='ocrx_word' id='word_1_248' title='bbox 1454 1729 1538 1772; x_wconf 90' lang='lat' dir='ltr'><strong><em>tua</em></strong></span> <span class='ocrx_word' id='word_1_249' title='bbox 1582 1737 1734 1790; x_wconf 85' lang='lat' dir='ltr'><strong><em>super</em></strong></span> <span class='ocrx_word' id='word_1_250' title='bbox 1759 1737 1942 1774; x_wconf 83' lang='lat' dir='ltr'><strong><em>aurum</em></strong></span> <span class='ocrx_word' id='word_1_251' title='bbox 1963 1730 2012 1774; x_wconf 78' lang='grc' dir='ltr'><strong><em>ει</em></strong></span> <span class='ocrx_word' id='word_1_252' title='bbox 2045 1711 2086 1772; x_wconf 80' lang='grc' dir='ltr'><strong><em>Β</em></strong></span> <span class='ocrx_word' id='word_1_253' title='bbox 2115 1725 2254 1766; x_wconf 75' lang='lat' dir='ltr'><strong><em>suum</em></strong></span> <span class='ocrx_word' id='word_1_254' title='bbox 2280 1714 2420 1784; x_wconf 83' lang='lat' dir='ltr'><strong><em>eripe</em></strong></span> <span class='ocrx_word' id='word_1_255' title='bbox 2456 1731 2553 1766; x_wconf 89' lang='lat' dir='ltr'><strong><em>me.</em></strong></span> <span class='ocrx_word' id='word_1_256' title='bbox 2604 1713 2921 1768; x_wconf 73' lang='lat' dir='ltr'><strong><em>Eructabunt</em></strong></span> <span class='ocrx_word' id='word_1_257' title='bbox 2949 1714 3087 1768; x_wconf 67' lang='lat' dir='ltr'><strong><em>labia</em></strong></span> <span class='ocrx_word' id='word_1_258' title='bbox 3137 1731 3250 1768; x_wconf 86' lang='lat' dir='ltr'><strong><em>mea</em></strong></span> <span class='ocrx_word' id='word_1_259' title='bbox 3277 1715 3523 1785; x_wconf 64' lang='lat' dir='ltr'><strong><em>hymnum,</em></strong></span> <span class='ocrx_word' id='word_1_260' title='bbox 3559 1731 3653 1769; x_wconf 85' lang='lat' dir='ltr'><strong><em>cum</em></strong></span> 
     </span>
    </p>
   </div>
   <div class='ocr_carea' id='block_1_34' title="bbox 432 1805 2008 1880">
    <p class='ocr_par' dir='ltr' id='par_1_34' title="bbox 432 1805 2008 1880">
     <span class='ocr_line' id='line_1_34' title="bbox 432 1805 2008 1880; baseline 0.004 -21"><span class='ocrx_word' id='word_1_261' title='bbox 432 1810 690 1878; x_wconf 78' lang='lat' dir='ltr'><strong><em>topazion.</em></strong></span> <span class='ocrx_word' id='word_1_262' title='bbox 723 1805 1004 1877; x_wconf 82' lang='lat' dir='ltr'><strong><em>Propterea</em></strong></span> <span class='ocrx_word' id='word_1_263' title='bbox 1039 1809 1107 1861; x_wconf 91' lang='lat' dir='ltr'><strong><em>ad</em></strong></span> <span class='ocrx_word' id='word_1_264' title='bbox 1133 1810 1305 1863; x_wconf 83' lang='lat' dir='ltr'><strong><em>omnia</em></strong></span> <span class='ocrx_word' id='word_1_265' title='bbox 1337 1809 1582 1862; x_wconf 78' lang='lat' dir='ltr'><strong><em>mandata</em></strong></span> <span class='ocrx_word' id='word_1_266' title='bbox 1618 1820 1702 1862; x_wconf 92' lang='lat' dir='ltr'><strong><em>tua</em></strong></span> <span class='ocrx_word' id='word_1_267' title='bbox 1731 1811 2008 1880; x_wconf 88' lang='lat' dir='ltr'><strong><em>dirigebar,</em></strong></span> 
     </span>
    </p>
   </div>
   <div class='ocr_carea' id='block_1_35' title="bbox 430 1900 1390 1970">
    <p class='ocr_par' dir='ltr' id='par_1_35' title="bbox 430 1900 1390 1970">
     <span class='ocr_line' id='line_1_35' title="bbox 430 1900 1390 1970; baseline 0 -18"><span class='ocrx_word' id='word_1_268' title='bbox 430 1917 631 1954; x_wconf 87' lang='lat' dir='ltr'><strong><em>omnem</em></strong></span> <span class='ocrx_word' id='word_1_269' title='bbox 657 1901 788 1953; x_wconf 73' lang='lat' dir='ltr'><strong><em>viam</em></strong></span> <span class='ocrx_word' id='word_1_270' title='bbox 813 1901 1044 1970; x_wconf 72' lang='lat' dir='ltr'><strong><em>iniquam</em></strong></span> <span class='ocrx_word' id='word_1_271' title='bbox 1074 1901 1190 1953; x_wconf 79' lang='lat' dir='ltr'><strong><em>odio</em></strong></span> <span class='ocrx_word' id='word_1_272' title='bbox 1219 1900 1390 1953; x_wconf 87' lang='lat' dir='ltr'><strong><em>habui.</em></strong></span> 
     </span>
    </p>
   </div>
   <div class='ocr_carea' id='block_1_36' title="bbox 499 1989 2012 2055">
    <p class='ocr_par' dir='ltr' id='par_1_36' title="bbox 499 1989 2012 2055">
     <span class='ocr_line' id='line_1_36' title="bbox 499 1989 2012 2055; baseline 0.003 -13"><span class='ocrx_word' id='word_1_273' title='bbox 499 1989 763 2044; x_wconf 81' lang='lat' dir='ltr'><strong><em>Mirabilia</em></strong></span> <span class='ocrx_word' id='word_1_274' title='bbox 803 1992 1091 2044; x_wconf 87' lang='lat' dir='ltr'><strong><em>testimonia</em></strong></span> <span class='ocrx_word' id='word_1_275' title='bbox 1135 2002 1242 2055; x_wconf 85' lang='lat' dir='ltr'><strong><em>tua,</em></strong></span> <span class='ocrx_word' id='word_1_276' title='bbox 1264 1991 1377 2045; x_wconf 89' lang='lat' dir='ltr'><strong><em>ideo</em></strong></span> <span class='ocrx_word' id='word_1_277' title='bbox 1414 2000 1643 2044; x_wconf 82' lang='lat' dir='ltr'><strong><em>scrutata</em></strong></span> <span class='ocrx_word' id='word_1_278' title='bbox 1661 2000 1816 2045; x_wconf 86' lang='lat' dir='ltr'><strong><em>estea</em></strong></span> <span class='ocrx_word' id='word_1_279' title='bbox 1836 1993 2012 2047; x_wconf 81' lang='lat' dir='ltr'><strong><em>anima</em></strong></span> 
     </span>
    </p>
   </div>
   <div class='ocr_carea' id='block_1_37' title="bbox 430 2079 2008 2146">
    <p class='ocr_par' dir='ltr' id='par_1_37' title="bbox 430 2079 2008 2146">
     <span class='ocr_line' id='line_1_37' title="bbox 430 2079 2008 2146; baseline 0.003 -13"><span class='ocrx_word' id='word_1_280' title='bbox 430 2097 563 2134; x_wconf 89' lang='lat' dir='ltr'><strong><em>mea.</em></strong></span> <span class='ocrx_word' id='word_1_281' title='bbox 596 2079 892 2136; x_wconf 80' lang='lat' dir='ltr'><strong><em>Declaratio</em></strong></span> <span class='ocrx_word' id='word_1_282' title='bbox 922 2098 1213 2136; x_wconf 79' lang='lat' dir='ltr'><strong><em>sermonum</em></strong></span> <span class='ocrx_word' id='word_1_283' title='bbox 1245 2091 1446 2136; x_wconf 86' lang='lat' dir='ltr'><strong><em>tuorum</em></strong></span> <span class='ocrx_word' id='word_1_284' title='bbox 1473 2081 1752 2146; x_wconf 88' lang='lat' dir='ltr'><strong><em>illuminat,</em></strong></span> <span class='ocrx_word' id='word_1_285' title='bbox 1781 2091 1832 2137; x_wconf 90' lang='lat' dir='ltr'><strong><em>et</em></strong></span> <span class='ocrx_word' id='word_1_286' title='bbox 1853 2083 2008 2138; x_wconf 90' lang='lat' dir='ltr'><strong><em>intel-</em></strong></span> 
     </span>
    </p>
   </div>
   <div class='ocr_carea' id='block_1_38' title="bbox 427 2174 2008 2246">
    <p class='ocr_par' dir='ltr' id='par_1_38' title="bbox 427 2174 2008 2246">
     <span class='ocr_line' id='line_1_38' title="bbox 427 2174 2008 2246; baseline 0.002 -18"><span class='ocrx_word' id='word_1_287' title='bbox 427 2175 609 2230; x_wconf 84' lang='lat' dir='ltr'><strong><em>lectum</em></strong></span> <span class='ocrx_word' id='word_1_288' title='bbox 642 2175 732 2228; x_wconf 80' lang='lat' dir='ltr'><strong><em>dat</em></strong></span> <span class='ocrx_word' id='word_1_289' title='bbox 755 2177 1004 2246; x_wconf 81' lang='lat' dir='ltr'><strong><em>paruulis.</em></strong></span> <span class='ocrx_word' id='word_1_290' title='bbox 1033 2174 1106 2229; x_wconf 85' lang='lat' dir='ltr'><strong><em>0s</em></strong></span> <span class='ocrx_word' id='word_1_291' title='bbox 1135 2191 1302 2229; x_wconf 87' lang='lat' dir='ltr'><strong><em>meum</em></strong></span> <span class='ocrx_word' id='word_1_292' title='bbox 1327 2177 1505 2245; x_wconf 83' lang='lat' dir='ltr'><strong><em>aperui</em></strong></span> <span class='ocrx_word' id='word_1_293' title='bbox 1547 2184 1597 2229; x_wconf 91' lang='lat' dir='ltr'><strong><em>et</em></strong></span> <span class='ocrx_word' id='word_1_294' title='bbox 1629 2177 1822 2230; x_wconf 69' lang='lat' dir='ltr'><strong><em>attraxi</em></strong></span> <span class='ocrx_word' id='word_1_295' title='bbox 1849 2177 2008 2245; x_wconf 86' lang='lat' dir='ltr'><strong><em>spiri-</em></strong></span> 
     </span>
    </p>
   </div>
   <div class='ocr_carea' id='block_1_39' title="bbox 429 2265 2012 2338">
    <p class='ocr_par' dir='ltr' id='par_1_39' title="bbox 429 2265 2012 2338">
     <span class='ocr_line' id='line_1_39' title="bbox 429 2265 2012 2338; baseline -0.001 -17"><span class='ocrx_word' id='word_1_296' title='bbox 429 2276 554 2331; x_wconf 90' lang='lat' dir='ltr'><strong><em>tum,</em></strong></span> <span class='ocrx_word' id='word_1_297' title='bbox 575 2267 695 2338; x_wconf 84' lang='lat' dir='ltr'><strong><em>quia</em></strong></span> <span class='ocrx_word' id='word_1_298' title='bbox 733 2266 979 2320; x_wconf 85' lang='lat' dir='ltr'><strong><em>mandata</em></strong></span> <span class='ocrx_word' id='word_1_299' title='bbox 1009 2274 1095 2318; x_wconf 88' lang='lat' dir='ltr'><strong><em>tua</em></strong></span> <span class='ocrx_word' id='word_1_300' title='bbox 1126 2265 1498 2319; x_wconf 75' lang='lat' dir='ltr'><strong><em>desiderabam.</em></strong></span> <span class='ocrx_word' id='word_1_301' title='bbox 1523 2265 1708 2334; x_wconf 78' lang='lat' dir='ltr'><strong><em>Aspice</em></strong></span> <span class='ocrx_word' id='word_1_302' title='bbox 1737 2266 1790 2318; x_wconf 89' lang='lat' dir='ltr'><strong><em>in</em></strong></span> <span class='ocrx_word' id='word_1_303' title='bbox 1829 2282 1940 2330; x_wconf 84' lang='lat' dir='ltr'><strong><em>me,</em></strong></span> <span class='ocrx_word' id='word_1_304' title='bbox 1961 2275 2012 2319; x_wconf 86' lang='lat' dir='ltr'><strong><em>et</em></strong></span> 
     </span>
    </p>
   </div>
   <div class='ocr_carea' id='block_1_40' title="bbox 426 2355 2008 2426">
    <p class='ocr_par' dir='ltr' id='par_1_40' title="bbox 426 2355 2008 2426">
     <span class='ocr_line' id='line_1_40' title="bbox 426 2355 2008 2426; baseline 0 -16"><span class='ocrx_word' id='word_1_305' title='bbox 426 2357 666 2411; x_wconf 78' lang='lat' dir='ltr'><strong><em>miserere</em></strong></span> <span class='ocrx_word' id='word_1_306' title='bbox 703 2357 800 2411; x_wconf 86' lang='lat' dir='ltr'><strong><em>mei</em></strong></span> <span class='ocrx_word' id='word_1_307' title='bbox 843 2356 1119 2409; x_wconf 85' lang='lat' dir='ltr'><strong><em>secundum</em></strong></span> <span class='ocrx_word' id='word_1_308' title='bbox 1153 2355 1404 2426; x_wconf 81' lang='lat' dir='ltr'><strong><em>judicium</em></strong></span> <span class='ocrx_word' id='word_1_309' title='bbox 1453 2355 1774 2426; x_wconf 81' lang='lat' dir='ltr'><strong><em>diligentiam</em></strong></span> <span class='ocrx_word' id='word_1_310' title='bbox 1823 2371 2008 2410; x_wconf 76' lang='lat' dir='ltr'><strong><em>nomen</em></strong></span> 
     </span>
    </p>
   </div>
   <div class='ocr_carea' id='block_1_41' title="bbox 425 2445 2011 2517">
    <p class='ocr_par' dir='ltr' id='par_1_41' title="bbox 425 2445 2011 2517">
     <span class='ocr_line' id='line_1_41' title="bbox 425 2445 2011 2517; baseline -0.001 -17"><span class='ocrx_word' id='word_1_311' title='bbox 425 2456 584 2502; x_wconf 78' lang='lat' dir='ltr'><strong><em>tuum.</em></strong></span> <span class='ocrx_word' id='word_1_312' title='bbox 619 2445 833 2501; x_wconf 76' lang='lat' dir='ltr'><strong><em>Crassus</em></strong></span> <span class='ocrx_word' id='word_1_313' title='bbox 855 2463 991 2501; x_wconf 89' lang='lat' dir='ltr'><strong><em>meos</em></strong></span> <span class='ocrx_word' id='word_1_314' title='bbox 1017 2445 1182 2516; x_wconf 88' lang='lat' dir='ltr'><strong><em>dirige</em></strong></span> <span class='ocrx_word' id='word_1_315' title='bbox 1198 2445 1478 2500; x_wconf 88' lang='lat' dir='ltr'><strong><em>secundum</em></strong></span> <span class='ocrx_word' id='word_1_316' title='bbox 1503 2445 1757 2517; x_wconf 75' lang='lat' dir='ltr'><strong><em>eloquium</em></strong></span> <span class='ocrx_word' id='word_1_317' title='bbox 1780 2457 1938 2510; x_wconf 88' lang='lat' dir='ltr'><strong><em>tuum,</em></strong></span> <span class='ocrx_word' id='word_1_318' title='bbox 1959 2452 2011 2500; x_wconf 88' lang='lat' dir='ltr'><strong><em>et</em></strong></span> 
     </span>
    </p>
   </div>
   <div class='ocr_carea' id='block_1_42' title="bbox 427 2531 2008 2608">
    <p class='ocr_par' dir='ltr' id='par_1_42' title="bbox 427 2531 2008 2608">
     <span class='ocr_line' id='line_1_42' title="bbox 427 2531 2008 2608; baseline -0.001 -17"><span class='ocrx_word' id='word_1_319' title='bbox 427 2555 532 2593; x_wconf 82' lang='lat' dir='ltr'><strong><em>non</em></strong></span> <span class='ocrx_word' id='word_1_320' title='bbox 577 2539 870 2594; x_wconf 83' lang='lat' dir='ltr'><strong><em>dominetur</em></strong></span> <span class='ocrx_word' id='word_1_321' title='bbox 919 2538 1016 2591; x_wconf 90' lang='lat' dir='ltr'><strong><em>mei</em></strong></span> <span class='ocrx_word' id='word_1_322' title='bbox 1065 2538 1232 2592; x_wconf 87' lang='lat' dir='ltr'><strong><em>omnis</em></strong></span> <span class='ocrx_word' id='word_1_323' title='bbox 1282 2537 1558 2608; x_wconf 87' lang='lat' dir='ltr'><strong><em>injustitia.</em></strong></span> <span class='ocrx_word' id='word_1_324' title='bbox 1595 2535 1808 2591; x_wconf 84' lang='lat' dir='ltr'><strong><em>Redime</em></strong></span> <span class='ocrx_word' id='word_1_325' title='bbox 1849 2531 1931 2592; x_wconf 84' lang='lat' dir='ltr'><strong><em>me</em></strong></span> <span class='ocrx_word' id='word_1_326' title='bbox 1975 2553 2008 2590; x_wconf 88' lang='lat' dir='ltr'><strong><em>a</em></strong></span> 
     </span>
    </p>
   </div>
   <div class='ocr_carea' id='block_1_43' title="bbox 425 2625 2006 2694">
    <p class='ocr_par' dir='ltr' id='par_1_43' title="bbox 425 2625 2006 2694">
     <span class='ocr_line' id='line_1_43' title="bbox 425 2625 2006 2694; baseline -0.001 -10"><span class='ocrx_word' id='word_1_327' title='bbox 425 2632 693 2685; x_wconf 86' lang='lat' dir='ltr'><strong><em>calumniis</em></strong></span> <span class='ocrx_word' id='word_1_328' title='bbox 713 2631 992 2694; x_wconf 88' lang='lat' dir='ltr'><strong><em>hominum,</em></strong></span> <span class='ocrx_word' id='word_1_329' title='bbox 1013 2638 1070 2682; x_wconf 90' lang='lat' dir='ltr'><strong><em>ut</em></strong></span> <span class='ocrx_word' id='word_1_330' title='bbox 1091 2627 1372 2682; x_wconf 87' lang='lat' dir='ltr'><strong><em>custodiam</em></strong></span> <span class='ocrx_word' id='word_1_331' title='bbox 1395 2627 1642 2681; x_wconf 81' lang='lat' dir='ltr'><strong><em>mandata</em></strong></span> <span class='ocrx_word' id='word_1_332' title='bbox 1667 2637 1772 2680; x_wconf 87' lang='lat' dir='ltr'><strong><em>tua.</em></strong></span> <span class='ocrx_word' id='word_1_333' title='bbox 1793 2625 2006 2682; x_wconf 88' lang='lat' dir='ltr'><strong><em>Faciem</em></strong></span> 
     </span>
    </p>
   </div>
   <div class='ocr_carea' id='block_1_44' title="bbox 425 2718 2002 2792">
    <p class='ocr_par' dir='ltr' id='par_1_44' title="bbox 425 2718 2002 2792">
     <span class='ocr_line' id='line_1_44' title="bbox 425 2718 2002 2792; baseline -0.001 -19"><span class='ocrx_word' id='word_1_334' title='bbox 425 2733 564 2776; x_wconf 87' lang='lat' dir='ltr'><strong><em>tuam</em></strong></span> <span class='ocrx_word' id='word_1_335' title='bbox 585 2721 820 2775; x_wconf 72' lang='lat' dir='ltr'><strong><em>itlumina</em></strong></span> <span class='ocrx_word' id='word_1_336' title='bbox 849 2737 1000 2792; x_wconf 89' lang='lat' dir='ltr'><strong><em>super</em></strong></span> <span class='ocrx_word' id='word_1_337' title='bbox 1019 2736 1218 2773; x_wconf 84' lang='lat' dir='ltr'><strong><em>servum</em></strong></span> <span class='ocrx_word' id='word_1_338' title='bbox 1247 2728 1406 2783; x_wconf 85' lang='lat' dir='ltr'><strong><em>tuum,</em></strong></span> <span class='ocrx_word' id='word_1_339' title='bbox 1431 2730 1479 2772; x_wconf 90' lang='lat' dir='ltr'><strong><em>et</em></strong></span> <span class='ocrx_word' id='word_1_340' title='bbox 1499 2718 1623 2771; x_wconf 79' lang='lat' dir='ltr'><strong><em>doce</em></strong></span> <span class='ocrx_word' id='word_1_341' title='bbox 1646 2735 1724 2771; x_wconf 88' lang='lat' dir='ltr'><strong><em>me</em></strong></span> <span class='ocrx_word' id='word_1_342' title='bbox 1742 2718 2002 2788; x_wconf 68' lang='lat' dir='ltr'><strong><em>justiﬁed-</em></strong></span> 
     </span>
    </p>
   </div>
   <div class='ocr_carea' id='block_1_45' title="bbox 424 2807 2004 2880">
    <p class='ocr_par' dir='ltr' id='par_1_45' title="bbox 424 2807 2004 2880">
     <span class='ocr_line' id='line_1_45' title="bbox 424 2807 2004 2880; baseline -0.001 -18"><span class='ocrx_word' id='word_1_343' title='bbox 424 2812 588 2865; x_wconf 88' lang='lat' dir='ltr'><strong><em>tiones</em></strong></span> <span class='ocrx_word' id='word_1_344' title='bbox 610 2820 740 2864; x_wconf 86' lang='lat' dir='ltr'><strong><em>tuas.</em></strong></span> <span class='ocrx_word' id='word_1_345' title='bbox 767 2811 956 2862; x_wconf 64' lang='lat' dir='ltr'><strong><em>Exitus</em></strong></span> <span class='ocrx_word' id='word_1_346' title='bbox 976 2825 1226 2880; x_wconf 70' lang='lat' dir='ltr'><strong><em>aquarum</em></strong></span> <span class='ocrx_word' id='word_1_347' title='bbox 1247 2807 1565 2863; x_wconf 69' lang='lat' dir='ltr'><strong><em>deduxerunt</em></strong></span> <span class='ocrx_word' id='word_1_348' title='bbox 1584 2807 1716 2861; x_wconf 87' lang='lat' dir='ltr'><strong><em>oculi</em></strong></span> <span class='ocrx_word' id='word_1_349' title='bbox 1739 2809 1853 2867; x_wconf 84' lang='lat' dir='ltr'><strong><em>mei,</em></strong></span> <span class='ocrx_word' id='word_1_350' title='bbox 1885 2824 2004 2877; x_wconf 81' lang='lat' dir='ltr'><strong><em>qma</em></strong></span> 
     </span>
    </p>
   </div>
   <div class='ocr_carea' id='block_1_46' title="bbox 425 2901 1272 2972">
    <p class='ocr_par' dir='ltr' id='par_1_46' title="bbox 425 2901 1272 2972">
     <span class='ocr_line' id='line_1_46' title="bbox 425 2901 1272 2972; baseline -0.004 -17"><span class='ocrx_word' id='word_1_351' title='bbox 425 2920 525 2958; x_wconf 90' lang='lat' dir='ltr'><strong><em>non</em></strong></span> <span class='ocrx_word' id='word_1_352' title='bbox 555 2903 902 2956; x_wconf 81' lang='lat' dir='ltr'><strong><em>custodierunt</em></strong></span> <span class='ocrx_word' id='word_1_353' title='bbox 927 2901 1088 2972; x_wconf 84' lang='lat' dir='ltr'><strong><em>legem</em></strong></span> <span class='ocrx_word' id='word_1_354' title='bbox 1113 2909 1272 2954; x_wconf 86' lang='lat' dir='ltr'><strong><em>tuam.</em></strong></span> 
     </span>
    </p>
   </div>
   <div class='ocr_carea' id='block_1_47' title="bbox 493 2987 2004 3061">
    <p class='ocr_par' dir='ltr' id='par_1_47' title="bbox 493 2987 2004 3061">
     <span class='ocr_line' id='line_1_47' title="bbox 493 2987 2004 3061; baseline -0.004 -14"><span class='ocrx_word' id='word_1_355' title='bbox 493 2993 674 3047; x_wconf 80' lang='lat' dir='ltr'><strong><em>Justus</em></strong></span> <span class='ocrx_word' id='word_1_356' title='bbox 702 3010 774 3056; x_wconf 83' lang='lat' dir='ltr'><strong><em>es,</em></strong></span> <span class='ocrx_word' id='word_1_357' title='bbox 806 2991 1045 3055; x_wconf 73' lang='lat' dir='ltr'><strong><em>Domine,</em></strong></span> <span class='ocrx_word' id='word_1_358' title='bbox 1077 3000 1126 3044; x_wconf 92' lang='lat' dir='ltr'><strong><em>et</em></strong></span> <span class='ocrx_word' id='word_1_359' title='bbox 1155 2997 1344 3044; x_wconf 82' lang='lat' dir='ltr'><strong><em>rectam</em></strong></span> <span class='ocrx_word' id='word_1_360' title='bbox 1371 2988 1627 3061; x_wconf 86' lang='lat' dir='ltr'><strong><em>judicium</em></strong></span> <span class='ocrx_word' id='word_1_361' title='bbox 1665 2996 1823 3042; x_wconf 87' lang='lat' dir='ltr'><strong><em>tuum.</em></strong></span> <span class='ocrx_word' id='word_1_362' title='bbox 1850 2987 2004 3042; x_wconf 74' lang='lat' dir='ltr'><strong><em>Han-</em></strong></span> 
     </span>
    </p>
   </div>
   <div class='ocr_carea' id='block_1_48' title="bbox 2111 1803 3652 1876">
    <p class='ocr_par' dir='ltr' id='par_1_48' title="bbox 2111 1803 3652 1876">
     <span class='ocr_line' id='line_1_48' title="bbox 2111 1803 3652 1876; baseline -0.001 -18"><span class='ocrx_word' id='word_1_363' title='bbox 2111 1805 2344 1860; x_wconf 90' lang='lat' dir='ltr'><strong><em>docueris</em></strong></span> <span class='ocrx_word' id='word_1_364' title='bbox 2384 1822 2464 1859; x_wconf 91' lang='lat' dir='ltr'><strong><em>me</em></strong></span> <span class='ocrx_word' id='word_1_365' title='bbox 2493 1803 2897 1876; x_wconf 77' lang='lat' dir='ltr'><strong><em>jus:iﬁcationes</em></strong></span> <span class='ocrx_word' id='word_1_366' title='bbox 2927 1808 3060 1860; x_wconf 84' lang='lat' dir='ltr'><strong><em>tuas.</em></strong></span> <span class='ocrx_word' id='word_1_367' title='bbox 3107 1805 3463 1860; x_wconf 85' lang='lat' dir='ltr'><strong><em>Pronuntiabit</em></strong></span> <span class='ocrx_word' id='word_1_368' title='bbox 3504 1807 3652 1874; x_wconf 84' lang='lat' dir='ltr'><strong><em>lingua</em></strong></span> 
     </span>
    </p>
   </div>
   <div class='ocr_carea' id='block_1_49' title="bbox 2110 1878 3650 1968">
    <p class='ocr_par' dir='ltr' id='par_1_49' title="bbox 2110 1878 3650 1968">
     <span class='ocr_line' id='line_1_49' title="bbox 2110 1878 3650 1968; baseline 0.001 -20"><span class='ocrx_word' id='word_1_369' title='bbox 2110 1911 2223 1949; x_wconf 89' lang='lat' dir='ltr'><strong><em>mea</em></strong></span> <span class='ocrx_word' id='word_1_370' title='bbox 2250 1896 2502 1966; x_wconf 86' lang='lat' dir='ltr'><strong><em>eloquium</em></strong></span> <span class='ocrx_word' id='word_1_371' title='bbox 2533 1904 2692 1960; x_wconf 76' lang='lat' dir='ltr'><strong><em>mum,</em></strong></span> <span class='ocrx_word' id='word_1_372' title='bbox 2722 1878 2843 1967; x_wconf 83' lang='lat' dir='ltr'><strong><em>quia</em></strong></span> <span class='ocrx_word' id='word_1_373' title='bbox 2867 1897 3039 1950; x_wconf 87' lang='lat' dir='ltr'><strong><em>omnia</em></strong></span> <span class='ocrx_word' id='word_1_374' title='bbox 3066 1895 3313 1950; x_wconf 76' lang='lat' dir='ltr'><strong><em>mandata</em></strong></span> <span class='ocrx_word' id='word_1_375' title='bbox 3348 1907 3429 1950; x_wconf 87' lang='lat' dir='ltr'><strong><em>tua</em></strong></span> <span class='ocrx_word' id='word_1_376' title='bbox 3449 1899 3650 1968; x_wconf 72' lang='lat' dir='ltr'><strong><em>aquilas.</em></strong></span> 
     </span>
    </p>
   </div>
   <div class='ocr_carea' id='block_1_50' title="bbox 2109 1984 3652 2057">
    <p class='ocr_par' dir='ltr' id='par_1_50' title="bbox 2109 1984 3652 2057">
     <span class='ocr_line' id='line_1_50' title="bbox 2109 1984 3652 2057; baseline 0 -19"><span class='ocrx_word' id='word_1_377' title='bbox 2109 1984 2237 2040; x_wconf 87' lang='lat' dir='ltr'><strong><em>Fiat</em></strong></span> <span class='ocrx_word' id='word_1_378' title='bbox 2260 2003 2445 2042; x_wconf 86' lang='lat' dir='ltr'><strong><em>manus</em></strong></span> <span class='ocrx_word' id='word_1_379' title='bbox 2473 1995 2561 2039; x_wconf 89' lang='lat' dir='ltr'><strong><em>tua</em></strong></span> <span class='ocrx_word' id='word_1_380' title='bbox 2589 1995 2645 2040; x_wconf 86' lang='lat' dir='ltr'><strong><em>ut</em></strong></span> <span class='ocrx_word' id='word_1_381' title='bbox 2689 1987 2849 2040; x_wconf 77' lang='lat' dir='ltr'><strong><em>sulcet</em></strong></span> <span class='ocrx_word' id='word_1_382' title='bbox 2893 2003 3004 2051; x_wconf 89' lang='lat' dir='ltr'><strong><em>me,</em></strong></span> <span class='ocrx_word' id='word_1_383' title='bbox 3044 1989 3288 2057; x_wconf 88' lang='lat' dir='ltr'><strong><em>quoniam</em></strong></span> <span class='ocrx_word' id='word_1_384' title='bbox 3320 1987 3549 2040; x_wconf 77' lang='lat' dir='ltr'><strong><em>mandata</em></strong></span> <span class='ocrx_word' id='word_1_385' title='bbox 3581 1998 3652 2039; x_wconf 85' lang='lat' dir='ltr'><strong><em>tua</em></strong></span> 
     </span>
    </p>
   </div>
   <div class='ocr_carea' id='block_1_51' title="bbox 2111 2074 3650 2147">
    <p class='ocr_par' dir='ltr' id='par_1_51' title="bbox 2111 2074 3650 2147">
     <span class='ocr_line' id='line_1_51' title="bbox 2111 2074 3650 2147; baseline 0 -17"><span class='ocrx_word' id='word_1_386' title='bbox 2111 2075 2259 2147; x_wconf 90' lang='lat' dir='ltr'><strong><em>elegi.</em></strong></span> <span class='ocrx_word' id='word_1_387' title='bbox 2286 2074 2562 2147; x_wconf 83' lang='lat' dir='ltr'><strong><em>Concupivi</em></strong></span> <span class='ocrx_word' id='word_1_388' title='bbox 2591 2077 2820 2130; x_wconf 89' lang='lat' dir='ltr'><strong><em>salutare</em></strong></span> <span class='ocrx_word' id='word_1_389' title='bbox 2850 2087 3007 2141; x_wconf 87' lang='lat' dir='ltr'><strong><em>tuum,</em></strong></span> <span class='ocrx_word' id='word_1_390' title='bbox 3036 2076 3272 2139; x_wconf 87' lang='lat' dir='ltr'><strong><em>Domine,</em></strong></span> <span class='ocrx_word' id='word_1_391' title='bbox 3295 2088 3340 2130; x_wconf 84' lang='lat' dir='ltr'><strong><em>et</em></strong></span> <span class='ocrx_word' id='word_1_392' title='bbox 3361 2077 3439 2130; x_wconf 75' lang='lat' dir='ltr'><strong><em>lex</em></strong></span> <span class='ocrx_word' id='word_1_393' title='bbox 3465 2085 3541 2130; x_wconf 82' lang='lat' dir='ltr'><strong><em>tua</em></strong></span> <span class='ocrx_word' id='word_1_394' title='bbox 3560 2093 3650 2130; x_wconf 86' lang='lat' dir='ltr'><strong><em>me-</em></strong></span> 
     </span>
    </p>
   </div>
   <div class='ocr_carea' id='block_1_52' title="bbox 2109 2166 3654 2230">
    <p class='ocr_par' dir='ltr' id='par_1_52' title="bbox 2109 2166 3654 2230">
     <span class='ocr_line' id='line_1_52' title="bbox 2109 2166 3654 2230; baseline 0 -10"><span class='ocrx_word' id='word_1_395' title='bbox 2109 2167 2292 2222; x_wconf 88' lang='lat' dir='ltr'><strong><em>ditatio</em></strong></span> <span class='ocrx_word' id='word_1_396' title='bbox 2338 2184 2453 2224; x_wconf 86' lang='lat' dir='ltr'><strong><em>mea</em></strong></span> <span class='ocrx_word' id='word_1_397' title='bbox 2495 2173 2590 2222; x_wconf 86' lang='lat' dir='ltr'><strong><em>est.</em></strong></span> <span class='ocrx_word' id='word_1_398' title='bbox 2653 2166 2790 2222; x_wconf 71' lang='lat' dir='ltr'><strong><em>Viiet</em></strong></span> <span class='ocrx_word' id='word_1_399' title='bbox 2835 2171 3008 2222; x_wconf 89' lang='lat' dir='ltr'><strong><em>anima</em></strong></span> <span class='ocrx_word' id='word_1_400' title='bbox 3037 2185 3150 2222; x_wconf 85' lang='lat' dir='ltr'><strong><em>mea</em></strong></span> <span class='ocrx_word' id='word_1_401' title='bbox 3190 2177 3238 2221; x_wconf 82' lang='lat' dir='ltr'><strong><em>et</em></strong></span> <span class='ocrx_word' id='word_1_402' title='bbox 3286 2166 3502 2222; x_wconf 68' lang='grc' dir='ltr'><strong><em>ιαιιάυὺὶι</em></strong></span> <span class='ocrx_word' id='word_1_403' title='bbox 3536 2177 3594 2230; x_wconf 84' lang='lat' dir='ltr'><strong><em>te,</em></strong></span> <span class='ocrx_word' id='word_1_404' title='bbox 3613 2175 3654 2220; x_wconf 86' lang='lat' dir='ltr'><strong><em>et</em></strong></span> 
     </span>
    </p>
   </div>
   <div class='ocr_carea' id='block_1_53' title="bbox 2101 2257 3648 2330">
    <p class='ocr_par' dir='ltr' id='par_1_53' title="bbox 2101 2257 3648 2330">
     <span class='ocr_line' id='line_1_53' title="bbox 2101 2257 3648 2330; baseline -0.003 -18"><span class='ocrx_word' id='word_1_405' title='bbox 2101 2258 2302 2330; x_wconf 87' lang='lat' dir='ltr'><strong><em>judicia</em></strong></span> <span class='ocrx_word' id='word_1_406' title='bbox 2326 2269 2412 2312; x_wconf 85' lang='lat' dir='ltr'><strong><em>tua</em></strong></span> <span class='ocrx_word' id='word_1_407' title='bbox 2436 2257 2750 2330; x_wconf 77' lang='lat' dir='ltr'><strong><em>adjuvabunt</em></strong></span> <span class='ocrx_word' id='word_1_408' title='bbox 2771 2274 2868 2316; x_wconf 90' lang='lat' dir='ltr'><strong><em>me.</em></strong></span> <span class='ocrx_word' id='word_1_409' title='bbox 2901 2257 3086 2314; x_wconf 61' lang='lat' dir='ltr'><strong><em>Errai-i</em></strong></span> <span class='ocrx_word' id='word_1_410' title='bbox 3107 2259 3240 2312; x_wconf 84' lang='lat' dir='ltr'><strong><em>sicut</em></strong></span> <span class='ocrx_word' id='word_1_411' title='bbox 3262 2257 3366 2311; x_wconf 69' lang='lat' dir='ltr'><strong><em>otis</em></strong></span> <span class='ocrx_word' id='word_1_412' title='bbox 3383 2257 3648 2328; x_wconf 61' lang='lat' dir='ltr'><strong><em>quatperiit,</em></strong></span> 
     </span>
    </p>
   </div>
   <div class='ocr_carea' id='block_1_54' title="bbox 2109 2348 3648 2422">
    <p class='ocr_par' dir='ltr' id='par_1_54' title="bbox 2109 2348 3648 2422">
     <span class='ocr_line' id='line_1_54' title="bbox 2109 2348 3648 2422; baseline -0.004 -16"><span class='ocrx_word' id='word_1_413' title='bbox 2109 2368 2277 2422; x_wconf 63' lang='lat' dir='ltr'><strong><em>qurere</em></strong></span> <span class='ocrx_word' id='word_1_414' title='bbox 2296 2367 2494 2408; x_wconf 81' lang='lat' dir='ltr'><strong><em>seruum</em></strong></span> <span class='ocrx_word' id='word_1_415' title='bbox 2517 2361 2676 2418; x_wconf 89' lang='lat' dir='ltr'><strong><em>tuum,</em></strong></span> <span class='ocrx_word' id='word_1_416' title='bbox 2700 2351 2819 2422; x_wconf 86' lang='lat' dir='ltr'><strong><em>quia</em></strong></span> <span class='ocrx_word' id='word_1_417' title='bbox 2846 2351 3091 2404; x_wconf 87' lang='lat' dir='ltr'><strong><em>mandata</em></strong></span> <span class='ocrx_word' id='word_1_418' title='bbox 3117 2361 3204 2404; x_wconf 88' lang='lat' dir='ltr'><strong><em>tua</em></strong></span> <span class='ocrx_word' id='word_1_419' title='bbox 3225 2367 3328 2405; x_wconf 86' lang='lat' dir='ltr'><strong><em>non</em></strong></span> <span class='ocrx_word' id='word_1_420' title='bbox 3347 2366 3451 2404; x_wconf 88' lang='lat' dir='ltr'><strong><em>sum</em></strong></span> <span class='ocrx_word' id='word_1_421' title='bbox 3471 2348 3648 2404; x_wconf 87' lang='lat' dir='ltr'><strong><em>oblitus.</em></strong></span> 
     </span>
    </p>
   </div>
   <div class='ocr_carea' id='block_1_55' title="bbox 2680 2475 3116 2550">
    <p class='ocr_par' dir='ltr' id='par_1_55' title="bbox 2680 2475 3116 2550">
     <span class='ocr_line' id='line_1_55' title="bbox 2680 2475 3116 2550; baseline -0.002 -13"><span class='ocrx_word' id='word_1_422' title='bbox 2680 2475 3116 2550; x_wconf 57' lang='lat' dir='ltr'><strong><em>coquentium.</em></strong></span> 
     </span>
    </p>
   </div>
   <div class='ocr_carea' id='block_1_56' title="bbox 2177 2611 3649 2683">
    <p class='ocr_par' dir='ltr' id='par_1_56' title="bbox 2177 2611 3649 2683">
     <span class='ocr_line' id='line_1_56' title="bbox 2177 2611 3649 2683; baseline -0.002 -14"><span class='ocrx_word' id='word_1_423' title='bbox 2177 2612 2428 2672; x_wconf 83' lang='lat' dir='ltr'><strong><em>Cucurrit</em></strong></span> <span class='ocrx_word' id='word_1_424' title='bbox 2473 2629 2644 2683; x_wconf 88' lang='lat' dir='ltr'><strong><em>usque</em></strong></span> <span class='ocrx_word' id='word_1_425' title='bbox 2690 2613 2758 2668; x_wconf 83' lang='lat' dir='ltr'><strong><em>ad</em></strong></span> <span class='ocrx_word' id='word_1_426' title='bbox 2789 2614 2950 2668; x_wconf 87' lang='lat' dir='ltr'><strong><em>istum</em></strong></span> <span class='ocrx_word' id='word_1_427' title='bbox 2999 2614 3321 2669; x_wconf 81' lang='lat' dir='ltr'><strong><em>versiculum</em></strong></span> <span class='ocrx_word' id='word_1_428' title='bbox 3366 2628 3494 2668; x_wconf 91' lang='lat' dir='ltr'><strong><em>unus</em></strong></span> <span class='ocrx_word' id='word_1_429' title='bbox 3532 2611 3649 2666; x_wconf 84' lang='lat' dir='ltr'><strong><em>idem</em></strong></span> 
     </span>
    </p>
   </div>
   <div class='ocr_carea' id='block_1_57' title="bbox 2105 2705 3648 2777">
    <p class='ocr_par' dir='ltr' id='par_1_57' title="bbox 2105 2705 3648 2777">
     <span class='ocr_line' id='line_1_57' title="bbox 2105 2705 3648 2777; baseline -0.003 -18"><span class='ocrx_word' id='word_1_430' title='bbox 2105 2720 2316 2768; x_wconf 82' lang='lat' dir='ltr'><strong><em>sensus,</em></strong></span> <span class='ocrx_word' id='word_1_431' title='bbox 2343 2722 2483 2762; x_wconf 87' lang='lat' dir='ltr'><strong><em>nunc</em></strong></span> <span class='ocrx_word' id='word_1_432' title='bbox 2504 2706 2691 2777; x_wconf 86' lang='lat' dir='ltr'><strong><em>incipit</em></strong></span> <span class='ocrx_word' id='word_1_433' title='bbox 2715 2707 2850 2760; x_wconf 87' lang='lat' dir='ltr'><strong><em>alius</em></strong></span> <span class='ocrx_word' id='word_1_434' title='bbox 2870 2707 2961 2775; x_wconf 89' lang='lat' dir='ltr'><strong><em>qui</em></strong></span> <span class='ocrx_word' id='word_1_435' title='bbox 2983 2721 3048 2761; x_wconf 82' lang='lat' dir='ltr'><strong><em>ex</em></strong></span> <span class='ocrx_word' id='word_1_436' title='bbox 3076 2707 3194 2776; x_wconf 85' lang='lat' dir='ltr'><strong><em>ipso</em></strong></span> <span class='ocrx_word' id='word_1_437' title='bbox 3215 2723 3368 2762; x_wconf 88' lang='lat' dir='ltr'><strong><em>cursu</em></strong></span> <span class='ocrx_word' id='word_1_438' title='bbox 3388 2705 3648 2761; x_wconf 79' lang='lat' dir='ltr'><strong><em>descendit.</em></strong></span> 
     </span>
    </p>
   </div>
   <div class='ocr_carea' id='block_1_58' title="bbox 2106 2796 3651 2867">
    <p class='ocr_par' dir='ltr' id='par_1_58' title="bbox 2106 2796 3651 2867">
     <span class='ocr_line' id='line_1_58' title="bbox 2106 2796 3651 2867; baseline -0.001 -17"><span class='ocrx_word' id='word_1_439' title='bbox 2106 2796 2379 2852; x_wconf 72' lang='lat' dir='ltr'><strong><em>lncboavit</em></strong></span> <span class='ocrx_word' id='word_1_440' title='bbox 2409 2797 2589 2867; x_wconf 79' lang='lat' dir='ltr'><strong><em>itaque</em></strong></span> <span class='ocrx_word' id='word_1_441' title='bbox 2611 2799 2662 2852; x_wconf 90' lang='lat' dir='ltr'><strong><em>in</em></strong></span> <span class='ocrx_word' id='word_1_442' title='bbox 2693 2798 2794 2852; x_wconf 68' lang='lat' dir='ltr'><strong><em>inlO</em></strong></span> <span class='ocrx_word' id='word_1_443' title='bbox 2825 2813 2981 2852; x_wconf 88' lang='lat' dir='ltr'><strong><em>sensu</em></strong></span> <span class='ocrx_word' id='word_1_444' title='bbox 3014 2813 3177 2852; x_wconf 73' lang='lat' dir='ltr'><strong><em>cunne</em></strong></span> <span class='ocrx_word' id='word_1_445' title='bbox 3206 2801 3484 2852; x_wconf 82' lang='lat' dir='ltr'><strong><em>humanum</em></strong></span> <span class='ocrx_word' id='word_1_446' title='bbox 3509 2811 3651 2866; x_wconf 78' lang='lat' dir='ltr'><strong><em>genus</em></strong></span> 
     </span>
    </p>
   </div>
   <div class='ocr_carea' id='block_1_59' title="bbox 2106 2884 3647 2956">
    <p class='ocr_par' dir='ltr' id='par_1_59' title="bbox 2106 2884 3647 2956">
     <span class='ocr_line' id='line_1_59' title="bbox 2106 2884 3647 2956; baseline -0.001 -17"><span class='ocrx_word' id='word_1_447' title='bbox 2106 2886 2288 2940; x_wconf 85' lang='lat' dir='ltr'><strong><em>dicens</em></strong></span> <span class='ocrx_word' id='word_1_448' title='bbox 2316 2904 2328 2938; x_wconf 92' lang='lat'><strong>:</strong></span> <span class='ocrx_word' id='word_1_449' title='bbox 2361 2885 2563 2939; x_wconf 86' lang='lat' dir='ltr'><strong><em>Memor</em></strong></span> <span class='ocrx_word' id='word_1_450' title='bbox 2580 2884 2988 2949; x_wconf 78' lang='lat' dir='ltr'><strong><em>estoverbitui,</em></strong></span> <span class='ocrx_word' id='word_1_451' title='bbox 3034 2887 3086 2941; x_wconf 89' lang='lat' dir='ltr'><strong><em>in</em></strong></span> <span class='ocrx_word' id='word_1_452' title='bbox 3131 2903 3241 2956; x_wconf 89' lang='lat' dir='ltr'><strong><em>quo</em></strong></span> <span class='ocrx_word' id='word_1_453' title='bbox 3286 2889 3412 2942; x_wconf 82' lang='lat' dir='ltr'><strong><em>mihi</em></strong></span> <span class='ocrx_word' id='word_1_454' title='bbox 3457 2899 3647 2956; x_wconf 84' lang='lat' dir='ltr'><strong><em>recupe-</em></strong></span> 
     </span>
    </p>
   </div>
   <div class='ocr_carea' id='block_1_60' title="bbox 2106 2977 3646 3048">
    <p class='ocr_par' dir='ltr' id='par_1_60' title="bbox 2106 2977 3646 3048">
     <span class='ocr_line' id='line_1_60' title="bbox 2106 2977 3646 3048; baseline -0.001 -17"><span class='ocrx_word' id='word_1_455' title='bbox 2106 2977 2258 3033; x_wconf 79' lang='lat' dir='ltr'><strong><em>randi</em></strong></span> <span class='ocrx_word' id='word_1_456' title='bbox 2307 2993 2456 3047; x_wconf 88' lang='lat' dir='ltr'><strong><em>spem</em></strong></span> <span class='ocrx_word' id='word_1_457' title='bbox 2503 2977 2714 3032; x_wconf 80' lang='lat' dir='ltr'><strong><em>dedisti.</em></strong></span> <span class='ocrx_word' id='word_1_458' title='bbox 2776 2977 2898 3032; x_wconf 70' lang='lat' dir='ltr'><strong><em>Haec</em></strong></span> <span class='ocrx_word' id='word_1_459' title='bbox 2949 2994 3071 3048; x_wconf 89' lang='lat' dir='ltr'><strong><em>spes</em></strong></span> <span class='ocrx_word' id='word_1_460' title='bbox 3120 2995 3210 3035; x_wconf 89' lang='lat' dir='ltr'><strong><em>me</em></strong></span> <span class='ocrx_word' id='word_1_461' title='bbox 3263 2980 3522 3034; x_wconf 83' lang='lat' dir='ltr'><strong><em>consolata</em></strong></span> <span class='ocrx_word' id='word_1_462' title='bbox 3563 2983 3646 3038; x_wconf 83' lang='lat' dir='ltr'><strong><em>est,</em></strong></span> 
     </span>
    </p>
   </div>
   <div class='ocr_carea' id='block_1_61' title="bbox 424 3066 2005 3156">
    <p class='ocr_par' dir='ltr' id='par_1_61' title="bbox 424 3080 1998 3156">
     <span class='ocr_line' id='line_1_61' title="bbox 424 3080 1998 3156; baseline -0.003 -19"><span class='ocrx_word' id='word_1_463' title='bbox 424 3086 560 3141; x_wconf 85' lang='lat' dir='ltr'><strong><em>dasti</em></strong></span> <span class='ocrx_word' id='word_1_464' title='bbox 581 3085 836 3156; x_wconf 85' lang='lat' dir='ltr'><strong><em>justitiam</em></strong></span> <span class='ocrx_word' id='word_1_465' title='bbox 861 3083 1150 3136; x_wconf 86' lang='lat' dir='ltr'><strong><em>testimonia</em></strong></span> <span class='ocrx_word' id='word_1_466' title='bbox 1171 3089 1278 3144; x_wconf 87' lang='lat' dir='ltr'><strong><em>tua,</em></strong></span> <span class='ocrx_word' id='word_1_467' title='bbox 1299 3090 1352 3135; x_wconf 88' lang='lat' dir='ltr'><strong><em>et</em></strong></span> <span class='ocrx_word' id='word_1_468' title='bbox 1374 3081 1634 3134; x_wconf 80' lang='lat' dir='ltr'><strong><em>veritatem</em></strong></span> <span class='ocrx_word' id='word_1_469' title='bbox 1661 3089 1800 3134; x_wconf 88' lang='lat' dir='ltr'><strong><em>tuam</em></strong></span> <span class='ocrx_word' id='word_1_470' title='bbox 1825 3080 1998 3134; x_wconf 82' lang='lat' dir='ltr'><strong><em>nimis.</em></strong></span> 
     </span>
    </p>
   </div>
   <div class='ocr_carea' id='block_1_62' title="bbox 2111 3066 3648 3156">
    <p class='ocr_par' dir='ltr' id='par_1_62' title="bbox 2111 3068 3648 3137">
     <span class='ocr_line' id='line_1_62' title="bbox 2111 3068 3648 3137; baseline 0.003 -20"><span class='ocrx_word' id='word_1_471' title='bbox 2111 3068 2320 3136; x_wconf 84' lang='lat' dir='ltr'><strong><em>quando</em></strong></span> <span class='ocrx_word' id='word_1_472' title='bbox 2348 3068 2562 3137; x_wconf 82' lang='lat' dir='ltr'><strong><em>superbi</em></strong></span> <span class='ocrx_word' id='word_1_473' title='bbox 2593 3068 2777 3137; x_wconf 64' lang='lat' dir='ltr'><strong><em>inique’</em></strong></span> <span class='ocrx_word' id='word_1_474' title='bbox 2801 3069 3027 3137; x_wconf 77' lang='lat' dir='ltr'><strong><em>agebant</em></strong></span> <span class='ocrx_word' id='word_1_475' title='bbox 3053 3069 3104 3123; x_wconf 89' lang='lat' dir='ltr'><strong><em>in</em></strong></span> <span class='ocrx_word' id='word_1_476' title='bbox 3130 3085 3239 3125; x_wconf 90' lang='lat' dir='ltr'><strong><em>me.</em></strong></span> <span class='ocrx_word' id='word_1_477' title='bbox 3273 3069 3420 3124; x_wconf 86' lang='lat' dir='ltr'><strong><em>Nunc</em></strong></span> <span class='ocrx_word' id='word_1_478' title='bbox 3444 3069 3506 3124; x_wconf 86' lang='lat' dir='ltr'><strong><em>ad</em></strong></span> <span class='ocrx_word' id='word_1_479' title='bbox 3531 3069 3648 3122; x_wconf 82' lang='lat' dir='ltr'><strong><em>hanc</em></strong></span> 
     </span>
    </p>
   </div>
   <div class='ocr_carea' id='block_1_63' title="bbox 425 3169 2004 3245">
    <p class='ocr_par' dir='ltr' id='par_1_63' title="bbox 425 3169 2004 3245">
     <span class='ocr_line' id='line_1_63' title="bbox 425 3169 2004 3245; baseline -0.004 -15"><span class='ocrx_word' id='word_1_480' title='bbox 425 3173 701 3230; x_wconf 77' lang='lat' dir='ltr'><strong><em>Tabescere</em></strong></span> <span class='ocrx_word' id='word_1_481' title='bbox 725 3190 806 3227; x_wconf 86' lang='lat' dir='ltr'><strong><em>me</em></strong></span> <span class='ocrx_word' id='word_1_482' title='bbox 831 3174 949 3245; x_wconf 88' lang='lat' dir='ltr'><strong><em>fecit</em></strong></span> <span class='ocrx_word' id='word_1_483' title='bbox 978 3172 1114 3226; x_wconf 76' lang='lat' dir='ltr'><strong><em>zelus</em></strong></span> <span class='ocrx_word' id='word_1_484' title='bbox 1143 3187 1312 3235; x_wconf 89' lang='lat' dir='ltr'><strong><em>meus,</em></strong></span> <span class='ocrx_word' id='word_1_485' title='bbox 1353 3172 1473 3243; x_wconf 89' lang='lat' dir='ltr'><strong><em>quia</em></strong></span> <span class='ocrx_word' id='word_1_486' title='bbox 1511 3169 1653 3225; x_wconf 87' lang='lat' dir='ltr'><strong><em>obliti</em></strong></span> <span class='ocrx_word' id='word_1_487' title='bbox 1693 3181 1814 3224; x_wconf 87' lang='lat' dir='ltr'><strong><em>sunt</em></strong></span> <span class='ocrx_word' id='word_1_488' title='bbox 1853 3169 2004 3224; x_wconf 73' lang='lat' dir='ltr'><strong><em>uerba</em></strong></span> 
     </span>
    </p>
   </div>
   <div class='ocr_carea' id='block_1_64' title="bbox 429 3262 2004 3336">
    <p class='ocr_par' dir='ltr' id='par_1_64' title="bbox 429 3262 2004 3336">
     <span class='ocr_line' id='line_1_64' title="bbox 429 3262 2004 3336; baseline -0.002 -18"><span class='ocrx_word' id='word_1_489' title='bbox 429 3275 517 3319; x_wconf 89' lang='lat' dir='ltr'><strong><em>tua</em></strong></span> <span class='ocrx_word' id='word_1_490' title='bbox 541 3266 739 3319; x_wconf 84' lang='lat' dir='ltr'><strong><em>inimici</em></strong></span> <span class='ocrx_word' id='word_1_491' title='bbox 759 3266 876 3319; x_wconf 83' lang='lat' dir='ltr'><strong><em>mei.</em></strong></span> <span class='ocrx_word' id='word_1_492' title='bbox 903 3262 1131 3336; x_wconf 84' lang='lat' dir='ltr'><strong><em>Ignitum</em></strong></span> <span class='ocrx_word' id='word_1_493' title='bbox 1153 3263 1408 3335; x_wconf 87' lang='lat' dir='ltr'><strong><em>eloquium</em></strong></span> <span class='ocrx_word' id='word_1_494' title='bbox 1431 3271 1571 3317; x_wconf 85' lang='lat' dir='ltr'><strong><em>tuam</em></strong></span> <span class='ocrx_word' id='word_1_495' title='bbox 1597 3263 1929 3323; x_wconf 80' lang='lat' dir='ltr'><strong><em>rehemeuter,</em></strong></span> <span class='ocrx_word' id='word_1_496' title='bbox 1955 3269 2004 3316; x_wconf 90' lang='lat' dir='ltr'><strong><em>et</em></strong></span> 
     </span>
    </p>
   </div>
   <div class='ocr_carea' id='block_1_65' title="bbox 423 3353 2004 3424">
    <p class='ocr_par' dir='ltr' id='par_1_65' title="bbox 423 3353 2004 3424">
     <span class='ocr_line' id='line_1_65' title="bbox 423 3353 2004 3424; baseline -0.002 -15"><span class='ocrx_word' id='word_1_497' title='bbox 423 3371 593 3410; x_wconf 74' lang='lat' dir='ltr'><strong><em>seruus</em></strong></span> <span class='ocrx_word' id='word_1_498' title='bbox 623 3364 738 3409; x_wconf 87' lang='lat' dir='ltr'><strong><em>tuus</em></strong></span> <span class='ocrx_word' id='word_1_499' title='bbox 752 3354 933 3410; x_wconf 73' lang='lat' dir='ltr'><strong><em>dilexit</em></strong></span> <span class='ocrx_word' id='word_1_500' title='bbox 955 3353 1100 3408; x_wconf 86' lang='lat' dir='ltr'><strong><em>illud.</em></strong></span> <span class='ocrx_word' id='word_1_501' title='bbox 1126 3353 1548 3411; x_wconf 80' lang='lat' dir='ltr'><strong><em>Adolescentulus</em></strong></span> <span class='ocrx_word' id='word_1_502' title='bbox 1571 3369 1681 3408; x_wconf 89' lang='lat' dir='ltr'><strong><em>sum</em></strong></span> <span class='ocrx_word' id='word_1_503' title='bbox 1697 3370 1788 3424; x_wconf 85' lang='lat' dir='ltr'><strong><em>ego</em></strong></span> <span class='ocrx_word' id='word_1_504' title='bbox 1810 3362 1858 3408; x_wconf 89' lang='lat' dir='ltr'><strong><em>et</em></strong></span> <span class='ocrx_word' id='word_1_505' title='bbox 1880 3369 2004 3408; x_wconf 88' lang='lat' dir='ltr'><strong><em>con-</em></strong></span> 
     </span>
    </p>
   </div>
   <div class='ocr_carea' id='block_1_66' title="bbox 423 3443 2003 3520">
    <p class='ocr_par' dir='ltr' id='par_1_66' title="bbox 423 3443 2003 3520">
     <span class='ocr_line' id='line_1_66' title="bbox 423 3443 2003 3520; baseline -0.003 -20"><span class='ocrx_word' id='word_1_506' title='bbox 423 3455 659 3520; x_wconf 87' lang='lat' dir='ltr'><strong><em>temptus,</em></strong></span> <span class='ocrx_word' id='word_1_507' title='bbox 677 3447 1086 3520; x_wconf 74' lang='lat' dir='ltr'><strong><em>jus:iﬁcationes</em></strong></span> <span class='ocrx_word' id='word_1_508' title='bbox 1113 3457 1226 3501; x_wconf 86' lang='lat' dir='ltr'><strong><em>tuas</em></strong></span> <span class='ocrx_word' id='word_1_509' title='bbox 1261 3461 1362 3501; x_wconf 89' lang='lat' dir='ltr'><strong><em>non</em></strong></span> <span class='ocrx_word' id='word_1_510' title='bbox 1404 3462 1517 3500; x_wconf 87' lang='lat' dir='ltr'><strong><em>sum</em></strong></span> <span class='ocrx_word' id='word_1_511' title='bbox 1553 3447 1759 3500; x_wconf 50' lang='lat' dir='ltr'><strong><em>obitus.</em></strong></span> <span class='ocrx_word' id='word_1_512' title='bbox 1791 3443 2003 3499; x_wconf 85' lang='lat' dir='ltr'><strong><em>Justitia</em></strong></span> 
     </span>
    </p>
   </div>
   <div class='ocr_carea' id='block_1_67' title="bbox 421 3532 2004 3610">
    <p class='ocr_par' dir='ltr' id='par_1_67' title="bbox 421 3532 2004 3610">
     <span class='ocr_line' id='line_1_67' title="bbox 421 3532 2004 3610; baseline -0.003 -18"><span class='ocrx_word' id='word_1_513' title='bbox 421 3548 528 3602; x_wconf 85' lang='lat' dir='ltr'><strong><em>tua,</em></strong></span> <span class='ocrx_word' id='word_1_514' title='bbox 551 3539 1138 3610; x_wconf 76' lang='lat' dir='ltr'><strong><em>justitiain&#39;teternum,</em></strong></span> <span class='ocrx_word' id='word_1_515' title='bbox 1169 3549 1218 3591; x_wconf 87' lang='lat' dir='ltr'><strong><em>et</em></strong></span> <span class='ocrx_word' id='word_1_516' title='bbox 1241 3537 1326 3591; x_wconf 71' lang='lat' dir='ltr'><strong><em>lea:</em></strong></span> <span class='ocrx_word' id='word_1_517' title='bbox 1362 3545 1451 3590; x_wconf 89' lang='lat' dir='ltr'><strong><em>tua</em></strong></span> <span class='ocrx_word' id='word_1_518' title='bbox 1480 3538 1684 3590; x_wconf 82' lang='lat' dir='ltr'><strong><em>veritas.</em></strong></span> <span class='ocrx_word' id='word_1_519' title='bbox 1720 3532 2004 3588; x_wconf 87' lang='lat' dir='ltr'><strong><em>Tribulatio</em></strong></span> 
     </span>
    </p>
   </div>
   <div class='ocr_carea' id='block_1_68' title="bbox 420 3625 2005 3701">
    <p class='ocr_par' dir='ltr' id='par_1_68' title="bbox 420 3625 2005 3701">
     <span class='ocr_line' id='line_1_68' title="bbox 420 3625 2005 3701; baseline -0.003 -19"><span class='ocrx_word' id='word_1_520' title='bbox 420 3637 470 3682; x_wconf 87' lang='lat' dir='ltr'><strong><em>et</em></strong></span> <span class='ocrx_word' id='word_1_521' title='bbox 495 3630 734 3701; x_wconf 88' lang='lat' dir='ltr'><strong><em>angustia</em></strong></span> <span class='ocrx_word' id='word_1_522' title='bbox 765 3630 1068 3683; x_wconf 68' lang='lat' dir='ltr'><strong><em>inuenerunt</em></strong></span> <span class='ocrx_word' id='word_1_523' title='bbox 1085 3644 1186 3693; x_wconf 87' lang='lat' dir='ltr'><strong><em>me,</em></strong></span> <span class='ocrx_word' id='word_1_524' title='bbox 1220 3626 1470 3681; x_wconf 88' lang='lat' dir='ltr'><strong><em>mandata</em></strong></span> <span class='ocrx_word' id='word_1_525' title='bbox 1493 3635 1578 3678; x_wconf 89' lang='lat' dir='ltr'><strong><em>tua</em></strong></span> <span class='ocrx_word' id='word_1_526' title='bbox 1599 3625 1862 3678; x_wconf 81' lang='lat' dir='ltr'><strong><em>meditatio</em></strong></span> <span class='ocrx_word' id='word_1_527' title='bbox 1891 3641 2005 3678; x_wconf 89' lang='lat' dir='ltr'><strong><em>mea</em></strong></span> 
     </span>
    </p>
   </div>
   <div class='ocr_carea' id='block_1_69' title="bbox 420 3714 2003 3792">
    <p class='ocr_par' dir='ltr' id='par_1_69' title="bbox 420 3714 2003 3792">
     <span class='ocr_line' id='line_1_69' title="bbox 420 3714 2003 3792; baseline -0.006 -16"><span class='ocrx_word' id='word_1_528' title='bbox 420 3731 517 3776; x_wconf 84' lang='lat' dir='ltr'><strong><em>est.</em></strong></span> <span class='ocrx_word' id='word_1_529' title='bbox 549 3719 798 3792; x_wconf 61' lang='lat' dir='ltr'><strong><em>Equitas</em></strong></span> <span class='ocrx_word' id='word_1_530' title='bbox 828 3720 1118 3773; x_wconf 88' lang='lat' dir='ltr'><strong><em>testimonia</em></strong></span> <span class='ocrx_word' id='word_1_531' title='bbox 1159 3728 1246 3771; x_wconf 88' lang='lat' dir='ltr'><strong><em>tua</em></strong></span> <span class='ocrx_word' id='word_1_532' title='bbox 1273 3719 1326 3770; x_wconf 89' lang='lat' dir='ltr'><strong><em>in</em></strong></span> <span class='ocrx_word' id='word_1_533' title='bbox 1370 3725 1644 3776; x_wconf 68' lang='lat' dir='ltr'><strong><em>a&#39;ternum,</em></strong></span> <span class='ocrx_word' id='word_1_534' title='bbox 1691 3714 2003 3766; x_wconf 80' lang='lat' dir='ltr'><strong><em>intellectum</em></strong></span> 
     </span>
    </p>
   </div>
   <div class='ocr_carea' id='block_1_70' title="bbox 420 3809 929 3863">
    <p class='ocr_par' dir='ltr' id='par_1_70' title="bbox 420 3809 929 3863">
     <span class='ocr_line' id='line_1_70' title="bbox 420 3809 929 3863; baseline -0.004 -1"><span class='ocrx_word' id='word_1_535' title='bbox 420 3811 492 3863; x_wconf 87' lang='lat' dir='ltr'><strong><em>da</em></strong></span> <span class='ocrx_word' id='word_1_536' title='bbox 519 3810 643 3863; x_wconf 85' lang='lat' dir='ltr'><strong><em>mihi</em></strong></span> <span class='ocrx_word' id='word_1_537' title='bbox 677 3817 726 3861; x_wconf 86' lang='lat' dir='ltr'><strong><em>et</em></strong></span> <span class='ocrx_word' id='word_1_538' title='bbox 749 3809 929 3862; x_wconf 67' lang='lat' dir='ltr'><strong><em>eiram.</em></strong></span> 
     </span>
    </p>
   </div>
   <div class='ocr_carea' id='block_1_71' title="bbox 491 3893 2004 3965">
    <p class='ocr_par' dir='ltr' id='par_1_71' title="bbox 491 3893 2004 3965">
     <span class='ocr_line' id='line_1_71' title="bbox 491 3893 2004 3965; baseline -0.003 -13"><span class='ocrx_word' id='word_1_539' title='bbox 491 3897 719 3952; x_wconf 76' lang='lat' dir='ltr'><strong><em>Clamari</em></strong></span> <span class='ocrx_word' id='word_1_540' title='bbox 744 3899 796 3951; x_wconf 87' lang='lat' dir='ltr'><strong><em>in</em></strong></span> <span class='ocrx_word' id='word_1_541' title='bbox 825 3905 926 3952; x_wconf 90' lang='lat' dir='ltr'><strong><em>toto</em></strong></span> <span class='ocrx_word' id='word_1_542' title='bbox 956 3895 1140 3960; x_wconf 88' lang='lat' dir='ltr'><strong><em>corde,</em></strong></span> <span class='ocrx_word' id='word_1_543' title='bbox 1170 3895 1358 3950; x_wconf 72' lang='lat' dir='ltr'><strong><em>exaudi</em></strong></span> <span class='ocrx_word' id='word_1_544' title='bbox 1392 3911 1502 3960; x_wconf 89' lang='lat' dir='ltr'><strong><em>me,</em></strong></span> <span class='ocrx_word' id='word_1_545' title='bbox 1533 3893 1783 3958; x_wconf 77' lang='lat' dir='ltr'><strong><em>Domine;</em></strong></span> <span class='ocrx_word' id='word_1_546' title='bbox 1806 3894 2004 3965; x_wconf 82' lang='lat' dir='ltr'><strong><em>justi/i-</em></strong></span> 
     </span>
    </p>
   </div>
   <div class='ocr_carea' id='block_1_72' title="bbox 425 3986 1999 4060">
    <p class='ocr_par' dir='ltr' id='par_1_72' title="bbox 425 3986 1999 4060">
     <span class='ocr_line' id='line_1_72' title="bbox 425 3986 1999 4060; baseline -0.004 -16"><span class='ocrx_word' id='word_1_547' title='bbox 425 3992 654 4044; x_wconf 78' lang='lat' dir='ltr'><strong><em>cationes</em></strong></span> <span class='ocrx_word' id='word_1_548' title='bbox 676 3999 787 4042; x_wconf 89' lang='lat' dir='ltr'><strong><em>tuas</em></strong></span> <span class='ocrx_word' id='word_1_549' title='bbox 808 3990 1086 4060; x_wconf 87' lang='lat' dir='ltr'><strong><em>requiram.</em></strong></span> <span class='ocrx_word' id='word_1_550' title='bbox 1119 3986 1350 4040; x_wconf 85' lang='lat' dir='ltr'><strong><em>Clamavi</em></strong></span> <span class='ocrx_word' id='word_1_551' title='bbox 1373 3987 1441 4040; x_wconf 87' lang='lat' dir='ltr'><strong><em>ad</em></strong></span> <span class='ocrx_word' id='word_1_552' title='bbox 1469 3996 1537 4050; x_wconf 80' lang='lat' dir='ltr'><strong><em>te,</em></strong></span> <span class='ocrx_word' id='word_1_553' title='bbox 1569 3987 1763 4040; x_wconf 74' lang='lat' dir='ltr'><strong><em>saluum</em></strong></span> <span class='ocrx_word' id='word_1_554' title='bbox 1789 4003 1869 4039; x_wconf 87' lang='lat' dir='ltr'><strong><em>me</em></strong></span> <span class='ocrx_word' id='word_1_555' title='bbox 1897 3989 1999 4054; x_wconf 89' lang='lat' dir='ltr'><strong><em>fac,</em></strong></span> 
     </span>
    </p>
   </div>
   <div class='ocr_carea' id='block_1_73' title="bbox 419 4079 2001 4142">
    <p class='ocr_par' dir='ltr' id='par_1_73' title="bbox 419 4079 2001 4142">
     <span class='ocr_line' id='line_1_73' title="bbox 419 4079 2001 4142; baseline -0.003 -8"><span class='ocrx_word' id='word_1_556' title='bbox 419 4091 477 4134; x_wconf 89' lang='lat' dir='ltr'><strong><em>ut</em></strong></span> <span class='ocrx_word' id='word_1_557' title='bbox 501 4080 784 4136; x_wconf 87' lang='lat' dir='ltr'><strong><em>custodiam</em></strong></span> <span class='ocrx_word' id='word_1_558' title='bbox 813 4079 1062 4134; x_wconf 85' lang='lat' dir='ltr'><strong><em>mandata</em></strong></span> <span class='ocrx_word' id='word_1_559' title='bbox 1090 4089 1196 4134; x_wconf 90' lang='lat' dir='ltr'><strong><em>tua.</em></strong></span> <span class='ocrx_word' id='word_1_560' title='bbox 1243 4079 1475 4136; x_wconf 71' lang='lat' dir='ltr'><strong><em>Prazveni</em></strong></span> <span class='ocrx_word' id='word_1_561' title='bbox 1515 4081 1566 4134; x_wconf 87' lang='lat' dir='ltr'><strong><em>in</em></strong></span> <span class='ocrx_word' id='word_1_562' title='bbox 1602 4081 1917 4142; x_wconf 82' lang='lat' dir='ltr'><strong><em>maturitate,</em></strong></span> <span class='ocrx_word' id='word_1_563' title='bbox 1953 4087 2001 4132; x_wconf 83' lang='lat' dir='ltr'><strong><em>et</em></strong></span> 
     </span>
    </p>
   </div>
   <div class='ocr_carea' id='block_1_74' title="bbox 418 4169 2002 4244">
    <p class='ocr_par' dir='ltr' id='par_1_74' title="bbox 418 4169 2002 4244">
     <span class='ocr_line' id='line_1_74' title="bbox 418 4169 2002 4244; baseline -0.002 -18"><span class='ocrx_word' id='word_1_564' title='bbox 418 4175 654 4239; x_wconf 75' lang='lat' dir='ltr'><strong><em>clamaui,</em></strong></span> <span class='ocrx_word' id='word_1_565' title='bbox 677 4175 798 4244; x_wconf 87' lang='lat' dir='ltr'><strong><em>quia</em></strong></span> <span class='ocrx_word' id='word_1_566' title='bbox 826 4174 878 4227; x_wconf 87' lang='lat' dir='ltr'><strong><em>in</em></strong></span> <span class='ocrx_word' id='word_1_567' title='bbox 912 4171 1060 4227; x_wconf 81' lang='lat' dir='ltr'><strong><em>verba</em></strong></span> <span class='ocrx_word' id='word_1_568' title='bbox 1100 4180 1189 4226; x_wconf 85' lang='lat' dir='ltr'><strong><em>tua</em></strong></span> <span class='ocrx_word' id='word_1_569' title='bbox 1226 4173 1598 4242; x_wconf 84' lang='lat' dir='ltr'><strong><em>supersperavi.</em></strong></span> <span class='ocrx_word' id='word_1_570' title='bbox 1633 4169 2002 4234; x_wconf 72' lang='lat' dir='ltr'><strong><em>Praevenerunt</em></strong></span> 
     </span>
    </p>
   </div>
   <div class='ocr_carea' id='block_1_75' title="bbox 417 4261 2002 4335">
    <p class='ocr_par' dir='ltr' id='par_1_75' title="bbox 417 4261 2002 4335">
     <span class='ocr_line' id='line_1_75' title="bbox 417 4261 2002 4335; baseline 0.001 -19"><span class='ocrx_word' id='word_1_571' title='bbox 417 4265 554 4317; x_wconf 86' lang='lat' dir='ltr'><strong><em>oculi</em></strong></span> <span class='ocrx_word' id='word_1_572' title='bbox 581 4265 679 4318; x_wconf 89' lang='lat' dir='ltr'><strong><em>mei</em></strong></span> <span class='ocrx_word' id='word_1_573' title='bbox 715 4264 786 4317; x_wconf 90' lang='lat' dir='ltr'><strong><em>ad</em></strong></span> <span class='ocrx_word' id='word_1_574' title='bbox 813 4271 862 4317; x_wconf 90' lang='lat' dir='ltr'><strong><em>te</em></strong></span> <span class='ocrx_word' id='word_1_575' title='bbox 880 4263 1123 4327; x_wconf 89' lang='lat' dir='ltr'><strong><em>diluculo,</em></strong></span> <span class='ocrx_word' id='word_1_576' title='bbox 1155 4272 1210 4316; x_wconf 92' lang='lat' dir='ltr'><strong><em>ut</em></strong></span> <span class='ocrx_word' id='word_1_577' title='bbox 1231 4261 1508 4318; x_wconf 88' lang='lat' dir='ltr'><strong><em>meditarer</em></strong></span> <span class='ocrx_word' id='word_1_578' title='bbox 1529 4263 1726 4335; x_wconf 80' lang='lat' dir='ltr'><strong><em>eloquia</em></strong></span> <span class='ocrx_word' id='word_1_579' title='bbox 1757 4271 1862 4316; x_wconf 88' lang='lat' dir='ltr'><strong><em>tua.</em></strong></span> <span class='ocrx_word' id='word_1_580' title='bbox 1901 4262 2002 4317; x_wconf 82' lang='lat' dir='ltr'><strong><em>Vo-</em></strong></span> 
     </span>
    </p>
   </div>
   <div class='ocr_carea' id='block_1_76' title="bbox 417 4352 1998 4418">
    <p class='ocr_par' dir='ltr' id='par_1_76' title="bbox 417 4352 1998 4418">
     <span class='ocr_line' id='line_1_76' title="bbox 417 4352 1998 4418; baseline 0 -10"><span class='ocrx_word' id='word_1_581' title='bbox 417 4371 527 4409; x_wconf 91' lang='lat' dir='ltr'><strong><em>cem</em></strong></span> <span class='ocrx_word' id='word_1_582' title='bbox 547 4370 712 4409; x_wconf 88' lang='lat' dir='ltr'><strong><em>meam</em></strong></span> <span class='ocrx_word' id='word_1_583' title='bbox 727 4371 788 4408; x_wconf 88' lang='lat' dir='ltr'><strong><em>au</em></strong></span> <span class='ocrx_word' id='word_1_584' title='bbox 796 4354 847 4408; x_wconf 92' lang='lat' dir='ltr'><strong><em>di</em></strong></span> <span class='ocrx_word' id='word_1_585' title='bbox 865 4355 1144 4409; x_wconf 85' lang='lat' dir='ltr'><strong><em>secundum</em></strong></span> <span class='ocrx_word' id='word_1_586' title='bbox 1159 4354 1562 4410; x_wconf 86' lang='lat' dir='ltr'><strong><em>misericordiam</em></strong></span> <span class='ocrx_word' id='word_1_587' title='bbox 1578 4363 1740 4418; x_wconf 84' lang='lat' dir='ltr'><strong><em>tuam,</em></strong></span> <span class='ocrx_word' id='word_1_588' title='bbox 1756 4352 1998 4418; x_wconf 89' lang='lat' dir='ltr'><strong><em>Domine,</em></strong></span> 
     </span>
    </p>
   </div>
   <div class='ocr_carea' id='block_1_77' title="bbox 417 4426 2075 4518">
    <p class='ocr_par' dir='ltr' id='par_1_77' title="bbox 417 4426 2075 4518">
     <span class='ocr_line' id='line_1_77' title="bbox 417 4426 2075 4518; baseline 0.002 -21"><span class='ocrx_word' id='word_1_589' title='bbox 417 4453 468 4500; x_wconf 82' lang='lat' dir='ltr'><strong><em>et</em></strong></span> <span class='ocrx_word' id='word_1_590' title='bbox 485 4445 760 4500; x_wconf 87' lang='lat' dir='ltr'><strong><em>secundum</em></strong></span> <span class='ocrx_word' id='word_1_591' title='bbox 780 4444 1035 4516; x_wconf 82' lang='lat' dir='ltr'><strong><em>judicium</em></strong></span> <span class='ocrx_word' id='word_1_592' title='bbox 1067 4457 1204 4498; x_wconf 87' lang='lat' dir='ltr'><strong><em>tuum</em></strong></span> <span class='ocrx_word' id='word_1_593' title='bbox 1230 4446 1430 4515; x_wconf 80' lang='lat' dir='ltr'><strong><em>uiuifica</em></strong></span> <span class='ocrx_word' id='word_1_594' title='bbox 1470 4461 1569 4498; x_wconf 88' lang='lat' dir='ltr'><strong><em>me.</em></strong></span> <span class='ocrx_word' id='word_1_595' title='bbox 1601 4446 1998 4518; x_wconf 80' lang='lat' dir='ltr'><strong><em>Appropinqua-</em></strong></span> <span class='ocrx_word' id='word_1_596' title='bbox 2030 4426 2075 4485; x_wconf 80' lang='grc' dir='ltr'><strong><em>ί)</em></strong></span> 
     </span>
    </p>
   </div>
   <div class='ocr_carea' id='block_1_78' title="bbox 416 4535 2000 4609">
    <p class='ocr_par' dir='ltr' id='par_1_78' title="bbox 416 4535 2000 4609">
     <span class='ocr_line' id='line_1_78' title="bbox 416 4535 2000 4609; baseline -0.001 -18"><span class='ocrx_word' id='word_1_597' title='bbox 416 4547 593 4592; x_wconf 70' lang='lat' dir='ltr'><strong><em>venint</em></strong></span> <span class='ocrx_word' id='word_1_598' title='bbox 630 4547 982 4609; x_wconf 86' lang='lat' dir='ltr'><strong><em>persequentes</em></strong></span> <span class='ocrx_word' id='word_1_599' title='bbox 1029 4552 1108 4590; x_wconf 89' lang='lat' dir='ltr'><strong><em>me</em></strong></span> <span class='ocrx_word' id='word_1_600' title='bbox 1145 4537 1424 4608; x_wconf 82' lang='lat' dir='ltr'><strong><em>iniquitati,</em></strong></span> <span class='ocrx_word' id='word_1_601' title='bbox 1472 4553 1502 4589; x_wconf 91' lang='lat' dir='ltr'><strong><em>a</em></strong></span> <span class='ocrx_word' id='word_1_602' title='bbox 1547 4535 1657 4606; x_wconf 82' lang='lat' dir='ltr'><strong><em>lege</em></strong></span> <span class='ocrx_word' id='word_1_603' title='bbox 1701 4546 1869 4588; x_wconf 78' lang='lat' dir='ltr'><strong><em>autem</em></strong></span> <span class='ocrx_word' id='word_1_604' title='bbox 1909 4545 2000 4590; x_wconf 88' lang='lat' dir='ltr'><strong><em>tua</em></strong></span> 
     </span>
    </p>
   </div>
   <div class='ocr_carea' id='block_1_79' title="bbox 416 4623 1998 4700">
    <p class='ocr_par' dir='ltr' id='par_1_79' title="bbox 416 4623 1998 4700">
     <span class='ocr_line' id='line_1_79' title="bbox 416 4623 1998 4700; baseline 0 -20"><span class='ocrx_word' id='word_1_605' title='bbox 416 4628 567 4700; x_wconf 85' lang='lat' dir='ltr'><strong><em>longe</em></strong></span> <span class='ocrx_word' id='word_1_606' title='bbox 589 4629 711 4700; x_wconf 89' lang='lat' dir='ltr'><strong><em>facti</em></strong></span> <span class='ocrx_word' id='word_1_607' title='bbox 730 4637 866 4681; x_wconf 87' lang='lat' dir='ltr'><strong><em>sunt.</em></strong></span> <span class='ocrx_word' id='word_1_608' title='bbox 892 4625 1062 4697; x_wconf 84' lang='lat' dir='ltr'><strong><em>Prope</em></strong></span> <span class='ocrx_word' id='word_1_609' title='bbox 1079 4641 1134 4679; x_wconf 89' lang='lat' dir='ltr'><strong><em>es</em></strong></span> <span class='ocrx_word' id='word_1_610' title='bbox 1155 4635 1226 4690; x_wconf 90' lang='lat' dir='ltr'><strong><em>tu,</em></strong></span> <span class='ocrx_word' id='word_1_611' title='bbox 1250 4623 1490 4688; x_wconf 86' lang='lat' dir='ltr'><strong><em>Domine,</em></strong></span> <span class='ocrx_word' id='word_1_612' title='bbox 1517 4636 1564 4678; x_wconf 90' lang='lat' dir='ltr'><strong><em>et</em></strong></span> <span class='ocrx_word' id='word_1_613' title='bbox 1589 4628 1879 4680; x_wconf 68' lang='lat' dir='ltr'><strong><em>omneseia&#39;</em></strong></span> <span class='ocrx_word' id='word_1_614' title='bbox 1900 4637 1998 4680; x_wconf 64' lang='lat' dir='ltr'><strong><em>tum</em></strong></span> 
     </span>
    </p>
   </div>
   <div class='ocr_carea' id='block_1_80' title="bbox 416 4715 1998 4788">
    <p class='ocr_par' dir='ltr' id='par_1_80' title="bbox 416 4715 1998 4788">
     <span class='ocr_line' id='line_1_80' title="bbox 416 4715 1998 4788; baseline 0.001 -20"><span class='ocrx_word' id='word_1_615' title='bbox 416 4717 620 4771; x_wconf 77' lang='lat' dir='ltr'><strong><em>ueritas.</em></strong></span> <span class='ocrx_word' id='word_1_616' title='bbox 654 4715 816 4770; x_wconf 83' lang='lat' dir='ltr'><strong><em>Initio</em></strong></span> <span class='ocrx_word' id='word_1_617' title='bbox 837 4717 1044 4788; x_wconf 82' lang='lat' dir='ltr'><strong><em>cognori</em></strong></span> <span class='ocrx_word' id='word_1_618' title='bbox 1067 4715 1132 4768; x_wconf 88' lang='lat' dir='ltr'><strong><em>de</em></strong></span> <span class='ocrx_word' id='word_1_619' title='bbox 1153 4715 1456 4770; x_wconf 75' lang='lat' dir='ltr'><strong><em>testimoniis</em></strong></span> <span class='ocrx_word' id='word_1_620' title='bbox 1483 4716 1602 4779; x_wconf 84' lang='lat' dir='ltr'><strong><em>tuis,</em></strong></span> <span class='ocrx_word' id='word_1_621' title='bbox 1625 4717 1743 4786; x_wconf 84' lang='lat' dir='ltr'><strong><em>quia</em></strong></span> <span class='ocrx_word' id='word_1_622' title='bbox 1765 4718 1817 4768; x_wconf 90' lang='lat' dir='ltr'><strong><em>in</em></strong></span> <span class='ocrx_word' id='word_1_623' title='bbox 1847 4726 1998 4770; x_wconf 65' lang='lat' dir='ltr'><strong><em>arter-</em></strong></span> 
     </span>
    </p>
   </div>
   <div class='ocr_carea' id='block_1_81' title="bbox 415 4806 906 4875">
    <p class='ocr_par' dir='ltr' id='par_1_81' title="bbox 415 4806 906 4875">
     <span class='ocr_line' id='line_1_81' title="bbox 415 4806 906 4875; baseline 0.002 -16"><span class='ocrx_word' id='word_1_624' title='bbox 415 4822 540 4860; x_wconf 76' lang='lat' dir='ltr'><strong><em>uum</em></strong></span> <span class='ocrx_word' id='word_1_625' title='bbox 569 4806 802 4875; x_wconf 76' lang='lat' dir='ltr'><strong><em>fundasti</em></strong></span> <span class='ocrx_word' id='word_1_626' title='bbox 827 4824 906 4862; x_wconf 88' lang='lat' dir='ltr'><strong><em>ea.</em></strong></span> 
     </span>
    </p>
   </div>
   <div class='ocr_carea' id='block_1_82' title="bbox 495 4897 1992 4970">
    <p class='ocr_par' dir='ltr' id='par_1_82' title="bbox 495 4897 1992 4970">
     <span class='ocr_line' id='line_1_82' title="bbox 495 4897 1992 4970; baseline -0.001 -16"><span class='ocrx_word' id='word_1_627' title='bbox 495 4897 626 4954; x_wconf 85' lang='lat' dir='ltr'><strong><em>Vide</em></strong></span> <span class='ocrx_word' id='word_1_628' title='bbox 645 4899 980 4954; x_wconf 86' lang='lat' dir='ltr'><strong><em>humilitatem</em></strong></span> <span class='ocrx_word' id='word_1_629' title='bbox 1000 4915 1164 4954; x_wconf 70' lang='lat' dir='ltr'><strong><em>meum</em></strong></span> <span class='ocrx_word' id='word_1_630' title='bbox 1187 4909 1239 4953; x_wconf 87' lang='lat' dir='ltr'><strong><em>et</em></strong></span> <span class='ocrx_word' id='word_1_631' title='bbox 1258 4899 1396 4970; x_wconf 87' lang='lat' dir='ltr'><strong><em>eripe</em></strong></span> <span class='ocrx_word' id='word_1_632' title='bbox 1415 4913 1514 4963; x_wconf 88' lang='lat' dir='ltr'><strong><em>me,</em></strong></span> <span class='ocrx_word' id='word_1_633' title='bbox 1534 4899 1652 4968; x_wconf 78' lang='lat' dir='ltr'><strong><em>quia</em></strong></span> <span class='ocrx_word' id='word_1_634' title='bbox 1673 4899 1833 4969; x_wconf 77' lang='lat' dir='ltr'><strong><em>legem</em></strong></span> <span class='ocrx_word' id='word_1_635' title='bbox 1853 4908 1992 4952; x_wconf 74' lang='lat' dir='ltr'><strong><em>tuam</em></strong></span> 
     </span>
    </p>
   </div>
   <div class='ocr_carea' id='block_1_83' title="bbox 415 4987 1991 5076">
    <p class='ocr_par' dir='ltr' id='par_1_83' title="bbox 415 4987 1991 5076">
     <span class='ocr_line' id='line_1_83' title="bbox 415 4987 1991 5076; baseline -0.002 -30"><span class='ocrx_word' id='word_1_636' title='bbox 415 5009 521 5046; x_wconf 84' lang='lat' dir='ltr'><strong><em>non</em></strong></span> <span class='ocrx_word' id='word_1_637' title='bbox 548 5007 660 5045; x_wconf 87' lang='lat' dir='ltr'><strong><em>sum</em></strong></span> <span class='ocrx_word' id='word_1_638' title='bbox 689 4987 892 5046; x_wconf 86' lang='lat' dir='ltr'><strong><em>oblitus.</em></strong></span> <span class='ocrx_word' id='word_1_639' title='bbox 921 4990 1111 5046; x_wconf 80' lang='lat' dir='ltr'><strong><em>Judica</em></strong></span> <span class='ocrx_word' id='word_1_640' title='bbox 1133 4991 1386 5064; x_wconf 86' lang='lat' dir='ltr'><strong><em>judicium</em></strong></span> <span class='ocrx_word' id='word_1_641' title='bbox 1421 5006 1587 5046; x_wconf 86' lang='lat' dir='ltr'><strong><em>meum</em></strong></span> <span class='ocrx_word' id='word_1_642' title='bbox 1612 4999 1662 5076; x_wconf 53' lang='lat' dir='ltr'><strong><em>et</em></strong></span> <span class='ocrx_word' id='word_1_643' title='bbox 1682 4989 1873 5044; x_wconf 86' lang='lat' dir='ltr'><strong><em>redime</em></strong></span> <span class='ocrx_word' id='word_1_644' title='bbox 1894 5007 1991 5056; x_wconf 90' lang='lat' dir='ltr'><strong><em>me,</em></strong></span> 
     </span>
    </p>
   </div>
   <div class='ocr_carea' id='block_1_84' title="bbox 413 5082 1994 5157">
    <p class='ocr_par' dir='ltr' id='par_1_84' title="bbox 413 5082 1994 5157">
     <span class='ocr_line' id='line_1_84' title="bbox 413 5082 1994 5157; baseline -0.003 -17"><span class='ocrx_word' id='word_1_645' title='bbox 413 5094 624 5157; x_wconf 79' lang='lat' dir='ltr'><strong><em>propter</em></strong></span> <span class='ocrx_word' id='word_1_646' title='bbox 653 5085 903 5156; x_wconf 85' lang='lat' dir='ltr'><strong><em>eloquium</em></strong></span> <span class='ocrx_word' id='word_1_647' title='bbox 929 5093 1070 5138; x_wconf 88' lang='lat' dir='ltr'><strong><em>tuum</em></strong></span> <span class='ocrx_word' id='word_1_648' title='bbox 1093 5085 1294 5154; x_wconf 80' lang='lat' dir='ltr'><strong><em>viviﬁca</em></strong></span> <span class='ocrx_word' id='word_1_649' title='bbox 1320 5101 1419 5138; x_wconf 89' lang='lat' dir='ltr'><strong><em>me.</em></strong></span> <span class='ocrx_word' id='word_1_650' title='bbox 1449 5082 1626 5154; x_wconf 85' lang='lat' dir='ltr'><strong><em>Longe</em></strong></span> <span class='ocrx_word' id='word_1_651' title='bbox 1652 5099 1688 5137; x_wconf 88' lang='lat' dir='ltr'><strong><em>a</em></strong></span> <span class='ocrx_word' id='word_1_652' title='bbox 1713 5083 1994 5154; x_wconf 72' lang='lat' dir='ltr'><strong><em>peccatori-</em></strong></span> 
     </span>
    </p>
   </div>
   <div class='ocr_carea' id='block_1_85' title="bbox 412 5174 1988 5248">
    <p class='ocr_par' dir='ltr' id='par_1_85' title="bbox 412 5174 1988 5248">
     <span class='ocr_line' id='line_1_85' title="bbox 412 5174 1988 5248; baseline -0.003 -18"><span class='ocrx_word' id='word_1_653' title='bbox 412 5179 507 5230; x_wconf 85' lang='lat' dir='ltr'><strong><em>bus</em></strong></span> <span class='ocrx_word' id='word_1_654' title='bbox 534 5177 704 5239; x_wconf 85' lang='lat' dir='ltr'><strong><em>salus,</em></strong></span> <span class='ocrx_word' id='word_1_655' title='bbox 744 5177 863 5246; x_wconf 87' lang='lat' dir='ltr'><strong><em>quia</em></strong></span> <span class='ocrx_word' id='word_1_656' title='bbox 885 5175 1283 5246; x_wconf 81' lang='lat' dir='ltr'><strong><em>justi/icationes</em></strong></span> <span class='ocrx_word' id='word_1_657' title='bbox 1329 5184 1442 5229; x_wconf 88' lang='lat' dir='ltr'><strong><em>tuas</em></strong></span> <span class='ocrx_word' id='word_1_658' title='bbox 1489 5191 1592 5230; x_wconf 86' lang='lat' dir='ltr'><strong><em>non</em></strong></span> <span class='ocrx_word' id='word_1_659' title='bbox 1620 5174 1988 5248; x_wconf 71' lang='lat' dir='ltr'><strong><em>exquisierunt.</em></strong></span> 
     </span>
    </p>
   </div>
   <div class='ocr_carea' id='block_1_86' title="bbox 414 5264 1994 5336">
    <p class='ocr_par' dir='ltr' id='par_1_86' title="bbox 414 5264 1994 5336">
     <span class='ocr_line' id='line_1_86' title="bbox 414 5264 1994 5336; baseline -0.003 -14"><span class='ocrx_word' id='word_1_660' title='bbox 414 5267 787 5322; x_wconf 65' lang='lat' dir='ltr'><strong><em>Misericordia</em></strong></span> <span class='ocrx_word' id='word_1_661' title='bbox 814 5275 914 5320; x_wconf 67' lang='lat' dir='ltr'><strong><em>tute</em></strong></span> <span class='ocrx_word' id='word_1_662' title='bbox 934 5265 1137 5329; x_wconf 67' lang='lat' dir='ltr'><strong><em>multa,</em></strong></span> <span class='ocrx_word' id='word_1_663' title='bbox 1163 5264 1397 5330; x_wconf 88' lang='lat' dir='ltr'><strong><em>Domine,</em></strong></span> <span class='ocrx_word' id='word_1_664' title='bbox 1435 5265 1712 5320; x_wconf 85' lang='lat' dir='ltr'><strong><em>secundum</em></strong></span> <span class='ocrx_word' id='word_1_665' title='bbox 1735 5264 1994 5336; x_wconf 81' lang='lat' dir='ltr'><strong><em>judicium</em></strong></span> 
     </span>
    </p>
   </div>
   <div class='ocr_carea' id='block_1_87' title="bbox 412 5354 1990 5430">
    <p class='ocr_par' dir='ltr' id='par_1_87' title="bbox 412 5354 1990 5430">
     <span class='ocr_line' id='line_1_87' title="bbox 412 5354 1990 5430; baseline -0.004 -16"><span class='ocrx_word' id='word_1_666' title='bbox 412 5371 551 5415; x_wconf 88' lang='lat' dir='ltr'><strong><em>tuum</em></strong></span> <span class='ocrx_word' id='word_1_667' title='bbox 580 5361 775 5430; x_wconf 76' lang='lat' dir='ltr'><strong><em>uiri/ica</em></strong></span> <span class='ocrx_word' id='word_1_668' title='bbox 816 5375 912 5414; x_wconf 84' lang='lat' dir='ltr'><strong><em>me.</em></strong></span> <span class='ocrx_word' id='word_1_669' title='bbox 947 5357 1098 5411; x_wconf 62' lang='lat' dir='ltr'><strong><em>Multi</em></strong></span> <span class='ocrx_word' id='word_1_670' title='bbox 1127 5359 1210 5429; x_wconf 88' lang='lat' dir='ltr'><strong><em>qui</em></strong></span> <span class='ocrx_word' id='word_1_671' title='bbox 1253 5367 1726 5428; x_wconf 63' lang='lat' dir='ltr'><strong><em>persequuntur-me</em></strong></span> <span class='ocrx_word' id='word_1_672' title='bbox 1749 5367 1798 5411; x_wconf 90' lang='lat' dir='ltr'><strong><em>et</em></strong></span> <span class='ocrx_word' id='word_1_673' title='bbox 1827 5354 1990 5412; x_wconf 62' lang='lat' dir='ltr'><strong><em>tribuo</em></strong></span> 
     </span>
    </p>
   </div>
   <div class='ocr_carea' id='block_1_88' title="bbox 411 5447 1991 5520">
    <p class='ocr_par' dir='ltr' id='par_1_88' title="bbox 411 5447 1991 5520">
     <span class='ocr_line' id='line_1_88' title="bbox 411 5447 1991 5520; baseline -0.003 -12"><span class='ocrx_word' id='word_1_674' title='bbox 411 5454 524 5508; x_wconf 84' lang='lat' dir='ltr'><strong><em>lant</em></strong></span> <span class='ocrx_word' id='word_1_675' title='bbox 549 5470 646 5517; x_wconf 84' lang='lat' dir='ltr'><strong><em>me,</em></strong></span> <span class='ocrx_word' id='word_1_676' title='bbox 669 5469 701 5506; x_wconf 90' lang='lat' dir='ltr'><strong><em>a</em></strong></span> <span class='ocrx_word' id='word_1_677' title='bbox 723 5453 1027 5507; x_wconf 78' lang='lat' dir='ltr'><strong><em>testimoniis</em></strong></span> <span class='ocrx_word' id='word_1_678' title='bbox 1058 5452 1154 5506; x_wconf 70' lang='lat' dir='ltr'><strong><em>tuis</em></strong></span> <span class='ocrx_word' id='word_1_679' title='bbox 1177 5465 1278 5503; x_wconf 88' lang='lat' dir='ltr'><strong><em>non</em></strong></span> <span class='ocrx_word' id='word_1_680' title='bbox 1300 5449 1570 5506; x_wconf 80' lang='lat' dir='ltr'><strong><em>declinavi.</em></strong></span> <span class='ocrx_word' id='word_1_681' title='bbox 1605 5447 1724 5502; x_wconf 78' lang='lat' dir='ltr'><strong><em>Vidi</em></strong></span> <span class='ocrx_word' id='word_1_682' title='bbox 1745 5449 1991 5520; x_wconf 76' lang='lat' dir='ltr'><strong><em>prmuari-</em></strong></span> 
     </span>
    </p>
   </div>
   <div class='ocr_carea' id='block_1_89' title="bbox 411 5540 1985 5616">
    <p class='ocr_par' dir='ltr' id='par_1_89' title="bbox 411 5540 1985 5616">
     <span class='ocr_line' id='line_1_89' title="bbox 411 5540 1985 5616; baseline -0.004 -18"><span class='ocrx_word' id='word_1_683' title='bbox 411 5555 586 5599; x_wconf 78' lang='lat' dir='ltr'><strong><em>cantes</em></strong></span> <span class='ocrx_word' id='word_1_684' title='bbox 601 5555 653 5600; x_wconf 86' lang='lat' dir='ltr'><strong><em>et</em></strong></span> <span class='ocrx_word' id='word_1_685' title='bbox 673 5543 1008 5608; x_wconf 82' lang='lat' dir='ltr'><strong><em>tabescebam,</em></strong></span> <span class='ocrx_word' id='word_1_686' title='bbox 1023 5543 1142 5616; x_wconf 82' lang='lat' dir='ltr'><strong><em>quia</em></strong></span> <span class='ocrx_word' id='word_1_687' title='bbox 1163 5541 1365 5612; x_wconf 89' lang='lat' dir='ltr'><strong><em>eloquia</em></strong></span> <span class='ocrx_word' id='word_1_688' title='bbox 1387 5548 1474 5596; x_wconf 78' lang='lat' dir='ltr'><strong><em>tua</em></strong></span> <span class='ocrx_word' id='word_1_689' title='bbox 1493 5555 1595 5594; x_wconf 90' lang='lat' dir='ltr'><strong><em>non</em></strong></span> <span class='ocrx_word' id='word_1_690' title='bbox 1617 5540 1985 5607; x_wconf 75' lang='lat' dir='ltr'><strong><em>custodierunt,</em></strong></span> 
     </span>
    </p>
   </div>
   <div class='ocr_carea' id='block_1_90' title="bbox 423 5629 1989 5706">
    <p class='ocr_par' dir='ltr' id='par_1_90' title="bbox 423 5629 1989 5706">
     <span class='ocr_line' id='line_1_90' title="bbox 423 5629 1989 5706; baseline -0.004 -17"><span class='ocrx_word' id='word_1_691' title='bbox 423 5633 549 5689; x_wconf 71' lang='lat' dir='ltr'><strong><em>Vide</em></strong></span> <span class='ocrx_word' id='word_1_692' title='bbox 567 5637 802 5706; x_wconf 85' lang='lat' dir='ltr'><strong><em>quoniam</em></strong></span> <span class='ocrx_word' id='word_1_693' title='bbox 826 5634 1074 5690; x_wconf 86' lang='lat' dir='ltr'><strong><em>mandata</em></strong></span> <span class='ocrx_word' id='word_1_694' title='bbox 1097 5645 1182 5688; x_wconf 85' lang='lat' dir='ltr'><strong><em>tua</em></strong></span> <span class='ocrx_word' id='word_1_695' title='bbox 1205 5631 1396 5689; x_wconf 68' lang='lat' dir='ltr'><strong><em>dilexi.</em></strong></span> <span class='ocrx_word' id='word_1_696' title='bbox 1432 5629 1668 5696; x_wconf 83' lang='lat' dir='ltr'><strong><em>Domine,</em></strong></span> <span class='ocrx_word' id='word_1_697' title='bbox 1699 5631 1750 5684; x_wconf 74' lang='lat' dir='ltr'><strong><em>in</em></strong></span> <span class='ocrx_word' id='word_1_698' title='bbox 1791 5631 1989 5682; x_wconf 78' lang='lat' dir='ltr'><strong><em>miscri-</em></strong></span> 
     </span>
    </p>
   </div>
   <div class='ocr_carea' id='block_1_91' title="bbox 2107 3160 3650 3232">
    <p class='ocr_par' dir='ltr' id='par_1_91' title="bbox 2107 3160 3650 3232">
     <span class='ocr_line' id='line_1_91' title="bbox 2107 3160 3650 3232; baseline -0.003 -16"><span class='ocrx_word' id='word_1_699' title='bbox 2107 3161 2348 3216; x_wconf 88' lang='lat' dir='ltr'><strong><em>eamdem</em></strong></span> <span class='ocrx_word' id='word_1_700' title='bbox 2377 3160 2790 3230; x_wconf 74' lang='lat' dir='ltr'><strong><em>eXSpcctationis</em></strong></span> <span class='ocrx_word' id='word_1_701' title='bbox 2817 3160 3079 3216; x_wconf 81' lang='lat' dir='ltr'><strong><em>defectum</em></strong></span> <span class='ocrx_word' id='word_1_702' title='bbox 3109 3163 3192 3216; x_wconf 89' lang='lat' dir='ltr'><strong><em>sui</em></strong></span> <span class='ocrx_word' id='word_1_703' title='bbox 3233 3163 3650 3232; x_wconf 13' lang='lat' dir='ltr'><strong><em>evenisseqcausa-</em></strong></span> 
     </span>
    </p>
   </div>
   <div class='ocr_carea' id='block_1_92' title="bbox 2105 3247 3644 3324">
    <p class='ocr_par' dir='ltr' id='par_1_92' title="bbox 2105 3247 3644 3324">
     <span class='ocr_line' id='line_1_92' title="bbox 2105 3247 3644 3324; baseline -0.003 -19"><span class='ocrx_word' id='word_1_704' title='bbox 2105 3261 2220 3316; x_wconf 87' lang='lat' dir='ltr'><strong><em>tus,</em></strong></span> <span class='ocrx_word' id='word_1_705' title='bbox 2265 3253 2456 3306; x_wconf 78' lang='lat' dir='ltr'><strong><em>iterum</em></strong></span> <span class='ocrx_word' id='word_1_706' title='bbox 2498 3250 2731 3324; x_wconf 76' lang='lat' dir='ltr'><strong><em>clamat:</em></strong></span> <span class='ocrx_word' id='word_1_707' title='bbox 2765 3247 2994 3316; x_wconf 75' lang='lat' dir='ltr'><strong><em>Deiecit,</em></strong></span> <span class='ocrx_word' id='word_1_708' title='bbox 3025 3251 3233 3318; x_wconf 81' lang='lat' dir='ltr'><strong><em>inquit,</em></strong></span> <span class='ocrx_word' id='word_1_709' title='bbox 3263 3253 3314 3306; x_wconf 91' lang='lat' dir='ltr'><strong><em>in</em></strong></span> <span class='ocrx_word' id='word_1_710' title='bbox 3341 3250 3544 3313; x_wconf 83' lang='lat' dir='ltr'><strong><em>salutari</em></strong></span> <span class='ocrx_word' id='word_1_711' title='bbox 3569 3258 3644 3301; x_wconf 83' lang='lat' dir='ltr'><strong><em>tuo</em></strong></span> 
     </span>
    </p>
   </div>
   <div class='ocr_carea' id='block_1_93' title="bbox 2105 3338 3650 3411">
    <p class='ocr_par' dir='ltr' id='par_1_93' title="bbox 2105 3338 3650 3411">
     <span class='ocr_line' id='line_1_93' title="bbox 2105 3338 3650 3411; baseline -0.004 -14"><span class='ocrx_word' id='word_1_712' title='bbox 2105 3344 2281 3398; x_wconf 69' lang='lat' dir='ltr'><strong><em>ultima</em></strong></span> <span class='ocrx_word' id='word_1_713' title='bbox 2311 3357 2450 3407; x_wconf 85' lang='lat' dir='ltr'><strong><em>mea,</em></strong></span> <span class='ocrx_word' id='word_1_714' title='bbox 2473 3351 2528 3396; x_wconf 89' lang='lat' dir='ltr'><strong><em>et</em></strong></span> <span class='ocrx_word' id='word_1_715' title='bbox 2548 3342 2598 3396; x_wconf 90' lang='lat' dir='ltr'><strong><em>in</em></strong></span> <span class='ocrx_word' id='word_1_716' title='bbox 2624 3342 2790 3396; x_wconf 74' lang='lat' dir='ltr'><strong><em>verbo</em></strong></span> <span class='ocrx_word' id='word_1_717' title='bbox 2814 3351 2908 3398; x_wconf 86' lang='lat' dir='ltr'><strong><em>tuo</em></strong></span> <span class='ocrx_word' id='word_1_718' title='bbox 2933 3343 3182 3411; x_wconf 67' lang='lat' dir='ltr'><strong><em>speravi;</em></strong></span> <span class='ocrx_word' id='word_1_719' title='bbox 3215 3343 3513 3398; x_wconf 63' lang='lat' dir='ltr'><strong><em>defecerut</em></strong></span> <span class='ocrx_word' id='word_1_720' title='bbox 3531 3338 3650 3395; x_wconf 77' lang='lat' dir='ltr'><strong><em>oculi</em></strong></span> 
     </span>
    </p>
   </div>
   <div class='ocr_carea' id='block_1_94' title="bbox 2105 3423 3653 3504">
    <p class='ocr_par' dir='ltr' id='par_1_94' title="bbox 2105 3423 3653 3504">
     <span class='ocr_line' id='line_1_94' title="bbox 2105 3423 3653 3504; baseline -0.005 -14"><span class='ocrx_word' id='word_1_721' title='bbox 2105 3437 2210 3490; x_wconf 90' lang='lat' dir='ltr'><strong><em>mei</em></strong></span> <span class='ocrx_word' id='word_1_722' title='bbox 2234 3423 2284 3489; x_wconf 88' lang='lat' dir='ltr'><strong><em>in</em></strong></span> <span class='ocrx_word' id='word_1_723' title='bbox 2307 3435 2520 3504; x_wconf 87' lang='lat' dir='ltr'><strong><em>eloquio</em></strong></span> <span class='ocrx_word' id='word_1_724' title='bbox 2541 3423 2654 3502; x_wconf 74' lang='lat' dir='ltr'><strong><em>tuo,</em></strong></span> <span class='ocrx_word' id='word_1_725' title='bbox 2685 3435 2960 3490; x_wconf 87' lang='lat' dir='ltr'><strong><em>dicentes:</em></strong></span> <span class='ocrx_word' id='word_1_726' title='bbox 2985 3433 3214 3500; x_wconf 80' lang='lat' dir='ltr'><strong><em>Quando</em></strong></span> <span class='ocrx_word' id='word_1_727' title='bbox 3245 3435 3441 3496; x_wconf 79' lang='lat' dir='ltr'><strong><em>venies,</em></strong></span> <span class='ocrx_word' id='word_1_728' title='bbox 3465 3429 3653 3502; x_wconf 83' lang='lat' dir='ltr'><strong><em>quando</em></strong></span> 
     </span>
    </p>
   </div>
   <div class='ocr_carea' id='block_1_95' title="bbox 2103 3515 3654 3596">
    <p class='ocr_par' dir='ltr' id='par_1_95' title="bbox 2103 3515 3654 3596">
     <span class='ocr_line' id='line_1_95' title="bbox 2103 3515 3654 3596; baseline -0.005 -14"><span class='ocrx_word' id='word_1_729' title='bbox 2103 3527 2429 3582; x_wconf 78' lang='lat' dir='ltr'><strong><em>restaurabis</em></strong></span> <span class='ocrx_word' id='word_1_730' title='bbox 2473 3515 2589 3590; x_wconf 81' lang='lat' dir='ltr'><strong><em>me,</em></strong></span> <span class='ocrx_word' id='word_1_731' title='bbox 2621 3523 2834 3596; x_wconf 72' lang='lat' dir='ltr'><strong><em>quando</em></strong></span> <span class='ocrx_word' id='word_1_732' title='bbox 2881 3525 3251 3581; x_wconf 79' lang='lat' dir='ltr'><strong><em>consulaberis</em></strong></span> <span class='ocrx_word' id='word_1_733' title='bbox 3279 3527 3398 3579; x_wconf 81' lang='lat' dir='ltr'><strong><em>me?</em></strong></span> <span class='ocrx_word' id='word_1_734' title='bbox 3435 3523 3548 3595; x_wconf 86' lang='lat' dir='ltr'><strong><em>quia</em></strong></span> <span class='ocrx_word' id='word_1_735' title='bbox 3575 3526 3654 3588; x_wconf 66' lang='lat' dir='ltr'><strong><em>per</em></strong></span> 
     </span>
    </p>
   </div>
   <div class='ocr_carea' id='block_1_96' title="bbox 2104 3615 3652 3690">
    <p class='ocr_par' dir='ltr' id='par_1_96' title="bbox 2104 3615 3652 3690">
     <span class='ocr_line' id='line_1_96' title="bbox 2104 3615 3652 3690; baseline -0.005 -16"><span class='ocrx_word' id='word_1_736' title='bbox 2104 3621 2596 3690; x_wconf 70' lang='lat' dir='ltr'><strong><em>prmvaricationem</em></strong></span> <span class='ocrx_word' id='word_1_737' title='bbox 2619 3619 2746 3674; x_wconf 79' lang='lat' dir='ltr'><strong><em>Adae</em></strong></span> <span class='ocrx_word' id='word_1_738' title='bbox 2766 3617 2937 3675; x_wconf 80' lang='lat' dir='ltr'><strong><em>factus</em></strong></span> <span class='ocrx_word' id='word_1_739' title='bbox 2955 3635 3072 3674; x_wconf 88' lang='lat' dir='ltr'><strong><em>sum</em></strong></span> <span class='ocrx_word' id='word_1_740' title='bbox 3095 3619 3238 3679; x_wconf 88' lang='lat' dir='ltr'><strong><em>sicut</em></strong></span> <span class='ocrx_word' id='word_1_741' title='bbox 3259 3628 3376 3674; x_wconf 86' lang='lat' dir='ltr'><strong><em>uter</em></strong></span> <span class='ocrx_word' id='word_1_742' title='bbox 3396 3619 3442 3671; x_wconf 86' lang='lat' dir='ltr'><strong><em>in</em></strong></span> <span class='ocrx_word' id='word_1_743' title='bbox 3469 3615 3652 3687; x_wconf 78' lang='lat' dir='ltr'><strong><em>pruina.</em></strong></span> 
     </span>
    </p>
   </div>
   <div class='ocr_carea' id='block_1_97' title="bbox 2104 3705 3653 3778">
    <p class='ocr_par' dir='ltr' id='par_1_97' title="bbox 2104 3705 3653 3778">
     <span class='ocr_line' id='line_1_97' title="bbox 2104 3705 3653 3778; baseline -0.005 -14"><span class='ocrx_word' id='word_1_744' title='bbox 2104 3711 2250 3765; x_wconf 89' lang='lat' dir='ltr'><strong><em>intus</em></strong></span> <span class='ocrx_word' id='word_1_745' title='bbox 2279 3725 2504 3774; x_wconf 72' lang='lat' dir='ltr'><strong><em>vacuus,</em></strong></span> <span class='ocrx_word' id='word_1_746' title='bbox 2537 3725 2566 3765; x_wconf 87' lang='lat' dir='ltr'><strong><em>a</em></strong></span> <span class='ocrx_word' id='word_1_747' title='bbox 2613 3708 2741 3764; x_wconf 76' lang='lat' dir='ltr'><strong><em>foris</em></strong></span> <span class='ocrx_word' id='word_1_748' title='bbox 2771 3725 2899 3763; x_wconf 79' lang='lat' dir='ltr'><strong><em>vero</em></strong></span> <span class='ocrx_word' id='word_1_749' title='bbox 2925 3718 3256 3774; x_wconf 76' lang='lat' dir='ltr'><strong><em>contractus,</em></strong></span> <span class='ocrx_word' id='word_1_750' title='bbox 3285 3705 3653 3778; x_wconf 75' lang='lat' dir='ltr'><strong><em>justiﬁcationes</em></strong></span> 
     </span>
    </p>
   </div>
   <div class='ocr_carea' id='block_1_98' title="bbox 2105 3794 3653 3872">
    <p class='ocr_par' dir='ltr' id='par_1_98' title="bbox 2105 3794 3653 3872">
     <span class='ocr_line' id='line_1_98' title="bbox 2105 3794 3653 3872; baseline -0.005 -17"><span class='ocrx_word' id='word_1_751' title='bbox 2105 3809 2285 3856; x_wconf 81' lang='lat' dir='ltr'><strong><em>tamen</em></strong></span> <span class='ocrx_word' id='word_1_752' title='bbox 2314 3808 2434 3856; x_wconf 86' lang='lat' dir='ltr'><strong><em>tuas</em></strong></span> <span class='ocrx_word' id='word_1_753' title='bbox 2461 3817 2567 3856; x_wconf 89' lang='lat' dir='ltr'><strong><em>non</em></strong></span> <span class='ocrx_word' id='word_1_754' title='bbox 2588 3817 2703 3856; x_wconf 87' lang='lat' dir='ltr'><strong><em>sum</em></strong></span> <span class='ocrx_word' id='word_1_755' title='bbox 2724 3800 2940 3855; x_wconf 83' lang='lat' dir='ltr'><strong><em>oblitus.</em></strong></span> <span class='ocrx_word' id='word_1_756' title='bbox 2966 3799 3159 3856; x_wconf 83' lang='lat' dir='ltr'><strong><em>Verum</em></strong></span> <span class='ocrx_word' id='word_1_757' title='bbox 3183 3802 3309 3872; x_wconf 89' lang='lat' dir='ltr'><strong><em>quia</em></strong></span> <span class='ocrx_word' id='word_1_758' title='bbox 3334 3799 3434 3856; x_wconf 68' lang='lat' dir='ltr'><strong><em>vita</em></strong></span> <span class='ocrx_word' id='word_1_759' title='bbox 3455 3794 3653 3853; x_wconf 84' lang='lat' dir='ltr'><strong><em>hominis</em></strong></span> 
     </span>
    </p>
   </div>
   <div class='ocr_carea' id='block_1_99' title="bbox 2103 3884 3652 3964">
    <p class='ocr_par' dir='ltr' id='par_1_99' title="bbox 2103 3884 3652 3964">
     <span class='ocr_line' id='line_1_99' title="bbox 2103 3884 3652 3964; baseline -0.005 -18"><span class='ocrx_word' id='word_1_760' title='bbox 2103 3909 2266 3964; x_wconf 73' lang='lat' dir='ltr'><strong><em>parva</em></strong></span> <span class='ocrx_word' id='word_1_761' title='bbox 2297 3902 2378 3948; x_wconf 85' lang='lat' dir='ltr'><strong><em>est</em></strong></span> <span class='ocrx_word' id='word_1_762' title='bbox 2405 3907 2567 3962; x_wconf 83' lang='lat' dir='ltr'><strong><em>super</em></strong></span> <span class='ocrx_word' id='word_1_763' title='bbox 2612 3902 2749 3946; x_wconf 84' lang='lat' dir='ltr'><strong><em>terra</em></strong></span> <span class='ocrx_word' id='word_1_764' title='bbox 2775 3925 2790 3956; x_wconf 89' lang='lat'><strong><em>,</em></strong></span> <span class='ocrx_word' id='word_1_765' title='bbox 2843 3893 3028 3961; x_wconf 70' lang='lat' dir='ltr'><strong><em>quanti</em></strong></span> <span class='ocrx_word' id='word_1_766' title='bbox 3077 3891 3196 3946; x_wconf 81' lang='lat' dir='ltr'><strong><em>dies</em></strong></span> <span class='ocrx_word' id='word_1_767' title='bbox 3240 3897 3442 3946; x_wconf 73' lang='lat' dir='ltr'><strong><em>restant</em></strong></span> <span class='ocrx_word' id='word_1_768' title='bbox 3485 3884 3652 3940; x_wconf 73' lang='lat' dir='ltr'><strong><em>inundo</em></strong></span> 
     </span>
    </p>
   </div>
   <div class='ocr_carea' id='block_1_100' title="bbox 2103 3974 3648 4052">
    <p class='ocr_par' dir='ltr' id='par_1_100' title="bbox 2103 3974 3648 4052">
     <span class='ocr_line' id='line_1_100' title="bbox 2103 3974 3648 4052; baseline -0.006 -15"><span class='ocrx_word' id='word_1_769' title='bbox 2103 3999 2259 4038; x_wconf 83' lang='lat' dir='ltr'><strong><em>servo</em></strong></span> <span class='ocrx_word' id='word_1_770' title='bbox 2289 3992 2411 4046; x_wconf 89' lang='lat' dir='ltr'><strong><em>tuo,</em></strong></span> <span class='ocrx_word' id='word_1_771' title='bbox 2439 3991 2499 4038; x_wconf 91' lang='lat' dir='ltr'><strong><em>ut</em></strong></span> <span class='ocrx_word' id='word_1_772' title='bbox 2528 3981 3004 4050; x_wconf 80' lang='lat' dir='ltr'><strong><em>tiuiatur?quando</em></strong></span> <span class='ocrx_word' id='word_1_773' title='bbox 3031 3980 3197 4036; x_wconf 82' lang='lat' dir='ltr'><strong><em>facies</em></strong></span> <span class='ocrx_word' id='word_1_774' title='bbox 3226 3981 3292 4036; x_wconf 88' lang='lat' dir='ltr'><strong><em>de</em></strong></span> <span class='ocrx_word' id='word_1_775' title='bbox 3322 3974 3648 4052; x_wconf 48' lang='lat' dir='ltr'><strong><em>pel-sequenti.</em></strong></span> 
     </span>
    </p>
   </div>
   <div class='ocr_carea' id='block_1_101' title="bbox 2103 4067 3646 4144">
    <p class='ocr_par' dir='ltr' id='par_1_101' title="bbox 2103 4067 3646 4144">
     <span class='ocr_line' id='line_1_101' title="bbox 2103 4067 3646 4144; baseline -0.008 -14"><span class='ocrx_word' id='word_1_776' title='bbox 2103 4076 2204 4131; x_wconf 89' lang='lat' dir='ltr'><strong><em>bus</em></strong></span> <span class='ocrx_word' id='word_1_777' title='bbox 2247 4093 2368 4130; x_wconf 88' lang='lat' dir='ltr'><strong><em>eum</em></strong></span> <span class='ocrx_word' id='word_1_778' title='bbox 2393 4075 2689 4144; x_wconf 83' lang='lat' dir='ltr'><strong><em>judicium?</em></strong></span> <span class='ocrx_word' id='word_1_779' title='bbox 2719 4072 2852 4140; x_wconf 83' lang='lat' dir='ltr'><strong><em>Quia</em></strong></span> <span class='ocrx_word' id='word_1_780' title='bbox 2894 4081 3114 4128; x_wconf 83' lang='lat' dir='ltr'><strong><em>narrant</em></strong></span> <span class='ocrx_word' id='word_1_781' title='bbox 3160 4073 3453 4128; x_wconf 64' lang='lat' dir='ltr'><strong><em>idololatria</em></strong></span> <span class='ocrx_word' id='word_1_782' title='bbox 3479 4067 3646 4122; x_wconf 80' lang='lat' dir='ltr'><strong><em>fabula-</em></strong></span> 
     </span>
    </p>
   </div>
   <div class='ocr_carea' id='block_1_102' title="bbox 2105 4163 3649 4232">
    <p class='ocr_par' dir='ltr' id='par_1_102' title="bbox 2105 4163 3649 4232">
     <span class='ocr_line' id='line_1_102' title="bbox 2105 4163 3649 4232; baseline -0.006 -14"><span class='ocrx_word' id='word_1_783' title='bbox 2105 4167 2310 4228; x_wconf 89' lang='lat' dir='ltr'><strong><em>tiones,</em></strong></span> <span class='ocrx_word' id='word_1_784' title='bbox 2340 4163 2434 4219; x_wconf 88' lang='lat' dir='ltr'><strong><em>sed</em></strong></span> <span class='ocrx_word' id='word_1_785' title='bbox 2482 4179 2586 4218; x_wconf 92' lang='lat' dir='ltr'><strong><em>non</em></strong></span> <span class='ocrx_word' id='word_1_786' title='bbox 2619 4170 2677 4217; x_wconf 91' lang='lat' dir='ltr'><strong><em>ut</em></strong></span> <span class='ocrx_word' id='word_1_787' title='bbox 2719 4163 2806 4232; x_wconf 82' lang='lat' dir='ltr'><strong><em>lex</em></strong></span> <span class='ocrx_word' id='word_1_788' title='bbox 2833 4170 2954 4222; x_wconf 81' lang='lat' dir='ltr'><strong><em>tua;</em></strong></span> <span class='ocrx_word' id='word_1_789' title='bbox 3003 4163 3167 4230; x_wconf 77' lang='lat' dir='ltr'><strong><em>iniqui</em></strong></span> <span class='ocrx_word' id='word_1_790' title='bbox 3201 4163 3468 4218; x_wconf 68' lang='lat' dir='ltr'><strong><em>daemones</em></strong></span> <span class='ocrx_word' id='word_1_791' title='bbox 3493 4168 3649 4228; x_wconf 81' lang='lat' dir='ltr'><strong><em>persc-</em></strong></span> 
     </span>
    </p>
   </div>
   <div class='ocr_carea' id='block_1_103' title="bbox 2101 4242 3648 4324">
    <p class='ocr_par' dir='ltr' id='par_1_103' title="bbox 2101 4242 3648 4324">
     <span class='ocr_line' id='line_1_103' title="bbox 2101 4242 3648 4324; baseline -0.005 -14"><span class='ocrx_word' id='word_1_792' title='bbox 2101 4259 2339 4324; x_wconf 78' lang='lat' dir='ltr'><strong><em>quunt’ur</em></strong></span> <span class='ocrx_word' id='word_1_793' title='bbox 2381 4269 2524 4308; x_wconf 90' lang='lat' dir='ltr'><strong><em>eum.</em></strong></span> <span class='ocrx_word' id='word_1_794' title='bbox 2570 4252 2773 4322; x_wconf 78' lang='lat' dir='ltr'><strong><em>Adjuva</em></strong></span> <span class='ocrx_word' id='word_1_795' title='bbox 2823 4266 2976 4314; x_wconf 88' lang='lat' dir='ltr'><strong><em>eum,</em></strong></span> <span class='ocrx_word' id='word_1_796' title='bbox 3027 4249 3287 4317; x_wconf 81' lang='lat' dir='ltr'><strong><em>Domine;</em></strong></span> <span class='ocrx_word' id='word_1_797' title='bbox 3336 4266 3457 4307; x_wconf 87' lang='lat' dir='ltr'><strong><em>ecce</em></strong></span> <span class='ocrx_word' id='word_1_798' title='bbox 3495 4242 3648 4302; x_wconf 80' lang='lat' dir='ltr'><strong><em>mundi</em></strong></span> 
     </span>
    </p>
   </div>
   <div class='ocr_carea' id='block_1_104' title="bbox 2106 4339 3650 4417">
    <p class='ocr_par' dir='ltr' id='par_1_104' title="bbox 2106 4339 3650 4417">
     <span class='ocr_line' id='line_1_104' title="bbox 2106 4339 3650 4417; baseline -0.009 -17"><span class='ocrx_word' id='word_1_799' title='bbox 2106 4345 2227 4402; x_wconf 85' lang='lat' dir='ltr'><strong><em>ﬁnis</em></strong></span> <span class='ocrx_word' id='word_1_800' title='bbox 2251 4361 2419 4417; x_wconf 89' lang='lat' dir='ltr'><strong><em>prope</em></strong></span> <span class='ocrx_word' id='word_1_801' title='bbox 2447 4353 2548 4410; x_wconf 89' lang='lat' dir='ltr'><strong><em>est,</em></strong></span> <span class='ocrx_word' id='word_1_802' title='bbox 2573 4353 2627 4400; x_wconf 90' lang='lat' dir='ltr'><strong><em>et</em></strong></span> <span class='ocrx_word' id='word_1_803' title='bbox 2645 4344 2858 4398; x_wconf 87' lang='lat' dir='ltr'><strong><em>modico</em></strong></span> <span class='ocrx_word' id='word_1_804' title='bbox 2885 4345 3059 4398; x_wconf 89' lang='lat' dir='ltr'><strong><em>minus</em></strong></span> <span class='ocrx_word' id='word_1_805' title='bbox 3087 4342 3534 4398; x_wconf 86' lang='lat' dir='ltr'><strong><em>consummabitur</em></strong></span> <span class='ocrx_word' id='word_1_806' title='bbox 3555 4339 3650 4404; x_wconf 84' lang='lat' dir='ltr'><strong><em>ipse</em></strong></span> 
     </span>
    </p>
   </div>
   <div class='ocr_carea' id='block_1_105' title="bbox 2101 4427 3649 4504">
    <p class='ocr_par' dir='ltr' id='par_1_105' title="bbox 2101 4427 3649 4504">
     <span class='ocr_line' id='line_1_105' title="bbox 2101 4427 3649 4504; baseline -0.01 -9"><span class='ocrx_word' id='word_1_807' title='bbox 2101 4439 2329 4494; x_wconf 84' lang='lat' dir='ltr'><strong><em>mundus</em></strong></span> <span class='ocrx_word' id='word_1_808' title='bbox 2356 4438 2410 4493; x_wconf 87' lang='lat' dir='ltr'><strong><em>in</em></strong></span> <span class='ocrx_word' id='word_1_809' title='bbox 2439 4445 2602 4492; x_wconf 81' lang='lat' dir='ltr'><strong><em>terra.</em></strong></span> <span class='ocrx_word' id='word_1_810' title='bbox 2635 4435 2802 4502; x_wconf 76' lang='lat' dir='ltr'><strong><em>Veni,</em></strong></span> <span class='ocrx_word' id='word_1_811' title='bbox 2833 4436 3058 4490; x_wconf 78' lang='lat' dir='ltr'><strong><em>Domine</em></strong></span> <span class='ocrx_word' id='word_1_812' title='bbox 3076 4475 3090 4497; x_wconf 91' lang='lat'><strong><em>,</em></strong></span> <span class='ocrx_word' id='word_1_813' title='bbox 3118 4436 3244 4504; x_wconf 83' lang='lat' dir='ltr'><strong><em>quia</em></strong></span> <span class='ocrx_word' id='word_1_814' title='bbox 3273 4449 3371 4504; x_wconf 78' lang='lat' dir='ltr'><strong><em>ego</em></strong></span> <span class='ocrx_word' id='word_1_815' title='bbox 3398 4433 3482 4504; x_wconf 81' lang='lat' dir='ltr'><strong><em>qui</em></strong></span> <span class='ocrx_word' id='word_1_816' title='bbox 3510 4431 3556 4484; x_wconf 88' lang='lat' dir='ltr'><strong><em>iu</em></strong></span> <span class='ocrx_word' id='word_1_817' title='bbox 3583 4427 3649 4480; x_wconf 87' lang='lat' dir='ltr'><strong><em>his</em></strong></span> 
     </span>
    </p>
   </div>
   <div class='ocr_carea' id='block_1_106' title="bbox 2099 4515 3648 4598">
    <p class='ocr_par' dir='ltr' id='par_1_106' title="bbox 2099 4515 3648 4598">
     <span class='ocr_line' id='line_1_106' title="bbox 2099 4515 3648 4598; baseline -0.011 -10"><span class='ocrx_word' id='word_1_818' title='bbox 2099 4531 2276 4598; x_wconf 88' lang='lat' dir='ltr'><strong><em>doleo,</em></strong></span> <span class='ocrx_word' id='word_1_819' title='bbox 2306 4529 2360 4585; x_wconf 83' lang='lat' dir='ltr'><strong><em>id</em></strong></span> <span class='ocrx_word' id='word_1_820' title='bbox 2388 4537 2491 4597; x_wconf 85' lang='lat' dir='ltr'><strong><em>est,</em></strong></span> <span class='ocrx_word' id='word_1_821' title='bbox 2513 4531 2708 4585; x_wconf 84' lang='lat' dir='ltr'><strong><em>chorus</em></strong></span> <span class='ocrx_word' id='word_1_822' title='bbox 2735 4528 2972 4584; x_wconf 90' lang='lat' dir='ltr'><strong><em>omnium</em></strong></span> <span class='ocrx_word' id='word_1_823' title='bbox 3000 4533 3330 4596; x_wconf 80' lang='lat' dir='ltr'><strong><em>sanctorum,</em></strong></span> <span class='ocrx_word' id='word_1_824' title='bbox 3363 4538 3463 4580; x_wconf 85' lang='lat' dir='ltr'><strong><em>non</em></strong></span> <span class='ocrx_word' id='word_1_825' title='bbox 3483 4515 3648 4574; x_wconf 85' lang='lat' dir='ltr'><strong><em>dereli-</em></strong></span> 
     </span>
    </p>
   </div>
   <div class='ocr_carea' id='block_1_107' title="bbox 2099 4615 3647 4693">
    <p class='ocr_par' dir='ltr' id='par_1_107' title="bbox 2099 4615 3647 4693">
     <span class='ocr_line' id='line_1_107' title="bbox 2099 4615 3647 4693; baseline -0.014 -14"><span class='ocrx_word' id='word_1_826' title='bbox 2099 4625 2190 4693; x_wconf 75' lang='lat' dir='ltr'><strong><em>qai</em></strong></span> <span class='ocrx_word' id='word_1_827' title='bbox 2220 4624 2470 4680; x_wconf 81' lang='lat' dir='ltr'><strong><em>mandata</em></strong></span> <span class='ocrx_word' id='word_1_828' title='bbox 2497 4631 2607 4677; x_wconf 83' lang='lat' dir='ltr'><strong><em>tua.</em></strong></span> <span class='ocrx_word' id='word_1_829' title='bbox 2637 4619 2705 4676; x_wconf 86' lang='lat' dir='ltr'><strong><em>Ut</em></strong></span> <span class='ocrx_word' id='word_1_830' title='bbox 2745 4620 3036 4676; x_wconf 87' lang='lat' dir='ltr'><strong><em>secundum</em></strong></span> <span class='ocrx_word' id='word_1_831' title='bbox 3082 4615 3496 4674; x_wconf 74' lang='lat' dir='ltr'><strong><em>miscricordiam</em></strong></span> <span class='ocrx_word' id='word_1_832' title='bbox 3524 4619 3647 4664; x_wconf 80' lang='lat' dir='ltr'><strong><em>tuam</em></strong></span> 
     </span>
    </p>
   </div>
   <div class='ocr_carea' id='block_1_108' title="bbox 2099 4705 3645 4784">
    <p class='ocr_par' dir='ltr' id='par_1_108' title="bbox 2099 4705 3645 4784">
     <span class='ocr_line' id='line_1_108' title="bbox 2099 4705 3645 4784; baseline -0.009 -16"><span class='ocrx_word' id='word_1_833' title='bbox 2099 4716 2271 4770; x_wconf 77' lang='lat' dir='ltr'><strong><em>vivam</em></strong></span> <span class='ocrx_word' id='word_1_834' title='bbox 2301 4723 2356 4770; x_wconf 88' lang='lat' dir='ltr'><strong><em>et</em></strong></span> <span class='ocrx_word' id='word_1_835' title='bbox 2385 4713 2691 4770; x_wconf 77' lang='lat' dir='ltr'><strong><em>custodiam</em></strong></span> <span class='ocrx_word' id='word_1_836' title='bbox 2722 4711 3026 4767; x_wconf 81' lang='lat' dir='ltr'><strong><em>testimonia</em></strong></span> <span class='ocrx_word' id='word_1_837' title='bbox 3055 4709 3165 4784; x_wconf 76' lang='lat' dir='ltr'><strong><em>oris</em></strong></span> <span class='ocrx_word' id='word_1_838' title='bbox 3194 4709 3290 4764; x_wconf 91' lang='lat' dir='ltr'><strong><em>tui.</em></strong></span> <span class='ocrx_word' id='word_1_839' title='bbox 3321 4705 3516 4774; x_wconf 82' lang='lat' dir='ltr'><strong><em>Quibus</em></strong></span> <span class='ocrx_word' id='word_1_840' title='bbox 3538 4713 3645 4771; x_wconf 80' lang='lat' dir='ltr'><strong><em>pro-</em></strong></span> 
     </span>
    </p>
   </div>
   <div class='ocr_carea' id='block_1_109' title="bbox 2101 4797 3646 4874">
    <p class='ocr_par' dir='ltr' id='par_1_109' title="bbox 2101 4797 3646 4874">
     <span class='ocr_line' id='line_1_109' title="bbox 2101 4797 3646 4874; baseline -0.009 -15"><span class='ocrx_word' id='word_1_841' title='bbox 2101 4805 2290 4861; x_wconf 88' lang='lat' dir='ltr'><strong><em>misisti</em></strong></span> <span class='ocrx_word' id='word_1_842' title='bbox 2343 4813 2398 4861; x_wconf 86' lang='lat' dir='ltr'><strong><em>te</em></strong></span> <span class='ocrx_word' id='word_1_843' title='bbox 2448 4804 2606 4860; x_wconf 88' lang='lat' dir='ltr'><strong><em>nobis</em></strong></span> <span class='ocrx_word' id='word_1_844' title='bbox 2658 4798 3010 4874; x_wconf 83' lang='lat' dir='ltr'><strong><em>pereuntibus</em></strong></span> <span class='ocrx_word' id='word_1_845' title='bbox 3057 4801 3274 4854; x_wconf 85' lang='lat' dir='ltr'><strong><em>mittere</em></strong></span> <span class='ocrx_word' id='word_1_846' title='bbox 3324 4797 3646 4852; x_wconf 74' lang='lat' dir='ltr'><strong><em>Salvatorem.</em></strong></span> 
     </span>
    </p>
   </div>
   <div class='ocr_carea' id='block_1_110' title="bbox 2099 4887 3645 4966">
    <p class='ocr_par' dir='ltr' id='par_1_110' title="bbox 2099 4887 3645 4966">
     <span class='ocr_line' id='line_1_110' title="bbox 2099 4887 3645 4966; baseline -0.011 -14"><span class='ocrx_word' id='word_1_847' title='bbox 2099 4898 2293 4954; x_wconf 78' lang='lat' dir='ltr'><strong><em>Certus</em></strong></span> <span class='ocrx_word' id='word_1_848' title='bbox 2320 4912 2437 4954; x_wconf 89' lang='lat' dir='ltr'><strong><em>sum</em></strong></span> <span class='ocrx_word' id='word_1_849' title='bbox 2466 4897 2610 4952; x_wconf 89' lang='lat' dir='ltr'><strong><em>enim</em></strong></span> <span class='ocrx_word' id='word_1_850' title='bbox 2637 4895 2782 4966; x_wconf 90' lang='lat' dir='ltr'><strong><em>quod</em></strong></span> <span class='ocrx_word' id='word_1_851' title='bbox 2809 4895 2862 4950; x_wconf 89' lang='lat' dir='ltr'><strong><em>in</em></strong></span> <span class='ocrx_word' id='word_1_852' title='bbox 2905 4900 3168 4948; x_wconf 68' lang='lat' dir='ltr'><strong><em>retentum</em></strong></span> <span class='ocrx_word' id='word_1_853' title='bbox 3197 4887 3525 4961; x_wconf 82' lang='lat' dir='ltr'><strong><em>permanebit</em></strong></span> <span class='ocrx_word' id='word_1_854' title='bbox 3545 4895 3645 4937; x_wconf 78' lang='lat' dir='ltr'><strong><em>ver-</em></strong></span> 
     </span>
    </p>
   </div>
   <div class='ocr_carea' id='block_1_111' title="bbox 2098 4976 3642 5052">
    <p class='ocr_par' dir='ltr' id='par_1_111' title="bbox 2098 4976 3642 5052">
     <span class='ocr_line' id='line_1_111' title="bbox 2098 4976 3642 5052; baseline -0.009 -8"><span class='ocrx_word' id='word_1_855' title='bbox 2098 4991 2224 5044; x_wconf 88' lang='lat' dir='ltr'><strong><em>bum</em></strong></span> <span class='ocrx_word' id='word_1_856' title='bbox 2247 4998 2396 5043; x_wconf 88' lang='lat' dir='ltr'><strong><em>tuum</em></strong></span> <span class='ocrx_word' id='word_1_857' title='bbox 2417 4989 2470 5043; x_wconf 88' lang='lat' dir='ltr'><strong><em>in</em></strong></span> <span class='ocrx_word' id='word_1_858' title='bbox 2495 4987 2654 5044; x_wconf 73' lang='lat' dir='ltr'><strong><em>cmlo.</em></strong></span> <span class='ocrx_word' id='word_1_859' title='bbox 2678 4983 2780 5052; x_wconf 85' lang='lat' dir='ltr'><strong><em>Qui</em></strong></span> <span class='ocrx_word' id='word_1_860' title='bbox 2801 4985 2926 5039; x_wconf 88' lang='lat' dir='ltr'><strong><em>licet</em></strong></span> <span class='ocrx_word' id='word_1_861' title='bbox 2941 4999 3066 5038; x_wconf 86' lang='lat' dir='ltr'><strong><em>cum</em></strong></span> <span class='ocrx_word' id='word_1_862' title='bbox 3088 4981 3392 5037; x_wconf 85' lang='lat' dir='ltr'><strong><em>hominibus</em></strong></span> <span class='ocrx_word' id='word_1_863' title='bbox 3411 4976 3642 5032; x_wconf 79' lang='lat' dir='ltr'><strong><em>videatur.</em></strong></span> 
     </span>
    </p>
   </div>
   <div class='ocr_carea' id='block_1_112' title="bbox 2102 5060 3646 5150">
    <p class='ocr_par' dir='ltr' id='par_1_112' title="bbox 2102 5060 3646 5150">
     <span class='ocr_line' id='line_1_112' title="bbox 2102 5060 3646 5150; baseline -0.013 -16"><span class='ocrx_word' id='word_1_864' title='bbox 2102 5085 2162 5134; x_wconf 90' lang='lat' dir='ltr'><strong><em>ut</em></strong></span> <span class='ocrx_word' id='word_1_865' title='bbox 2185 5078 2495 5150; x_wconf 87' lang='lat' dir='ltr'><strong><em>promisisti,</em></strong></span> <span class='ocrx_word' id='word_1_866' title='bbox 2515 5078 2582 5134; x_wconf 90' lang='lat' dir='ltr'><strong><em>de</em></strong></span> <span class='ocrx_word' id='word_1_867' title='bbox 2609 5075 2747 5133; x_wconf 63' lang='lat' dir='ltr'><strong><em>cutio</em></strong></span> <span class='ocrx_word' id='word_1_868' title='bbox 2771 5083 2946 5130; x_wconf 87' lang='lat' dir='ltr'><strong><em>tamen</em></strong></span> <span class='ocrx_word' id='word_1_869' title='bbox 2977 5087 3246 5141; x_wconf 76' lang='lat' dir='ltr'><strong><em>nunquam</em></strong></span> <span class='ocrx_word' id='word_1_870' title='bbox 3276 5065 3526 5125; x_wconf 84' lang='lat' dir='ltr'><strong><em>abscedit.</em></strong></span> <span class='ocrx_word' id='word_1_871' title='bbox 3551 5060 3646 5116; x_wconf 80' lang='lat' dir='ltr'><strong><em>Sic-</em></strong></span> 
     </span>
    </p>
   </div>
   <div class='ocr_carea' id='block_1_113' title="bbox 2100 5158 3642 5233">
    <p class='ocr_par' dir='ltr' id='par_1_113' title="bbox 2100 5158 3642 5233">
     <span class='ocr_line' id='line_1_113' title="bbox 2100 5158 3642 5233; baseline -0.008 -7"><span class='ocrx_word' id='word_1_872' title='bbox 2100 5179 2280 5226; x_wconf 85' lang='lat' dir='ltr'><strong><em>utnec</em></strong></span> <span class='ocrx_word' id='word_1_873' title='bbox 2303 5169 2498 5224; x_wconf 80' lang='lat' dir='ltr'><strong><em>ﬂuvius</em></strong></span> <span class='ocrx_word' id='word_1_874' title='bbox 2515 5183 2636 5224; x_wconf 86' lang='lat' dir='ltr'><strong><em>cum</em></strong></span> <span class='ocrx_word' id='word_1_875' title='bbox 2673 5181 2824 5224; x_wconf 83' lang='lat' dir='ltr'><strong><em>mare</em></strong></span> <span class='ocrx_word' id='word_1_876' title='bbox 2852 5164 3166 5233; x_wconf 79' lang='lat' dir='ltr'><strong><em>ingreditur,</em></strong></span> <span class='ocrx_word' id='word_1_877' title='bbox 3187 5169 3243 5216; x_wconf 82' lang='lat' dir='ltr'><strong><em>et</em></strong></span> <span class='ocrx_word' id='word_1_878' title='bbox 3271 5158 3456 5216; x_wconf 70' lang='lat' dir='ltr'><strong><em>circuit</em></strong></span> <span class='ocrx_word' id='word_1_879' title='bbox 3478 5163 3642 5214; x_wconf 66' lang='lat' dir='ltr'><strong><em>terras.</em></strong></span> 
     </span>
    </p>
   </div>
   <div class='ocr_carea' id='block_1_114' title="bbox 2097 5241 3644 5330">
    <p class='ocr_par' dir='ltr' id='par_1_114' title="bbox 2097 5241 3644 5330">
     <span class='ocr_line' id='line_1_114' title="bbox 2097 5241 3644 5330; baseline -0.017 -11"><span class='ocrx_word' id='word_1_880' title='bbox 2097 5263 2166 5318; x_wconf 81' lang='lat' dir='ltr'><strong><em>de</em></strong></span> <span class='ocrx_word' id='word_1_881' title='bbox 2190 5263 2308 5318; x_wconf 88' lang='lat' dir='ltr'><strong><em>sinu</em></strong></span> <span class='ocrx_word' id='word_1_882' title='bbox 2329 5261 2414 5317; x_wconf 88' lang='lat' dir='ltr'><strong><em>sui</em></strong></span> <span class='ocrx_word' id='word_1_883' title='bbox 2433 5261 2595 5316; x_wconf 82' lang='lat' dir='ltr'><strong><em>fontis</em></strong></span> <span class='ocrx_word' id='word_1_884' title='bbox 2616 5273 2850 5330; x_wconf 83' lang='lat' dir='ltr'><strong><em>unquam</em></strong></span> <span class='ocrx_word' id='word_1_885' title='bbox 2879 5265 2960 5312; x_wconf 88' lang='lat' dir='ltr'><strong><em>est</em></strong></span> <span class='ocrx_word' id='word_1_886' title='bbox 2981 5255 3193 5310; x_wconf 82' lang='lat' dir='ltr'><strong><em>absens.-</em></strong></span> <span class='ocrx_word' id='word_1_887' title='bbox 3221 5252 3298 5306; x_wconf 88' lang='lat' dir='ltr'><strong><em>lta</em></strong></span> <span class='ocrx_word' id='word_1_888' title='bbox 3327 5241 3644 5323; x_wconf 87' lang='lat' dir='ltr'><strong><em>proculdubio</em></strong></span> 
     </span>
    </p>
   </div>
   <div class='ocr_carea' id='block_1_115' title="bbox 2095 5336 3644 5414">
    <p class='ocr_par' dir='ltr' id='par_1_115' title="bbox 2095 5336 3644 5414">
     <span class='ocr_line' id='line_1_115' title="bbox 2095 5336 3644 5414; baseline -0.012 -8"><span class='ocrx_word' id='word_1_889' title='bbox 2095 5351 2318 5406; x_wconf 83' lang='lat' dir='ltr'><strong><em>verbum</em></strong></span> <span class='ocrx_word' id='word_1_890' title='bbox 2342 5357 2507 5414; x_wconf 84' lang='lat' dir='ltr'><strong><em>tuum,</em></strong></span> <span class='ocrx_word' id='word_1_891' title='bbox 2531 5364 2652 5406; x_wconf 85' lang='lat' dir='ltr'><strong><em>cum</em></strong></span> <span class='ocrx_word' id='word_1_892' title='bbox 2673 5346 2740 5402; x_wconf 88' lang='lat' dir='ltr'><strong><em>ad</em></strong></span> <span class='ocrx_word' id='word_1_893' title='bbox 2760 5361 2859 5402; x_wconf 85' lang='lat' dir='ltr'><strong><em>nos</em></strong></span> <span class='ocrx_word' id='word_1_894' title='bbox 2879 5344 3104 5412; x_wconf 81' lang='lat' dir='ltr'><strong><em>venerit,</em></strong></span> <span class='ocrx_word' id='word_1_895' title='bbox 3127 5342 3194 5396; x_wconf 90' lang='lat' dir='ltr'><strong><em>de</em></strong></span> <span class='ocrx_word' id='word_1_896' title='bbox 3213 5341 3332 5408; x_wconf 85' lang='lat' dir='ltr'><strong><em>sinu</em></strong></span> <span class='ocrx_word' id='word_1_897' title='bbox 3354 5345 3463 5399; x_wconf 79' lang='lat' dir='ltr'><strong><em>tuo.</em></strong></span> <span class='ocrx_word' id='word_1_898' title='bbox 3486 5336 3644 5388; x_wconf 79' lang='lat' dir='ltr'><strong><em>sancte</em></strong></span> 
     </span>
    </p>
   </div>
   <div class='ocr_carea' id='block_1_116' title="bbox 2095 5426 3644 5510">
    <p class='ocr_par' dir='ltr' id='par_1_116' title="bbox 2095 5426 3644 5510">
     <span class='ocr_line' id='line_1_116' title="bbox 2095 5426 3644 5510; baseline -0.016 -12"><span class='ocrx_word' id='word_1_899' title='bbox 2095 5441 2276 5508; x_wconf 78' lang='lat' dir='ltr'><strong><em>Pater,</em></strong></span> <span class='ocrx_word' id='word_1_900' title='bbox 2305 5455 2576 5510; x_wconf 83' lang='lat' dir='ltr'><strong><em>nunquam</em></strong></span> <span class='ocrx_word' id='word_1_901' title='bbox 2600 5438 2857 5494; x_wconf 81' lang='lat' dir='ltr'><strong><em>abscedit.</em></strong></span> <span class='ocrx_word' id='word_1_902' title='bbox 2887 5434 3030 5510; x_wconf 82' lang='lat' dir='ltr'><strong><em>Quid</em></strong></span> <span class='ocrx_word' id='word_1_903' title='bbox 3049 5429 3275 5490; x_wconf 81' lang='lat' dir='ltr'><strong><em>moraris</em></strong></span> <span class='ocrx_word' id='word_1_904' title='bbox 3294 5445 3414 5486; x_wconf 89' lang='lat' dir='ltr'><strong><em>eum</em></strong></span> <span class='ocrx_word' id='word_1_905' title='bbox 3436 5426 3644 5483; x_wconf 66' lang='lat' dir='ltr'><strong><em>mittere,</em></strong></span> 
     </span>
    </p>
   </div>
   <div class='ocr_carea' id='block_1_117' title="bbox 2096 5510 3641 5608">
    <p class='ocr_par' dir='ltr' id='par_1_117' title="bbox 2096 5510 3641 5608">
     <span class='ocr_line' id='line_1_117' title="bbox 2096 5510 3641 5608; baseline -0.01 -24"><span class='ocrx_word' id='word_1_906' title='bbox 2096 5535 2187 5606; x_wconf 81' lang='lat' dir='ltr'><strong><em>qui</em></strong></span> <span class='ocrx_word' id='word_1_907' title='bbox 2216 5535 2319 5590; x_wconf 72' lang='lat' dir='ltr'><strong><em>huc</em></strong></span> <span class='ocrx_word' id='word_1_908' title='bbox 2346 5533 2565 5588; x_wconf 78' lang='lat' dir='ltr'><strong><em>veniens</em></strong></span> <span class='ocrx_word' id='word_1_909' title='bbox 2591 5545 2752 5600; x_wconf 76' lang='lat' dir='ltr'><strong><em>super</em></strong></span> <span class='ocrx_word' id='word_1_910' title='bbox 2775 5539 2967 5584; x_wconf 80' lang='lat' dir='ltr'><strong><em>terram</em></strong></span> <span class='ocrx_word' id='word_1_911' title='bbox 2997 5525 3062 5582; x_wconf 84' lang='lat' dir='ltr'><strong><em>de</em></strong></span> <span class='ocrx_word' id='word_1_912' title='bbox 3077 5524 3228 5582; x_wconf 79' lang='lat' dir='ltr'><strong><em>.cmlo</em></strong></span> <span class='ocrx_word' id='word_1_913' title='bbox 3248 5531 3516 5590; x_wconf 73' lang='lat' dir='ltr'><strong><em>nunquam</em></strong></span> <span class='ocrx_word' id='word_1_914' title='bbox 3539 5510 3641 5608; x_wconf 42' lang='lat' dir='ltr'><strong><em>ab}:</em></strong></span> 
     </span>
    </p>
   </div>
   <div class='ocr_carea' id='block_1_118' title="bbox 2097 5609 3640 5688">
    <p class='ocr_par' dir='ltr' id='par_1_118' title="bbox 2097 5609 3640 5688">
     <span class='ocr_line' id='line_1_118' title="bbox 2097 5609 3640 5688; baseline -0.01 -7"><span class='ocrx_word' id='word_1_915' title='bbox 2097 5625 2266 5681; x_wconf 67' lang='lat' dir='ltr'><strong><em>dedit?</em></strong></span> <span class='ocrx_word' id='word_1_916' title='bbox 2290 5623 2477 5678; x_wconf 74' lang='lat' dir='ltr'><strong><em>Veniat</em></strong></span> <span class='ocrx_word' id='word_1_917' title='bbox 2506 5631 2556 5677; x_wconf 82' lang='lat' dir='ltr'><strong><em>ut</em></strong></span> <span class='ocrx_word' id='word_1_918' title='bbox 2591 5621 2879 5678; x_wconf 82' lang='lat' dir='ltr'><strong><em>liberemur</em></strong></span> <span class='ocrx_word' id='word_1_919' title='bbox 2911 5615 3280 5688; x_wconf 61' lang='lat' dir='ltr'><strong><em>repromissio,</em></strong></span> <span class='ocrx_word' id='word_1_920' title='bbox 3305 5623 3420 5681; x_wconf 50' lang='lat' dir='ltr'><strong><em>qui:</em></strong></span> <span class='ocrx_word' id='word_1_921' title='bbox 3452 5609 3640 5662; x_wconf 61' lang='lat' dir='ltr'><strong><em>metm“</em></strong></span> 
     </span>
    </p>
   </div>
  </div>
