  <div class='ocr_page' id='page_1' title='image "/cluster/home/n/w/nwhite01/storage/ocr_20150623/53/hvd.32044073505091/266.png"; bbox 0 0 3884 6184; ppageno 0'>
   <div class='ocr_carea' id='block_1_1' title="bbox 287 218 385 271">
    <p class='ocr_par' dir='ltr' id='par_1_1' title="bbox 287 218 385 271">
     <span class='ocr_line' id='line_1_1' title="bbox 287 218 385 271; baseline 0.01 -2"><span class='ocrx_word' id='word_1_1' title='bbox 287 218 385 271; x_wconf 71' lang='grc' dir='ltr'><strong>5ἷῖ</strong></span> 
     </span>
    </p>
   </div>
   <div class='ocr_carea' id='block_1_2' title="bbox 1200 209 2630 268">
    <p class='ocr_par' dir='ltr' id='par_1_2' title="bbox 1200 209 2630 268">
     <span class='ocr_line' id='line_1_2' title="bbox 1200 209 2630 268; baseline -0.001 -1"><span class='ocrx_word' id='word_1_2' title='bbox 1200 211 1666 268; x_wconf 69' lang='grc' dir='ltr'><strong>(ΣΟΜΜΕΝΤΑΜΙ</strong></span> <span class='ocrx_word' id='word_1_3' title='bbox 1704 210 1770 264; x_wconf 70' lang='lat' dir='ltr'><strong>1N</strong></span> <span class='ocrx_word' id='word_1_4' title='bbox 1811 209 2136 266; x_wconf 76' lang='lat' dir='ltr'><strong>l’SALMOS.</strong></span> <span class='ocrx_word' id='word_1_5' title='bbox 2176 210 2368 266; x_wconf 68' lang='lat' dir='ltr'><strong>I’SAL.</strong></span> <span class='ocrx_word' id='word_1_6' title='bbox 2409 210 2630 267; x_wconf 70' lang='lat' dir='ltr'><strong>CXVIII.</strong></span> 
     </span>
    </p>
   </div>
   <div class='ocr_carea' id='block_1_3' title="bbox 3452 210 3558 266">
    <p class='ocr_par' dir='ltr' id='par_1_3' title="bbox 3452 210 3558 266">
     <span class='ocr_line' id='line_1_3' title="bbox 3452 210 3558 266; baseline 0 0"><span class='ocrx_word' id='word_1_7' title='bbox 3452 210 3558 266; x_wconf 70' lang='grc'><strong>518</strong></span> 
     </span>
    </p>
   </div>
   <div class='ocr_carea' id='block_1_4' title="bbox 287 323 3557 397">
    <p class='ocr_par' dir='ltr' id='par_1_4' title="bbox 287 323 3557 397">
     <span class='ocr_line' id='line_1_4' title="bbox 287 323 3557 397; baseline -0.001 -13"><span class='ocrx_word' id='word_1_8' title='bbox 287 346 393 384; x_wconf 90' lang='lat' dir='ltr'><strong>non</strong></span> <span class='ocrx_word' id='word_1_9' title='bbox 444 335 641 397; x_wconf 88' lang='lat' dir='ltr'><strong>potest.</strong></span> <span class='ocrx_word' id='word_1_10' title='bbox 691 326 827 392; x_wconf 83' lang='lat' dir='ltr'><strong>Quia</strong></span> <span class='ocrx_word' id='word_1_11' title='bbox 879 327 932 380; x_wconf 93' lang='lat' dir='ltr'><strong>in</strong></span> <span class='ocrx_word' id='word_1_12' title='bbox 986 325 1240 381; x_wconf 84' lang='lat' dir='ltr'><strong>sacculum</strong></span> <span class='ocrx_word' id='word_1_13' title='bbox 1286 324 1465 378; x_wconf 69' lang='lat' dir='ltr'><strong>steculi</strong></span> <span class='ocrx_word' id='word_1_14' title='bbox 1519 324 1713 377; x_wconf 87' lang='lat' dir='ltr'><strong>veritas</strong></span> <span class='ocrx_word' id='word_1_15' title='bbox 1761 332 1870 377; x_wconf 89' lang='lat' dir='ltr'><strong>tua.</strong></span> <span class='ocrx_word' id='word_1_16' title='bbox 1905 330 1949 397; x_wconf 70' lang='grc' dir='ltr'>Α</span> <span class='ocrx_word' id='word_1_17' title='bbox 1980 323 2112 378; x_wconf 90' lang='lat' dir='ltr'><strong>riam</strong></span> <span class='ocrx_word' id='word_1_18' title='bbox 2142 340 2348 394; x_wconf 88' lang='lat' dir='ltr'><strong>passus,</strong></span> <span class='ocrx_word' id='word_1_19' title='bbox 2383 327 2542 382; x_wconf 90' lang='lat' dir='ltr'><strong>tacui.</strong></span> <span class='ocrx_word' id='word_1_20' title='bbox 2570 325 2635 380; x_wconf 83' lang='lat' dir='ltr'><strong>Et</strong></span> <span class='ocrx_word' id='word_1_21' title='bbox 2666 341 2853 396; x_wconf 85' lang='lat' dir='ltr'><strong>passus</strong></span> <span class='ocrx_word' id='word_1_22' title='bbox 2879 327 3198 381; x_wconf 76' lang='lat' dir='ltr'><strong>calumniam</strong></span> <span class='ocrx_word' id='word_1_23' title='bbox 3227 342 3423 396; x_wconf 82' lang='lat' dir='ltr'><strong>quievi,</strong></span> <span class='ocrx_word' id='word_1_24' title='bbox 3449 342 3557 382; x_wconf 84' lang='lat' dir='ltr'><strong>non</strong></span> 
     </span>
    </p>
   </div>
   <div class='ocr_carea' id='block_1_5' title="bbox 286 416 1868 487">
    <p class='ocr_par' dir='ltr' id='par_1_5' title="bbox 286 416 1868 487">
     <span class='ocr_line' id='line_1_5' title="bbox 286 416 1868 487; baseline -0.004 -14"><span class='ocrx_word' id='word_1_25' title='bbox 286 417 545 473; x_wconf 81' lang='lat' dir='ltr'><strong>Fundasti</strong></span> <span class='ocrx_word' id='word_1_26' title='bbox 579 427 773 470; x_wconf 88' lang='lat' dir='ltr'><strong>terram</strong></span> <span class='ocrx_word' id='word_1_27' title='bbox 804 425 858 470; x_wconf 86' lang='lat' dir='ltr'><strong>et</strong></span> <span class='ocrx_word' id='word_1_28' title='bbox 886 424 1184 487; x_wconf 79' lang='lat' dir='ltr'><strong>permanet,</strong></span> <span class='ocrx_word' id='word_1_29' title='bbox 1208 426 1261 470; x_wconf 82' lang='lat' dir='ltr'><strong>et</strong></span> <span class='ocrx_word' id='word_1_30' title='bbox 1283 416 1443 469; x_wconf 90' lang='lat' dir='ltr'><strong>homo</strong></span> <span class='ocrx_word' id='word_1_31' title='bbox 1466 430 1592 483; x_wconf 64' lang='lat' dir='ltr'><strong>pro;</strong></span> <span class='ocrx_word' id='word_1_32' title='bbox 1605 423 1684 467; x_wconf 87' lang='lat' dir='ltr'><strong>ter</strong></span> <span class='ocrx_word' id='word_1_33' title='bbox 1710 429 1868 484; x_wconf 86' lang='lat' dir='ltr'><strong>quem</strong></span> 
     </span>
    </p>
   </div>
   <div class='ocr_carea' id='block_1_6' title="bbox 286 504 1870 576">
    <p class='ocr_par' dir='ltr' id='par_1_6' title="bbox 286 504 1870 576">
     <span class='ocr_line' id='line_1_6' title="bbox 286 504 1870 576; baseline -0.003 -13"><span class='ocrx_word' id='word_1_34' title='bbox 286 517 485 563; x_wconf 80' lang='lat' dir='ltr'><strong>terram</strong></span> <span class='ocrx_word' id='word_1_35' title='bbox 517 508 570 560; x_wconf 78' lang='lat' dir='ltr'><strong>fu</strong></span> <span class='ocrx_word' id='word_1_36' title='bbox 596 506 776 572; x_wconf 66' lang='lat' dir='ltr'><strong>idasti,</strong></span> <span class='ocrx_word' id='word_1_37' title='bbox 809 524 913 561; x_wconf 92' lang='lat' dir='ltr'><strong>non</strong></span> <span class='ocrx_word' id='word_1_38' title='bbox 960 515 1256 576; x_wconf 86' lang='lat' dir='ltr'><strong>permanet.</strong></span> <span class='ocrx_word' id='word_1_39' title='bbox 1291 504 1425 560; x_wconf 88' lang='lat' dir='ltr'><strong>Ecce</strong></span> <span class='ocrx_word' id='word_1_40' title='bbox 1452 513 1506 558; x_wconf 90' lang='lat' dir='ltr'><strong>et</strong></span> <span class='ocrx_word' id='word_1_41' title='bbox 1535 505 1870 559; x_wconf 89' lang='lat' dir='ltr'><strong>ordinatione</strong></span> 
     </span>
    </p>
   </div>
   <div class='ocr_carea' id='block_1_7' title="bbox 289 598 1873 671">
    <p class='ocr_par' dir='ltr' id='par_1_7' title="bbox 289 598 1873 671">
     <span class='ocr_line' id='line_1_7' title="bbox 289 598 1873 671; baseline -0.001 -15"><span class='ocrx_word' id='word_1_42' title='bbox 289 611 376 656; x_wconf 84' lang='lat' dir='ltr'><strong>tua</strong></span> <span class='ocrx_word' id='word_1_43' title='bbox 411 604 757 671; x_wconf 80' lang='lat' dir='ltr'><strong>perseverant</strong></span> <span class='ocrx_word' id='word_1_44' title='bbox 784 601 931 665; x_wconf 90' lang='lat' dir='ltr'><strong>dies,</strong></span> <span class='ocrx_word' id='word_1_45' title='bbox 978 609 1033 655; x_wconf 91' lang='lat' dir='ltr'><strong>et</strong></span> <span class='ocrx_word' id='word_1_46' title='bbox 1077 602 1237 655; x_wconf 84' lang='lat' dir='ltr'><strong>homo</strong></span> <span class='ocrx_word' id='word_1_47' title='bbox 1286 609 1508 670; x_wconf 81' lang='lat' dir='ltr'><strong>propter</strong></span> <span class='ocrx_word' id='word_1_48' title='bbox 1550 615 1708 667; x_wconf 85' lang='lat' dir='ltr'><strong>quem</strong></span> <span class='ocrx_word' id='word_1_49' title='bbox 1756 598 1873 654; x_wconf 89' lang='lat' dir='ltr'><strong>dies</strong></span> 
     </span>
    </p>
   </div>
   <div class='ocr_carea' id='block_1_8' title="bbox 287 688 1866 761">
    <p class='ocr_par' dir='ltr' id='par_1_8' title="bbox 287 688 1866 761">
     <span class='ocr_line' id='line_1_8' title="bbox 287 688 1866 761; baseline -0.004 -14"><span class='ocrx_word' id='word_1_50' title='bbox 287 692 459 747; x_wconf 64' lang='lat' dir='ltr'><strong>feei~ti</strong></span> <span class='ocrx_word' id='word_1_51' title='bbox 483 709 587 745; x_wconf 89' lang='lat' dir='ltr'><strong>non</strong></span> <span class='ocrx_word' id='word_1_52' title='bbox 612 700 934 761; x_wconf 79' lang='lat' dir='ltr'><strong>perseverat.</strong></span> <span class='ocrx_word' id='word_1_53' title='bbox 961 690 1083 743; x_wconf 82' lang='lat' dir='ltr'><strong>Ideo</strong></span> <span class='ocrx_word' id='word_1_54' title='bbox 1105 698 1283 744; x_wconf 90' lang='lat' dir='ltr'><strong>autem</strong></span> <span class='ocrx_word' id='word_1_55' title='bbox 1306 696 1651 759; x_wconf 69' lang='lat' dir='ltr'><strong>perseverant</strong></span> <span class='ocrx_word' id='word_1_56' title='bbox 1670 688 1866 753; x_wconf 89' lang='lat' dir='ltr'><strong>omnia,</strong></span> 
     </span>
    </p>
   </div>
   <div class='ocr_carea' id='block_1_9' title="bbox 287 782 1868 852">
    <p class='ocr_par' dir='ltr' id='par_1_9' title="bbox 287 782 1868 852">
     <span class='ocr_line' id='line_1_9' title="bbox 287 782 1868 852; baseline -0.002 -15"><span class='ocrx_word' id='word_1_57' title='bbox 287 784 543 852; x_wconf 85' lang='lat' dir='ltr'><strong>quoniam</strong></span> <span class='ocrx_word' id='word_1_58' title='bbox 573 784 749 836; x_wconf 80' lang='lat' dir='ltr'><strong>omnia</strong></span> <span class='ocrx_word' id='word_1_59' title='bbox 780 783 1016 837; x_wconf 78' lang='lat' dir='ltr'><strong>serviunt</strong></span> <span class='ocrx_word' id='word_1_60' title='bbox 1045 783 1172 848; x_wconf 88' lang='lat' dir='ltr'><strong>tibi,</strong></span> <span class='ocrx_word' id='word_1_61' title='bbox 1214 782 1374 837; x_wconf 84' lang='lat' dir='ltr'><strong>homo</strong></span> <span class='ocrx_word' id='word_1_62' title='bbox 1403 791 1578 836; x_wconf 89' lang='lat' dir='ltr'><strong>autem</strong></span> <span class='ocrx_word' id='word_1_63' title='bbox 1610 797 1715 834; x_wconf 92' lang='lat' dir='ltr'><strong>non</strong></span> <span class='ocrx_word' id='word_1_64' title='bbox 1747 795 1868 850; x_wconf 86' lang='lat' dir='ltr'><strong>per-</strong></span> 
     </span>
    </p>
   </div>
   <div class='ocr_carea' id='block_1_10' title="bbox 288 870 1871 941">
    <p class='ocr_par' dir='ltr' id='par_1_10' title="bbox 288 870 1871 941">
     <span class='ocr_line' id='line_1_10' title="bbox 288 870 1871 941; baseline -0.001 -14"><span class='ocrx_word' id='word_1_65' title='bbox 288 884 523 938; x_wconf 86' lang='lat' dir='ltr'><strong>severat,</strong></span> <span class='ocrx_word' id='word_1_66' title='bbox 546 872 799 941; x_wconf 84' lang='lat' dir='ltr'><strong>quoniam</strong></span> <span class='ocrx_word' id='word_1_67' title='bbox 829 889 933 926; x_wconf 92' lang='lat' dir='ltr'><strong>non</strong></span> <span class='ocrx_word' id='word_1_68' title='bbox 954 873 1091 927; x_wconf 85' lang='lat' dir='ltr'><strong>sicut</strong></span> <span class='ocrx_word' id='word_1_69' title='bbox 1111 872 1288 926; x_wconf 81' lang='lat' dir='ltr'><strong>omnia</strong></span> <span class='ocrx_word' id='word_1_70' title='bbox 1311 872 1475 927; x_wconf 82' lang='lat' dir='ltr'><strong>servit</strong></span> <span class='ocrx_word' id='word_1_71' title='bbox 1498 872 1609 926; x_wconf 88' lang='lat' dir='ltr'><strong>tibi.</strong></span> <span class='ocrx_word' id='word_1_72' title='bbox 1636 870 1732 937; x_wconf 90' lang='lat' dir='ltr'><strong>Qui</strong></span> <span class='ocrx_word' id='word_1_73' title='bbox 1762 880 1871 925; x_wconf 84' lang='lat' dir='ltr'><strong>sta-</strong></span> 
     </span>
    </p>
   </div>
   <div class='ocr_carea' id='block_1_11' title="bbox 289 962 1869 1032">
    <p class='ocr_par' dir='ltr' id='par_1_11' title="bbox 289 962 1869 1032">
     <span class='ocr_line' id='line_1_11' title="bbox 289 962 1869 1032; baseline -0.001 -15"><span class='ocrx_word' id='word_1_74' title='bbox 289 965 385 1018; x_wconf 88' lang='lat' dir='ltr'><strong>tim</strong></span> <span class='ocrx_word' id='word_1_75' title='bbox 418 973 472 1017; x_wconf 90' lang='lat' dir='ltr'><strong>ut</strong></span> <span class='ocrx_word' id='word_1_76' title='bbox 503 979 532 1017; x_wconf 91' lang='lat' dir='ltr'><strong>a</strong></span> <span class='ocrx_word' id='word_1_77' title='bbox 563 963 784 1018; x_wconf 89' lang='lat' dir='ltr'><strong>servitio</strong></span> <span class='ocrx_word' id='word_1_78' title='bbox 811 971 903 1018; x_wconf 91' lang='lat' dir='ltr'><strong>tuo</strong></span> <span class='ocrx_word' id='word_1_79' title='bbox 932 963 1180 1024; x_wconf 82' lang='lat' dir='ltr'><strong>recessit.</strong></span> <span class='ocrx_word' id='word_1_80' title='bbox 1220 972 1346 1017; x_wconf 90' lang='lat' dir='ltr'><strong>tunc</strong></span> <span class='ocrx_word' id='word_1_81' title='bbox 1373 962 1586 1030; x_wconf 80' lang='lat' dir='ltr'><strong>quando</strong></span> <span class='ocrx_word' id='word_1_82' title='bbox 1616 962 1869 1032; x_wconf 72' lang='lat' dir='ltr'><strong>prmvari-</strong></span> 
     </span>
    </p>
   </div>
   <div class='ocr_carea' id='block_1_12' title="bbox 289 1051 1869 1111">
    <p class='ocr_par' dir='ltr' id='par_1_12' title="bbox 289 1051 1869 1111">
     <span class='ocr_line' id='line_1_12' title="bbox 289 1051 1869 1111; baseline -0.002 -3"><span class='ocrx_word' id='word_1_83' title='bbox 289 1061 444 1108; x_wconf 84' lang='lat' dir='ltr'><strong>catus</strong></span> <span class='ocrx_word' id='word_1_84' title='bbox 472 1068 500 1106; x_wconf 90' lang='lat' dir='ltr'><strong>a</strong></span> <span class='ocrx_word' id='word_1_85' title='bbox 531 1052 856 1107; x_wconf 83' lang='lat' dir='ltr'><strong>sublimitate</strong></span> <span class='ocrx_word' id='word_1_86' title='bbox 897 1054 1051 1107; x_wconf 74' lang='lat' dir='ltr'><strong>bona:</strong></span> <span class='ocrx_word' id='word_1_87' title='bbox 1092 1052 1433 1107; x_wconf 69' lang='lat' dir='ltr'><strong>conscientia:</strong></span> <span class='ocrx_word' id='word_1_88' title='bbox 1470 1052 1666 1111; x_wconf 90' lang='lat' dir='ltr'><strong>cadens</strong></span> <span class='ocrx_word' id='word_1_89' title='bbox 1693 1051 1869 1106; x_wconf 71' lang='lat' dir='ltr'><strong>humi~</strong></span> 
     </span>
    </p>
   </div>
   <div class='ocr_carea' id='block_1_13' title="bbox 289 1140 1872 1211">
    <p class='ocr_par' dir='ltr' id='par_1_13' title="bbox 289 1140 1872 1211">
     <span class='ocr_line' id='line_1_13' title="bbox 289 1140 1872 1211; baseline -0.002 -12"><span class='ocrx_word' id='word_1_90' title='bbox 289 1145 453 1199; x_wconf 86' lang='lat' dir='ltr'><strong>liatus</strong></span> <span class='ocrx_word' id='word_1_91' title='bbox 480 1155 581 1199; x_wconf 82' lang='lat' dir='ltr'><strong>est.</strong></span> <span class='ocrx_word' id='word_1_92' title='bbox 614 1142 714 1209; x_wconf 85' lang='lat' dir='ltr'><strong>Qui</strong></span> <span class='ocrx_word' id='word_1_93' title='bbox 744 1143 864 1197; x_wconf 87' lang='lat' dir='ltr'><strong>ideo</strong></span> <span class='ocrx_word' id='word_1_94' title='bbox 905 1142 1089 1196; x_wconf 84' lang='lat' dir='ltr'><strong>habuit</strong></span> <span class='ocrx_word' id='word_1_95' title='bbox 1131 1142 1307 1211; x_wconf 88' lang='lat' dir='ltr'><strong>perire</strong></span> <span class='ocrx_word' id='word_1_96' title='bbox 1347 1141 1400 1196; x_wconf 92' lang='lat' dir='ltr'><strong>in</strong></span> <span class='ocrx_word' id='word_1_97' title='bbox 1430 1142 1542 1211; x_wconf 90' lang='lat' dir='ltr'><strong>ipsa</strong></span> <span class='ocrx_word' id='word_1_98' title='bbox 1572 1140 1872 1196; x_wconf 85' lang='lat' dir='ltr'><strong>humilitate</strong></span> 
     </span>
    </p>
   </div>
   <div class='ocr_carea' id='block_1_14' title="bbox 290 1232 1871 1303">
    <p class='ocr_par' dir='ltr' id='par_1_14' title="bbox 290 1232 1871 1303">
     <span class='ocr_line' id='line_1_14' title="bbox 290 1232 1871 1303; baseline -0.003 -13"><span class='ocrx_word' id='word_1_99' title='bbox 290 1250 423 1301; x_wconf 89' lang='lat' dir='ltr'><strong>sua,</strong></span> <span class='ocrx_word' id='word_1_100' title='bbox 455 1235 710 1303; x_wconf 86' lang='lat' dir='ltr'><strong>quoniam</strong></span> <span class='ocrx_word' id='word_1_101' title='bbox 751 1233 833 1288; x_wconf 90' lang='lat' dir='ltr'><strong>his</strong></span> <span class='ocrx_word' id='word_1_102' title='bbox 876 1233 1270 1302; x_wconf 63' lang='lat' dir='ltr'><strong>perseverantia</strong></span> <span class='ocrx_word' id='word_1_103' title='bbox 1310 1246 1563 1286; x_wconf 88' lang='lat' dir='ltr'><strong>concessa</strong></span> <span class='ocrx_word' id='word_1_104' title='bbox 1603 1239 1716 1295; x_wconf 89' lang='lat' dir='ltr'><strong>est,</strong></span> <span class='ocrx_word' id='word_1_105' title='bbox 1748 1232 1871 1299; x_wconf 90' lang='lat' dir='ltr'><strong>quia</strong></span> 
     </span>
    </p>
   </div>
   <div class='ocr_carea' id='block_1_15' title="bbox 292 1322 1872 1394">
    <p class='ocr_par' dir='ltr' id='par_1_15' title="bbox 292 1322 1872 1394">
     <span class='ocr_line' id='line_1_15' title="bbox 292 1322 1872 1394; baseline -0.003 -13"><span class='ocrx_word' id='word_1_106' title='bbox 292 1324 717 1394; x_wconf 77' lang='lat' dir='ltr'><strong>obtemperando</strong></span> <span class='ocrx_word' id='word_1_107' title='bbox 746 1323 964 1378; x_wconf 72' lang='lat' dir='ltr'><strong>recessit</strong></span> <span class='ocrx_word' id='word_1_108' title='bbox 1011 1322 1077 1376; x_wconf 88' lang='lat' dir='ltr'><strong>ab</strong></span> <span class='ocrx_word' id='word_1_109' title='bbox 1122 1337 1189 1376; x_wconf 91' lang='lat' dir='ltr'><strong>eo</strong></span> <span class='ocrx_word' id='word_1_110' title='bbox 1232 1322 1492 1376; x_wconf 82' lang='lat' dir='ltr'><strong>securitas</strong></span> <span class='ocrx_word' id='word_1_111' title='bbox 1531 1322 1683 1386; x_wconf 74' lang='lat' dir='ltr'><strong>vitae,</strong></span> <span class='ocrx_word' id='word_1_112' title='bbox 1714 1332 1767 1376; x_wconf 85' lang='lat' dir='ltr'><strong>et</strong></span> <span class='ocrx_word' id='word_1_113' title='bbox 1796 1323 1872 1376; x_wconf 84' lang='lat' dir='ltr'><strong>sic</strong></span> 
     </span>
    </p>
   </div>
   <div class='ocr_carea' id='block_1_16' title="bbox 292 1414 1872 1491">
    <p class='ocr_par' dir='ltr' id='par_1_16' title="bbox 292 1414 1872 1491">
     <span class='ocr_line' id='line_1_16' title="bbox 292 1414 1872 1491; baseline -0.004 -20"><span class='ocrx_word' id='word_1_114' title='bbox 292 1418 603 1473; x_wconf 48' lang='lat' dir='ltr'><strong>humiliatus</strong></span> <span class='ocrx_word' id='word_1_115' title='bbox 636 1425 691 1470; x_wconf 90' lang='lat' dir='ltr'><strong>ut</strong></span> <span class='ocrx_word' id='word_1_116' title='bbox 715 1424 925 1486; x_wconf 87' lang='lat' dir='ltr'><strong>putaret</strong></span> <span class='ocrx_word' id='word_1_117' title='bbox 948 1430 1006 1469; x_wconf 91' lang='lat' dir='ltr'><strong>se</strong></span> <span class='ocrx_word' id='word_1_118' title='bbox 1046 1415 1218 1481; x_wconf 76' lang='lat' dir='ltr'><strong>perire</strong></span> <span class='ocrx_word' id='word_1_119' title='bbox 1250 1414 1299 1467; x_wconf 93' lang='lat' dir='ltr'><strong>in</strong></span> <span class='ocrx_word' id='word_1_120' title='bbox 1330 1414 1629 1491; x_wconf 79' lang='lat' dir='ltr'><strong>humilitate</strong></span> <span class='ocrx_word' id='word_1_121' title='bbox 1659 1428 1782 1478; x_wconf 82' lang='lat' dir='ltr'><strong>sua,</strong></span> <span class='ocrx_word' id='word_1_122' title='bbox 1816 1419 1872 1466; x_wconf 91' lang='lat' dir='ltr'><strong>ut</strong></span> 
     </span>
    </p>
   </div>
   <div class='ocr_carea' id='block_1_17' title="bbox 295 1502 1873 1573">
    <p class='ocr_par' dir='ltr' id='par_1_17' title="bbox 295 1502 1873 1573">
     <span class='ocr_line' id='line_1_17' title="bbox 295 1502 1873 1573; baseline -0.003 -11"><span class='ocrx_word' id='word_1_123' title='bbox 295 1509 429 1562; x_wconf 89' lang='lat' dir='ltr'><strong>ultra</strong></span> <span class='ocrx_word' id='word_1_124' title='bbox 458 1523 633 1573; x_wconf 78' lang='lat' dir='ltr'><strong>genus</strong></span> <span class='ocrx_word' id='word_1_125' title='bbox 654 1507 942 1560; x_wconf 84' lang='lat' dir='ltr'><strong>humanum</strong></span> <span class='ocrx_word' id='word_1_126' title='bbox 975 1520 1080 1558; x_wconf 90' lang='lat' dir='ltr'><strong>non</strong></span> <span class='ocrx_word' id='word_1_127' title='bbox 1110 1504 1333 1558; x_wconf 86' lang='lat' dir='ltr'><strong>haberet</strong></span> <span class='ocrx_word' id='word_1_128' title='bbox 1359 1511 1576 1558; x_wconf 78' lang='lat' dir='ltr'><strong>Statum.</strong></span> <span class='ocrx_word' id='word_1_129' title='bbox 1609 1502 1665 1557; x_wconf 90' lang='lat' dir='ltr'><strong>In</strong></span> <span class='ocrx_word' id='word_1_130' title='bbox 1707 1502 1873 1572; x_wconf 83' lang='lat' dir='ltr'><strong>ipsius</strong></span> 
     </span>
    </p>
   </div>
   <div class='ocr_carea' id='block_1_18' title="bbox 296 1594 1871 1666">
    <p class='ocr_par' dir='ltr' id='par_1_18' title="bbox 296 1594 1871 1666">
     <span class='ocr_line' id='line_1_18' title="bbox 296 1594 1871 1666; baseline -0.003 -14"><span class='ocrx_word' id='word_1_131' title='bbox 296 1615 435 1654; x_wconf 89' lang='lat' dir='ltr'><strong>nunc</strong></span> <span class='ocrx_word' id='word_1_132' title='bbox 461 1598 761 1666; x_wconf 82' lang='lat' dir='ltr'><strong>dejectione</strong></span> <span class='ocrx_word' id='word_1_133' title='bbox 787 1596 981 1650; x_wconf 90' lang='lat' dir='ltr'><strong>dicitur</strong></span> <span class='ocrx_word' id='word_1_134' title='bbox 1008 1595 1119 1649; x_wconf 89' lang='lat' dir='ltr'><strong>Deo</strong></span> <span class='ocrx_word' id='word_1_135' title='bbox 1144 1613 1156 1648; x_wconf 90' lang='lat'><strong>:</strong></span> <span class='ocrx_word' id='word_1_136' title='bbox 1191 1594 1335 1649; x_wconf 86' lang='lat' dir='ltr'><strong>Tuus</strong></span> <span class='ocrx_word' id='word_1_137' title='bbox 1360 1610 1476 1649; x_wconf 90' lang='lat' dir='ltr'><strong>sum</strong></span> <span class='ocrx_word' id='word_1_138' title='bbox 1506 1607 1633 1662; x_wconf 83' lang='lat' dir='ltr'><strong>ego,</strong></span> <span class='ocrx_word' id='word_1_139' title='bbox 1665 1594 1871 1648; x_wconf 89' lang='lat' dir='ltr'><strong>salvum</strong></span> 
     </span>
    </p>
   </div>
   <div class='ocr_carea' id='block_1_19' title="bbox 1976 415 3554 486">
    <p class='ocr_par' dir='ltr' id='par_1_19' title="bbox 1976 415 3554 486">
     <span class='ocr_line' id='line_1_19' title="bbox 1976 415 3554 486; baseline 0.003 -19"><span class='ocrx_word' id='word_1_140' title='bbox 1976 415 2242 470; x_wconf 89' lang='lat' dir='ltr'><strong>tendendo</strong></span> <span class='ocrx_word' id='word_1_141' title='bbox 2280 418 2481 486; x_wconf 86' lang='lat' dir='ltr'><strong>utique,</strong></span> <span class='ocrx_word' id='word_1_142' title='bbox 2526 417 2619 472; x_wconf 88' lang='lat' dir='ltr'><strong>sed</strong></span> <span class='ocrx_word' id='word_1_143' title='bbox 2646 420 2821 471; x_wconf 83' lang='lat' dir='ltr'><strong>omnia</strong></span> <span class='ocrx_word' id='word_1_144' title='bbox 2862 433 2980 486; x_wconf 72' lang='lat' dir='ltr'><strong>qua:</strong></span> <span class='ocrx_word' id='word_1_145' title='bbox 3024 418 3274 471; x_wconf 68' lang='lat' dir='ltr'><strong>eveniunt</strong></span> <span class='ocrx_word' id='word_1_146' title='bbox 3311 428 3554 474; x_wconf 85' lang='lat' dir='ltr'><strong>contem-</strong></span> 
     </span>
    </p>
   </div>
   <div class='ocr_carea' id='block_1_20' title="bbox 1974 504 3555 579">
    <p class='ocr_par' dir='ltr' id='par_1_20' title="bbox 1974 504 3555 579">
     <span class='ocr_line' id='line_1_20' title="bbox 1974 504 3555 579; baseline 0.002 -22"><span class='ocrx_word' id='word_1_147' title='bbox 1974 504 2150 559; x_wconf 89' lang='lat' dir='ltr'><strong>nendo</strong></span> <span class='ocrx_word' id='word_1_148' title='bbox 2170 507 2479 579; x_wconf 82' lang='lat' dir='ltr'><strong>humiliatus</strong></span> <span class='ocrx_word' id='word_1_149' title='bbox 2500 524 2635 562; x_wconf 78' lang='lat' dir='ltr'><strong>sunt.</strong></span> <span class='ocrx_word' id='word_1_150' title='bbox 2664 507 2776 561; x_wconf 74' lang='lat' dir='ltr'><strong>Non</strong></span> <span class='ocrx_word' id='word_1_151' title='bbox 2802 509 2940 561; x_wconf 80' lang='lat' dir='ltr'><strong>enim</strong></span> <span class='ocrx_word' id='word_1_152' title='bbox 2973 508 3074 561; x_wconf 79' lang='lat' dir='ltr'><strong>huc</strong></span> <span class='ocrx_word' id='word_1_153' title='bbox 3098 507 3238 575; x_wconf 85' lang='lat' dir='ltr'><strong>quod</strong></span> <span class='ocrx_word' id='word_1_154' title='bbox 3268 515 3555 561; x_wconf 87' lang='lat' dir='ltr'><strong>statueram</strong></span> 
     </span>
    </p>
   </div>
   <div class='ocr_carea' id='block_1_21' title="bbox 1974 596 3558 667">
    <p class='ocr_par' dir='ltr' id='par_1_21' title="bbox 1974 596 3558 667">
     <span class='ocr_line' id='line_1_21' title="bbox 1974 596 3558 667; baseline 0.001 -18"><span class='ocrx_word' id='word_1_155' title='bbox 1974 596 2280 662; x_wconf 89' lang='lat' dir='ltr'><strong>custodire,</strong></span> <span class='ocrx_word' id='word_1_156' title='bbox 2331 599 2603 652; x_wconf 87' lang='lat' dir='ltr'><strong>custodire</strong></span> <span class='ocrx_word' id='word_1_157' title='bbox 2650 613 2924 667; x_wconf 78' lang='lat' dir='ltr'><strong>poterant,</strong></span> <span class='ocrx_word' id='word_1_158' title='bbox 2977 599 3073 651; x_wconf 81' lang='lat' dir='ltr'><strong>nisi</strong></span> <span class='ocrx_word' id='word_1_159' title='bbox 3126 613 3295 652; x_wconf 74' lang='lat' dir='ltr'><strong>essent</strong></span> <span class='ocrx_word' id='word_1_160' title='bbox 3344 597 3558 652; x_wconf 76' lang='lat' dir='ltr'><strong>humilis</strong></span> 
     </span>
    </p>
   </div>
   <div class='ocr_carea' id='block_1_22' title="bbox 1973 687 3559 758">
    <p class='ocr_par' dir='ltr' id='par_1_22' title="bbox 1973 687 3559 758">
     <span class='ocr_line' id='line_1_22' title="bbox 1973 687 3559 758; baseline 0.002 -18"><span class='ocrx_word' id='word_1_161' title='bbox 1973 701 2373 755; x_wconf 86' lang='lat' dir='ltr'><strong>usquequaque,</strong></span> <span class='ocrx_word' id='word_1_162' title='bbox 2393 698 2447 740; x_wconf 89' lang='lat' dir='ltr'><strong>et</strong></span> <span class='ocrx_word' id='word_1_163' title='bbox 2469 688 2708 743; x_wconf 82' lang='lat' dir='ltr'><strong>ellicerer</strong></span> <span class='ocrx_word' id='word_1_164' title='bbox 2731 702 2979 758; x_wconf 85' lang='lat' dir='ltr'><strong>tanquam</strong></span> <span class='ocrx_word' id='word_1_165' title='bbox 3006 697 3410 757; x_wconf 73' lang='lat' dir='ltr'><strong>purgamentum</strong></span> <span class='ocrx_word' id='word_1_166' title='bbox 3434 687 3559 744; x_wconf 87' lang='lat' dir='ltr'><strong>huic</strong></span> 
     </span>
    </p>
   </div>
   <div class='ocr_carea' id='block_1_23' title="bbox 1971 776 3559 846">
    <p class='ocr_par' dir='ltr' id='par_1_23' title="bbox 1971 776 3559 846">
     <span class='ocr_line' id='line_1_23' title="bbox 1971 776 3559 846; baseline 0.003 -16"><span class='ocrx_word' id='word_1_167' title='bbox 1971 776 2192 831; x_wconf 88' lang='lat' dir='ltr'><strong>mundo.</strong></span> <span class='ocrx_word' id='word_1_168' title='bbox 2220 776 2416 832; x_wconf 87' lang='lat' dir='ltr'><strong>Verum</strong></span> <span class='ocrx_word' id='word_1_169' title='bbox 2446 780 2569 846; x_wconf 86' lang='lat' dir='ltr'><strong>quia</strong></span> <span class='ocrx_word' id='word_1_170' title='bbox 2601 788 2825 832; x_wconf 87' lang='lat' dir='ltr'><strong>mortem</strong></span> <span class='ocrx_word' id='word_1_171' title='bbox 2858 779 3128 833; x_wconf 76' lang='lat' dir='ltr'><strong>minantur</strong></span> <span class='ocrx_word' id='word_1_172' title='bbox 3154 782 3449 835; x_wconf 84' lang='lat' dir='ltr'><strong>excita:.tes</strong></span> <span class='ocrx_word' id='word_1_173' title='bbox 3476 780 3559 835; x_wconf 84' lang='lat' dir='ltr'><strong>in-</strong></span> 
     </span>
    </p>
   </div>
   <div class='ocr_carea' id='block_1_24' title="bbox 1972 864 3557 934">
    <p class='ocr_par' dir='ltr' id='par_1_24' title="bbox 1972 864 3557 934">
     <span class='ocr_line' id='line_1_24' title="bbox 1972 864 3557 934; baseline 0.006 -16"><span class='ocrx_word' id='word_1_174' title='bbox 1972 864 2188 920; x_wconf 74' lang='lat' dir='ltr'><strong>famiam</strong></span> <span class='ocrx_word' id='word_1_175' title='bbox 2215 885 2227 920; x_wconf 92' lang='lat'>:</span> <span class='ocrx_word' id='word_1_176' title='bbox 2263 868 2506 930; x_wconf 87' lang='lat' dir='ltr'><strong>Domine,</strong></span> <span class='ocrx_word' id='word_1_177' title='bbox 2540 870 2647 934; x_wconf 86' lang='lat' dir='ltr'><strong>ait,</strong></span> <span class='ocrx_word' id='word_1_178' title='bbox 2678 867 2886 924; x_wconf 85' lang='lat' dir='ltr'><strong>vivillca</strong></span> <span class='ocrx_word' id='word_1_179' title='bbox 2913 886 2996 924; x_wconf 90' lang='lat' dir='ltr'><strong>me</strong></span> <span class='ocrx_word' id='word_1_180' title='bbox 3017 871 3305 926; x_wconf 87' lang='lat' dir='ltr'><strong>secundum</strong></span> <span class='ocrx_word' id='word_1_181' title='bbox 3335 873 3557 928; x_wconf 80' lang='lat' dir='ltr'><strong>verbum</strong></span> 
     </span>
    </p>
   </div>
   <div class='ocr_carea' id='block_1_25' title="bbox 1975 961 3556 1036">
    <p class='ocr_par' dir='ltr' id='par_1_25' title="bbox 1975 961 3556 1036">
     <span class='ocr_line' id='line_1_25' title="bbox 1975 961 3556 1036; baseline 0.007 -26"><span class='ocrx_word' id='word_1_182' title='bbox 1975 966 2145 1022; x_wconf 89' lang='lat' dir='ltr'><strong>tuum,</strong></span> <span class='ocrx_word' id='word_1_183' title='bbox 2179 968 2233 1013; x_wconf 94' lang='lat' dir='ltr'><strong>et</strong></span> <span class='ocrx_word' id='word_1_184' title='bbox 2261 961 2364 1015; x_wconf 91' lang='lat' dir='ltr'><strong>hoc</strong></span> <span class='ocrx_word' id='word_1_185' title='bbox 2390 961 2533 1029; x_wconf 91' lang='lat' dir='ltr'><strong>quod</strong></span> <span class='ocrx_word' id='word_1_186' title='bbox 2581 963 2776 1025; x_wconf 88' lang='lat' dir='ltr'><strong>statui,</strong></span> <span class='ocrx_word' id='word_1_187' title='bbox 2828 963 2953 1032; x_wconf 86' lang='lat' dir='ltr'><strong>quia</strong></span> <span class='ocrx_word' id='word_1_188' title='bbox 3007 964 3309 1018; x_wconf 78' lang='lat' dir='ltr'><strong>voluntario</strong></span> <span class='ocrx_word' id='word_1_189' title='bbox 3352 965 3556 1036; x_wconf 78' lang='lat' dir='ltr'><strong>judicio</strong></span> 
     </span>
    </p>
   </div>
   <div class='ocr_carea' id='block_1_26' title="bbox 1972 1046 3560 1120">
    <p class='ocr_par' dir='ltr' id='par_1_26' title="bbox 1972 1046 3560 1120">
     <span class='ocr_line' id='line_1_26' title="bbox 1972 1046 3560 1120; baseline 0.007 -20"><span class='ocrx_word' id='word_1_190' title='bbox 1972 1046 2164 1113; x_wconf 84' lang='lat' dir='ltr'><strong>statui,</strong></span> <span class='ocrx_word' id='word_1_191' title='bbox 2198 1063 2303 1101; x_wconf 90' lang='lat' dir='ltr'><strong>non</strong></span> <span class='ocrx_word' id='word_1_192' title='bbox 2353 1050 2684 1105; x_wconf 84' lang='lat' dir='ltr'><strong>necessitatis</strong></span> <span class='ocrx_word' id='word_1_193' title='bbox 2734 1048 2986 1119; x_wconf 79' lang='lat' dir='ltr'><strong>imperio;</strong></span> <span class='ocrx_word' id='word_1_194' title='bbox 3036 1051 3317 1120; x_wconf 81' lang='lat' dir='ltr'><strong>deprecor,</strong></span> <span class='ocrx_word' id='word_1_195' title='bbox 3365 1054 3468 1119; x_wconf 88' lang='lat' dir='ltr'><strong>ait,</strong></span> <span class='ocrx_word' id='word_1_196' title='bbox 3500 1064 3560 1111; x_wconf 94' lang='lat' dir='ltr'><strong>ut</strong></span> 
     </span>
    </p>
   </div>
   <div class='ocr_carea' id='block_1_27' title="bbox 1975 1136 3555 1212">
    <p class='ocr_par' dir='ltr' id='par_1_27' title="bbox 1975 1136 3555 1212">
     <span class='ocr_line' id='line_1_27' title="bbox 1975 1136 3555 1212; baseline 0.004 -20"><span class='ocrx_word' id='word_1_197' title='bbox 1975 1136 2270 1193; x_wconf 88' lang='lat' dir='ltr'><strong>voluntaria</strong></span> <span class='ocrx_word' id='word_1_198' title='bbox 2301 1140 2412 1195; x_wconf 89' lang='lat' dir='ltr'><strong>oris</strong></span> <span class='ocrx_word' id='word_1_199' title='bbox 2441 1142 2544 1196; x_wconf 89' lang='lat' dir='ltr'><strong>mei</strong></span> <span class='ocrx_word' id='word_1_200' title='bbox 2592 1140 2759 1196; x_wconf 74' lang='lat' dir='ltr'><strong>facias</strong></span> <span class='ocrx_word' id='word_1_201' title='bbox 2803 1142 3169 1212; x_wconf 88' lang='lat' dir='ltr'><strong>beneplacita,</strong></span> <span class='ocrx_word' id='word_1_202' title='bbox 3218 1144 3463 1204; x_wconf 87' lang='lat' dir='ltr'><strong>Domine,</strong></span> <span class='ocrx_word' id='word_1_203' title='bbox 3498 1153 3555 1199; x_wconf 87' lang='lat' dir='ltr'><strong>et</strong></span> 
     </span>
    </p>
   </div>
   <div class='ocr_carea' id='block_1_28' title="bbox 1967 1228 3558 1297">
    <p class='ocr_par' dir='ltr' id='par_1_28' title="bbox 1967 1228 3558 1297">
     <span class='ocr_line' id='line_1_28' title="bbox 1967 1228 3558 1297; baseline 0.003 -14"><span class='ocrx_word' id='word_1_204' title='bbox 1967 1228 2168 1297; x_wconf 89' lang='lat' dir='ltr'><strong>judicia</strong></span> <span class='ocrx_word' id='word_1_205' title='bbox 2194 1238 2280 1284; x_wconf 90' lang='lat' dir='ltr'><strong>tua</strong></span> <span class='ocrx_word' id='word_1_206' title='bbox 2303 1230 2500 1286; x_wconf 89' lang='lat' dir='ltr'><strong>doceas</strong></span> <span class='ocrx_word' id='word_1_207' title='bbox 2528 1248 2632 1287; x_wconf 92' lang='lat' dir='ltr'><strong>me.</strong></span> <span class='ocrx_word' id='word_1_208' title='bbox 2651 1232 2731 1286; x_wconf 86' lang='lat' dir='ltr'><strong>Sit</strong></span> <span class='ocrx_word' id='word_1_209' title='bbox 2759 1233 2931 1286; x_wconf 73' lang='lat' dir='ltr'><strong>anima</strong></span> <span class='ocrx_word' id='word_1_210' title='bbox 2961 1248 3078 1287; x_wconf 88' lang='lat' dir='ltr'><strong>mea</strong></span> <span class='ocrx_word' id='word_1_211' title='bbox 3104 1234 3155 1287; x_wconf 90' lang='lat' dir='ltr'><strong>in</strong></span> <span class='ocrx_word' id='word_1_212' title='bbox 3178 1236 3424 1290; x_wconf 88' lang='lat' dir='ltr'><strong>manibus</strong></span> <span class='ocrx_word' id='word_1_213' title='bbox 3455 1237 3558 1291; x_wconf 88' lang='lat' dir='ltr'><strong>tuis</strong></span> 
     </span>
    </p>
   </div>
   <div class='ocr_carea' id='block_1_29' title="bbox 1972 1320 3561 1388">
    <p class='ocr_par' dir='ltr' id='par_1_29' title="bbox 1972 1320 3561 1388">
     <span class='ocr_line' id='line_1_29' title="bbox 1972 1320 3561 1388; baseline 0.004 -15"><span class='ocrx_word' id='word_1_214' title='bbox 1972 1334 2205 1388; x_wconf 85' lang='lat' dir='ltr'><strong>semper,</strong></span> <span class='ocrx_word' id='word_1_215' title='bbox 2253 1327 2307 1373; x_wconf 93' lang='lat' dir='ltr'><strong>et</strong></span> <span class='ocrx_word' id='word_1_216' title='bbox 2349 1320 2518 1388; x_wconf 81' lang='lat' dir='ltr'><strong>legem</strong></span> <span class='ocrx_word' id='word_1_217' title='bbox 2550 1328 2691 1374; x_wconf 86' lang='lat' dir='ltr'><strong>tuam</strong></span> <span class='ocrx_word' id='word_1_218' title='bbox 2742 1337 2848 1375; x_wconf 92' lang='lat' dir='ltr'><strong>non</strong></span> <span class='ocrx_word' id='word_1_219' title='bbox 2880 1322 3182 1386; x_wconf 50' lang='lat' dir='ltr'><strong>obliviscar,</strong></span> <span class='ocrx_word' id='word_1_220' title='bbox 3230 1332 3285 1378; x_wconf 91' lang='lat' dir='ltr'><strong>et</strong></span> <span class='ocrx_word' id='word_1_221' title='bbox 3323 1325 3423 1380; x_wconf 89' lang='lat' dir='ltr'><strong>hoc</strong></span> <span class='ocrx_word' id='word_1_222' title='bbox 3453 1334 3561 1380; x_wconf 87' lang='lat' dir='ltr'><strong>stat</strong></span> 
     </span>
    </p>
   </div>
   <div class='ocr_carea' id='block_1_30' title="bbox 1972 1407 3561 1483">
    <p class='ocr_par' dir='ltr' id='par_1_30' title="bbox 1972 1407 3561 1483">
     <span class='ocr_line' id='line_1_30' title="bbox 1972 1407 3561 1483; baseline 0.006 -22"><span class='ocrx_word' id='word_1_223' title='bbox 1972 1409 2116 1478; x_wconf 92' lang='lat' dir='ltr'><strong>quod</strong></span> <span class='ocrx_word' id='word_1_224' title='bbox 2154 1407 2325 1483; x_wconf 66' lang='lat' dir='ltr'><strong>Graeci</strong></span> <span class='ocrx_word' id='word_1_225' title='bbox 2371 1419 2611 1465; x_wconf 87' lang='lat' dir='ltr'><strong>canunt:</strong></span> <span class='ocrx_word' id='word_1_226' title='bbox 2645 1411 2834 1466; x_wconf 74' lang='lat' dir='ltr'><strong>Anima</strong></span> <span class='ocrx_word' id='word_1_227' title='bbox 2867 1428 2985 1466; x_wconf 88' lang='lat' dir='ltr'><strong>mea</strong></span> <span class='ocrx_word' id='word_1_228' title='bbox 3036 1413 3086 1466; x_wconf 89' lang='lat' dir='ltr'><strong>in</strong></span> <span class='ocrx_word' id='word_1_229' title='bbox 3135 1413 3382 1469; x_wconf 86' lang='lat' dir='ltr'><strong>manibus</strong></span> <span class='ocrx_word' id='word_1_230' title='bbox 3425 1414 3561 1471; x_wconf 87' lang='lat' dir='ltr'><strong>meis</strong></span> 
     </span>
    </p>
   </div>
   <div class='ocr_carea' id='block_1_31' title="bbox 1974 1502 3556 1570">
    <p class='ocr_par' dir='ltr' id='par_1_31' title="bbox 1974 1502 3556 1570">
     <span class='ocr_line' id='line_1_31' title="bbox 1974 1502 3556 1570; baseline 0.004 -15"><span class='ocrx_word' id='word_1_231' title='bbox 1974 1502 2508 1570; x_wconf 85' lang='lat' dir='ltr'><strong>semper,secundum</strong></span> <span class='ocrx_word' id='word_1_232' title='bbox 2555 1502 2697 1557; x_wconf 87' lang='lat' dir='ltr'><strong>illam</strong></span> <span class='ocrx_word' id='word_1_233' title='bbox 2745 1505 3111 1559; x_wconf 87' lang='lat' dir='ltr'><strong>sententiam:</strong></span> <span class='ocrx_word' id='word_1_234' title='bbox 3146 1505 3207 1561; x_wconf 81' lang='lat' dir='ltr'><strong>Si</strong></span> <span class='ocrx_word' id='word_1_235' title='bbox 3249 1506 3556 1570; x_wconf 73' lang='lat' dir='ltr'><strong>recorderis,</strong></span> 
     </span>
    </p>
   </div>
   <div class='ocr_carea' id='block_1_32' title="bbox 1975 1581 3577 1677">
    <p class='ocr_par' dir='ltr' id='par_1_32' title="bbox 1975 1594 3577 1668">
     <span class='ocr_line' id='line_1_32' title="bbox 1975 1594 3577 1668; baseline 0.003 -21"><span class='ocrx_word' id='word_1_236' title='bbox 1975 1594 2174 1662; x_wconf 91' lang='lat' dir='ltr'><strong>inquit,</strong></span> <span class='ocrx_word' id='word_1_237' title='bbox 2203 1594 2477 1649; x_wconf 71' lang='lat' dir='ltr'><strong>novissima</strong></span> <span class='ocrx_word' id='word_1_238' title='bbox 2505 1606 2607 1659; x_wconf 83' lang='lat' dir='ltr'><strong>tua,</strong></span> <span class='ocrx_word' id='word_1_239' title='bbox 2638 1598 2691 1650; x_wconf 82' lang='lat' dir='ltr'><strong>in</strong></span> <span class='ocrx_word' id='word_1_240' title='bbox 2723 1608 2971 1651; x_wconf 66' lang='lat' dir='ltr'><strong>internum</strong></span> <span class='ocrx_word' id='word_1_241' title='bbox 3000 1614 3102 1651; x_wconf 82' lang='lat' dir='ltr'><strong>non</strong></span> <span class='ocrx_word' id='word_1_242' title='bbox 3125 1598 3357 1667; x_wconf 66' lang='lat' dir='ltr'><strong>peceabia</strong></span> <span class='ocrx_word' id='word_1_243' title='bbox 3389 1598 3577 1668; x_wconf 66' lang='lat' dir='ltr'><strong>(Ereti.</strong></span> 
     </span>
    </p>
   </div>
   <div class='ocr_carea' id='block_1_33' title="bbox 292 1683 3559 1765">
    <p class='ocr_par' dir='ltr' id='par_1_33' title="bbox 292 1683 3559 1765">
     <span class='ocr_line' id='line_1_33' title="bbox 292 1683 3559 1765; baseline -0 -21"><span class='ocrx_word' id='word_1_244' title='bbox 292 1704 376 1745; x_wconf 90' lang='lat' dir='ltr'><strong>me</strong></span> <span class='ocrx_word' id='word_1_245' title='bbox 405 1687 507 1743; x_wconf 76' lang='lat' dir='ltr'><strong>fac.</strong></span> <span class='ocrx_word' id='word_1_246' title='bbox 536 1685 725 1742; x_wconf 80' lang='lat' dir='ltr'><strong>Veniat</strong></span> <span class='ocrx_word' id='word_1_247' title='bbox 749 1687 840 1756; x_wconf 89' lang='lat' dir='ltr'><strong>qui</strong></span> <span class='ocrx_word' id='word_1_248' title='bbox 868 1687 1036 1741; x_wconf 91' lang='lat' dir='ltr'><strong>salvet</strong></span> <span class='ocrx_word' id='word_1_249' title='bbox 1056 1700 1198 1749; x_wconf 90' lang='lat' dir='ltr'><strong>eum,</strong></span> <span class='ocrx_word' id='word_1_250' title='bbox 1223 1685 1346 1753; x_wconf 88' lang='lat' dir='ltr'><strong>quia</strong></span> <span class='ocrx_word' id='word_1_251' title='bbox 1372 1684 1588 1754; x_wconf 82' lang='lat' dir='ltr'><strong>spiritus</strong></span> <span class='ocrx_word' id='word_1_252' title='bbox 1614 1683 1871 1738; x_wconf 87' lang='lat' dir='ltr'><strong>immundi</strong></span> <span class='ocrx_word' id='word_1_253' title='bbox 1907 1690 1948 1748; x_wconf 80' lang='grc' dir='ltr'><strong>Β</strong></span> <span class='ocrx_word' id='word_1_254' title='bbox 1977 1683 2089 1755; x_wconf 90' lang='lat' dir='ltr'><strong>vn).</strong></span> <span class='ocrx_word' id='word_1_255' title='bbox 2115 1683 2190 1737; x_wconf 92' lang='lat' dir='ltr'><strong>lta</strong></span> <span class='ocrx_word' id='word_1_256' title='bbox 2211 1684 2312 1739; x_wconf 88' lang='lat' dir='ltr'><strong>iste</strong></span> <span class='ocrx_word' id='word_1_257' title='bbox 2334 1687 2564 1739; x_wconf 86' lang='lat' dir='ltr'><strong>animam</strong></span> <span class='ocrx_word' id='word_1_258' title='bbox 2587 1702 2739 1740; x_wconf 88' lang='lat' dir='ltr'><strong>suam</strong></span> <span class='ocrx_word' id='word_1_259' title='bbox 2761 1688 2884 1741; x_wconf 86' lang='lat' dir='ltr'><strong>dum</strong></span> <span class='ocrx_word' id='word_1_260' title='bbox 2909 1688 2959 1740; x_wconf 92' lang='lat' dir='ltr'><strong>in</strong></span> <span class='ocrx_word' id='word_1_261' title='bbox 2984 1688 3227 1742; x_wconf 86' lang='lat' dir='ltr'><strong>manibus</strong></span> <span class='ocrx_word' id='word_1_262' title='bbox 3248 1690 3357 1743; x_wconf 89' lang='lat' dir='ltr'><strong>suis</strong></span> <span class='ocrx_word' id='word_1_263' title='bbox 3378 1690 3559 1765; x_wconf 74' lang='lat' dir='ltr'><strong>habet.</strong></span> 
     </span>
    </p>
   </div>
   <div class='ocr_carea' id='block_1_34' title="bbox 290 1775 1872 1850">
    <p class='ocr_par' dir='ltr' id='par_1_34' title="bbox 290 1775 1872 1850">
     <span class='ocr_line' id='line_1_34' title="bbox 290 1775 1872 1850; baseline -0.005 -15"><span class='ocrx_word' id='word_1_264' title='bbox 290 1789 607 1850; x_wconf 75' lang='lat' dir='ltr'><strong>exspectant</strong></span> <span class='ocrx_word' id='word_1_265' title='bbox 629 1789 685 1833; x_wconf 93' lang='lat' dir='ltr'><strong>ut</strong></span> <span class='ocrx_word' id='word_1_266' title='bbox 704 1779 929 1849; x_wconf 89' lang='lat' dir='ltr'><strong>perdant</strong></span> <span class='ocrx_word' id='word_1_267' title='bbox 949 1793 1068 1831; x_wconf 90' lang='lat' dir='ltr'><strong>eum</strong></span> <span class='ocrx_word' id='word_1_268' title='bbox 1092 1776 1144 1830; x_wconf 92' lang='lat' dir='ltr'><strong>in</strong></span> <span class='ocrx_word' id='word_1_269' title='bbox 1166 1776 1563 1845; x_wconf 83' lang='lat' dir='ltr'><strong>perseverantia</strong></span> <span class='ocrx_word' id='word_1_270' title='bbox 1585 1775 1872 1829; x_wconf 74' lang='lat' dir='ltr'><strong>idolorum:</strong></span> 
     </span>
    </p>
   </div>
   <div class='ocr_carea' id='block_1_35' title="bbox 290 1864 1876 1931">
    <p class='ocr_par' dir='ltr' id='par_1_35' title="bbox 290 1864 1876 1931">
     <span class='ocr_line' id='line_1_35' title="bbox 290 1864 1876 1931; baseline -0.004 -7"><span class='ocrx_word' id='word_1_271' title='bbox 290 1878 345 1924; x_wconf 88' lang='lat' dir='ltr'><strong>et</strong></span> <span class='ocrx_word' id='word_1_272' title='bbox 389 1885 573 1927; x_wconf 85' lang='lat' dir='ltr'><strong>moras</strong></span> <span class='ocrx_word' id='word_1_273' title='bbox 624 1868 846 1922; x_wconf 78' lang='lat' dir='ltr'><strong>faciente</strong></span> <span class='ocrx_word' id='word_1_274' title='bbox 892 1865 1209 1931; x_wconf 87' lang='lat' dir='ltr'><strong>Servatore,</strong></span> <span class='ocrx_word' id='word_1_275' title='bbox 1258 1865 1438 1918; x_wconf 84' lang='lat' dir='ltr'><strong>veniat</strong></span> <span class='ocrx_word' id='word_1_276' title='bbox 1485 1864 1876 1920; x_wconf 85' lang='lat' dir='ltr'><strong>consummatio</strong></span> 
     </span>
    </p>
   </div>
   <div class='ocr_carea' id='block_1_36' title="bbox 287 1955 1870 2027">
    <p class='ocr_par' dir='ltr' id='par_1_36' title="bbox 287 1955 1870 2027">
     <span class='ocr_line' id='line_1_36' title="bbox 287 1955 1870 2027; baseline -0.006 -9"><span class='ocrx_word' id='word_1_277' title='bbox 287 1961 506 2025; x_wconf 71' lang='lat' dir='ltr'><strong>saeculi;</strong></span> <span class='ocrx_word' id='word_1_278' title='bbox 538 1960 632 2015; x_wconf 88' lang='lat' dir='ltr'><strong>sed</strong></span> <span class='ocrx_word' id='word_1_279' title='bbox 666 1960 768 2014; x_wconf 85' lang='lat' dir='ltr'><strong>illis</strong></span> <span class='ocrx_word' id='word_1_280' title='bbox 811 1956 1243 2027; x_wconf 78' lang='lat' dir='ltr'><strong>exspectantibus</strong></span> <span class='ocrx_word' id='word_1_281' title='bbox 1280 1969 1339 2010; x_wconf 84' lang='lat' dir='ltr'><strong>ut</strong></span> <span class='ocrx_word' id='word_1_282' title='bbox 1383 1966 1568 2026; x_wconf 88' lang='lat' dir='ltr'><strong>pereat</strong></span> <span class='ocrx_word' id='word_1_283' title='bbox 1612 1955 1870 2022; x_wconf 86' lang='lat' dir='ltr'><strong>mundus,</strong></span> 
     </span>
    </p>
   </div>
   <div class='ocr_carea' id='block_1_37' title="bbox 286 2046 1875 2121">
    <p class='ocr_par' dir='ltr' id='par_1_37' title="bbox 286 2046 1875 2121">
     <span class='ocr_line' id='line_1_37' title="bbox 286 2046 1875 2121; baseline -0.004 -16"><span class='ocrx_word' id='word_1_284' title='bbox 286 2065 421 2121; x_wconf 84' lang='lat' dir='ltr'><strong>ego,</strong></span> <span class='ocrx_word' id='word_1_285' title='bbox 452 2050 505 2104; x_wconf 89' lang='lat' dir='ltr'><strong>id</strong></span> <span class='ocrx_word' id='word_1_286' title='bbox 535 2058 647 2114; x_wconf 88' lang='lat' dir='ltr'><strong>est,</strong></span> <span class='ocrx_word' id='word_1_287' title='bbox 677 2050 875 2104; x_wconf 89' lang='lat' dir='ltr'><strong>chorus</strong></span> <span class='ocrx_word' id='word_1_288' title='bbox 902 2048 1313 2118; x_wconf 88' lang='lat' dir='ltr'><strong>prophetarum,</strong></span> <span class='ocrx_word' id='word_1_289' title='bbox 1348 2046 1649 2101; x_wconf 88' lang='lat' dir='ltr'><strong>testimonia</strong></span> <span class='ocrx_word' id='word_1_290' title='bbox 1676 2054 1765 2099; x_wconf 88' lang='lat' dir='ltr'><strong>tua</strong></span> <span class='ocrx_word' id='word_1_291' title='bbox 1795 2046 1875 2098; x_wconf 93' lang='lat' dir='ltr'><strong>in-</strong></span> 
     </span>
    </p>
   </div>
   <div class='ocr_carea' id='block_1_38' title="bbox 287 2136 1875 2213">
    <p class='ocr_par' dir='ltr' id='par_1_38' title="bbox 287 2136 1875 2213">
     <span class='ocr_line' id='line_1_38' title="bbox 287 2136 1875 2213; baseline -0.004 -16"><span class='ocrx_word' id='word_1_292' title='bbox 287 2142 497 2197; x_wconf 82' lang='lat' dir='ltr'><strong>tellexi.</strong></span> <span class='ocrx_word' id='word_1_293' title='bbox 555 2139 620 2193; x_wconf 85' lang='lat' dir='ltr'><strong>Et</strong></span> <span class='ocrx_word' id='word_1_294' title='bbox 671 2138 847 2195; x_wconf 88' lang='lat' dir='ltr'><strong>onmis</strong></span> <span class='ocrx_word' id='word_1_295' title='bbox 872 2138 1351 2193; x_wconf 86' lang='lat' dir='ltr'><strong>consummationis</strong></span> <span class='ocrx_word' id='word_1_296' title='bbox 1380 2137 1719 2213; x_wconf 70' lang='lat' dir='ltr'><strong>nequissimre</strong></span> <span class='ocrx_word' id='word_1_297' title='bbox 1771 2136 1875 2192; x_wconf 89' lang='lat' dir='ltr'><strong>vidi</strong></span> 
     </span>
    </p>
   </div>
   <div class='ocr_carea' id='block_1_39' title="bbox 286 2227 1870 2301">
    <p class='ocr_par' dir='ltr' id='par_1_39' title="bbox 286 2227 1870 2301">
     <span class='ocr_line' id='line_1_39' title="bbox 286 2227 1870 2301; baseline -0.004 -14"><span class='ocrx_word' id='word_1_298' title='bbox 286 2234 477 2301; x_wconf 83' lang='lat' dir='ltr'><strong>linem,</strong></span> <span class='ocrx_word' id='word_1_299' title='bbox 502 2230 810 2286; x_wconf 88' lang='lat' dir='ltr'><strong>mandatum</strong></span> <span class='ocrx_word' id='word_1_300' title='bbox 834 2245 959 2284; x_wconf 87' lang='lat' dir='ltr'><strong>vero</strong></span> <span class='ocrx_word' id='word_1_301' title='bbox 985 2237 1132 2283; x_wconf 90' lang='lat' dir='ltr'><strong>tuum</strong></span> <span class='ocrx_word' id='word_1_302' title='bbox 1160 2228 1323 2282; x_wconf 89' lang='lat' dir='ltr'><strong>latum</strong></span> <span class='ocrx_word' id='word_1_303' title='bbox 1350 2236 1431 2281; x_wconf 89' lang='lat' dir='ltr'><strong>est</strong></span> <span class='ocrx_word' id='word_1_304' title='bbox 1456 2228 1630 2281; x_wconf 85' lang='lat' dir='ltr'><strong>nimis.</strong></span> <span class='ocrx_word' id='word_1_305' title='bbox 1660 2227 1870 2292; x_wconf 87' lang='lat' dir='ltr'><strong>Latum,</strong></span> 
     </span>
    </p>
   </div>
   <div class='ocr_carea' id='block_1_40' title="bbox 282 2318 1875 2396">
    <p class='ocr_par' dir='ltr' id='par_1_40' title="bbox 282 2318 1875 2396">
     <span class='ocr_line' id='line_1_40' title="bbox 282 2318 1875 2396; baseline -0.006 -16"><span class='ocrx_word' id='word_1_306' title='bbox 282 2326 415 2396; x_wconf 79' lang='lat' dir='ltr'><strong>quia</strong></span> <span class='ocrx_word' id='word_1_307' title='bbox 439 2324 618 2379; x_wconf 87' lang='lat' dir='ltr'><strong>omnia</strong></span> <span class='ocrx_word' id='word_1_308' title='bbox 643 2331 796 2376; x_wconf 65' lang='lat' dir='ltr'><strong>terra:</strong></span> <span class='ocrx_word' id='word_1_309' title='bbox 817 2320 985 2391; x_wconf 88' lang='lat' dir='ltr'><strong>spatia</strong></span> <span class='ocrx_word' id='word_1_310' title='bbox 1007 2328 1251 2389; x_wconf 88' lang='lat' dir='ltr'><strong>occupat,</strong></span> <span class='ocrx_word' id='word_1_311' title='bbox 1276 2328 1329 2371; x_wconf 90' lang='lat' dir='ltr'><strong>et</strong></span> <span class='ocrx_word' id='word_1_312' title='bbox 1349 2318 1589 2387; x_wconf 76' lang='lat' dir='ltr'><strong>corporis</strong></span> <span class='ocrx_word' id='word_1_313' title='bbox 1610 2326 1662 2372; x_wconf 92' lang='lat' dir='ltr'><strong>et</strong></span> <span class='ocrx_word' id='word_1_314' title='bbox 1687 2318 1875 2371; x_wconf 71' lang='lat' dir='ltr'><strong>anima:</strong></span> 
     </span>
    </p>
   </div>
   <div class='ocr_carea' id='block_1_41' title="bbox 284 2406 1871 2478">
    <p class='ocr_par' dir='ltr' id='par_1_41' title="bbox 284 2406 1871 2478">
     <span class='ocr_line' id='line_1_41' title="bbox 284 2406 1871 2478; baseline -0.006 -9"><span class='ocrx_word' id='word_1_315' title='bbox 284 2418 426 2469; x_wconf 87' lang='lat' dir='ltr'><strong>lines</strong></span> <span class='ocrx_word' id='word_1_316' title='bbox 457 2422 623 2478; x_wconf 88' lang='lat' dir='ltr'><strong>tenet,</strong></span> <span class='ocrx_word' id='word_1_317' title='bbox 655 2413 801 2467; x_wconf 84' lang='lat' dir='ltr'><strong>ducit</strong></span> <span class='ocrx_word' id='word_1_318' title='bbox 828 2410 1166 2469; x_wconf 86' lang='lat' dir='ltr'><strong>obedientem</strong></span> <span class='ocrx_word' id='word_1_319' title='bbox 1207 2408 1305 2462; x_wconf 90' lang='lat' dir='ltr'><strong>sibi</strong></span> <span class='ocrx_word' id='word_1_320' title='bbox 1351 2422 1561 2461; x_wconf 80' lang='lat' dir='ltr'><strong>sursum</strong></span> <span class='ocrx_word' id='word_1_321' title='bbox 1591 2406 1655 2460; x_wconf 88' lang='lat' dir='ltr'><strong>ad</strong></span> <span class='ocrx_word' id='word_1_322' title='bbox 1686 2406 1871 2471; x_wconf 63' lang='lat' dir='ltr'><strong>cados,</strong></span> 
     </span>
    </p>
   </div>
   <div class='ocr_carea' id='block_1_42' title="bbox 283 2496 1877 2572">
    <p class='ocr_par' dir='ltr' id='par_1_42' title="bbox 283 2496 1877 2572">
     <span class='ocr_line' id='line_1_42' title="bbox 283 2496 1877 2572; baseline -0.008 -9"><span class='ocrx_word' id='word_1_323' title='bbox 283 2513 726 2562; x_wconf 83' lang='lat' dir='ltr'><strong>contemnentem</strong></span> <span class='ocrx_word' id='word_1_324' title='bbox 756 2503 973 2572; x_wconf 85' lang='lat' dir='ltr'><strong>deponit</strong></span> <span class='ocrx_word' id='word_1_325' title='bbox 1000 2500 1067 2554; x_wconf 90' lang='lat' dir='ltr'><strong>ad</strong></span> <span class='ocrx_word' id='word_1_326' title='bbox 1094 2497 1310 2554; x_wconf 84' lang='lat' dir='ltr'><strong>inferos.</strong></span> <span class='ocrx_word' id='word_1_327' title='bbox 1361 2496 1551 2551; x_wconf 87' lang='lat' dir='ltr'><strong>Latum</strong></span> <span class='ocrx_word' id='word_1_328' title='bbox 1602 2497 1758 2551; x_wconf 89' lang='lat' dir='ltr'><strong>nimis</strong></span> <span class='ocrx_word' id='word_1_329' title='bbox 1795 2505 1877 2551; x_wconf 86' lang='lat' dir='ltr'><strong>est</strong></span> 
     </span>
    </p>
   </div>
   <div class='ocr_carea' id='block_1_43' title="bbox 285 2588 1876 2666">
    <p class='ocr_par' dir='ltr' id='par_1_43' title="bbox 285 2588 1876 2666">
     <span class='ocr_line' id='line_1_43' title="bbox 285 2588 1876 2666; baseline -0.006 -15"><span class='ocrx_word' id='word_1_330' title='bbox 285 2597 410 2666; x_wconf 67' lang='lat' dir='ltr'><strong>ejus</strong></span> <span class='ocrx_word' id='word_1_331' title='bbox 438 2595 743 2665; x_wconf 88' lang='lat' dir='ltr'><strong>imperium,</strong></span> <span class='ocrx_word' id='word_1_332' title='bbox 770 2592 1032 2661; x_wconf 84' lang='lat' dir='ltr'><strong>siquidem</strong></span> <span class='ocrx_word' id='word_1_333' title='bbox 1061 2599 1116 2645; x_wconf 90' lang='lat' dir='ltr'><strong>et</strong></span> <span class='ocrx_word' id='word_1_334' title='bbox 1141 2589 1447 2660; x_wconf 91' lang='lat' dir='ltr'><strong>potentibus</strong></span> <span class='ocrx_word' id='word_1_335' title='bbox 1470 2588 1627 2642; x_wconf 91' lang='lat' dir='ltr'><strong>simul</strong></span> <span class='ocrx_word' id='word_1_336' title='bbox 1655 2595 1709 2643; x_wconf 92' lang='lat' dir='ltr'><strong>et</strong></span> <span class='ocrx_word' id='word_1_337' title='bbox 1738 2589 1876 2656; x_wconf 89' lang='lat' dir='ltr'><strong>regi-</strong></span> 
     </span>
    </p>
   </div>
   <div class='ocr_carea' id='block_1_44' title="bbox 286 2676 1877 2751">
    <p class='ocr_par' dir='ltr' id='par_1_44' title="bbox 286 2676 1877 2751">
     <span class='ocr_line' id='line_1_44' title="bbox 286 2676 1877 2751; baseline -0.006 -10"><span class='ocrx_word' id='word_1_338' title='bbox 286 2687 393 2741; x_wconf 82' lang='lat' dir='ltr'><strong>bus</strong></span> <span class='ocrx_word' id='word_1_339' title='bbox 424 2694 480 2740; x_wconf 85' lang='lat' dir='ltr'><strong>et</strong></span> <span class='ocrx_word' id='word_1_340' title='bbox 508 2684 717 2741; x_wconf 52' lang='lat' dir='ltr'><strong>cum-tis</strong></span> <span class='ocrx_word' id='word_1_341' title='bbox 742 2682 988 2751; x_wconf 76' lang='lat' dir='ltr'><strong>gentibus</strong></span> <span class='ocrx_word' id='word_1_342' title='bbox 1018 2681 1263 2749; x_wconf 89' lang='lat' dir='ltr'><strong>imperat.</strong></span> <span class='ocrx_word' id='word_1_343' title='bbox 1296 2676 1409 2734; x_wconf 81' lang='lat' dir='ltr'><strong>Hoc</strong></span> <span class='ocrx_word' id='word_1_344' title='bbox 1434 2679 1770 2742; x_wconf 72' lang='lat' dir='ltr'><strong>mandatum,</strong></span> <span class='ocrx_word' id='word_1_345' title='bbox 1803 2677 1877 2731; x_wconf 88' lang='lat' dir='ltr'><strong>ait</strong></span> 
     </span>
    </p>
   </div>
   <div class='ocr_carea' id='block_1_45' title="bbox 288 2767 1872 2841">
    <p class='ocr_par' dir='ltr' id='par_1_45' title="bbox 288 2767 1872 2841">
     <span class='ocr_line' id='line_1_45' title="bbox 288 2767 1872 2841; baseline -0.007 -10"><span class='ocrx_word' id='word_1_346' title='bbox 288 2778 515 2841; x_wconf 83' lang='lat' dir='ltr'><strong>chorus,</strong></span> <span class='ocrx_word' id='word_1_347' title='bbox 549 2783 605 2830; x_wconf 93' lang='lat' dir='ltr'><strong>ut</strong></span> <span class='ocrx_word' id='word_1_348' title='bbox 632 2774 759 2839; x_wconf 87' lang='lat' dir='ltr'><strong>dixi,</strong></span> <span class='ocrx_word' id='word_1_349' title='bbox 785 2783 1111 2832; x_wconf 87' lang='lat' dir='ltr'><strong>sanctorum,</strong></span> <span class='ocrx_word' id='word_1_350' title='bbox 1136 2785 1236 2838; x_wconf 87' lang='lat' dir='ltr'><strong>ego</strong></span> <span class='ocrx_word' id='word_1_351' title='bbox 1257 2784 1363 2824; x_wconf 91' lang='lat' dir='ltr'><strong>non</strong></span> <span class='ocrx_word' id='word_1_352' title='bbox 1387 2769 1557 2833; x_wconf 66' lang='lat' dir='ltr'><strong>timui,</strong></span> <span class='ocrx_word' id='word_1_353' title='bbox 1580 2767 1671 2823; x_wconf 88' lang='lat' dir='ltr'><strong>sed</strong></span> <span class='ocrx_word' id='word_1_354' title='bbox 1692 2767 1872 2834; x_wconf 79' lang='lat' dir='ltr'><strong>dilexi,</strong></span> 
     </span>
    </p>
   </div>
   <div class='ocr_carea' id='block_1_46' title="bbox 288 2846 1872 2937">
    <p class='ocr_par' dir='ltr' id='par_1_46' title="bbox 288 2846 1872 2937">
     <span class='ocr_line' id='line_1_46' title="bbox 288 2846 1872 2937; baseline -0.007 -16"><span class='ocrx_word' id='word_1_355' title='bbox 288 2865 545 2937; x_wconf 72' lang='lat' dir='ltr'><strong>Perfecta</strong></span> <span class='ocrx_word' id='word_1_356' title='bbox 564 2846 768 2934; x_wconf 86' lang='lat' dir='ltr'><strong>quippe</strong></span> <span class='ocrx_word' id='word_1_357' title='bbox 795 2863 1002 2916; x_wconf 81' lang='lat' dir='ltr'><strong>dilectio</strong></span> <span class='ocrx_word' id='word_1_358' title='bbox 1024 2868 1167 2933; x_wconf 73' lang='lat' dir='ltr'><strong>[orna</strong></span> <span class='ocrx_word' id='word_1_359' title='bbox 1194 2861 1351 2913; x_wconf 70' lang='lat' dir='ltr'><strong>inibit</strong></span> <span class='ocrx_word' id='word_1_360' title='bbox 1373 2860 1607 2912; x_wconf 84' lang='lat' dir='ltr'><strong>timorem</strong></span> <span class='ocrx_word' id='word_1_361' title='bbox 1635 2855 1688 2929; x_wconf 90' lang='lat' dir='ltr'><strong>(l</strong></span> <span class='ocrx_word' id='word_1_362' title='bbox 1715 2856 1872 2911; x_wconf 80' lang='lat' dir='ltr'><strong>Joan.</strong></span> 
     </span>
    </p>
   </div>
   <div class='ocr_carea' id='block_1_47' title="bbox 292 2952 1875 3027">
    <p class='ocr_par' dir='ltr' id='par_1_47' title="bbox 292 2952 1875 3027">
     <span class='ocr_line' id='line_1_47' title="bbox 292 2952 1875 3027; baseline -0.004 -16"><span class='ocrx_word' id='word_1_363' title='bbox 292 2958 392 3027; x_wconf 80' lang='lat' dir='ltr'><strong>xv),</strong></span> <span class='ocrx_word' id='word_1_364' title='bbox 425 2966 481 3011; x_wconf 91' lang='lat' dir='ltr'><strong>et</strong></span> <span class='ocrx_word' id='word_1_365' title='bbox 506 2957 577 3009; x_wconf 87' lang='lat' dir='ltr'><strong>ita</strong></span> <span class='ocrx_word' id='word_1_366' title='bbox 606 2956 785 3019; x_wconf 78' lang='lat' dir='ltr'><strong>dilexi,</strong></span> <span class='ocrx_word' id='word_1_367' title='bbox 811 2956 905 3020; x_wconf 88' lang='lat' dir='ltr'><strong>ait,</strong></span> <span class='ocrx_word' id='word_1_368' title='bbox 929 2963 985 3009; x_wconf 91' lang='lat' dir='ltr'><strong>ut</strong></span> <span class='ocrx_word' id='word_1_369' title='bbox 1013 2962 1125 3009; x_wconf 90' lang='lat' dir='ltr'><strong>tota</strong></span> <span class='ocrx_word' id='word_1_370' title='bbox 1153 2953 1240 3008; x_wconf 88' lang='lat' dir='ltr'><strong>die</strong></span> <span class='ocrx_word' id='word_1_371' title='bbox 1270 2952 1546 3008; x_wconf 88' lang='lat' dir='ltr'><strong>meditatio</strong></span> <span class='ocrx_word' id='word_1_372' title='bbox 1568 2966 1687 3007; x_wconf 89' lang='lat' dir='ltr'><strong>mea</strong></span> <span class='ocrx_word' id='word_1_373' title='bbox 1714 2959 1875 3007; x_wconf 87' lang='lat' dir='ltr'><strong>esset.</strong></span> 
     </span>
    </p>
   </div>
   <div class='ocr_carea' id='block_1_48' title="bbox 1974 1776 3562 1845">
    <p class='ocr_par' dir='ltr' id='par_1_48' title="bbox 1974 1776 3562 1845">
     <span class='ocr_line' id='line_1_48' title="bbox 1974 1776 3562 1845; baseline 0.002 -16"><span class='ocrx_word' id='word_1_374' title='bbox 1974 1788 2189 1842; x_wconf 85' lang='lat' dir='ltr'><strong>semper</strong></span> <span class='ocrx_word' id='word_1_375' title='bbox 2212 1790 2330 1829; x_wconf 90' lang='lat' dir='ltr'><strong>eam</strong></span> <span class='ocrx_word' id='word_1_376' title='bbox 2360 1776 2621 1831; x_wconf 86' lang='lat' dir='ltr'><strong>exituram</strong></span> <span class='ocrx_word' id='word_1_377' title='bbox 2670 1776 3040 1842; x_wconf 87' lang='lat' dir='ltr'><strong>considerans,</strong></span> <span class='ocrx_word' id='word_1_378' title='bbox 3090 1778 3261 1845; x_wconf 84' lang='lat' dir='ltr'><strong>legem</strong></span> <span class='ocrx_word' id='word_1_379' title='bbox 3311 1777 3407 1832; x_wconf 85' lang='lat' dir='ltr'><strong>Dei</strong></span> <span class='ocrx_word' id='word_1_380' title='bbox 3456 1794 3562 1832; x_wconf 88' lang='lat' dir='ltr'><strong>non</strong></span> 
     </span>
    </p>
   </div>
   <div class='ocr_carea' id='block_1_49' title="bbox 1981 1863 3561 1937">
    <p class='ocr_par' dir='ltr' id='par_1_49' title="bbox 1981 1863 3561 1937">
     <span class='ocr_line' id='line_1_49' title="bbox 1981 1863 3561 1937; baseline 0.003 -21"><span class='ocrx_word' id='word_1_381' title='bbox 1981 1863 2313 1918; x_wconf 88' lang='lat' dir='ltr'><strong>obliviscitur</strong></span> <span class='ocrx_word' id='word_1_382' title='bbox 2329 1865 2559 1918; x_wconf 90' lang='lat' dir='ltr'><strong>:etiamsi</strong></span> <span class='ocrx_word' id='word_1_383' title='bbox 2579 1878 2890 1934; x_wconf 86' lang='lat' dir='ltr'><strong>peccatores</strong></span> <span class='ocrx_word' id='word_1_384' title='bbox 2933 1866 3153 1935; x_wconf 84' lang='lat' dir='ltr'><strong>laqueos</strong></span> <span class='ocrx_word' id='word_1_385' title='bbox 3190 1868 3239 1921; x_wconf 91' lang='lat' dir='ltr'><strong>ei</strong></span> <span class='ocrx_word' id='word_1_386' title='bbox 3265 1868 3561 1937; x_wconf 87' lang='lat' dir='ltr'><strong>posuerint,</strong></span> 
     </span>
    </p>
   </div>
   <div class='ocr_carea' id='block_1_50' title="bbox 1978 1952 3561 2028">
    <p class='ocr_par' dir='ltr' id='par_1_50' title="bbox 1978 1952 3561 2028">
     <span class='ocr_line' id='line_1_50' title="bbox 1978 1952 3561 2028; baseline 0.003 -21"><span class='ocrx_word' id='word_1_387' title='bbox 1978 1952 2173 2008; x_wconf 84' lang='lat' dir='ltr'><strong>evadet</strong></span> <span class='ocrx_word' id='word_1_388' title='bbox 2199 1953 2396 2024; x_wconf 88' lang='lat' dir='ltr'><strong>primo,</strong></span> <span class='ocrx_word' id='word_1_389' title='bbox 2425 1953 2548 2024; x_wconf 86' lang='lat' dir='ltr'><strong>quia</strong></span> <span class='ocrx_word' id='word_1_390' title='bbox 2578 1954 2848 2010; x_wconf 83' lang='lat' dir='ltr'><strong>lucernam</strong></span> <span class='ocrx_word' id='word_1_391' title='bbox 2878 1956 3102 2026; x_wconf 87' lang='lat' dir='ltr'><strong>pedibus</strong></span> <span class='ocrx_word' id='word_1_392' title='bbox 3129 1956 3359 2023; x_wconf 89' lang='lat' dir='ltr'><strong>habens,</strong></span> <span class='ocrx_word' id='word_1_393' title='bbox 3391 1957 3561 2028; x_wconf 82' lang='lat' dir='ltr'><strong>legem</strong></span> 
     </span>
    </p>
   </div>
   <div class='ocr_carea' id='block_1_51' title="bbox 1976 2043 3561 2119">
    <p class='ocr_par' dir='ltr' id='par_1_51' title="bbox 1976 2043 3561 2119">
     <span class='ocr_line' id='line_1_51' title="bbox 1976 2043 3561 2119; baseline 0.004 -22"><span class='ocrx_word' id='word_1_394' title='bbox 1976 2059 2080 2113; x_wconf 91' lang='lat' dir='ltr'><strong>qua</strong></span> <span class='ocrx_word' id='word_1_395' title='bbox 2112 2044 2434 2112; x_wconf 89' lang='lat' dir='ltr'><strong>deteguntur</strong></span> <span class='ocrx_word' id='word_1_396' title='bbox 2475 2046 2650 2115; x_wconf 87' lang='lat' dir='ltr'><strong>laquei</strong></span> <span class='ocrx_word' id='word_1_397' title='bbox 2680 2043 3076 2103; x_wconf 82' lang='lat' dir='ltr'><strong>immundorum</strong></span> <span class='ocrx_word' id='word_1_398' title='bbox 3121 2051 3320 2104; x_wconf 80' lang='lat' dir='ltr'><strong>evadit.</strong></span> <span class='ocrx_word' id='word_1_399' title='bbox 3350 2049 3561 2119; x_wconf 88' lang='lat' dir='ltr'><strong>Adjecit</strong></span> 
     </span>
    </p>
   </div>
   <div class='ocr_carea' id='block_1_52' title="bbox 1973 2132 3560 2210">
    <p class='ocr_par' dir='ltr' id='par_1_52' title="bbox 1973 2132 3560 2210">
     <span class='ocr_line' id='line_1_52' title="bbox 1973 2132 3560 2210; baseline 0.008 -24"><span class='ocrx_word' id='word_1_400' title='bbox 1973 2132 2099 2188; x_wconf 83' lang='lat' dir='ltr'><strong>huic</strong></span> <span class='ocrx_word' id='word_1_401' title='bbox 2119 2134 2283 2199; x_wconf 91' lang='lat' dir='ltr'><strong>bono,</strong></span> <span class='ocrx_word' id='word_1_402' title='bbox 2306 2142 2362 2188; x_wconf 91' lang='lat' dir='ltr'><strong>ut</strong></span> <span class='ocrx_word' id='word_1_403' title='bbox 2383 2136 2549 2190; x_wconf 89' lang='lat' dir='ltr'><strong>semel</strong></span> <span class='ocrx_word' id='word_1_404' title='bbox 2571 2142 2799 2205; x_wconf 78' lang='lat' dir='ltr'><strong>emptam</strong></span> <span class='ocrx_word' id='word_1_405' title='bbox 2826 2139 3121 2193; x_wconf 85' lang='lat' dir='ltr'><strong>custodiam</strong></span> <span class='ocrx_word' id='word_1_406' title='bbox 3148 2143 3310 2194; x_wconf 90' lang='lat' dir='ltr'><strong>etiam</strong></span> <span class='ocrx_word' id='word_1_407' title='bbox 3328 2140 3560 2210; x_wconf 88' lang='lat' dir='ltr'><strong>jurando</strong></span> 
     </span>
    </p>
   </div>
   <div class='ocr_carea' id='block_1_53' title="bbox 1977 2223 3560 2302">
    <p class='ocr_par' dir='ltr' id='par_1_53' title="bbox 1977 2223 3560 2302">
     <span class='ocr_line' id='line_1_53' title="bbox 1977 2223 3560 2302; baseline 0.008 -26"><span class='ocrx_word' id='word_1_408' title='bbox 1977 2223 2231 2279; x_wconf 79' lang='lat' dir='ltr'><strong>ﬁrmaret.</strong></span> <span class='ocrx_word' id='word_1_409' title='bbox 2280 2223 2348 2279; x_wconf 83' lang='lat' dir='ltr'><strong>Et</strong></span> <span class='ocrx_word' id='word_1_410' title='bbox 2393 2226 2508 2281; x_wconf 71' lang='lat' dir='ltr'><strong>lucc</strong></span> <span class='ocrx_word' id='word_1_411' title='bbox 2556 2227 2801 2283; x_wconf 83' lang='lat' dir='ltr'><strong>faciendo</strong></span> <span class='ocrx_word' id='word_1_412' title='bbox 2848 2230 3026 2283; x_wconf 90' lang='lat' dir='ltr'><strong>evenit</strong></span> <span class='ocrx_word' id='word_1_413' title='bbox 3071 2232 3229 2296; x_wconf 88' lang='lat' dir='ltr'><strong>mihi,</strong></span> <span class='ocrx_word' id='word_1_414' title='bbox 3271 2233 3475 2302; x_wconf 80' lang='lat' dir='ltr'><strong>inquit,</strong></span> <span class='ocrx_word' id='word_1_415' title='bbox 3505 2245 3560 2290; x_wconf 91' lang='lat' dir='ltr'><strong>ut</strong></span> 
     </span>
    </p>
   </div>
   <div class='ocr_carea' id='block_1_54' title="bbox 1976 2313 3564 2395">
    <p class='ocr_par' dir='ltr' id='par_1_54' title="bbox 1976 2313 3564 2395">
     <span class='ocr_line' id='line_1_54' title="bbox 1976 2313 3564 2395; baseline 0.008 -27"><span class='ocrx_word' id='word_1_416' title='bbox 1976 2313 2720 2395; x_wconf 24' lang='lat' dir='ltr'><strong>htereditatem‘acquirerem</strong></span> <span class='ocrx_word' id='word_1_417' title='bbox 2771 2320 2823 2373; x_wconf 93' lang='lat' dir='ltr'><strong>in</strong></span> <span class='ocrx_word' id='word_1_418' title='bbox 2871 2330 3150 2376; x_wconf 69' lang='lat' dir='ltr'><strong>aeternum.</strong></span> <span class='ocrx_word' id='word_1_419' title='bbox 3203 2322 3319 2377; x_wconf 87' lang='lat' dir='ltr'><strong>Non</strong></span> <span class='ocrx_word' id='word_1_420' title='bbox 3365 2325 3564 2381; x_wconf 84' lang='lat' dir='ltr'><strong>dicitur</strong></span> 
     </span>
    </p>
   </div>
   <div class='ocr_carea' id='block_1_55' title="bbox 1978 2405 3558 2487">
    <p class='ocr_par' dir='ltr' id='par_1_55' title="bbox 1978 2405 3558 2487">
     <span class='ocr_line' id='line_1_55' title="bbox 1978 2405 3558 2487; baseline 0.007 -29"><span class='ocrx_word' id='word_1_421' title='bbox 1978 2405 2276 2487; x_wconf 75' lang='lat' dir='ltr'><strong>hmreditas,</strong></span> <span class='ocrx_word' id='word_1_422' title='bbox 2309 2407 2407 2461; x_wconf 88' lang='lat' dir='ltr'><strong>nisi</strong></span> <span class='ocrx_word' id='word_1_423' title='bbox 2438 2418 2678 2464; x_wconf 90' lang='lat' dir='ltr'><strong>mortuus</strong></span> <span class='ocrx_word' id='word_1_424' title='bbox 2705 2408 2864 2464; x_wconf 82' lang='lat' dir='ltr'><strong>fuerit</strong></span> <span class='ocrx_word' id='word_1_425' title='bbox 2891 2412 2983 2480; x_wconf 90' lang='lat' dir='ltr'><strong>qui</strong></span> <span class='ocrx_word' id='word_1_426' title='bbox 3009 2412 3277 2468; x_wconf 79' lang='lat' dir='ltr'><strong>htcredem</strong></span> <span class='ocrx_word' id='word_1_427' title='bbox 3308 2414 3558 2470; x_wconf 87' lang='lat' dir='ltr'><strong>instituit.</strong></span> 
     </span>
    </p>
   </div>
   <div class='ocr_carea' id='block_1_56' title="bbox 1977 2496 3560 2572">
    <p class='ocr_par' dir='ltr' id='par_1_56' title="bbox 1977 2496 3560 2572">
     <span class='ocr_line' id='line_1_56' title="bbox 1977 2496 3560 2572; baseline 0.006 -21"><span class='ocrx_word' id='word_1_428' title='bbox 1977 2496 2116 2567; x_wconf 84' lang='lat' dir='ltr'><strong>Ergo</strong></span> <span class='ocrx_word' id='word_1_429' title='bbox 2144 2506 2367 2554; x_wconf 90' lang='lat' dir='ltr'><strong>mortuo</strong></span> <span class='ocrx_word' id='word_1_430' title='bbox 2404 2515 2503 2570; x_wconf 90' lang='lat' dir='ltr'><strong>pro</strong></span> <span class='ocrx_word' id='word_1_431' title='bbox 2530 2515 2617 2555; x_wconf 89' lang='lat' dir='ltr'><strong>me</strong></span> <span class='ocrx_word' id='word_1_432' title='bbox 2662 2500 2914 2567; x_wconf 89' lang='lat' dir='ltr'><strong>Domino,</strong></span> <span class='ocrx_word' id='word_1_433' title='bbox 2943 2516 3042 2572; x_wconf 84' lang='lat' dir='ltr'><strong>ego</strong></span> <span class='ocrx_word' id='word_1_434' title='bbox 3070 2503 3436 2559; x_wconf 86' lang='lat' dir='ltr'><strong>haereditatem</strong></span> <span class='ocrx_word' id='word_1_435' title='bbox 3466 2520 3560 2562; x_wconf 81' lang='lat' dir='ltr'><strong>ac-</strong></span> 
     </span>
    </p>
   </div>
   <div class='ocr_carea' id='block_1_57' title="bbox 1976 2590 3562 2660">
    <p class='ocr_par' dir='ltr' id='par_1_57' title="bbox 1976 2590 3562 2660">
     <span class='ocr_line' id='line_1_57' title="bbox 1976 2590 3562 2660; baseline 0.006 -16"><span class='ocrx_word' id='word_1_436' title='bbox 1976 2590 2489 2659; x_wconf 85' lang='lat' dir='ltr'><strong>quisivi,lestimonia</strong></span> <span class='ocrx_word' id='word_1_437' title='bbox 2499 2591 2616 2659; x_wconf 85' lang='lat' dir='ltr'><strong>ejus</strong></span> <span class='ocrx_word' id='word_1_438' title='bbox 2629 2591 2678 2643; x_wconf 86' lang='lat' dir='ltr'><strong>in</strong></span> <span class='ocrx_word' id='word_1_439' title='bbox 2694 2590 3113 2660; x_wconf 68' lang='lat' dir='ltr'><strong>aeternum,quia</strong></span> <span class='ocrx_word' id='word_1_440' title='bbox 3132 2594 3243 2648; x_wconf 69' lang='lat' dir='ltr'><strong>haec</strong></span> <span class='ocrx_word' id='word_1_441' title='bbox 3256 2598 3562 2653; x_wconf 78' lang='lat' dir='ltr'><strong>testimonia</strong></span> 
     </span>
    </p>
   </div>
   <div class='ocr_carea' id='block_1_58' title="bbox 1976 2680 3561 2743">
    <p class='ocr_par' dir='ltr' id='par_1_58' title="bbox 1976 2680 3561 2743">
     <span class='ocr_line' id='line_1_58' title="bbox 1976 2680 3561 2743; baseline 0.006 -10"><span class='ocrx_word' id='word_1_442' title='bbox 1976 2680 2263 2737; x_wconf 84' lang='lat' dir='ltr'><strong>exsultatio</strong></span> <span class='ocrx_word' id='word_1_443' title='bbox 2305 2681 2484 2741; x_wconf 79' lang='lat' dir='ltr'><strong>cordis</strong></span> <span class='ocrx_word' id='word_1_444' title='bbox 2527 2682 2634 2738; x_wconf 88' lang='lat' dir='ltr'><strong>mei</strong></span> <span class='ocrx_word' id='word_1_445' title='bbox 2679 2690 2824 2739; x_wconf 90' lang='lat' dir='ltr'><strong>sunt.</strong></span> <span class='ocrx_word' id='word_1_446' title='bbox 2857 2682 3111 2741; x_wconf 84' lang='lat' dir='ltr'><strong>Testatus</strong></span> <span class='ocrx_word' id='word_1_447' title='bbox 3136 2694 3221 2741; x_wconf 88' lang='lat' dir='ltr'><strong>est</strong></span> <span class='ocrx_word' id='word_1_448' title='bbox 3258 2689 3401 2742; x_wconf 91' lang='lat' dir='ltr'><strong>enim</strong></span> <span class='ocrx_word' id='word_1_449' title='bbox 3430 2688 3561 2743; x_wconf 91' lang='lat' dir='ltr'><strong>mihi</strong></span> 
     </span>
    </p>
   </div>
   <div class='ocr_carea' id='block_1_59' title="bbox 1977 2773 3562 2845">
    <p class='ocr_par' dir='ltr' id='par_1_59' title="bbox 1977 2773 3562 2845">
     <span class='ocr_line' id='line_1_59' title="bbox 1977 2773 3562 2845; baseline 0.004 -17"><span class='ocrx_word' id='word_1_450' title='bbox 1977 2773 2119 2843; x_wconf 89' lang='lat' dir='ltr'><strong>quod</strong></span> <span class='ocrx_word' id='word_1_451' title='bbox 2149 2782 2460 2845; x_wconf 90' lang='lat' dir='ltr'><strong>perpetuam</strong></span> <span class='ocrx_word' id='word_1_452' title='bbox 2487 2777 2651 2831; x_wconf 90' lang='lat' dir='ltr'><strong>vitam</strong></span> <span class='ocrx_word' id='word_1_453' title='bbox 2680 2776 2944 2830; x_wconf 83' lang='lat' dir='ltr'><strong>inveniam</strong></span> <span class='ocrx_word' id='word_1_454' title='bbox 2975 2784 3030 2831; x_wconf 89' lang='lat' dir='ltr'><strong>et</strong></span> <span class='ocrx_word' id='word_1_455' title='bbox 3050 2785 3304 2833; x_wconf 80' lang='lat' dir='ltr'><strong>:cternam</strong></span> <span class='ocrx_word' id='word_1_456' title='bbox 3332 2789 3562 2835; x_wconf 87' lang='lat' dir='ltr'><strong>mortem</strong></span> 
     </span>
    </p>
   </div>
   <div class='ocr_carea' id='block_1_60' title="bbox 1978 2866 3563 2940">
    <p class='ocr_par' dir='ltr' id='par_1_60' title="bbox 1978 2866 3563 2940">
     <span class='ocr_line' id='line_1_60' title="bbox 1978 2866 3563 2940; baseline 0.004 -20"><span class='ocrx_word' id='word_1_457' title='bbox 1978 2867 2219 2921; x_wconf 88' lang='lat' dir='ltr'><strong>cvadam.</strong></span> <span class='ocrx_word' id='word_1_458' title='bbox 2251 2866 2320 2922; x_wconf 85' lang='lat' dir='ltr'><strong>Et</strong></span> <span class='ocrx_word' id='word_1_459' title='bbox 2344 2882 2444 2935; x_wconf 79' lang='lat' dir='ltr'><strong>ego</strong></span> <span class='ocrx_word' id='word_1_460' title='bbox 2473 2868 2697 2922; x_wconf 88' lang='lat' dir='ltr'><strong>credens</strong></span> <span class='ocrx_word' id='word_1_461' title='bbox 2726 2868 2939 2935; x_wconf 87' lang='lat' dir='ltr'><strong>iniquos</strong></span> <span class='ocrx_word' id='word_1_462' title='bbox 2967 2869 3090 2924; x_wconf 90' lang='lat' dir='ltr'><strong>odio</strong></span> <span class='ocrx_word' id='word_1_463' title='bbox 3113 2870 3291 2935; x_wconf 88' lang='lat' dir='ltr'><strong>habui,</strong></span> <span class='ocrx_word' id='word_1_464' title='bbox 3315 2880 3369 2926; x_wconf 90' lang='lat' dir='ltr'><strong>et</strong></span> <span class='ocrx_word' id='word_1_465' title='bbox 3391 2872 3563 2940; x_wconf 81' lang='lat' dir='ltr'><strong>legem</strong></span> 
     </span>
    </p>
   </div>
   <div class='ocr_carea' id='block_1_61' title="bbox 1980 2959 3564 3030">
    <p class='ocr_par' dir='ltr' id='par_1_61' title="bbox 1980 2959 3564 3030">
     <span class='ocr_line' id='line_1_61' title="bbox 1980 2959 3564 3030; baseline 0.003 -17"><span class='ocrx_word' id='word_1_466' title='bbox 1980 2965 2125 3014; x_wconf 91' lang='lat' dir='ltr'><strong>tuam</strong></span> <span class='ocrx_word' id='word_1_467' title='bbox 2153 2959 2336 3021; x_wconf 84' lang='lat' dir='ltr'><strong>dilexi,</strong></span> <span class='ocrx_word' id='word_1_468' title='bbox 2380 2968 2541 3028; x_wconf 80' lang='lat' dir='ltr'><strong>atque</strong></span> <span class='ocrx_word' id='word_1_469' title='bbox 2583 2959 2704 3015; x_wconf 92' lang='lat' dir='ltr'><strong>ideo</strong></span> <span class='ocrx_word' id='word_1_470' title='bbox 2755 2959 2864 3014; x_wconf 85' lang='lat' dir='ltr'><strong>dixi</strong></span> <span class='ocrx_word' id='word_1_471' title='bbox 2914 2960 3191 3030; x_wconf 84' lang='lat' dir='ltr'><strong>spiritibus</strong></span> <span class='ocrx_word' id='word_1_472' title='bbox 3235 2961 3564 3018; x_wconf 89' lang='lat' dir='ltr'><strong>immundis:</strong></span> 
     </span>
    </p>
   </div>
   <div class='ocr_carea' id='block_1_62' title="bbox 296 3042 3559 3118">
    <p class='ocr_par' dir='ltr' id='par_1_62' title="bbox 296 3042 3559 3118">
     <span class='ocr_line' id='line_1_62' title="bbox 296 3042 3559 3118; baseline 0.002 -18"><span class='ocrx_word' id='word_1_473' title='bbox 296 3047 591 3102; x_wconf 74' lang='lat' dir='ltr'><strong>Videamus</strong></span> <span class='ocrx_word' id='word_1_474' title='bbox 608 3063 692 3100; x_wconf 73' lang='lat' dir='ltr'><strong>nu:</strong></span> <span class='ocrx_word' id='word_1_475' title='bbox 717 3062 766 3111; x_wconf 91' lang='lat' dir='ltr'><strong>e,</strong></span> <span class='ocrx_word' id='word_1_476' title='bbox 783 3046 907 3114; x_wconf 86' lang='lat' dir='ltr'><strong>quid</strong></span> <span class='ocrx_word' id='word_1_477' title='bbox 928 3046 1024 3100; x_wconf 86' lang='lat' dir='ltr'><strong>sibi</strong></span> <span class='ocrx_word' id='word_1_478' title='bbox 1048 3045 1290 3100; x_wconf 69' lang='lat' dir='ltr'><strong>evenisse</strong></span> <span class='ocrx_word' id='word_1_479' title='bbox 1315 3042 1624 3114; x_wconf 76' lang='lat' dir='ltr'><strong>referalper</strong></span> <span class='ocrx_word' id='word_1_480' title='bbox 1641 3059 1877 3099; x_wconf 75' lang='lat' dir='ltr'><strong>amorem</strong></span> <span class='ocrx_word' id='word_1_481' title='bbox 1907 3047 1949 3105; x_wconf 89' lang='lat' dir='ltr'><strong>C</strong></span> <span class='ocrx_word' id='word_1_482' title='bbox 1984 3049 2256 3106; x_wconf 86' lang='lat' dir='ltr'><strong>Declinate</strong></span> <span class='ocrx_word' id='word_1_483' title='bbox 2281 3066 2310 3103; x_wconf 88' lang='lat' dir='ltr'><strong>a</strong></span> <span class='ocrx_word' id='word_1_484' title='bbox 2334 3066 2437 3115; x_wconf 87' lang='lat' dir='ltr'><strong>me,</strong></span> <span class='ocrx_word' id='word_1_485' title='bbox 2464 3050 2696 3118; x_wconf 81' lang='lat' dir='ltr'><strong>maligni,</strong></span> <span class='ocrx_word' id='word_1_486' title='bbox 2721 3059 2778 3104; x_wconf 93' lang='lat' dir='ltr'><strong>ut</strong></span> <span class='ocrx_word' id='word_1_487' title='bbox 2798 3061 3004 3106; x_wconf 76' lang='lat' dir='ltr'><strong>scruter</strong></span> <span class='ocrx_word' id='word_1_488' title='bbox 3031 3052 3280 3108; x_wconf 87' lang='lat' dir='ltr'><strong>mandata</strong></span> <span class='ocrx_word' id='word_1_489' title='bbox 3310 3052 3404 3106; x_wconf 92' lang='lat' dir='ltr'><strong>Dei</strong></span> <span class='ocrx_word' id='word_1_490' title='bbox 3434 3053 3559 3107; x_wconf 91' lang='lat' dir='ltr'><strong>mei.</strong></span> 
     </span>
    </p>
   </div>
   <div class='ocr_carea' id='block_1_63' title="bbox 297 3136 1878 3208">
    <p class='ocr_par' dir='ltr' id='par_1_63' title="bbox 297 3136 1878 3208">
     <span class='ocr_line' id='line_1_63' title="bbox 297 3136 1878 3208; baseline -0.002 -15"><span class='ocrx_word' id='word_1_491' title='bbox 297 3155 424 3193; x_wconf 87' lang='lat' dir='ltr'><strong>man</strong></span> <span class='ocrx_word' id='word_1_492' title='bbox 446 3139 536 3192; x_wconf 72' lang='lat' dir='ltr'><strong>tati</strong></span> <span class='ocrx_word' id='word_1_493' title='bbox 575 3154 587 3191; x_wconf 92' lang='lat'>:</span> <span class='ocrx_word' id='word_1_494' title='bbox 621 3138 795 3208; x_wconf 90' lang='lat' dir='ltr'><strong>Super</strong></span> <span class='ocrx_word' id='word_1_495' title='bbox 829 3137 1070 3191; x_wconf 89' lang='lat' dir='ltr'><strong>inimicos</strong></span> <span class='ocrx_word' id='word_1_496' title='bbox 1103 3151 1280 3203; x_wconf 88' lang='lat' dir='ltr'><strong>meos,</strong></span> <span class='ocrx_word' id='word_1_497' title='bbox 1322 3136 1521 3205; x_wconf 91' lang='lat' dir='ltr'><strong>inquit,</strong></span> <span class='ocrx_word' id='word_1_498' title='bbox 1561 3136 1878 3205; x_wconf 85' lang='lat' dir='ltr'><strong>prudentem</strong></span> 
     </span>
    </p>
   </div>
   <div class='ocr_carea' id='block_1_64' title="bbox 298 3227 1882 3298">
    <p class='ocr_par' dir='ltr' id='par_1_64' title="bbox 298 3227 1882 3298">
     <span class='ocr_line' id='line_1_64' title="bbox 298 3227 1882 3298; baseline -0.003 -13"><span class='ocrx_word' id='word_1_499' title='bbox 298 3246 390 3285; x_wconf 88' lang='lat' dir='ltr'><strong>me</strong></span> <span class='ocrx_word' id='word_1_500' title='bbox 420 3229 591 3285; x_wconf 71' lang='lat' dir='ltr'><strong>fecisti</strong></span> <span class='ocrx_word' id='word_1_501' title='bbox 618 3228 866 3284; x_wconf 75' lang='lat' dir='ltr'><strong>mandato</strong></span> <span class='ocrx_word' id='word_1_502' title='bbox 891 3229 1129 3298; x_wconf 87' lang='lat' dir='ltr'><strong>tuo,quia</strong></span> <span class='ocrx_word' id='word_1_503' title='bbox 1154 3228 1205 3282; x_wconf 93' lang='lat' dir='ltr'><strong>in</strong></span> <span class='ocrx_word' id='word_1_504' title='bbox 1227 3237 1486 3283; x_wconf 77' lang='lat' dir='ltr'><strong>mternum</strong></span> <span class='ocrx_word' id='word_1_505' title='bbox 1507 3228 1635 3282; x_wconf 86' lang='lat' dir='ltr'><strong>mihi</strong></span> <span class='ocrx_word' id='word_1_506' title='bbox 1658 3235 1760 3282; x_wconf 91' lang='lat' dir='ltr'><strong>est.</strong></span> <span class='ocrx_word' id='word_1_507' title='bbox 1785 3227 1882 3281; x_wconf 90' lang='lat' dir='ltr'><strong>lni-</strong></span> 
     </span>
    </p>
   </div>
   <div class='ocr_carea' id='block_1_65' title="bbox 303 3312 1935 3377">
    <p class='ocr_par' dir='ltr' id='par_1_65' title="bbox 303 3312 1935 3377">
     <span class='ocr_line' id='line_1_65' title="bbox 303 3312 1935 3377; baseline -0.001 -1"><span class='ocrx_word' id='word_1_508' title='bbox 303 3322 474 3376; x_wconf 81' lang='lat' dir='ltr'><strong>mieos</strong></span> <span class='ocrx_word' id='word_1_509' title='bbox 511 3321 614 3376; x_wconf 91' lang='lat' dir='ltr'><strong>hoc</strong></span> <span class='ocrx_word' id='word_1_510' title='bbox 653 3322 775 3375; x_wconf 91' lang='lat' dir='ltr'><strong>loco</strong></span> <span class='ocrx_word' id='word_1_511' title='bbox 813 3328 867 3374; x_wconf 88' lang='lat' dir='ltr'><strong>et</strong></span> <span class='ocrx_word' id='word_1_512' title='bbox 901 3319 1188 3374; x_wconf 83' lang='lat' dir='ltr'><strong>invisibiles</strong></span> <span class='ocrx_word' id='word_1_513' title='bbox 1210 3327 1264 3375; x_wconf 89' lang='lat' dir='ltr'><strong>et</strong></span> <span class='ocrx_word' id='word_1_514' title='bbox 1287 3318 1524 3374; x_wconf 86' lang='lat' dir='ltr'><strong>visibiles</strong></span> <span class='ocrx_word' id='word_1_515' title='bbox 1541 3318 1877 3377; x_wconf 87' lang='lat' dir='ltr'><strong>memoravit.</strong></span> <span class='ocrx_word' id='word_1_516' title='bbox 1932 3312 1935 3315; x_wconf 71' lang='grc'><em>’</em></span> 
     </span>
    </p>
   </div>
   <div class='ocr_carea' id='block_1_66' title="bbox 302 3407 1880 3482">
    <p class='ocr_par' dir='ltr' id='par_1_66' title="bbox 302 3407 1880 3482">
     <span class='ocr_line' id='line_1_66' title="bbox 302 3407 1880 3482; baseline -0.003 -15"><span class='ocrx_word' id='word_1_517' title='bbox 302 3411 476 3482; x_wconf 81' lang='lat' dir='ltr'><strong>Super</strong></span> <span class='ocrx_word' id='word_1_518' title='bbox 502 3427 687 3467; x_wconf 79' lang='lat' dir='ltr'><strong>omnes</strong></span> <span class='ocrx_word' id='word_1_519' title='bbox 706 3410 962 3466; x_wconf 78' lang='lat' dir='ltr'><strong>docentes</strong></span> <span class='ocrx_word' id='word_1_520' title='bbox 984 3425 1069 3464; x_wconf 89' lang='lat' dir='ltr'><strong>me</strong></span> <span class='ocrx_word' id='word_1_521' title='bbox 1092 3409 1351 3475; x_wconf 83' lang='lat' dir='ltr'><strong>intellexi,</strong></span> <span class='ocrx_word' id='word_1_522' title='bbox 1374 3409 1497 3479; x_wconf 90' lang='lat' dir='ltr'><strong>quia</strong></span> <span class='ocrx_word' id='word_1_523' title='bbox 1518 3407 1769 3463; x_wconf 86' lang='lat' dir='ltr'><strong>mandata</strong></span> <span class='ocrx_word' id='word_1_524' title='bbox 1790 3416 1880 3463; x_wconf 87' lang='lat' dir='ltr'><strong>tua</strong></span> 
     </span>
    </p>
   </div>
   <div class='ocr_carea' id='block_1_67' title="bbox 306 3502 1882 3575">
    <p class='ocr_par' dir='ltr' id='par_1_67' title="bbox 306 3502 1882 3575">
     <span class='ocr_line' id='line_1_67' title="bbox 306 3502 1882 3575; baseline -0.002 -16"><span class='ocrx_word' id='word_1_525' title='bbox 306 3505 587 3575; x_wconf 76' lang='lat' dir='ltr'><strong>exquisivi.</strong></span> <span class='ocrx_word' id='word_1_526' title='bbox 617 3503 751 3558; x_wconf 86' lang='lat' dir='ltr'><strong>Nota</strong></span> <span class='ocrx_word' id='word_1_527' title='bbox 791 3504 914 3567; x_wconf 90' lang='lat' dir='ltr'><strong>tibi,</strong></span> <span class='ocrx_word' id='word_1_528' title='bbox 948 3503 1334 3567; x_wconf 89' lang='lat' dir='ltr'><strong>eruditissime,</strong></span> <span class='ocrx_word' id='word_1_529' title='bbox 1363 3503 1487 3571; x_wconf 90' lang='lat' dir='ltr'><strong>quia</strong></span> <span class='ocrx_word' id='word_1_530' title='bbox 1517 3518 1637 3558; x_wconf 93' lang='lat' dir='ltr'><strong>cum</strong></span> <span class='ocrx_word' id='word_1_531' title='bbox 1666 3502 1882 3572; x_wconf 89' lang='lat' dir='ltr'><strong>sapien—</strong></span> 
     </span>
    </p>
   </div>
   <div class='ocr_carea' id='block_1_68' title="bbox 304 3589 1881 3662">
    <p class='ocr_par' dir='ltr' id='par_1_68' title="bbox 304 3589 1881 3662">
     <span class='ocr_line' id='line_1_68' title="bbox 304 3589 1881 3662; baseline -0.003 -13"><span class='ocrx_word' id='word_1_532' title='bbox 304 3597 409 3649; x_wconf 88' lang='lat' dir='ltr'><strong>tior</strong></span> <span class='ocrx_word' id='word_1_533' title='bbox 427 3603 569 3649; x_wconf 89' lang='lat' dir='ltr'><strong>esset</strong></span> <span class='ocrx_word' id='word_1_534' title='bbox 588 3593 922 3657; x_wconf 81' lang='lat' dir='ltr'><strong>docentibus,</strong></span> <span class='ocrx_word' id='word_1_535' title='bbox 941 3592 1186 3662; x_wconf 79' lang='lat' dir='ltr'><strong>discipuli</strong></span> <span class='ocrx_word' id='word_1_536' title='bbox 1209 3591 1431 3646; x_wconf 79' lang='lat' dir='ltr'><strong>formam</strong></span> <span class='ocrx_word' id='word_1_537' title='bbox 1455 3591 1692 3661; x_wconf 76' lang='lat' dir='ltr'><strong>gerebat.</strong></span> <span class='ocrx_word' id='word_1_538' title='bbox 1708 3589 1881 3645; x_wconf 86' lang='lat' dir='ltr'><strong>Etiam</strong></span> 
     </span>
    </p>
   </div>
   <div class='ocr_carea' id='block_1_69' title="bbox 304 3682 1880 3755">
    <p class='ocr_par' dir='ltr' id='par_1_69' title="bbox 304 3682 1880 3755">
     <span class='ocr_line' id='line_1_69' title="bbox 304 3682 1880 3755; baseline -0.004 -15"><span class='ocrx_word' id='word_1_539' title='bbox 304 3700 463 3755; x_wconf 76' lang='lat' dir='ltr'><strong>super</strong></span> <span class='ocrx_word' id='word_1_540' title='bbox 486 3700 644 3739; x_wconf 89' lang='lat' dir='ltr'><strong>senes</strong></span> <span class='ocrx_word' id='word_1_541' title='bbox 664 3683 922 3748; x_wconf 73' lang='lat' dir='ltr'><strong>intellexi,</strong></span> <span class='ocrx_word' id='word_1_542' title='bbox 947 3684 1069 3751; x_wconf 88' lang='lat' dir='ltr'><strong>quia</strong></span> <span class='ocrx_word' id='word_1_543' title='bbox 1100 3682 1271 3749; x_wconf 87' lang='lat' dir='ltr'><strong>legem</strong></span> <span class='ocrx_word' id='word_1_544' title='bbox 1296 3690 1440 3736; x_wconf 88' lang='lat' dir='ltr'><strong>tuam</strong></span> <span class='ocrx_word' id='word_1_545' title='bbox 1469 3688 1574 3735; x_wconf 86' lang='lat' dir='ltr'><strong>non</strong></span> <span class='ocrx_word' id='word_1_546' title='bbox 1604 3696 1719 3736; x_wconf 87' lang='lat' dir='ltr'><strong>sum</strong></span> <span class='ocrx_word' id='word_1_547' title='bbox 1743 3682 1880 3736; x_wconf 84' lang='lat' dir='ltr'><strong>obli-</strong></span> 
     </span>
    </p>
   </div>
   <div class='ocr_carea' id='block_1_70' title="bbox 302 3773 1880 3839">
    <p class='ocr_par' dir='ltr' id='par_1_70' title="bbox 302 3773 1880 3839">
     <span class='ocr_line' id='line_1_70' title="bbox 302 3773 1880 3839; baseline -0.003 -8"><span class='ocrx_word' id='word_1_548' title='bbox 302 3785 406 3831; x_wconf 87' lang='lat' dir='ltr'><strong>tus.</strong></span> <span class='ocrx_word' id='word_1_549' title='bbox 437 3776 623 3831; x_wconf 82' lang='lat' dir='ltr'><strong>Nullus</strong></span> <span class='ocrx_word' id='word_1_550' title='bbox 650 3776 973 3831; x_wconf 75' lang='lat' dir='ltr'><strong>oblivionem</strong></span> <span class='ocrx_word' id='word_1_551' title='bbox 1019 3788 1133 3828; x_wconf 86' lang='lat' dir='ltr'><strong>rem</strong></span> <span class='ocrx_word' id='word_1_552' title='bbox 1180 3782 1385 3827; x_wconf 71' lang='lat' dir='ltr'><strong>natura:</strong></span> <span class='ocrx_word' id='word_1_553' title='bbox 1430 3773 1727 3839; x_wconf 78' lang='lat' dir='ltr'><strong>existimet,</strong></span> <span class='ocrx_word' id='word_1_554' title='bbox 1760 3787 1880 3827; x_wconf 88' lang='lat' dir='ltr'><strong>cum</strong></span> 
     </span>
    </p>
   </div>
   <div class='ocr_carea' id='block_1_71' title="bbox 296 3860 1882 3933">
    <p class='ocr_par' dir='ltr' id='par_1_71' title="bbox 296 3860 1882 3933">
     <span class='ocr_line' id='line_1_71' title="bbox 296 3860 1882 3933; baseline -0.006 -10"><span class='ocrx_word' id='word_1_555' title='bbox 296 3884 367 3924; x_wconf 82' lang='lat' dir='ltr'><strong>ex</strong></span> <span class='ocrx_word' id='word_1_556' title='bbox 397 3867 529 3920; x_wconf 90' lang='lat' dir='ltr'><strong>vitio</strong></span> <span class='ocrx_word' id='word_1_557' title='bbox 578 3864 911 3933; x_wconf 69' lang='lat' dir='ltr'><strong>negligentia:</strong></span> <span class='ocrx_word' id='word_1_558' title='bbox 953 3863 1174 3918; x_wconf 90' lang='lat' dir='ltr'><strong>oriatur.</strong></span> <span class='ocrx_word' id='word_1_559' title='bbox 1222 3860 1356 3928; x_wconf 87' lang='lat' dir='ltr'><strong>Quia</strong></span> <span class='ocrx_word' id='word_1_560' title='bbox 1386 3876 1540 3931; x_wconf 85' lang='lat' dir='ltr'><strong>ergo,</strong></span> <span class='ocrx_word' id='word_1_561' title='bbox 1573 3862 1673 3926; x_wconf 88' lang='lat' dir='ltr'><strong>ait,</strong></span> <span class='ocrx_word' id='word_1_562' title='bbox 1707 3861 1882 3930; x_wconf 87' lang='lat' dir='ltr'><strong>legem</strong></span> 
     </span>
    </p>
   </div>
   <div class='ocr_carea' id='block_1_72' title="bbox 295 3953 1883 4023">
    <p class='ocr_par' dir='ltr' id='par_1_72' title="bbox 295 3953 1883 4023">
     <span class='ocr_line' id='line_1_72' title="bbox 295 3953 1883 4023; baseline -0.004 -10"><span class='ocrx_word' id='word_1_563' title='bbox 295 3968 448 4013; x_wconf 91' lang='lat' dir='ltr'><strong>tuam</strong></span> <span class='ocrx_word' id='word_1_564' title='bbox 495 3973 600 4010; x_wconf 81' lang='lat' dir='ltr'><strong>non</strong></span> <span class='ocrx_word' id='word_1_565' title='bbox 647 3972 764 4010; x_wconf 84' lang='lat' dir='ltr'><strong>sum</strong></span> <span class='ocrx_word' id='word_1_566' title='bbox 808 3953 1024 4017; x_wconf 86' lang='lat' dir='ltr'><strong>oblitus,</strong></span> <span class='ocrx_word' id='word_1_567' title='bbox 1058 3953 1125 4007; x_wconf 89' lang='lat' dir='ltr'><strong>ab</strong></span> <span class='ocrx_word' id='word_1_568' title='bbox 1154 3953 1302 4008; x_wconf 90' lang='lat' dir='ltr'><strong>omni</strong></span> <span class='ocrx_word' id='word_1_569' title='bbox 1333 3953 1417 4007; x_wconf 88' lang='lat' dir='ltr'><strong>via</strong></span> <span class='ocrx_word' id='word_1_570' title='bbox 1462 3953 1600 4006; x_wconf 89' lang='lat' dir='ltr'><strong>mala</strong></span> <span class='ocrx_word' id='word_1_571' title='bbox 1631 3953 1883 4023; x_wconf 90' lang='lat' dir='ltr'><strong>prohibui</strong></span> 
     </span>
    </p>
   </div>
   <div class='ocr_carea' id='block_1_73' title="bbox 298 4041 1883 4118">
    <p class='ocr_par' dir='ltr' id='par_1_73' title="bbox 298 4041 1883 4118">
     <span class='ocr_line' id='line_1_73' title="bbox 298 4041 1883 4118; baseline -0.003 -18"><span class='ocrx_word' id='word_1_572' title='bbox 298 4046 468 4118; x_wconf 88' lang='lat' dir='ltr'><strong>pedes</strong></span> <span class='ocrx_word' id='word_1_573' title='bbox 497 4042 672 4110; x_wconf 83' lang='lat' dir='ltr'><strong>meos,</strong></span> <span class='ocrx_word' id='word_1_574' title='bbox 709 4051 764 4098; x_wconf 93' lang='lat' dir='ltr'><strong>ut</strong></span> <span class='ocrx_word' id='word_1_575' title='bbox 807 4042 1103 4098; x_wconf 88' lang='lat' dir='ltr'><strong>custodiam</strong></span> <span class='ocrx_word' id='word_1_576' title='bbox 1149 4041 1401 4096; x_wconf 86' lang='lat' dir='ltr'><strong>mandata</strong></span> <span class='ocrx_word' id='word_1_577' title='bbox 1452 4049 1571 4107; x_wconf 88' lang='lat' dir='ltr'><strong>tua,</strong></span> <span class='ocrx_word' id='word_1_578' title='bbox 1614 4042 1665 4096; x_wconf 87' lang='lat' dir='ltr'><strong>id</strong></span> <span class='ocrx_word' id='word_1_579' title='bbox 1712 4050 1821 4109; x_wconf 90' lang='lat' dir='ltr'><strong>est,</strong></span> <span class='ocrx_word' id='word_1_580' title='bbox 1853 4057 1883 4095; x_wconf 90' lang='lat' dir='ltr'><strong>a</strong></span> 
     </span>
    </p>
   </div>
   <div class='ocr_carea' id='block_1_74' title="bbox 296 4132 1884 4201">
    <p class='ocr_par' dir='ltr' id='par_1_74' title="bbox 296 4132 1884 4201">
     <span class='ocr_line' id='line_1_74' title="bbox 296 4132 1884 4201; baseline -0.003 -8"><span class='ocrx_word' id='word_1_581' title='bbox 296 4139 445 4194; x_wconf 87' lang='lat' dir='ltr'><strong>malo</strong></span> <span class='ocrx_word' id='word_1_582' title='bbox 471 4137 700 4201; x_wconf 83' lang='lat' dir='ltr'><strong>recessi,</strong></span> <span class='ocrx_word' id='word_1_583' title='bbox 732 4143 788 4191; x_wconf 92' lang='lat' dir='ltr'><strong>et</strong></span> <span class='ocrx_word' id='word_1_584' title='bbox 816 4135 888 4188; x_wconf 87' lang='lat' dir='ltr'><strong>ita</strong></span> <span class='ocrx_word' id='word_1_585' title='bbox 920 4133 985 4188; x_wconf 89' lang='lat' dir='ltr'><strong>ad</strong></span> <span class='ocrx_word' id='word_1_586' title='bbox 1015 4134 1310 4189; x_wconf 87' lang='lat' dir='ltr'><strong>custodiam</strong></span> <span class='ocrx_word' id='word_1_587' title='bbox 1341 4132 1716 4187; x_wconf 88' lang='lat' dir='ltr'><strong>mandatorum</strong></span> <span class='ocrx_word' id='word_1_588' title='bbox 1761 4142 1884 4188; x_wconf 89' lang='lat' dir='ltr'><strong>tuo-</strong></span> 
     </span>
    </p>
   </div>
   <div class='ocr_carea' id='block_1_75' title="bbox 297 4208 1882 4294">
    <p class='ocr_par' dir='ltr' id='par_1_75' title="bbox 297 4208 1882 4294">
     <span class='ocr_line' id='line_1_75' title="bbox 297 4208 1882 4294; baseline -0.004 -12"><span class='ocrx_word' id='word_1_589' title='bbox 297 4244 420 4283; x_wconf 88' lang='lat' dir='ltr'><strong>rum</strong></span> <span class='ocrx_word' id='word_1_590' title='bbox 448 4227 667 4281; x_wconf 89' lang='lat' dir='ltr'><strong>accessi.</strong></span> <span class='ocrx_word' id='word_1_591' title='bbox 697 4224 938 4294; x_wconf 85' lang='lat' dir='ltr'><strong>Cumque</strong></span> <span class='ocrx_word' id='word_1_592' title='bbox 978 4223 1320 4277; x_wconf 82' lang='lat' dir='ltr'><strong>accessissem</strong></span> <span class='ocrx_word' id='word_1_593' title='bbox 1350 4238 1380 4276; x_wconf 90' lang='lat' dir='ltr'><strong>a</strong></span> <span class='ocrx_word' id='word_1_594' title='bbox 1405 4208 1617 4291; x_wconf 89' lang='lat' dir='ltr'><strong>judiciis</strong></span> <span class='ocrx_word' id='word_1_595' title='bbox 1643 4222 1750 4277; x_wconf 89' lang='lat' dir='ltr'><strong>tuis</strong></span> <span class='ocrx_word' id='word_1_596' title='bbox 1776 4238 1882 4275; x_wconf 92' lang='lat' dir='ltr'><strong>non</strong></span> 
     </span>
    </p>
   </div>
   <div class='ocr_carea' id='block_1_76' title="bbox 296 4314 1883 4388">
    <p class='ocr_par' dir='ltr' id='par_1_76' title="bbox 296 4314 1883 4388">
     <span class='ocr_line' id='line_1_76' title="bbox 296 4314 1883 4388; baseline -0.005 -13"><span class='ocrx_word' id='word_1_597' title='bbox 296 4318 597 4383; x_wconf 81' lang='lat' dir='ltr'><strong>declinavi,</strong></span> <span class='ocrx_word' id='word_1_598' title='bbox 628 4318 753 4388; x_wconf 88' lang='lat' dir='ltr'><strong>quia</strong></span> <span class='ocrx_word' id='word_1_599' title='bbox 795 4324 851 4370; x_wconf 90' lang='lat' dir='ltr'><strong>tu</strong></span> <span class='ocrx_word' id='word_1_600' title='bbox 880 4317 1053 4384; x_wconf 82' lang='lat' dir='ltr'><strong>legem</strong></span> <span class='ocrx_word' id='word_1_601' title='bbox 1093 4315 1322 4386; x_wconf 86' lang='lat' dir='ltr'><strong>posuisti</strong></span> <span class='ocrx_word' id='word_1_602' title='bbox 1370 4314 1528 4379; x_wconf 90' lang='lat' dir='ltr'><strong>mihi,</strong></span> <span class='ocrx_word' id='word_1_603' title='bbox 1578 4328 1741 4382; x_wconf 87' lang='lat' dir='ltr'><strong>quam</strong></span> <span class='ocrx_word' id='word_1_604' title='bbox 1784 4327 1883 4381; x_wconf 84' lang='lat' dir='ltr'><strong>ego</strong></span> 
     </span>
    </p>
   </div>
   <div class='ocr_carea' id='block_1_77' title="bbox 1983 3140 3561 3210">
    <p class='ocr_par' dir='ltr' id='par_1_77' title="bbox 1983 3140 3561 3210">
     <span class='ocr_line' id='line_1_77' title="bbox 1983 3140 3561 3210; baseline 0.001 -15"><span class='ocrx_word' id='word_1_605' title='bbox 1983 3140 2118 3195; x_wconf 88' lang='lat' dir='ltr'><strong>Nota</strong></span> <span class='ocrx_word' id='word_1_606' title='bbox 2150 3141 2244 3195; x_wconf 89' lang='lat' dir='ltr'><strong>tibi</strong></span> <span class='ocrx_word' id='word_1_607' title='bbox 2274 3140 2544 3210; x_wconf 85' lang='lat' dir='ltr'><strong>quomodo</strong></span> <span class='ocrx_word' id='word_1_608' title='bbox 2572 3147 2865 3195; x_wconf 86' lang='lat' dir='ltr'><strong>scrutatum</strong></span> <span class='ocrx_word' id='word_1_609' title='bbox 2898 3140 3062 3208; x_wconf 73' lang='lat' dir='ltr'><strong>legis.</strong></span> <span class='ocrx_word' id='word_1_610' title='bbox 3105 3151 3159 3195; x_wconf 91' lang='lat' dir='ltr'><strong>et</strong></span> <span class='ocrx_word' id='word_1_611' title='bbox 3189 3140 3259 3195; x_wconf 90' lang='lat' dir='ltr'><strong>ita</strong></span> <span class='ocrx_word' id='word_1_612' title='bbox 3288 3149 3561 3208; x_wconf 86' lang='lat' dir='ltr'><strong>scrutare;</strong></span> 
     </span>
    </p>
   </div>
   <div class='ocr_carea' id='block_1_78' title="bbox 1982 3229 3562 3303">
    <p class='ocr_par' dir='ltr' id='par_1_78' title="bbox 1982 3229 3562 3303">
     <span class='ocr_line' id='line_1_78' title="bbox 1982 3229 3562 3303; baseline -0.001 -19"><span class='ocrx_word' id='word_1_613' title='bbox 1982 3229 2068 3284; x_wconf 90' lang='lat' dir='ltr'><strong>dic</strong></span> <span class='ocrx_word' id='word_1_614' title='bbox 2095 3236 2149 3284; x_wconf 91' lang='lat' dir='ltr'><strong>et</strong></span> <span class='ocrx_word' id='word_1_615' title='bbox 2177 3238 2232 3284; x_wconf 92' lang='lat' dir='ltr'><strong>tu</strong></span> <span class='ocrx_word' id='word_1_616' title='bbox 2276 3229 2560 3283; x_wconf 88' lang='lat' dir='ltr'><strong>immundis</strong></span> <span class='ocrx_word' id='word_1_617' title='bbox 2606 3229 2880 3298; x_wconf 86' lang='lat' dir='ltr'><strong>spiritibus</strong></span> <span class='ocrx_word' id='word_1_618' title='bbox 2910 3247 2921 3282; x_wconf 90' lang='lat'><strong>:</strong></span> <span class='ocrx_word' id='word_1_619' title='bbox 2958 3230 3229 3285; x_wconf 85' lang='lat' dir='ltr'><strong>Declinate</strong></span> <span class='ocrx_word' id='word_1_620' title='bbox 3274 3244 3304 3284; x_wconf 88' lang='lat' dir='ltr'><strong>a</strong></span> <span class='ocrx_word' id='word_1_621' title='bbox 3352 3247 3469 3303; x_wconf 83' lang='lat' dir='ltr'><strong>me,</strong></span> <span class='ocrx_word' id='word_1_622' title='bbox 3504 3239 3562 3286; x_wconf 93' lang='lat' dir='ltr'><strong>ut</strong></span> 
     </span>
    </p>
   </div>
   <div class='ocr_carea' id='block_1_79' title="bbox 1982 3318 3569 3390">
    <p class='ocr_par' dir='ltr' id='par_1_79' title="bbox 1982 3318 3569 3390">
     <span class='ocr_line' id='line_1_79' title="bbox 1982 3318 3569 3390; baseline 0.001 -14"><span class='ocrx_word' id='word_1_623' title='bbox 1982 3329 2189 3376; x_wconf 90' lang='lat' dir='ltr'><strong>scruter</strong></span> <span class='ocrx_word' id='word_1_624' title='bbox 2230 3319 2482 3374; x_wconf 89' lang='lat' dir='ltr'><strong>mandata</strong></span> <span class='ocrx_word' id='word_1_625' title='bbox 2527 3320 2619 3375; x_wconf 90' lang='lat' dir='ltr'><strong>Dei</strong></span> <span class='ocrx_word' id='word_1_626' title='bbox 2666 3321 2791 3375; x_wconf 91' lang='lat' dir='ltr'><strong>mei.</strong></span> <span class='ocrx_word' id='word_1_627' title='bbox 2843 3318 2944 3385; x_wconf 86' lang='lat' dir='ltr'><strong>Qui</strong></span> <span class='ocrx_word' id='word_1_628' title='bbox 2994 3322 3093 3390; x_wconf 87' lang='lat' dir='ltr'><strong>ipsi</strong></span> <span class='ocrx_word' id='word_1_629' title='bbox 3139 3323 3231 3375; x_wconf 89' lang='lat' dir='ltr'><strong>tibi</strong></span> <span class='ocrx_word' id='word_1_630' title='bbox 3277 3323 3569 3378; x_wconf 80' lang='lat' dir='ltr'><strong>immittunt</strong></span> 
     </span>
    </p>
   </div>
   <div class='ocr_carea' id='block_1_80' title="bbox 1984 3409 3566 3479">
    <p class='ocr_par' dir='ltr' id='par_1_80' title="bbox 1984 3409 3566 3479">
     <span class='ocr_line' id='line_1_80' title="bbox 1984 3409 3566 3479; baseline 0.003 -15"><span class='ocrx_word' id='word_1_631' title='bbox 1984 3409 2449 3479; x_wconf 86' lang='lat' dir='ltr'><strong>impedimentum,</strong></span> <span class='ocrx_word' id='word_1_632' title='bbox 2481 3410 2696 3478; x_wconf 87' lang='lat' dir='ltr'><strong>quando</strong></span> <span class='ocrx_word' id='word_1_633' title='bbox 2727 3418 2870 3465; x_wconf 87' lang='lat' dir='ltr'><strong>tuam</strong></span> <span class='ocrx_word' id='word_1_634' title='bbox 2900 3419 3132 3469; x_wconf 86' lang='lat' dir='ltr'><strong>mentem</strong></span> <span class='ocrx_word' id='word_1_635' title='bbox 3179 3414 3440 3469; x_wconf 88' lang='lat' dir='ltr'><strong>intentam</strong></span> <span class='ocrx_word' id='word_1_636' title='bbox 3484 3424 3566 3469; x_wconf 89' lang='lat' dir='ltr'><strong>at-</strong></span> 
     </span>
    </p>
   </div>
   <div class='ocr_carea' id='block_1_81' title="bbox 1988 3496 3569 3573">
    <p class='ocr_par' dir='ltr' id='par_1_81' title="bbox 1988 3496 3569 3573">
     <span class='ocr_line' id='line_1_81' title="bbox 1988 3496 3569 3573; baseline 0.004 -20"><span class='ocrx_word' id='word_1_637' title='bbox 1988 3497 2231 3553; x_wconf 90' lang='lat' dir='ltr'><strong>tendunt.</strong></span> <span class='ocrx_word' id='word_1_638' title='bbox 2265 3496 2524 3557; x_wconf 84' lang='lat' dir='ltr'><strong>Eveniant</strong></span> <span class='ocrx_word' id='word_1_639' title='bbox 2567 3497 2747 3573; x_wconf 84' lang='lat' dir='ltr'><strong>itaque</strong></span> <span class='ocrx_word' id='word_1_640' title='bbox 2792 3498 2985 3553; x_wconf 88' lang='lat' dir='ltr'><strong>damna</strong></span> <span class='ocrx_word' id='word_1_641' title='bbox 3016 3516 3226 3566; x_wconf 82' lang='lat' dir='ltr'><strong>rerum,</strong></span> <span class='ocrx_word' id='word_1_642' title='bbox 3267 3511 3321 3555; x_wconf 93' lang='lat' dir='ltr'><strong>et</strong></span> <span class='ocrx_word' id='word_1_643' title='bbox 3358 3503 3569 3561; x_wconf 86' lang='lat' dir='ltr'><strong>diversa</strong></span> 
     </span>
    </p>
   </div>
   <div class='ocr_carea' id='block_1_82' title="bbox 1982 3587 3569 3658">
    <p class='ocr_par' dir='ltr' id='par_1_82' title="bbox 1982 3587 3569 3658">
     <span class='ocr_line' id='line_1_82' title="bbox 1982 3587 3569 3658; baseline 0.003 -15"><span class='ocrx_word' id='word_1_644' title='bbox 1982 3587 2206 3644; x_wconf 82' lang='lat' dir='ltr'><strong>adversa</strong></span> <span class='ocrx_word' id='word_1_645' title='bbox 2235 3587 2317 3642; x_wconf 88' lang='lat' dir='ltr'><strong>vel</strong></span> <span class='ocrx_word' id='word_1_646' title='bbox 2347 3603 2623 3658; x_wconf 90' lang='lat' dir='ltr'><strong>prospera.</strong></span> <span class='ocrx_word' id='word_1_647' title='bbox 2668 3587 2804 3642; x_wconf 82' lang='lat' dir='ltr'><strong>Audi</strong></span> <span class='ocrx_word' id='word_1_648' title='bbox 2845 3588 3064 3657; x_wconf 81' lang='lat' dir='ltr'><strong>angelos</strong></span> <span class='ocrx_word' id='word_1_649' title='bbox 3105 3590 3396 3648; x_wconf 89' lang='lat' dir='ltr'><strong>clamantes</strong></span> <span class='ocrx_word' id='word_1_650' title='bbox 3425 3610 3437 3643; x_wconf 91' lang='lat'><strong>:</strong></span> <span class='ocrx_word' id='word_1_651' title='bbox 3470 3594 3569 3647; x_wconf 80' lang='lat' dir='ltr'><strong>At-</strong></span> 
     </span>
    </p>
   </div>
   <div class='ocr_carea' id='block_1_83' title="bbox 1984 3676 3566 3751">
    <p class='ocr_par' dir='ltr' id='par_1_83' title="bbox 1984 3676 3566 3751">
     <span class='ocr_line' id='line_1_83' title="bbox 1984 3676 3566 3751; baseline 0.003 -18"><span class='ocrx_word' id='word_1_652' title='bbox 1984 3677 2141 3734; x_wconf 86' lang='lat' dir='ltr'><strong>tende</strong></span> <span class='ocrx_word' id='word_1_653' title='bbox 2163 3678 2391 3731; x_wconf 88' lang='lat' dir='ltr'><strong>animam</strong></span> <span class='ocrx_word' id='word_1_654' title='bbox 2421 3685 2586 3745; x_wconf 89' lang='lat' dir='ltr'><strong>tuam,</strong></span> <span class='ocrx_word' id='word_1_655' title='bbox 2607 3676 2763 3744; x_wconf 88' lang='lat' dir='ltr'><strong>Loth,</strong></span> <span class='ocrx_word' id='word_1_656' title='bbox 2797 3693 2865 3733; x_wconf 92' lang='lat' dir='ltr'><strong>ne</strong></span> <span class='ocrx_word' id='word_1_657' title='bbox 2896 3679 3234 3749; x_wconf 78' lang='lat' dir='ltr'><strong>prospexeris</strong></span> <span class='ocrx_word' id='word_1_658' title='bbox 3263 3689 3428 3737; x_wconf 90' lang='lat' dir='ltr'><strong>retro.</strong></span> <span class='ocrx_word' id='word_1_659' title='bbox 3454 3680 3566 3751; x_wconf 81' lang='lat' dir='ltr'><strong>Age</strong></span> 
     </span>
    </p>
   </div>
   <div class='ocr_carea' id='block_1_84' title="bbox 1988 3766 3571 3838">
    <p class='ocr_par' dir='ltr' id='par_1_84' title="bbox 1988 3766 3571 3838">
     <span class='ocr_line' id='line_1_84' title="bbox 1988 3766 3571 3838; baseline 0.004 -15"><span class='ocrx_word' id='word_1_660' title='bbox 1988 3766 2131 3838; x_wconf 88' lang='lat' dir='ltr'><strong>quod</strong></span> <span class='ocrx_word' id='word_1_661' title='bbox 2164 3769 2295 3835; x_wconf 82' lang='lat' dir='ltr'><strong>agis,</strong></span> <span class='ocrx_word' id='word_1_662' title='bbox 2327 3768 2451 3837; x_wconf 90' lang='lat' dir='ltr'><strong>quia</strong></span> <span class='ocrx_word' id='word_1_663' title='bbox 2479 3768 2623 3837; x_wconf 86' lang='lat' dir='ltr'><strong>quod</strong></span> <span class='ocrx_word' id='word_1_664' title='bbox 2655 3770 2848 3823; x_wconf 87' lang='lat' dir='ltr'><strong>transis</strong></span> <span class='ocrx_word' id='word_1_665' title='bbox 2877 3786 3118 3834; x_wconf 75' lang='lat' dir='ltr'><strong>revocas,</strong></span> <span class='ocrx_word' id='word_1_666' title='bbox 3142 3771 3184 3824; x_wconf 74' lang='lat' dir='ltr'><strong>si</strong></span> <span class='ocrx_word' id='word_1_667' title='bbox 3214 3779 3355 3826; x_wconf 88' lang='lat' dir='ltr'><strong>stare</strong></span> <span class='ocrx_word' id='word_1_668' title='bbox 3386 3773 3571 3829; x_wconf 85' lang='lat' dir='ltr'><strong>volue-</strong></span> 
     </span>
    </p>
   </div>
   <div class='ocr_carea' id='block_1_85' title="bbox 1982 3858 3571 3930">
    <p class='ocr_par' dir='ltr' id='par_1_85' title="bbox 1982 3858 3571 3930">
     <span class='ocr_line' id='line_1_85' title="bbox 1982 3858 3571 3930; baseline 0.002 -16"><span class='ocrx_word' id='word_1_669' title='bbox 1982 3860 2075 3914; x_wconf 81' lang='lat' dir='ltr'><strong>ris.</strong></span> <span class='ocrx_word' id='word_1_670' title='bbox 2124 3858 2241 3913; x_wconf 86' lang='lat' dir='ltr'><strong>Noli</strong></span> <span class='ocrx_word' id='word_1_671' title='bbox 2284 3872 2412 3928; x_wconf 87' lang='lat' dir='ltr'><strong>ergo</strong></span> <span class='ocrx_word' id='word_1_672' title='bbox 2460 3859 2900 3929; x_wconf 70' lang='lat' dir='ltr'><strong>occupationibus</strong></span> <span class='ocrx_word' id='word_1_673' title='bbox 2939 3875 3058 3930; x_wconf 72' lang='lat' dir='ltr'><strong>qtae</strong></span> <span class='ocrx_word' id='word_1_674' title='bbox 3089 3858 3155 3915; x_wconf 86' lang='lat' dir='ltr'><strong>te</strong></span> <span class='ocrx_word' id='word_1_675' title='bbox 3182 3876 3211 3915; x_wconf 91' lang='lat' dir='ltr'><strong>a</strong></span> <span class='ocrx_word' id='word_1_676' title='bbox 3245 3863 3571 3918; x_wconf 83' lang='lat' dir='ltr'><strong>scrutatione</strong></span> 
     </span>
    </p>
   </div>
   <div class='ocr_carea' id='block_1_86' title="bbox 1986 3953 3569 4026">
    <p class='ocr_par' dir='ltr' id='par_1_86' title="bbox 1986 3953 3569 4026">
     <span class='ocr_line' id='line_1_86' title="bbox 1986 3953 3569 4026; baseline 0.004 -21"><span class='ocrx_word' id='word_1_677' title='bbox 1986 3961 2169 4005; x_wconf 79' lang='lat' dir='ltr'><strong>sancta</strong></span> <span class='ocrx_word' id='word_1_678' title='bbox 2194 3959 2448 4005; x_wconf 85' lang='lat' dir='ltr'><strong>revocant</strong></span> <span class='ocrx_word' id='word_1_679' title='bbox 2469 3953 2946 4020; x_wconf 73' lang='lat' dir='ltr'><strong>acquiescere,.sed</strong></span> <span class='ocrx_word' id='word_1_680' title='bbox 2970 3955 3137 4008; x_wconf 89' lang='lat' dir='ltr'><strong>clama</strong></span> <span class='ocrx_word' id='word_1_681' title='bbox 3164 3971 3282 4009; x_wconf 92' lang='lat' dir='ltr'><strong>cum</strong></span> <span class='ocrx_word' id='word_1_682' title='bbox 3308 3957 3569 4026; x_wconf 85' lang='lat' dir='ltr'><strong>propheta</strong></span> 
     </span>
    </p>
   </div>
   <div class='ocr_carea' id='block_1_87' title="bbox 1985 4042 3570 4116">
    <p class='ocr_par' dir='ltr' id='par_1_87' title="bbox 1985 4042 3570 4116">
     <span class='ocr_line' id='line_1_87' title="bbox 1985 4042 3570 4116; baseline 0.004 -20"><span class='ocrx_word' id='word_1_683' title='bbox 1985 4043 2051 4096; x_wconf 88' lang='lat' dir='ltr'><strong>ad</strong></span> <span class='ocrx_word' id='word_1_684' title='bbox 2082 4043 2247 4096; x_wconf 87' lang='lat' dir='ltr'><strong>Deum</strong></span> <span class='ocrx_word' id='word_1_685' title='bbox 2281 4062 2293 4094; x_wconf 88' lang='lat'><strong>:</strong></span> <span class='ocrx_word' id='word_1_686' title='bbox 2328 4042 2533 4111; x_wconf 82' lang='lat' dir='ltr'><strong>Adjuva</strong></span> <span class='ocrx_word' id='word_1_687' title='bbox 2577 4059 2692 4108; x_wconf 89' lang='lat' dir='ltr'><strong>me,</strong></span> <span class='ocrx_word' id='word_1_688' title='bbox 2738 4045 2994 4110; x_wconf 89' lang='lat' dir='ltr'><strong>Domine,</strong></span> <span class='ocrx_word' id='word_1_689' title='bbox 3047 4053 3100 4099; x_wconf 86' lang='lat' dir='ltr'><strong>et</strong></span> <span class='ocrx_word' id='word_1_690' title='bbox 3145 4047 3321 4101; x_wconf 88' lang='lat' dir='ltr'><strong>salvus</strong></span> <span class='ocrx_word' id='word_1_691' title='bbox 3360 4055 3570 4116; x_wconf 86' lang='lat' dir='ltr'><strong>ero,&#39;et</strong></span> 
     </span>
    </p>
   </div>
   <div class='ocr_carea' id='block_1_88' title="bbox 1984 4133 3569 4205">
    <p class='ocr_par' dir='ltr' id='par_1_88' title="bbox 1984 4133 3569 4205">
     <span class='ocr_line' id='line_1_88' title="bbox 1984 4133 3569 4205; baseline -0.001 -18"><span class='ocrx_word' id='word_1_692' title='bbox 1984 4134 2280 4187; x_wconf 87' lang='lat' dir='ltr'><strong>meditabor</strong></span> <span class='ocrx_word' id='word_1_693' title='bbox 2308 4134 2360 4188; x_wconf 91' lang='lat' dir='ltr'><strong>in</strong></span> <span class='ocrx_word' id='word_1_694' title='bbox 2389 4133 2492 4187; x_wconf 87' lang='lat' dir='ltr'><strong>tuis</strong></span> <span class='ocrx_word' id='word_1_695' title='bbox 2509 4134 2981 4203; x_wconf 76' lang='lat' dir='ltr'><strong>justiticationibus</strong></span> <span class='ocrx_word' id='word_1_696' title='bbox 3010 4150 3239 4205; x_wconf 88' lang='lat' dir='ltr'><strong>semper,</strong></span> <span class='ocrx_word' id='word_1_697' title='bbox 3268 4137 3315 4189; x_wconf 88' lang='lat' dir='ltr'><strong>id</strong></span> <span class='ocrx_word' id='word_1_698' title='bbox 3345 4146 3455 4202; x_wconf 90' lang='lat' dir='ltr'><strong>est,</strong></span> <span class='ocrx_word' id='word_1_699' title='bbox 3487 4136 3569 4191; x_wconf 70' lang='lat' dir='ltr'><strong>die</strong></span> 
     </span>
    </p>
   </div>
   <div class='ocr_carea' id='block_1_89' title="bbox 1984 4209 3568 4294">
    <p class='ocr_par' dir='ltr' id='par_1_89' title="bbox 1984 4209 3568 4294">
     <span class='ocr_line' id='line_1_89' title="bbox 1984 4209 3568 4294; baseline 0.003 -16"><span class='ocrx_word' id='word_1_700' title='bbox 1984 4234 2033 4279; x_wconf 83' lang='lat' dir='ltr'><strong>et</strong></span> <span class='ocrx_word' id='word_1_701' title='bbox 2052 4234 2219 4289; x_wconf 80' lang='lat' dir='ltr'><strong>nocte,</strong></span> <span class='ocrx_word' id='word_1_702' title='bbox 2242 4231 2299 4277; x_wconf 94' lang='lat' dir='ltr'><strong>ut</strong></span> <span class='ocrx_word' id='word_1_703' title='bbox 2321 4209 2373 4278; x_wconf 87' lang='lat' dir='ltr'><strong>in</strong></span> <span class='ocrx_word' id='word_1_704' title='bbox 2398 4225 2569 4293; x_wconf 90' lang='lat' dir='ltr'><strong>primo</strong></span> <span class='ocrx_word' id='word_1_705' title='bbox 2592 4225 2795 4294; x_wconf 89' lang='lat' dir='ltr'><strong>psalmo</strong></span> <span class='ocrx_word' id='word_1_706' title='bbox 2818 4227 3136 4294; x_wconf 86' lang='lat' dir='ltr'><strong>promissum</strong></span> <span class='ocrx_word' id='word_1_707' title='bbox 3159 4234 3241 4281; x_wconf 83' lang='lat' dir='ltr'><strong>est</strong></span> <span class='ocrx_word' id='word_1_708' title='bbox 3266 4245 3280 4279; x_wconf 72' lang='grc' dir='ltr'>ε</span> <span class='ocrx_word' id='word_1_709' title='bbox 3304 4225 3568 4292; x_wconf 87' lang='lat' dir='ltr'><strong>Quoniam</strong></span> 
     </span>
    </p>
   </div>
   <div class='ocr_carea' id='block_1_90' title="bbox 1984 4314 3572 4385">
    <p class='ocr_par' dir='ltr' id='par_1_90' title="bbox 1984 4314 3572 4385">
     <span class='ocr_line' id='line_1_90' title="bbox 1984 4314 3572 4385; baseline 0 -14"><span class='ocrx_word' id='word_1_710' title='bbox 1984 4315 2265 4385; x_wconf 80' lang='lat' dir='ltr'><strong>Sprevisti,</strong></span> <span class='ocrx_word' id='word_1_711' title='bbox 2314 4314 2518 4384; x_wconf 90' lang='lat' dir='ltr'><strong>inquit,</strong></span> <span class='ocrx_word' id='word_1_712' title='bbox 2567 4329 2755 4371; x_wconf 89' lang='lat' dir='ltr'><strong>omnes</strong></span> <span class='ocrx_word' id='word_1_713' title='bbox 2801 4315 2892 4384; x_wconf 91' lang='lat' dir='ltr'><strong>qui</strong></span> <span class='ocrx_word' id='word_1_714' title='bbox 2938 4314 3325 4371; x_wconf 85' lang='lat' dir='ltr'><strong>descendunta</strong></span> <span class='ocrx_word' id='word_1_715' title='bbox 3348 4315 3572 4385; x_wconf 87' lang='lat' dir='ltr'><strong>justitiis</strong></span> 
     </span>
    </p>
   </div>
   <div class='ocr_carea' id='block_1_91' title="bbox 295 4401 3567 4483">
    <p class='ocr_par' dir='ltr' id='par_1_91' title="bbox 295 4401 3567 4483">
     <span class='ocr_line' id='line_1_91' title="bbox 295 4401 3567 4483; baseline -0.001 -17"><span class='ocrx_word' id='word_1_716' title='bbox 295 4411 526 4483; x_wconf 71' lang='lat' dir='ltr'><strong>yolvens</strong></span> <span class='ocrx_word' id='word_1_717' title='bbox 553 4410 607 4463; x_wconf 91' lang='lat' dir='ltr'><strong>in</strong></span> <span class='ocrx_word' id='word_1_718' title='bbox 637 4422 729 4463; x_wconf 90' lang='lat' dir='ltr'><strong>ore</strong></span> <span class='ocrx_word' id='word_1_719' title='bbox 754 4423 906 4473; x_wconf 89' lang='lat' dir='ltr'><strong>meo,</strong></span> <span class='ocrx_word' id='word_1_720' title='bbox 937 4423 1100 4478; x_wconf 89' lang='lat' dir='ltr'><strong>super</strong></span> <span class='ocrx_word' id='word_1_721' title='bbox 1125 4405 1229 4460; x_wconf 90' lang='lat' dir='ltr'><strong>mel</strong></span> <span class='ocrx_word' id='word_1_722' title='bbox 1267 4404 1439 4459; x_wconf 88' lang='lat' dir='ltr'><strong>habeo</strong></span> <span class='ocrx_word' id='word_1_723' title='bbox 1467 4404 1780 4458; x_wconf 89' lang='lat' dir='ltr'><strong>dulciorem.</strong></span> <span class='ocrx_word' id='word_1_724' title='bbox 1814 4401 1880 4455; x_wconf 85' lang='lat' dir='ltr'><strong>Et</strong></span> <span class='ocrx_word' id='word_1_725' title='bbox 1908 4406 1959 4466; x_wconf 89' lang='lat' dir='ltr'><strong>D</strong></span> <span class='ocrx_word' id='word_1_726' title='bbox 1986 4406 2104 4460; x_wconf 84' lang='lat' dir='ltr'><strong>tuis.</strong></span> <span class='ocrx_word' id='word_1_727' title='bbox 2134 4404 2334 4473; x_wconf 87' lang='lat' dir='ltr'><strong>lnjusta</strong></span> <span class='ocrx_word' id='word_1_728' title='bbox 2362 4405 2503 4458; x_wconf 89' lang='lat' dir='ltr'><strong>enim</strong></span> <span class='ocrx_word' id='word_1_729' title='bbox 2532 4405 2790 4474; x_wconf 89' lang='lat' dir='ltr'><strong>cogitatio</strong></span> <span class='ocrx_word' id='word_1_730' title='bbox 2830 4421 3037 4461; x_wconf 90' lang='lat' dir='ltr'><strong>eorum.</strong></span> <span class='ocrx_word' id='word_1_731' title='bbox 3072 4405 3299 4477; x_wconf 86' lang='lat' dir='ltr'><strong>Propter</strong></span> <span class='ocrx_word' id='word_1_732' title='bbox 3329 4407 3432 4463; x_wconf 88' lang='lat' dir='ltr'><strong>hoc</strong></span> <span class='ocrx_word' id='word_1_733' title='bbox 3460 4409 3567 4473; x_wconf 88' lang='lat' dir='ltr'><strong>ait,</strong></span> 
     </span>
    </p>
   </div>
   <div class='ocr_carea' id='block_1_92' title="bbox 300 4495 1885 4572">
    <p class='ocr_par' dir='ltr' id='par_1_92' title="bbox 300 4495 1885 4572">
     <span class='ocr_line' id='line_1_92' title="bbox 300 4495 1885 4572; baseline -0.006 -13"><span class='ocrx_word' id='word_1_734' title='bbox 300 4504 606 4571; x_wconf 67' lang='lat' dir='ltr'><strong>intelligens</strong></span> <span class='ocrx_word' id='word_1_735' title='bbox 633 4511 830 4572; x_wconf 87' lang='lat' dir='ltr'><strong>quanta</strong></span> <span class='ocrx_word' id='word_1_736' title='bbox 860 4499 1000 4555; x_wconf 89' lang='lat' dir='ltr'><strong>bona</strong></span> <span class='ocrx_word' id='word_1_737' title='bbox 1048 4499 1180 4554; x_wconf 91' lang='lat' dir='ltr'><strong>mihi</strong></span> <span class='ocrx_word' id='word_1_738' title='bbox 1230 4512 1333 4569; x_wconf 87' lang='lat' dir='ltr'><strong>per</strong></span> <span class='ocrx_word' id='word_1_739' title='bbox 1372 4496 1713 4552; x_wconf 87' lang='lat' dir='ltr'><strong>dilectionem</strong></span> <span class='ocrx_word' id='word_1_740' title='bbox 1753 4495 1885 4564; x_wconf 84' lang='lat' dir='ltr'><strong>legis</strong></span> 
     </span>
    </p>
   </div>
   <div class='ocr_carea' id='block_1_93' title="bbox 300 4587 1883 4665">
    <p class='ocr_par' dir='ltr' id='par_1_93' title="bbox 300 4587 1883 4665">
     <span class='ocr_line' id='line_1_93' title="bbox 300 4587 1883 4665; baseline -0.006 -17"><span class='ocrx_word' id='word_1_741' title='bbox 300 4603 407 4650; x_wconf 72' lang='lat' dir='ltr'><strong>tute</strong></span> <span class='ocrx_word' id='word_1_742' title='bbox 444 4594 791 4665; x_wconf 89' lang='lat' dir='ltr'><strong>proveniant,</strong></span> <span class='ocrx_word' id='word_1_743' title='bbox 821 4592 944 4646; x_wconf 90' lang='lat' dir='ltr'><strong>odio</strong></span> <span class='ocrx_word' id='word_1_744' title='bbox 971 4591 1110 4661; x_wconf 77' lang='lat' dir='ltr'><strong>ccepi</strong></span> <span class='ocrx_word' id='word_1_745' title='bbox 1139 4590 1338 4645; x_wconf 87' lang='lat' dir='ltr'><strong>habere</strong></span> <span class='ocrx_word' id='word_1_746' title='bbox 1366 4588 1579 4644; x_wconf 70' lang='lat' dir='ltr'><strong>atumem</strong></span> <span class='ocrx_word' id='word_1_747' title='bbox 1610 4589 1748 4641; x_wconf 89' lang='lat' dir='ltr'><strong>viam</strong></span> <span class='ocrx_word' id='word_1_748' title='bbox 1779 4587 1883 4641; x_wconf 86' lang='lat' dir='ltr'><strong>ini-</strong></span> 
     </span>
    </p>
   </div>
   <div class='ocr_carea' id='block_1_94' title="bbox 300 4666 1886 4754">
    <p class='ocr_par' dir='ltr' id='par_1_94' title="bbox 300 4666 1886 4754">
     <span class='ocr_line' id='line_1_94' title="bbox 300 4666 1886 4754; baseline -0.004 -14"><span class='ocrx_word' id='word_1_749' title='bbox 300 4687 537 4754; x_wconf 84' lang='lat' dir='ltr'><strong>quitatis.</strong></span> <span class='ocrx_word' id='word_1_750' title='bbox 569 4682 637 4737; x_wconf 83' lang='lat' dir='ltr'><strong>Et</strong></span> <span class='ocrx_word' id='word_1_751' title='bbox 657 4666 802 4737; x_wconf 38' lang='lat' dir='ltr'><strong>&#39;sicut</strong></span> <span class='ocrx_word' id='word_1_752' title='bbox 837 4683 881 4737; x_wconf 92' lang='lat' dir='ltr'><strong>si</strong></span> <span class='ocrx_word' id='word_1_753' title='bbox 910 4682 1128 4737; x_wconf 90' lang='lat' dir='ltr'><strong>lucerna</strong></span> <span class='ocrx_word' id='word_1_754' title='bbox 1168 4682 1221 4735; x_wconf 91' lang='lat' dir='ltr'><strong>in</strong></span> <span class='ocrx_word' id='word_1_755' title='bbox 1250 4680 1485 4736; x_wconf 85' lang='lat' dir='ltr'><strong>tenebris</strong></span> <span class='ocrx_word' id='word_1_756' title='bbox 1525 4680 1681 4735; x_wconf 91' lang='lat' dir='ltr'><strong>docet</strong></span> <span class='ocrx_word' id='word_1_757' title='bbox 1721 4679 1886 4750; x_wconf 89' lang='lat' dir='ltr'><strong>pedes</strong></span> 
     </span>
    </p>
   </div>
   <div class='ocr_carea' id='block_1_95' title="bbox 300 4771 1884 4842">
    <p class='ocr_par' dir='ltr' id='par_1_95' title="bbox 300 4771 1884 4842">
     <span class='ocr_line' id='line_1_95' title="bbox 300 4771 1884 4842; baseline -0.006 -10"><span class='ocrx_word' id='word_1_758' title='bbox 300 4777 539 4833; x_wconf 80' lang='lat' dir='ltr'><strong>hominis</strong></span> <span class='ocrx_word' id='word_1_759' title='bbox 562 4775 746 4830; x_wconf 76' lang='lat' dir='ltr'><strong>foveas</strong></span> <span class='ocrx_word' id='word_1_760' title='bbox 774 4782 861 4829; x_wconf 89' lang='lat' dir='ltr'><strong>aut</strong></span> <span class='ocrx_word' id='word_1_761' title='bbox 887 4773 1206 4829; x_wconf 79' lang='lat' dir='ltr'><strong>oﬁ‘endicula</strong></span> <span class='ocrx_word' id='word_1_762' title='bbox 1230 4787 1350 4842; x_wconf 68' lang='lat' dir='ltr'><strong>quae</strong></span> <span class='ocrx_word' id='word_1_763' title='bbox 1370 4771 1658 4832; x_wconf 89' lang='lat' dir='ltr'><strong>declinant,</strong></span> <span class='ocrx_word' id='word_1_764' title='bbox 1687 4771 1757 4824; x_wconf 90' lang='lat' dir='ltr'><strong>ita</strong></span> <span class='ocrx_word' id='word_1_765' title='bbox 1783 4785 1884 4839; x_wconf 87' lang='lat' dir='ltr'><strong>ego</strong></span> 
     </span>
    </p>
   </div>
   <div class='ocr_carea' id='block_1_96' title="bbox 300 4860 1885 4937">
    <p class='ocr_par' dir='ltr' id='par_1_96' title="bbox 300 4860 1885 4937">
     <span class='ocr_line' id='line_1_96' title="bbox 300 4860 1885 4937; baseline -0.006 -14"><span class='ocrx_word' id='word_1_766' title='bbox 300 4868 576 4937; x_wconf 80' lang='lat' dir='ltr'><strong>gressibus</strong></span> <span class='ocrx_word' id='word_1_767' title='bbox 620 4865 703 4920; x_wconf 88' lang='lat' dir='ltr'><strong>vel</strong></span> <span class='ocrx_word' id='word_1_768' title='bbox 750 4862 974 4935; x_wconf 84' lang='lat' dir='ltr'><strong>pedibus</strong></span> <span class='ocrx_word' id='word_1_769' title='bbox 1016 4864 1194 4919; x_wconf 88' lang='lat' dir='ltr'><strong>cordis</strong></span> <span class='ocrx_word' id='word_1_770' title='bbox 1238 4861 1361 4916; x_wconf 91' lang='lat' dir='ltr'><strong>mei.</strong></span> <span class='ocrx_word' id='word_1_771' title='bbox 1394 4860 1571 4916; x_wconf 82' lang='lat' dir='ltr'><strong>Veluti</strong></span> <span class='ocrx_word' id='word_1_772' title='bbox 1613 4861 1885 4915; x_wconf 86' lang='lat' dir='ltr'><strong>lucernam</strong></span> 
     </span>
    </p>
   </div>
   <div class='ocr_carea' id='block_1_97' title="bbox 301 4952 1883 5029">
    <p class='ocr_par' dir='ltr' id='par_1_97' title="bbox 301 4952 1883 5029">
     <span class='ocr_line' id='line_1_97' title="bbox 301 4952 1883 5029; baseline -0.004 -16"><span class='ocrx_word' id='word_1_773' title='bbox 301 4959 528 5029; x_wconf 85' lang='lat' dir='ltr'><strong>pedibus</strong></span> <span class='ocrx_word' id='word_1_774' title='bbox 550 4957 703 5022; x_wconf 82' lang='lat' dir='ltr'><strong>meis,</strong></span> <span class='ocrx_word' id='word_1_775' title='bbox 728 4956 801 5011; x_wconf 88' lang='lat' dir='ltr'><strong>ita</strong></span> <span class='ocrx_word' id='word_1_776' title='bbox 823 4957 1044 5011; x_wconf 86' lang='lat' dir='ltr'><strong>verbum</strong></span> <span class='ocrx_word' id='word_1_777' title='bbox 1073 4965 1217 5010; x_wconf 91' lang='lat' dir='ltr'><strong>tuum</strong></span> <span class='ocrx_word' id='word_1_778' title='bbox 1241 4954 1485 5010; x_wconf 87' lang='lat' dir='ltr'><strong>sensibus</strong></span> <span class='ocrx_word' id='word_1_779' title='bbox 1505 4954 1657 5008; x_wconf 92' lang='lat' dir='ltr'><strong>meis.</strong></span> <span class='ocrx_word' id='word_1_780' title='bbox 1686 4952 1883 5008; x_wconf 90' lang='lat' dir='ltr'><strong>Videns</strong></span> 
     </span>
    </p>
   </div>
   <div class='ocr_carea' id='block_1_98' title="bbox 303 5045 1887 5125">
    <p class='ocr_par' dir='ltr' id='par_1_98' title="bbox 303 5045 1887 5125">
     <span class='ocr_line' id='line_1_98' title="bbox 303 5045 1887 5125; baseline -0.004 -19"><span class='ocrx_word' id='word_1_781' title='bbox 303 5064 433 5119; x_wconf 83' lang='lat' dir='ltr'><strong>ergo</strong></span> <span class='ocrx_word' id='word_1_782' title='bbox 461 5065 549 5104; x_wconf 91' lang='lat' dir='ltr'><strong>me</strong></span> <span class='ocrx_word' id='word_1_783' title='bbox 564 5049 823 5125; x_wconf 83' lang='lat' dir='ltr'><strong>tenebras</strong></span> <span class='ocrx_word' id='word_1_784' title='bbox 849 5062 948 5118; x_wconf 91' lang='lat' dir='ltr'><strong>per</strong></span> <span class='ocrx_word' id='word_1_785' title='bbox 966 5062 1084 5102; x_wconf 91' lang='lat' dir='ltr'><strong>eam</strong></span> <span class='ocrx_word' id='word_1_786' title='bbox 1105 5049 1343 5104; x_wconf 86' lang='lat' dir='ltr'><strong>evasisse</strong></span> <span class='ocrx_word' id='word_1_787' title='bbox 1366 5046 1583 5113; x_wconf 86' lang='lat' dir='ltr'><strong>diaboli,</strong></span> <span class='ocrx_word' id='word_1_788' title='bbox 1611 5052 1665 5099; x_wconf 82' lang='lat' dir='ltr'><strong>et</strong></span> <span class='ocrx_word' id='word_1_789' title='bbox 1686 5045 1887 5100; x_wconf 88' lang='lat' dir='ltr'><strong>lucidas</strong></span> 
     </span>
    </p>
   </div>
   <div class='ocr_carea' id='block_1_99' title="bbox 301 5136 1887 5209">
    <p class='ocr_par' dir='ltr' id='par_1_99' title="bbox 301 5136 1887 5209">
     <span class='ocr_line' id='line_1_99' title="bbox 301 5136 1887 5209; baseline -0.003 -14"><span class='ocrx_word' id='word_1_790' title='bbox 301 5142 521 5196; x_wconf 87' lang='lat' dir='ltr'><strong>semitas</strong></span> <span class='ocrx_word' id='word_1_791' title='bbox 550 5140 844 5203; x_wconf 80' lang='lat' dir='ltr'><strong>invenisse,</strong></span> <span class='ocrx_word' id='word_1_792' title='bbox 872 5138 1047 5209; x_wconf 86' lang='lat' dir='ltr'><strong>juravi</strong></span> <span class='ocrx_word' id='word_1_793' title='bbox 1076 5149 1238 5208; x_wconf 89' lang='lat' dir='ltr'><strong>atque</strong></span> <span class='ocrx_word' id='word_1_794' title='bbox 1263 5138 1425 5192; x_wconf 87' lang='lat' dir='ltr'><strong>statui</strong></span> <span class='ocrx_word' id='word_1_795' title='bbox 1453 5137 1722 5192; x_wconf 83' lang='lat' dir='ltr'><strong>custodire</strong></span> <span class='ocrx_word' id='word_1_796' title='bbox 1746 5136 1887 5205; x_wconf 87' lang='lat' dir='ltr'><strong>judi-</strong></span> 
     </span>
    </p>
   </div>
   <div class='ocr_carea' id='block_1_100' title="bbox 306 5228 1887 5304">
    <p class='ocr_par' dir='ltr' id='par_1_100' title="bbox 306 5228 1887 5304">
     <span class='ocr_line' id='line_1_100' title="bbox 306 5228 1887 5304; baseline -0.004 -15"><span class='ocrx_word' id='word_1_797' title='bbox 306 5235 385 5289; x_wconf 75' lang='lat' dir='ltr'><strong>cia</strong></span> <span class='ocrx_word' id='word_1_798' title='bbox 412 5234 632 5304; x_wconf 70' lang='lat' dir='ltr'><strong>iustitia:</strong></span> <span class='ocrx_word' id='word_1_799' title='bbox 669 5228 962 5299; x_wconf 53' lang='lat' dir='ltr'><strong>tute.&#39;Quid</strong></span> <span class='ocrx_word' id='word_1_800' title='bbox 1008 5239 1091 5286; x_wconf 90' lang='lat' dir='ltr'><strong>est</strong></span> <span class='ocrx_word' id='word_1_801' title='bbox 1135 5230 1276 5301; x_wconf 89' lang='lat' dir='ltr'><strong>quod</strong></span> <span class='ocrx_word' id='word_1_802' title='bbox 1323 5230 1533 5295; x_wconf 89' lang='lat' dir='ltr'><strong>dicitur,</strong></span> <span class='ocrx_word' id='word_1_803' title='bbox 1560 5228 1887 5299; x_wconf 73' lang='lat' dir='ltr'><strong>juravi‘Nus</strong></span> 
     </span>
    </p>
   </div>
   <div class='ocr_carea' id='block_1_101' title="bbox 308 5319 1887 5392">
    <p class='ocr_par' dir='ltr' id='par_1_101' title="bbox 308 5319 1887 5392">
     <span class='ocr_line' id='line_1_101' title="bbox 308 5319 1887 5392; baseline -0.004 -13"><span class='ocrx_word' id='word_1_804' title='bbox 308 5326 584 5391; x_wconf 82' lang='lat' dir='ltr'><strong>Constitui,</strong></span> <span class='ocrx_word' id='word_1_805' title='bbox 610 5323 722 5379; x_wconf 84' lang='lat' dir='ltr'><strong>sive</strong></span> <span class='ocrx_word' id='word_1_806' title='bbox 750 5323 987 5392; x_wconf 85' lang='lat' dir='ltr'><strong>regulam</strong></span> <span class='ocrx_word' id='word_1_807' title='bbox 1019 5322 1192 5392; x_wconf 80' lang='lat' dir='ltr'><strong>posui,</strong></span> <span class='ocrx_word' id='word_1_808' title='bbox 1222 5322 1274 5376; x_wconf 92' lang='lat' dir='ltr'><strong>in</strong></span> <span class='ocrx_word' id='word_1_809' title='bbox 1304 5337 1407 5390; x_wconf 86' lang='lat' dir='ltr'><strong>qna</strong></span> <span class='ocrx_word' id='word_1_810' title='bbox 1436 5319 1594 5375; x_wconf 89' lang='lat' dir='ltr'><strong>statui</strong></span> <span class='ocrx_word' id='word_1_811' title='bbox 1619 5319 1887 5375; x_wconf 89' lang='lat' dir='ltr'><strong>custodire</strong></span> 
     </span>
    </p>
   </div>
   <div class='ocr_carea' id='block_1_102' title="bbox 304 5411 1887 5483">
    <p class='ocr_par' dir='ltr' id='par_1_102' title="bbox 304 5411 1887 5483">
     <span class='ocr_line' id='line_1_102' title="bbox 304 5411 1887 5483; baseline -0.003 -15"><span class='ocrx_word' id='word_1_812' title='bbox 304 5414 501 5483; x_wconf 80' lang='lat' dir='ltr'><strong>judicia</strong></span> <span class='ocrx_word' id='word_1_813' title='bbox 538 5414 763 5483; x_wconf 73' lang='lat' dir='ltr'><strong>justititc</strong></span> <span class='ocrx_word' id='word_1_814' title='bbox 802 5413 928 5478; x_wconf 87' lang='lat' dir='ltr'><strong>Dei;</strong></span> <span class='ocrx_word' id='word_1_815' title='bbox 971 5422 1025 5468; x_wconf 89' lang='lat' dir='ltr'><strong>et</strong></span> <span class='ocrx_word' id='word_1_816' title='bbox 1052 5419 1272 5483; x_wconf 87' lang='lat' dir='ltr'><strong>propter</strong></span> <span class='ocrx_word' id='word_1_817' title='bbox 1308 5412 1411 5466; x_wconf 91' lang='lat' dir='ltr'><strong>hoc</strong></span> <span class='ocrx_word' id='word_1_818' title='bbox 1438 5411 1747 5465; x_wconf 84' lang='lat' dir='ltr'><strong>humiliatus</strong></span> <span class='ocrx_word' id='word_1_819' title='bbox 1771 5426 1887 5465; x_wconf 84' lang='lat' dir='ltr'><strong>sum</strong></span> 
     </span>
    </p>
   </div>
   <div class='ocr_carea' id='block_1_103' title="bbox 314 5502 1894 5575">
    <p class='ocr_par' dir='ltr' id='par_1_103' title="bbox 314 5502 1894 5575">
     <span class='ocr_line' id='line_1_103' title="bbox 314 5502 1894 5575; baseline -0.003 -16"><span class='ocrx_word' id='word_1_820' title='bbox 314 5520 738 5575; x_wconf 85' lang='lat' dir='ltr'><strong>usquequaque:</strong></span> <span class='ocrx_word' id='word_1_821' title='bbox 773 5506 844 5558; x_wconf 90' lang='lat' dir='ltr'><strong>ita</strong></span> <span class='ocrx_word' id='word_1_822' title='bbox 900 5504 1210 5560; x_wconf 89' lang='lat' dir='ltr'><strong>humiliatus</strong></span> <span class='ocrx_word' id='word_1_823' title='bbox 1267 5518 1404 5568; x_wconf 84' lang='lat' dir='ltr'><strong>sum,</strong></span> <span class='ocrx_word' id='word_1_824' title='bbox 1451 5511 1511 5557; x_wconf 88' lang='lat' dir='ltr'><strong>ut</strong></span> <span class='ocrx_word' id='word_1_825' title='bbox 1552 5516 1659 5557; x_wconf 91' lang='lat' dir='ltr'><strong>non</strong></span> <span class='ocrx_word' id='word_1_826' title='bbox 1708 5502 1894 5555; x_wconf 86' lang='lat' dir='ltr'><strong>liceret</strong></span> 
     </span>
    </p>
   </div>
   <div class='ocr_carea' id='block_1_104' title="bbox 315 5591 1891 5663">
    <p class='ocr_par' dir='ltr' id='par_1_104' title="bbox 315 5591 1891 5663">
     <span class='ocr_line' id='line_1_104' title="bbox 315 5591 1891 5663; baseline 0 -16"><span class='ocrx_word' id='word_1_827' title='bbox 315 5592 470 5663; x_wconf 84' lang='lat' dir='ltr'><strong>mihi,</strong></span> <span class='ocrx_word' id='word_1_828' title='bbox 504 5611 604 5650; x_wconf 88' lang='lat' dir='ltr'><strong>nec</strong></span> <span class='ocrx_word' id='word_1_829' title='bbox 643 5610 853 5651; x_wconf 84' lang='lat' dir='ltr'><strong>servum</strong></span> <span class='ocrx_word' id='word_1_830' title='bbox 896 5601 1326 5650; x_wconf 83' lang='lat' dir='ltr'><strong>contemnentem</strong></span> <span class='ocrx_word' id='word_1_831' title='bbox 1374 5608 1460 5648; x_wconf 86' lang='lat' dir='ltr'><strong>me</strong></span> <span class='ocrx_word' id='word_1_832' title='bbox 1500 5592 1721 5659; x_wconf 74' lang='lat' dir='ltr'><strong>laedere;</strong></span> <span class='ocrx_word' id='word_1_833' title='bbox 1757 5591 1891 5663; x_wconf 88' lang='lat' dir='ltr'><strong>inju-</strong></span> 
     </span>
    </p>
   </div>
   <div class='ocr_carea' id='block_1_105' title="bbox 1984 4497 3572 4569">
    <p class='ocr_par' dir='ltr' id='par_1_105' title="bbox 1984 4497 3572 4569">
     <span class='ocr_line' id='line_1_105' title="bbox 1984 4497 3572 4569; baseline 0.002 -18"><span class='ocrx_word' id='word_1_834' title='bbox 1984 4498 2394 4569; x_wconf 70' lang='lat' dir='ltr'><strong>prmvaricantes</strong></span> <span class='ocrx_word' id='word_1_835' title='bbox 2420 4497 2671 4568; x_wconf 82' lang='lat' dir='ltr'><strong>reputavi</strong></span> <span class='ocrx_word' id='word_1_836' title='bbox 2693 4514 2881 4553; x_wconf 84' lang='lat' dir='ltr'><strong>omnes</strong></span> <span class='ocrx_word' id='word_1_837' title='bbox 2909 4512 3222 4567; x_wconf 87' lang='lat' dir='ltr'><strong>peccatores</strong></span> <span class='ocrx_word' id='word_1_838' title='bbox 3244 4508 3417 4565; x_wconf 65' lang='lat' dir='ltr'><strong>terrae,</strong></span> <span class='ocrx_word' id='word_1_839' title='bbox 3444 4500 3572 4569; x_wconf 91' lang='lat' dir='ltr'><strong>quia</strong></span> 
     </span>
    </p>
   </div>
   <div class='ocr_carea' id='block_1_106' title="bbox 1985 4588 3568 4660">
    <p class='ocr_par' dir='ltr' id='par_1_106' title="bbox 1985 4588 3568 4660">
     <span class='ocr_line' id='line_1_106' title="bbox 1985 4588 3568 4660; baseline 0.003 -17"><span class='ocrx_word' id='word_1_840' title='bbox 1985 4591 2155 4658; x_wconf 84' lang='lat' dir='ltr'><strong>legem</strong></span> <span class='ocrx_word' id='word_1_841' title='bbox 2184 4597 2331 4644; x_wconf 92' lang='lat' dir='ltr'><strong>tuam</strong></span> <span class='ocrx_word' id='word_1_842' title='bbox 2362 4589 2542 4643; x_wconf 88' lang='lat' dir='ltr'><strong>dilexi.</strong></span> <span class='ocrx_word' id='word_1_843' title='bbox 2577 4588 2774 4644; x_wconf 92' lang='lat' dir='ltr'><strong>Verum</strong></span> <span class='ocrx_word' id='word_1_844' title='bbox 2813 4590 2937 4659; x_wconf 84' lang='lat' dir='ltr'><strong>quia</strong></span> <span class='ocrx_word' id='word_1_845' title='bbox 2969 4591 3283 4660; x_wconf 81' lang='lat' dir='ltr'><strong>concupisrit</strong></span> <span class='ocrx_word' id='word_1_846' title='bbox 3322 4607 3444 4648; x_wconf 87' lang='lat' dir='ltr'><strong>caro</strong></span> <span class='ocrx_word' id='word_1_847' title='bbox 3471 4592 3568 4647; x_wconf 84' lang='lat' dir='ltr'><strong>ad-</strong></span> 
     </span>
    </p>
   </div>
   <div class='ocr_carea' id='block_1_107' title="bbox 1983 4672 3574 4752">
    <p class='ocr_par' dir='ltr' id='par_1_107' title="bbox 1983 4672 3574 4752">
     <span class='ocr_line' id='line_1_107' title="bbox 1983 4672 3574 4752; baseline 0.003 -19"><span class='ocrx_word' id='word_1_848' title='bbox 1983 4697 2155 4735; x_wconf 71' lang='lat' dir='ltr'><strong>versus</strong></span> <span class='ocrx_word' id='word_1_849' title='bbox 2182 4681 2418 4751; x_wconf 79' lang='lat' dir='ltr'><strong>spiritum</strong></span> <span class='ocrx_word' id='word_1_850' title='bbox 2447 4677 2644 4752; x_wconf 77' lang='lat' dir='ltr'><strong>(Galat.</strong></span> <span class='ocrx_word' id='word_1_851' title='bbox 2667 4679 2743 4747; x_wconf 88' lang='lat' dir='ltr'><strong>v),</strong></span> <span class='ocrx_word' id='word_1_852' title='bbox 2771 4687 2826 4733; x_wconf 87' lang='lat' dir='ltr'><strong>ut</strong></span> <span class='ocrx_word' id='word_1_853' title='bbox 2853 4678 3037 4747; x_wconf 84' lang='lat' dir='ltr'><strong>inligas</strong></span> <span class='ocrx_word' id='word_1_854' title='bbox 3058 4672 3237 4734; x_wconf 84' lang='lat' dir='ltr'><strong>timori</strong></span> <span class='ocrx_word' id='word_1_855' title='bbox 3260 4686 3352 4735; x_wconf 81' lang='lat' dir='ltr'><strong>tuo</strong></span> <span class='ocrx_word' id='word_1_856' title='bbox 3380 4696 3574 4737; x_wconf 86' lang='lat' dir='ltr'><strong>carnes</strong></span> 
     </span>
    </p>
   </div>
   <div class='ocr_carea' id='block_1_108' title="bbox 1987 4768 3573 4837">
    <p class='ocr_par' dir='ltr' id='par_1_108' title="bbox 1987 4768 3573 4837">
     <span class='ocr_line' id='line_1_108' title="bbox 1987 4768 3573 4837; baseline 0.002 -14"><span class='ocrx_word' id='word_1_857' title='bbox 1987 4785 2135 4823; x_wconf 86' lang='lat' dir='ltr'><strong>meas</strong></span> <span class='ocrx_word' id='word_1_858' title='bbox 2162 4784 2347 4824; x_wconf 86' lang='lat' dir='ltr'><strong>exoro.</strong></span> <span class='ocrx_word' id='word_1_859' title='bbox 2382 4768 2664 4837; x_wconf 85' lang='lat' dir='ltr'><strong>Ajudiciis</strong></span> <span class='ocrx_word' id='word_1_860' title='bbox 2692 4769 2835 4823; x_wconf 88' lang='lat' dir='ltr'><strong>enim</strong></span> <span class='ocrx_word' id='word_1_861' title='bbox 2888 4768 2995 4822; x_wconf 87' lang='lat' dir='ltr'><strong>tuis</strong></span> <span class='ocrx_word' id='word_1_862' title='bbox 3044 4768 3227 4835; x_wconf 87' lang='lat' dir='ltr'><strong>timui;</strong></span> <span class='ocrx_word' id='word_1_863' title='bbox 3277 4770 3381 4825; x_wconf 90' lang='lat' dir='ltr'><strong>nisi</strong></span> <span class='ocrx_word' id='word_1_864' title='bbox 3427 4771 3573 4826; x_wconf 90' lang='lat' dir='ltr'><strong>enim</strong></span> 
     </span>
    </p>
   </div>
   <div class='ocr_carea' id='block_1_109' title="bbox 1990 4860 3566 4924">
    <p class='ocr_par' dir='ltr' id='par_1_109' title="bbox 1990 4860 3566 4924">
     <span class='ocr_line' id='line_1_109' title="bbox 1990 4860 3566 4924; baseline 0.001 -8"><span class='ocrx_word' id='word_1_865' title='bbox 1990 4863 2107 4918; x_wconf 72' lang='lat' dir='ltr'><strong>lixrc</strong></span> <span class='ocrx_word' id='word_1_866' title='bbox 2137 4862 2330 4916; x_wconf 82' lang='lat' dir='ltr'><strong>fuerint</strong></span> <span class='ocrx_word' id='word_1_867' title='bbox 2356 4876 2545 4915; x_wconf 84' lang='lat' dir='ltr'><strong>carnes</strong></span> <span class='ocrx_word' id='word_1_868' title='bbox 2565 4875 2697 4915; x_wconf 73' lang='lat' dir='ltr'><strong>mea:</strong></span> <span class='ocrx_word' id='word_1_869' title='bbox 2717 4860 2895 4914; x_wconf 90' lang='lat' dir='ltr'><strong>timori</strong></span> <span class='ocrx_word' id='word_1_870' title='bbox 2916 4860 3031 4924; x_wconf 90' lang='lat' dir='ltr'><strong>Dei,</strong></span> <span class='ocrx_word' id='word_1_871' title='bbox 3055 4860 3192 4914; x_wconf 72' lang='lat' dir='ltr'><strong>risus</strong></span> <span class='ocrx_word' id='word_1_872' title='bbox 3214 4861 3369 4916; x_wconf 86' lang='lat' dir='ltr'><strong>nobis</strong></span> <span class='ocrx_word' id='word_1_873' title='bbox 3390 4863 3566 4919; x_wconf 89' lang='lat' dir='ltr'><strong>nasci-</strong></span> 
     </span>
    </p>
   </div>
   <div class='ocr_carea' id='block_1_110' title="bbox 1988 4949 3563 5021">
    <p class='ocr_par' dir='ltr' id='par_1_110' title="bbox 1988 4949 3563 5021">
     <span class='ocr_line' id='line_1_110' title="bbox 1988 4949 3563 5021; baseline 0.001 -14"><span class='ocrx_word' id='word_1_874' title='bbox 1988 4961 2095 5017; x_wconf 87' lang='lat' dir='ltr'><strong>tur,</strong></span> <span class='ocrx_word' id='word_1_875' title='bbox 2121 4966 2176 5007; x_wconf 90' lang='lat' dir='ltr'><strong>et</strong></span> <span class='ocrx_word' id='word_1_876' title='bbox 2202 4952 2297 5006; x_wconf 90' lang='lat' dir='ltr'><strong>Dei</strong></span> <span class='ocrx_word' id='word_1_877' title='bbox 2320 4950 2579 5021; x_wconf 88' lang='lat' dir='ltr'><strong>judicium</strong></span> <span class='ocrx_word' id='word_1_878' title='bbox 2609 4966 2712 5006; x_wconf 81' lang='lat' dir='ltr'><strong>non</strong></span> <span class='ocrx_word' id='word_1_879' title='bbox 2743 4950 3011 5005; x_wconf 89' lang='lat' dir='ltr'><strong>timemus.</strong></span> <span class='ocrx_word' id='word_1_880' title='bbox 3038 4949 3102 5005; x_wconf 87' lang='lat' dir='ltr'><strong>Et</strong></span> <span class='ocrx_word' id='word_1_881' title='bbox 3122 4950 3248 5006; x_wconf 89' lang='lat' dir='ltr'><strong>dum</strong></span> <span class='ocrx_word' id='word_1_882' title='bbox 3270 4968 3378 5008; x_wconf 89' lang='lat' dir='ltr'><strong>non</strong></span> <span class='ocrx_word' id='word_1_883' title='bbox 3408 4954 3563 5009; x_wconf 85' lang='lat' dir='ltr'><strong>time-</strong></span> 
     </span>
    </p>
   </div>
   <div class='ocr_carea' id='block_1_111' title="bbox 1987 5032 3561 5113">
    <p class='ocr_par' dir='ltr' id='par_1_111' title="bbox 1987 5032 3561 5113">
     <span class='ocr_line' id='line_1_111' title="bbox 1987 5032 3561 5113; baseline 0.003 -18"><span class='ocrx_word' id='word_1_884' title='bbox 1987 5032 2108 5096; x_wconf 82' lang='lat' dir='ltr'><strong>mus</strong></span> <span class='ocrx_word' id='word_1_885' title='bbox 2137 5041 2438 5105; x_wconf 92' lang='lat' dir='ltr'><strong>Dominum,</strong></span> <span class='ocrx_word' id='word_1_886' title='bbox 2472 5041 2698 5096; x_wconf 89' lang='lat' dir='ltr'><strong>inimicis</strong></span> <span class='ocrx_word' id='word_1_887' title='bbox 2725 5055 2790 5096; x_wconf 90' lang='lat' dir='ltr'><strong>ac</strong></span> <span class='ocrx_word' id='word_1_888' title='bbox 2815 5043 3261 5113; x_wconf 87' lang='lat' dir='ltr'><strong>persequentibus</strong></span> <span class='ocrx_word' id='word_1_889' title='bbox 3287 5043 3561 5099; x_wconf 88' lang='lat' dir='ltr'><strong>tradimur.</strong></span> 
     </span>
    </p>
   </div>
   <div class='ocr_carea' id='block_1_112' title="bbox 1990 5128 3563 5204">
    <p class='ocr_par' dir='ltr' id='par_1_112' title="bbox 1990 5128 3563 5204">
     <span class='ocr_line' id='line_1_112' title="bbox 1990 5128 3563 5204; baseline -0.001 -17"><span class='ocrx_word' id='word_1_890' title='bbox 1990 5128 2141 5187; x_wconf 87' lang='lat' dir='ltr'><strong>Unde</strong></span> <span class='ocrx_word' id='word_1_891' title='bbox 2169 5132 2251 5186; x_wconf 91' lang='lat' dir='ltr'><strong>bis</strong></span> <span class='ocrx_word' id='word_1_892' title='bbox 2278 5131 2471 5199; x_wconf 90' lang='lat' dir='ltr'><strong>adjecit</strong></span> <span class='ocrx_word' id='word_1_893' title='bbox 2500 5150 2512 5184; x_wconf 84' lang='lat'><strong><em>:</em></strong></span> <span class='ocrx_word' id='word_1_894' title='bbox 2541 5130 2683 5196; x_wconf 86' lang='lat' dir='ltr'><strong>Feci,</strong></span> <span class='ocrx_word' id='word_1_895' title='bbox 2709 5131 2900 5203; x_wconf 74' lang='lat' dir='ltr'><strong>inquit,</strong></span> <span class='ocrx_word' id='word_1_896' title='bbox 2925 5131 3183 5201; x_wconf 85' lang='lat' dir='ltr'><strong>judicium</strong></span> <span class='ocrx_word' id='word_1_897' title='bbox 3207 5134 3563 5204; x_wconf 88' lang='lat' dir='ltr'><strong>etjustitiam,</strong></span> 
     </span>
    </p>
   </div>
   <div class='ocr_carea' id='block_1_113' title="bbox 1987 5224 3564 5296">
    <p class='ocr_par' dir='ltr' id='par_1_113' title="bbox 1987 5224 3564 5296">
     <span class='ocr_line' id='line_1_113' title="bbox 1987 5224 3564 5296; baseline 0.001 -18"><span class='ocrx_word' id='word_1_898' title='bbox 1987 5241 2096 5279; x_wconf 92' lang='lat' dir='ltr'><strong>non</strong></span> <span class='ocrx_word' id='word_1_899' title='bbox 2136 5224 2313 5278; x_wconf 87' lang='lat' dir='ltr'><strong>tradas</strong></span> <span class='ocrx_word' id='word_1_900' title='bbox 2352 5239 2436 5278; x_wconf 92' lang='lat' dir='ltr'><strong>me</strong></span> <span class='ocrx_word' id='word_1_901' title='bbox 2476 5226 2917 5294; x_wconf 87' lang='lat' dir='ltr'><strong>persequentibus</strong></span> <span class='ocrx_word' id='word_1_902' title='bbox 2955 5241 3060 5281; x_wconf 90' lang='lat' dir='ltr'><strong>me.</strong></span> <span class='ocrx_word' id='word_1_903' title='bbox 3098 5225 3249 5294; x_wconf 90' lang='lat' dir='ltr'><strong>Quod</strong></span> <span class='ocrx_word' id='word_1_904' title='bbox 3283 5225 3564 5296; x_wconf 87' lang='lat' dir='ltr'><strong>judicium,</strong></span> 
     </span>
    </p>
   </div>
   <div class='ocr_carea' id='block_1_114' title="bbox 1986 5310 3562 5389">
    <p class='ocr_par' dir='ltr' id='par_1_114' title="bbox 1986 5310 3562 5389">
     <span class='ocr_line' id='line_1_114' title="bbox 1986 5310 3562 5389; baseline 0.001 -18"><span class='ocrx_word' id='word_1_905' title='bbox 1986 5331 2145 5386; x_wconf 86' lang='lat' dir='ltr'><strong>quam</strong></span> <span class='ocrx_word' id='word_1_906' title='bbox 2191 5314 2307 5384; x_wconf 90' lang='lat' dir='ltr'><strong>ejus</strong></span> <span class='ocrx_word' id='word_1_907' title='bbox 2343 5315 2602 5384; x_wconf 90' lang='lat' dir='ltr'><strong>justitiam</strong></span> <span class='ocrx_word' id='word_1_908' title='bbox 2650 5331 2863 5388; x_wconf 87' lang='lat' dir='ltr'><strong>expone</strong></span> <span class='ocrx_word' id='word_1_909' title='bbox 2908 5318 3064 5373; x_wconf 85' lang='lat' dir='ltr'><strong>nobis</strong></span> <span class='ocrx_word' id='word_1_910' title='bbox 3097 5335 3109 5369; x_wconf 87' lang='lat'><strong>:</strong></span> <span class='ocrx_word' id='word_1_911' title='bbox 3142 5310 3299 5384; x_wconf 60' lang='lat' dir='ltr'><strong>Caro,</strong></span> <span class='ocrx_word' id='word_1_912' title='bbox 3359 5319 3562 5389; x_wconf 77' lang='lat' dir='ltr'><strong>inquit,</strong></span> 
     </span>
    </p>
   </div>
   <div class='ocr_carea' id='block_1_115' title="bbox 1992 5405 3571 5476">
    <p class='ocr_par' dir='ltr' id='par_1_115' title="bbox 1992 5405 3571 5476">
     <span class='ocr_line' id='line_1_115' title="bbox 1992 5405 3571 5476; baseline 0.001 -14"><span class='ocrx_word' id='word_1_913' title='bbox 1992 5422 2111 5463; x_wconf 89' lang='lat' dir='ltr'><strong>mea</strong></span> <span class='ocrx_word' id='word_1_914' title='bbox 2138 5406 2353 5461; x_wconf 87' lang='lat' dir='ltr'><strong>domina</strong></span> <span class='ocrx_word' id='word_1_915' title='bbox 2381 5407 2596 5462; x_wconf 88' lang='lat' dir='ltr'><strong>volebat</strong></span> <span class='ocrx_word' id='word_1_916' title='bbox 2627 5405 2742 5462; x_wconf 84' lang='lat' dir='ltr'><strong>ﬁeri</strong></span> <span class='ocrx_word' id='word_1_917' title='bbox 2770 5408 2987 5473; x_wconf 73' lang='lat' dir='ltr'><strong>animm,</strong></span> <span class='ocrx_word' id='word_1_918' title='bbox 3020 5420 3121 5476; x_wconf 86' lang='lat' dir='ltr'><strong>ego</strong></span> <span class='ocrx_word' id='word_1_919' title='bbox 3147 5422 3264 5462; x_wconf 90' lang='lat' dir='ltr'><strong>eam</strong></span> <span class='ocrx_word' id='word_1_920' title='bbox 3307 5407 3571 5465; x_wconf 76' lang='lat' dir='ltr'><strong>maeemvi</strong></span> 
     </span>
    </p>
   </div>
   <div class='ocr_carea' id='block_1_116' title="bbox 1996 5498 3577 5569">
    <p class='ocr_par' dir='ltr' id='par_1_116' title="bbox 1996 5498 3577 5569">
     <span class='ocr_line' id='line_1_116' title="bbox 1996 5498 3577 5569; baseline -0.001 -13"><span class='ocrx_word' id='word_1_921' title='bbox 1996 5514 2050 5557; x_wconf 85' lang='lat' dir='ltr'><strong>et</strong></span> <span class='ocrx_word' id='word_1_922' title='bbox 2096 5499 2342 5555; x_wconf 89' lang='lat' dir='ltr'><strong>servituti</strong></span> <span class='ocrx_word' id='word_1_923' title='bbox 2391 5500 2591 5568; x_wconf 83' lang='lat' dir='ltr'><strong>redegi.</strong></span> <span class='ocrx_word' id='word_1_924' title='bbox 2644 5498 2784 5555; x_wconf 81' lang='lat' dir='ltr'><strong>Ecce</strong></span> <span class='ocrx_word' id='word_1_925' title='bbox 2807 5499 3099 5569; x_wconf 85' lang='lat' dir='ltr'><strong>judicium;</strong></span> <span class='ocrx_word' id='word_1_926' title='bbox 3142 5498 3403 5568; x_wconf 90' lang='lat' dir='ltr'><strong>justitiam</strong></span> <span class='ocrx_word' id='word_1_927' title='bbox 3447 5516 3577 5559; x_wconf 88' lang='lat' dir='ltr'><strong>vero</strong></span> 
     </span>
    </p>
   </div>
   <div class='ocr_carea' id='block_1_117' title="bbox 1997 5589 3576 5661">
    <p class='ocr_par' dir='ltr' id='par_1_117' title="bbox 1997 5589 3576 5661">
     <span class='ocr_line' id='line_1_117' title="bbox 1997 5589 3576 5661; baseline -0.007 -13"><span class='ocrx_word' id='word_1_928' title='bbox 1997 5592 2096 5649; x_wconf 74' lang='lat' dir='ltr'><strong>feci</strong></span> <span class='ocrx_word' id='word_1_929' title='bbox 2115 5632 2131 5661; x_wconf 90' lang='lat'><strong>,</strong></span> <span class='ocrx_word' id='word_1_930' title='bbox 2160 5592 2352 5646; x_wconf 76' lang='lat' dir='ltr'><strong>animm</strong></span> <span class='ocrx_word' id='word_1_931' title='bbox 2384 5591 2574 5648; x_wconf 87' lang='lat' dir='ltr'><strong>tradidi</strong></span> <span class='ocrx_word' id='word_1_932' title='bbox 2605 5592 2933 5647; x_wconf 86' lang='lat' dir='ltr'><strong>dominatum</strong></span> <span class='ocrx_word' id='word_1_933' title='bbox 2962 5604 3124 5659; x_wconf 88' lang='lat' dir='ltr'><strong>super</strong></span> <span class='ocrx_word' id='word_1_934' title='bbox 3149 5604 3298 5656; x_wconf 81' lang='lat' dir='ltr'><strong>eam,</strong></span> <span class='ocrx_word' id='word_1_935' title='bbox 3329 5589 3454 5658; x_wconf 87' lang='lat' dir='ltr'><strong>quia</strong></span> <span class='ocrx_word' id='word_1_936' title='bbox 3479 5602 3576 5658; x_wconf 81' lang='lat' dir='ltr'><strong>per</strong></span> 
     </span>
    </p>
   </div>
  </div>
