3926 6176
355 224 458 278 διε)

1705 200 1974 258 ARNOBll
2015 195 2316 254 JUNIORIS

3518 197 3609 254 ἔξω

352 309 564 398 carnem
595 330 1063 391 calumniabantur
1103 323 1230 378 mihi
1261 318 1497 390 superbi.
1546 316 1692 384 Elige
1715 357 1727 380 ,
1761 329 1942 384 qua'so
1978 315 2022 371 Α
2053 309 2240 373 etatis,
2272 305 2486 379 quando
2527 305 2688 360 habet
2719 303 2882 372 Virgo
2925 304 2978 358 in
3021 309 3176 359 utero
3208 304 3528 372 concipere.
3577 325 3626 361 tl

355 441 442 495 te,
473 425 730 488 Domine,
768 421 909 488 elige
936 430 1176 478 servum,
1217 413 1269 466 id
1308 417 1421 474 est,
1458 418 1626 462 totum
1647 403 1936 465 mundum;

359 494 494 589 elige
523 533 642 573 eum
669 517 720 570 in
743 515 904 574 bono,
931 508 980 561 id
1003 515 1103 569 est,
1131 505 1182 558 in
1207 501 1440 558 Christo.
1474 497 1588 552 Non
1611 494 1944 551 calumnien-

360 587 454 666 tur
475 611 524 664 ei
568 603 813 675 superbi,
848 600 896 653 id
929 606 1041 660 est,
1075 593 1332 649 immundi
1361 591 1607 660 spiritus,
1639 587 1730 655 qui
1761 591 1944 638 tenent

359 672 775 772 chirographum
806 687 1028 760 peccati.
1063 683 1227 747 Veni,
1261 681 1518 742 Domine,
1565 684 1618 730 et
1647 675 1764 772 dele
1793 672 1940 772 illud,

360 762 652 842 excludens
698 778 1002 834 inimicitias
1045 771 1418 842 superborum.
1471 767 1621 838 Oculi
1669 763 1810 818 enim
1843 762 1944 817 mei

360 873 676 930 defecerunt
706 871 756 924 in
787 866 1004 925 salutari
1037 873 1146 918 tuo.
1175 860 1504 930 Exspectans
1531 871 1745 925 semper
1771 863 1948 908 atten-

364 966 456 1019 det
485 973 544 1018 ut
583 963 886 1016 venientem
916 956 1162 1024 aspiciat,
1197 967 1304 1022 quo
1333 957 1576 1006 morante
1605 947 1732 1000 dicit
1759 964 1771 998 :
1799 943 1948 998 Oculi

368 1057 471 1110 mei
503 1039 814 1110 defecerunt
858 1049 912 1104 in
959 1045 1363 1116 exspectatione
1411 1041 1546 1110 ejus.
1579 1039 1716 1102 Fac,
1749 1053 1951 1105 quaeso,

367 1161 488 1199 cum
517 1160 672 1198 servo
719 1153 844 1202 tuo,
878 1137 930 1192 id
959 1146 1069 1201 est,
1123 1151 1244 1190 cum
1289 1133 1486 1186 smculo
1527 1140 1620 1185 tuo
1659 1128 1951 1205 secundum

371 1233 788 1291 misericordiam
819 1241 986 1292 tuam,
1017 1238 1071 1282 et
1095 1225 1506 1296 jnstiiicationes
1537 1233 1654 1275 tuas
1682 1221 1815 1276 doce
1845 1234 1950 1272 me.

371 1326 602 1396 Tempus
632 1331 712 1377 est
741 1331 798 1376 ut
829 1320 1030 1384 venias,
1061 1316 1412 1388 perdissipata
1442 1323 1519 1368 est
1552 1313 1619 1366 ab
1650 1311 1842 1379 iniquis
1871 1309 1955 1364 lex

375 1426 486 1478 tua,
523 1415 569 1468 id
605 1420 704 1478 est,
739 1428 766 1464 a
797 1411 1014 1474 Iudaeis,
1048 1409 1139 1478 qui
1169 1423 1287 1462 eam
1316 1406 1638 1475 accipientes
1665 1403 1960 1472 dissipave-

375 1516 498 1561 runt
525 1520 642 1558 eam
661 1543 673 1564 ,
708 1518 801 1557 sua
831 1509 1094 1570 puecepta
1113 1541 1126 1561 ,
1160 1500 1297 1553 sicut
1321 1495 1495 1565 arguit
1525 1495 1780 1550 Dominus
1799 1535 1812 1558 ,
1841 1489 1957 1548 sta;

377 1608 605 1660 tuentes,
644 1606 696 1650 et
726 1595 1036 1648 traditiones
1063 1591 1338 1645 hominum
1360 1587 1752 1650 custodientes,
1785 1586 1956 1652 legem
2006 1621 2012 1627 η

2045 417 2234 472 parere
2256 400 2408 456 vobis
2427 398 2850 452 Emmanuelem.
2869 395 3004 452 Veni
3028 409 3175 464 ergo,
3205 396 3456 462 Domine,
3479 405 3530 452 et
3549 413 3626 454 re-

2043 493 2186 548 dime
2213 506 2300 546 me
2343 506 2372 544 a
2418 489 2698 544 calumniis
2740 488 3046 553 hominum,
3099 495 3151 542 et
3202 487 3501 542 custodiam
3542 500 3627 546 tua

2047 583 2317 638 mandata.
2350 597 2459 646 non
2488 579 2784 634 hominum.
2809 577 2942 632 Cum
2973 577 3160 634 faciem
3194 588 3345 632 tuam
3376 579 3632 635 illumina-

2049 677 2187 731 veris
2215 691 2376 746 super
2421 689 2635 728 servum
2677 682 2860 734 tuum,
2911 671 2962 726 id
3011 679 3124 736 est,
3179 685 3349 741 super
3391 675 3632 749 smeulpm

2049 777 2224 831 tuum,
2269 779 2390 822 tunc
2409 759 2570 819 doces
2593 779 2692 818 nos
2715 778 2811 833 per
2833 762 3028 816 Filium
3059 771 3205 817 tuum
3229 762 3637 832 justitiCationcs

2052 866 2191 911 tuas.
2216 855 2630 910 Consideremus
2651 868 2792 908 nunc
2814 869 3077 908 summum
3101 853 3328 920 gradum
3361 856 3629 908 orationis.

2050 946 2302 1000 Summus
2331 945 2526 1013 gradus
2554 945 2716 998 enim
2741 943 3001 999 orationis
3035 951 3148 1007 est,
3180 943 3403 1014 quando
3434 944 3485 997 in
3515 945 3625 998 ora-

2061 1035 2208 1089 tione
2235 1035 2470 1105 positus,
2501 1049 2688 1104 preces
2730 1030 2887 1088 simul
2927 1040 2982 1086 et
3011 1029 3278 1104 lacrymas
3309 1032 3504 1088 fon-iis.
3538 1033 3640 1086 lm-

2053 1126 2306 1196 possibile
2334 1113 2585 1179 enimest
2615 1133 2669 1176 ut
2698 1140 2804 1177 non
2852 1116 2992 1178 oculi
3027 1125 3104 1178 tui
3137 1119 3425 1193 peccatum
3470 1125 3637 1180 incur-

2055 1216 2242 1270 rerint.
2265 1211 2428 1268 Omne
2450 1213 2591 1268 enim
2615 1213 2750 1286 quod
2770 1215 2826 1268 in
2841 1214 3032 1268 mundo
3054 1223 3149 1278 est,
3171 1223 3238 1268 ut.
3257 1215 3334 1268 ait
3359 1217 3640 1282 apostolus,

2057 1307 2470 1376 concupiscentia
2501 1304 2764 1358 acutorum
2804 1313 2911 1368 est,
2959 1313 3008 1357 et
3057 1303 3273 1358 ambia’o
3304 1300 3504 1368 surculi,
3544 1321 3645 1375 qua:

2060 1417 2165 1454 non
2193 1411 2270 1453 est
2299 1389 2522 1452 a'Patre
2545 1397 2592 1468 (1
2639 1392 2795 1450 Ιοαὴ.
2821 1396 2900 1462 tt).
2926 1396 3021 1451 Dic
3047 1411 3176 1465 ergo
3203 1411 3330 1452 cum
3362 1397 3646 1466 pmpheta:
3727 1383 3733 1389 ’

2062 1493 2246 1548 Exitus
2290 1493 2550 1560 aquarum
2611 1489 2947 1544 deduxerunt
2995 1490 3135 1544 oculi
3177 1489 3321 1552 mei,
3376 1491 3503 1558 quia
3548 1495 3644 1543 non“

2061 1583 2432 1640 custodierunt
2462 1581 2631 1648 legem
2676 1587 2844 1634 tuam.
2895 1579 3036 1634 Dixit
3065 1581 3319 1649 equidem
3353 1581 3647 1634 miseriaen-

379 1705 504 1744 vero
535 1685 628 1740 Dei
673 1683 1107 1739 COJICH‘animnl.
1143 1680 1539 1748 Dissipaverunt
1580 1677 1742 1746 iniqui
1786 1675 1959 1748 legem
1993 1673 2037 1732 Β
2063 1675 2202 1730 diam
2235 1681 2412 1737 tuam,
2444 1681 2498 1726 et
2523 1669 2647 1741 Spes
2675 1670 2793 1725 m'ea
2823 1672 2998 1726 omnis
3036 1672 3088 1726 in
3117 1673 3234 1740 ipsa
3266 1681 3370 1726 est.
3402 1671 3506 1726 Sed
3532 1671 3648 1738 quid

381 1791 541 1841 tuam,
572 1777 744 1830 nullis
769 1775 964 1834 credit,
996 1786 1182 1824 omnes
1209 1769 1629 1823 declinaverunt.
1657 1764 1818 1828 Veni,
1851 1763 1960 1817 Do-

383 1871 522 1922 mine
543 1908 555 1931 ,
585 1867 706 1936 quia
739 1875 947 1932 ten'tpus
976 1860 1201 1915 faciendi
1231 1856 1682 1919 misericordiam;
1713 1853 1964 1908 conclnde

383 1959 557 2011 omnia
572 1957 622 2006 in
635 1936 1015 2012 incredulitate,
1031 1946 1328 2002 titomnibus
1343 1947 1635 2000 miserearis
1651 1942 1836 2016 '(Rom.
1867 1943 1960 2012 χι).

385 2048 582 2102 Memor
616 2054 733 2100 esti
767 2045 854 2114 qui
892 2042 1057 2111 legis,
1106 2041 1227 2110 quia
1269 2055 1454 2094 vocem
1495 2037 1853 2108 diximus‘hic
1883 2035 1966 2103 agi

386 2139 623 2193 omnium
653 2137 1055 2207 prophetarum,
1085 2133 1174 2201 qui
1197 2131 1537 2204 etpraaconia
1559 2145 1655 2182 sua
1684 2129 1969 2182 voluerunt

392 2229 456 2282 ad
486 2229 730 2282 effectum
762 2225 949 2280 adduci
982 2239 1077 2294 per
1098 2223 1382 2278 adventum
1411 2221 1638 2286 Domini,
1665 2221 1970 2274 ethumano

389 2319 569 2387 generi
601 2295 888 2372 subveniri.
925 2313 1020 2368 ilic
1049 2329 1211 2382 ergo,
1261 2314 1310 2366 id
1358 2312 1887 2382 estfprophetarum
1918 2319 1972 2365 et

385 2418 692 2464 sanctorum
723 2409 917 2460 chorus
947 2405 1182 2474 loquitur
1209 2422 1221 2455 :
1250 2403 1451 2467 Dilexi,
1489 2403 1688 2473 inquit,
1722 2403 1971 2456 mandata

388 2509 476 2554 tua
505 2513 668 2568 super
695 2512 882 2550 aurum
915 2503 967 2548 et
999 2495 1270 2564 topazion,
1303 2485 1356 2548 id
1385 2501 1484 2559 est,
1511 2509 1674 2563 super
1701 2508 1887 2546 aurum
1919 2499 1973 2544 et

393 2591 624 2661 lapidem
656 2590 970 2659 pretiosum.
1003 2587 1092 2642 Sic
1131 2587 1346 2657 repetiit
1376 2586 1426 2638 in
1463 2585 1754 2640 centesimo
1783 2599 1832 2637 0t
1852 2591 1974 2636 tavo

389 2681 626 2746 decimo,
678 2682 815 2734 sicut
865 2680 916 2732 in
969 2688 1159 2734 octavo
1205 2679 1413 2732 decimo
1455 2677 1564 2745 jam
1614 2675 1876 2746 praedixit.
1911 2673 2000 2728 Et'

393 2783 676 2843 propterea
698 2813 712 2836 ,
745 2773 914 2840 inquit
934 2811 949 2835 ,
980 2772 1043 2822 ad
1081 2771 1259 2824 omnia
1291 2768 1539 2822 mandata
1568 2777 1658 2821 tua
1687 2766 1974 2833 dirigebar.

393 2867 459 2921 Et
486 2882 697 2919 onmem
731 2865 870 2916 viam
899 2861 1136 2932 iniquam
1175 2861 1298 2914 odio
1341 2859 1530 2922 habui,
1560 2857 1686 2926 quia
1717 2855 1978 2910 mirabilia

393 2957 696 3016 testimonia
727 2964 838 3010 tua.
889 2954 1081 3020 Pinge,
1122 2952 1282 3022 pinge
1334 2958 1458 3005 ante
1506 2950 1691 3004 oculos
1740 2955 1861 3004 tuos
1887 2947 1979 3016 qui

2062 1763 2284 1828 faciam,
2317 1763 2439 1832 quia
2465 1761 2576 1816 scio
2615 1761 2739 1830 quia
2764 1759 2938 1830 justus
2965 1775 3052 1826 es,
3083 1755 3345 1826 Domine,
3376 1769 3431 1815 et
3459 1771 3648 1816 rectum

2061 1855 2316 1923 judicium
2347 1864 2514 1908 tuum.
2550 1852 2615 1906 Et
2643 1853 2907 1910 mandasti
2938 1853 3199 1922 justitiam
3227 1863 3408 1917 tuam,
3437 1861 3491 1908 et
3512 1855 3650 1907 testi~

2068 1947 2246 2001 monia
2269 1955 2378 2012 tua,
2401 1947 2594 2017 quibus
2609 1946 2953 2002 comminaris
2973 1955 3233 2001 internum
3258 1948 3582 2011 incendium,
3603 1953 3650 1999 et

2067 2039 2180 2093 scio
2203 2039 2254 2092 in
2278 2039 2490 2107 loquela
2513 2046 2606 2092 tua
2629 2039 2910 2092 veritatem
2935 2039 3110 2092 nimis.
3134 2038 3264 2095 Ideo
3287 2053 3420 2106 ergo
3442 2037 3652 2090 fundunt

2070 2121 2208 2184 oculi
2225 2146 2408 2201 aquas,
2427 2145 2546 2199 qnze
2563 2129 2782 2184 abluaut
2797 2129 3058 2198 plorando
3075 2128 3220 2199 quod
3237 2125 3654 2196 concupiscendo

2070 2223 2393 2292 polluerunt.
2446 2219 2600 2274 Zelor
2642 2226 2820 2272 tamen
2863 2217 3112 2271 mundum
3163 2229 3314 2272 tuum
3359 2219 3428 2272 ab
3467 2215 3649 2276 idolis,

2070 2311 2194 2380 quia
2225 2311 2455 2380 gaudent
2481 2323 2642 2378 super
2677 2323 2799 2363 eum
2827 2308 3024 2363 inimici
3055 2309 3162 2372 tui,
3203 2317 3258 2362 et
3288 2310 3364 2362 ita
3387 2309 3511 2361 hinc
3535 2304 3650 2360 inde

2074 2406 2422 2470 bacchantur,
2459 2393 2515 2460 ut
2536 2404 2687 2458 obliti
2711 2403 2817 2458 sint
2840 2403 2999 2458 verba
3029 2413 3120 2456 tua
3151 2403 3251 2472 ipsi
3283 2400 3481 2456 inimici
3511 2413 3657 2466 gene-

2078 2491 2151 2549 ris
2199 2496 2438 2570 humani.
2480 2488 2854 2548 Sciunt'enim
2906 2501 2960 2546 et
3009 2489 3318 2559 intelligunt
3359 2505 3518 2543 voces
3545 2502 3660 2557 pro-

2080 2589 2383 2659 phetarum,
2416 2589 2467 2642 in
2495 2588 2688 2656 quibus
2711 2589 2870 2641 verba
2903 2595 2988 2640 tua
3019 2586 3350 2656 pollicentur
3371 2583 3540 2638 nostri
3564 2580 3660 2634 Re-

2079 2679 2374 2753 demptoris
2404 2680 2708 2734 adventum.
2767 2678 2872 2733 Sed
2907 2686 3113 2733 tantum
3141 2677 3398 2740 moraris,
3433 2673 3658 2734 Domine,

2077 2782 2137 2826 ut
2163 2761 2317 2826 obliti
2364 2773 2472 2826 sint
2501 2772 2664 2826 verba
2709 2771 2824 2840 ipsa
2863 2770 3234 2842 promissionis
3270 2769 3438 2840 hujus
3480 2764 3658 2821 inimici

2082 2865 2206 2919 mei.
2250 2862 2420 2918 Porro
2449 2871 2628 2917 autem
2671 2863 2891 2930 ignitum
2921 2872 3003 2918 est
3036 2863 3313 2932 eloquium
3347 2870 3495 2916 tuum
3517 2859 3660 2913 velte.

2083 2962 2310 3015 menter,
2353 2953 2574 3020 ignitum
2599 2962 2682 3007 est
2723 2954 3042 3008 amatorium
3066 2993 3082 3019 ,
3131 2953 3431 3007 excludens
3467 2962 3660 3004 amores

395 3053 507 3106 lucc
529 3057 714 3104 cantas
741 3047 943 3117 aliquas
970 3045 1217 3098 fabricas.
1251 3042 1484 3110 Quales?
1511 3035 1633 3095 Ilias
1660 3055 1794 3111 quas
1822 3039 1982 3092 mira-
2011 3033 2054 3095 C
2086 3034 2392 3098 mortifer-os
2421 3051 2472 3096 et
2504 3043 2628 3095 vita:
2654 3049 2869 3096 mternzc
2900 3057 3111 3123 amores
3141 3042 3445 3096 includens.
3473 3036 3662 3106 Adiecit

395 3144 588 3196 bantur
615 3139 876 3211 apostoli,
908 3137 1066 3208 pinge
1095 3135 1346 3195 thermas,
1380 3131 1539 3202 pinge
1569 3131 1683 3187 fora
1708 3138 1761 3185 et
1789 3131 1986 3184 moenia

396 3235 446 3287 ia
476 3231 674 3288 vertice
703 3229 918 3284 excelso
947 3224 1239 3296 surgentia.
1274 3221 1342 3279 Et
1371 3222 1496 3278 dum
1527 3224 1626 3278 ista
1650 3223 1982 3286 cons‘ideras,

401 3332 672 3377 memento
693 3321 888 3376 casula:
909 3319 1277 3389 cujuscunque
1298 3333 1364 3372 ex
1387 3316 1654 3370 frondium
1681 3324 1835 3385 septo
1857 3305 1986 3369 con-

402 3423 580 3467 textre.
613 3409 860 3479 Nunquid
904 3425 1008 3464 non
1051 3417 1203 3464 tanto
1245 3407 1331 3462 illa
1379 3408 1470 3461 tibi
1516 3407 1619 3462 erit
1658 3405 1985 3475 despeCtior,

399 3509 598 3572 quanto
641 3501 739 3554 ista
789 3499 1051 3554 mirabilia
1089 3499 1374 3568 stupueris.
1410 3495 1552 3566 Ergo
1601 3497 1644 3551 is
1683 3499 1989 3567 quicunque

399 3599 568 3664 legem
602 3594 695 3648 Dei
725 3597 989 3648 rationem
1030 3592 1230 3647 habere
1257 3593 1400 3657 vult,
1445 3601 1615 3646 totum
1645 3592 1800 3660 quasi
1827 3581 1986 3646 vilem

401 3687 634 3738 casulam
674 3685 898 3754 despicit
939 3685 1222 3749 mundum,
1255 3690 1310 3736 ct
1341 3684 1453 3737 sola
1493 3683 1757 3736 mirabilia
1789 3683 1991 3738 habens

401 3777 700 3830 testimonia
726 3775 859 3842 ejus,
883 3775 1002 3828 ideo
1023 3782 1294 3828 scrutatur
1315 3789 1376 3826 ea
1400 3772 1713 3840 anima_ejus
1728 3789 1742 3838 ;
1760 3787 1992 3841 cumquo

401 3867 690 3944 .leclaratio
729 3861 1035 3919 sermonum
1065 3864 1181 3934 ejus
1208 3865 1258 3918 in
1289 3863 1450 3920 rebus
1473 3865 1688 3918 alternis
1725 3861 1990 3918 illumina-

404 3959 535 4012 verit
556 3972 697 4021 eum,
721 3965 775 4011 et
799 3955 1032 4026 parvulis
1053 3955 1574 4010 considerationibus
1603 3954 1718 4023 ejus
1739 3967 1988 4022 magnum

403 4049 649 4103 tribuerit
680 4048 1038 4109 intellectum,
1092 4047 1299 4116 aperiet
1339 4061 1400 4100 os
1447 4062 1601 4099 suum
1647 4047 1701 4100 in
1749 4044 1992 4100 laudibus

405 4140 526 4204 Dei,
559 4147 613 4193 et
639 4139 860 4192 attrahit
889 4137 1154 4207 spiritum,
1182 4137 1232 4191 id
1263 4145 1374 4204 est,
1405 4136 1648 4206 suspiriis
1677 4146 1989 4206 OCCUpatnr,

405 4229 526 4299 quia
554 4229 802 4282 mandata
830 4227 925 4284 Dei
953 4227 1248 4304 desiderat,
1271 4236 1325 4283 et
1347 4229 1532 4298 incipit
1559 4227 1637 4282 sic
1665 4227 1988 4292 desiderare,

406 4330 464 4375 ut
483 4337 592 4392 prae
614 4317 882 4376 desiderio
906 4337 1012 4375 non
1037 4322 1288 4386 dormiat,
1314 4332 1474 4390 atque
1495 4336 1672 4376 escam
1695 4305 1994 4392 potumque

405 4413 504 4468 sibi
533 4427 596 4466 ac
625 4413 862 4466 lretitiam
889 4411 1232 4476 subtrahens,
1264 4428 1373 4482 pm:
1401 4411 1665 4468 desiderio
1691 4412 1774 4466 sui
1801 4420 1990 4482 pecto-
2023 4395 2072 4456 D

409 4501 481 4558 ris
507 4502 741 4556 clamet:
773 4492 968 4572 Aspice
999 4515 1115 4568 me,
1163 4511 1218 4556 et
1262 4502 1522 4558 miserere
1563 4503 1672 4557 mei
1699 4501 1995 4560 secundum

407 4594 659 4666 judicium
681 4595 1013 4663 diligentiam
1035 4609 1232 4649 nomen
1258 4602 1404 4648 tuum
1428 4594 1574 4650 :btcc
1594 4593 1760 4652 totius
1779 4595 1998 4650 humani

409 4686 620 4754 generis
648 4685 822 4740 oratio
853 4683 1108 4740 inliditur.
1153 4683 1305 4754 Unde
1351 4693 1408 4739 et
1451 4685 1736 4755 sequitur:
1769 4683 1998 4741 Gressus

412 4791 564 4830 meos
593 4775 760 4843 dirige
788 4775 1083 4831 secundum
1126 4775 1346 4830 verbum
1394 4783 1545 4830 tuum
1588 4785 1648 4830 et
1683 4776 1878 4842 vivam,
1909 4777 2004 4846 qui

411 4883 628 4936 gressus
657 4881 809 4921 meos
837 4869 888 4922 in
931 4876 1133 4924 tortum
1173 4867 1294 4923 misi
1323 4883 1419 4938 per
1447 4867 1646 4935 Adam,
1677 4876 1732 4923 et
1771 4878 1999 4926 mortem

413 4957 614 5012 inveni.
651 4955 731 5010 Tu
759 4957 914 5022 veni,
943 4957 1201 5024 Domine,
1249 4967 1306 5014 et
1349 4975 1448 5030 per
1493 4967 1544 5014 te
1588 4973 1801 5027 gressus
1851 4973 2002 5015 meos

413 5049 582 5117 dirige
611 5049 904 5103 secundum
933 5050 1155 5104 verbum
1185 5058 1356 5118 tuum,
1381 5051 1524 5121 quod
1565 5051 1653 5106 ille
1679 5051 2001 5122 prrevarica-

417 5152 501 5196 tus
543 5148 657 5205 est,
702 5149 757 5194 et
799 5140 961 5194 vitam
1003 5140 1270 5196 inveniam
1302 5157 1396 5211 per
1425 5151 1508 5208 te,
1538 5157 1700 5211 quam
1728 5158 1826 5214 per
1852 5141 1998 5198 illum

417 5230 589 5284 amisi.
619 5228 906 5300 ExSpecto,
939 5227 1184 5295 Domine,
1207 5231 1351 5296 veni,
1382 5239 1436 5285 et
1463 5247 1568 5286 non
1597 5231 1894 5286 confundas
1917 5247 2004 5286 me

418 5321 486 5372 ab
513 5319 921 5390 exspectatione
943 5305 1082 5374 mea.
1113 5319 1170 5373 Si
1193 5321 1332 5375 enim
1361 5323 1594 5388 veneris,
1625 5337 1734 5376 non
1763 5322 2007 5378 domina-

422 5412 562 5464 bitur
591 5412 695 5464 mei
725 5412 899 5466 onmis
928 5411 1212 5480 iniquitas,
1263 5411 1466 5468 scilicet
1508 5413 1828 5469 daemonum.
1877 5414 2011 5469 Nam

425 5503 680 5559 increduli
711 5499 956 5560 homines
985 5503 1265 5560 credentes
1289 5505 1702 5574 calumniantur,
1733 5507 2008 5564 dicentes:

423 5595 561 5662 QuiJ
593 5597 796 5664 negatis
824 5598 954 5652 deos
981 5599 1239 5666 gentium,
1283 5607 1336 5652 et
1365 5595 1592 5667 Virginis
1621 5598 1785 5656 lilium
1820 5618 2012 5672 exspe-

2088 3146 2372 3208 postqnam
2413 3133 2635 3200 ignitum
2683 3132 2925 3187 dixerat:
2974 3131 3040 3186 Et
3081 3148 3266 3187 servus
3297 3141 3454 3193 tuus,
3487 3127 3660 3197 inquit,

2087 3227 2274 3282 dilexit
2304 3227 2462 3292 illud;
2509 3225 2902 3281 adolescentior
2932 3241 3032 3294 ego
3061 3208 3208 3292 sum,
3253 3235 3312 3280 et
3342 3231 3664 3292 contemptus

2089 3319 2152 3374 iis
2182 3319 2271 3389 qui
2302 3303 2854 3388 pugnant'adversum
2883 3334 3000 3384 me;
3033 3319 3232 3372 mundo
3261 3308 3412 3372 omni
3442 3317 3664 3370 seniores

2087 3420 2242 3476 sunt,
2295 3419 2350 3465 et
2395 3411 2645 3465 omnibus
2685 3413 2912 3466 vetustis
2956 3412 3162 3466 saeculis
3202 3412 3534 3480 antiquiores
3561 3419 3666 3461 esse

2093 3514 2404 3558 noscuntur.
2460 3494 2564 3557 His-
2599 3517 2728 3571 ergo
2775 3504 3172 3560 adolescentior
3220 3521 3323 3574 pro
3371 3503 3664 3569 contempto

2091 3596 2317 3660 habeor,
2361 3595 2486 3649 dum
2530 3591 2943 3664 justiiicationes
3003 3604 3120 3649 tuas
3157 3595 3411 3663 exquiro.
3470 3589 3663 3646 Iustitia

2090 3687 2232 3762 enim
2283 3693 2372 3738 tua
2415 3694 2594 3742 certus
2639 3701 2756 3739 sum
2803 3684 2946 3754 quod
2981 3685 3186 3754 justitia
3215 3685 3285 3740 sit
3313 3686 3371 3739 in
3401 3693 3660 3738 aeternum.

2091 3776 2158 3832 Et
2188 3778 2300 3832 scio
2329 3777 2452 3846 quia
2481 3776 2570 3831 lex
2601 3784 2687 3830 tua
2713 3777 2910 3834 veritas
2938 3777 3040 3842 sit,
3063 3785 3118 3830 et
3149 3776 3268 3830 ideo
3290 3793 3382 3830 me
3413 3769 3666 3828 tribulatio

2091 3876 2148 3922 et
2193 3868 2452 3937 angustia:
2497 3867 2838 3922 invenerunt.
2879 3868 3012 3934 Quia
3044 3867 3296 3922 mandata
3337 3876 3428 3922 tua
3458 3863 3665 3920 medita‘

2094 3961 2170 4014 tio
2192 3975 2312 4015 mea
2335 3967 2434 4015 est.
2479 3959 2609 4014 Non.
2635 3960 2776 4016 enim
2808 3958 3004 4014 faciunt
3032 3960 3409 4016 tribulationes
3438 3966 3492 4012 et
3515 3968 3663 4023 angu-

2091 4053 2222 4108 stias
2259 4052 2561 4118 d‘JSmOllCS,
2611 4051 2712 4105 nisi
2752 4051 2834 4104 his
2855 4065 3016 4120 quam
3045 4051 3278 4104 maxime
3307 4050 3402 4118 qui
3431 4044 3661 4102 mandata

2099 4145 2312 4200 Domini
2351 4131 2696 4199 meditantur.
2729 4140 2797 4197 Et
2823 4143 2942 4212 ideo
2969 4143 3228 4206 clamavi,
3259 4143 3453 4212 inquit,
3485 4139 3536 4194 in
3565 4145 3666 4190 toto

2083 4236 2260 4292 .corde
2285 4251 2407 4290 meo
2433 4253 2446 4287 :
2477 4233 2683 4289 Ex’audi
2707 4249 2822 4298 me,
2859 4234 3104 4298 Domine,
3130 4231 3540 4306 iustiﬁcationes
3557 4236 3669 4280 tuas

2098 4326 2396 4395 exquiram.
2437 4323 2514 4378 Ita
2543 4339 2696 4380 meos
2723 4339 2902 4380 mores
2925 4325 2976 4397 in
3006 4333 3100 4378 tuo
3128 4339 3314 4384 amore
3341 4322 3590 4392 dispone,
3621 4323 3669 4368 ul

2099 4416 2228 4470 nihil
2255 4415 2322 4470 de
2347 4415 2450 4471 hoc
2471 4413 2669 4492 mundo
2697 4429 2954 4484 qureram,
2985 4413 3080 4468 sed
3109 4413 3254 4468 solas
3285 4423 3406 4468 tuas
3427 4403 3670 4482 justiﬁed-

2104 4507 2282 4562 tiones
2317 4505 2614 4578 exquiram.
2660 4501 2900 4561 Prazveni
2925 4506 3068 4566 enim
3095 4505 3150 4559 in
3177 4505 3485 4560 maturitate
3511 4508 3564 4555 et
3584 4507 3670 4551 ex-

2101 4598 2330 4653 clamavi
2355 4617 2366 4652 :
2394 4596 2490 4652 Fui
2505 4612 2658 4668 puer,
2687 4606 2874 4668 postea
2901 4597 3237 4662 adolescens,
3269 4579 3510 4667 itemque.
3525 4591 3668 4671 juve-

2104 4691 2218 4756 nis;
2251 4706 2394 4746 nunc
2420 4705 2545 4745 ecce
2565 4689 2678 4759 jam
2707 4689 2857 4744 senui
2877 4729 2892 4756 ,
2931 4697 2986 4744 et
3018 4690 3140 4745 vitae
3175 4703 3311 4743 mea:
3339 4687 3496 4742 tinem
3523 4689 3672 4748 atten-

2107 4782 2261 4850 dens,
2285 4783 2340 4838 in
2368 4783 2471 4838 hac
2493 4783 2803 4850 maturitate
2831 4782 3038 4852 positus
3063 4781 3258 4844 clamo,
3287 4788 3344 4856 et
3362 4773 3670 4850 praeveniunt

2111 4874 2256 4930 oculi
2300 4873 2406 4928 mei
2451 4873 2520 4928 ad
2564 4865 2896 4938 te'diluculo,
2929 4873 2982 4928 id
3011 4881 3126 4938 est,
3161 4879 3448 4948 antequam
3475 4867 3602 4922 alius
3625 4865 3672 4919 ιθ

2106 4980 2264 5023 orare
2293 4965 2528 5036 incipiat.
2581 4963 2776 5020 Lucem
2805 4965 2974 5034 ipsam
3003 4963 3110 5020 diei
3139 4963 3445 5019 venientem
3487 4965 3672 5029 prtere-

2109 5058 2264 5112 niunt
2291 5056 2356 5110 ad
2387 5064 2440 5112 te
2464 5055 2606 5128 oculi
2635 5055 2772 5120 mei,
2793 5063 2849 5109 ut
2878 5069 3064 5108 vocem
3092 5067 3266 5108 meam
3295 5050 3479 5106 audias
3503 5055 3673 5100 secun-

2110 5148 2236 5204 dum
2280 5127 2527 5215 magnam
2568 5145 2989 5202 misericordiam
3019 5153 3162 5200 tuam
3181 5184 3196 5210 ,
3225 5143 3352 5214 quia
3379 5127 3541 5213 prope
3565 5137 3674 5188 sunt

2114 5240 2204 5309 qui
2247 5243 2644 5309 persequuntur
2689 5251 2792 5292 me.
2843 5235 3154 5306 iniquitates
3199 5233 3332 5292 mihi
3375 5242 3536 5302 prope
3561 5228 3668 5278 su"l

2117 5331 2241 5399 quia
2271 5347 2300 5384 a
2329 5330 2447 5398 lege
2477 5339 2567 5384 tua
2597 5328 2754 5397 longe
2782 5325 2909 5384 facti
2937 5335 3092 5391 sunt,
3121 5325 3172 5381 id
3196 5333 3309 5391 est,
3351 5323 3606 5379 daemones
3629 5311 3674 5365 in

2120 5419 2306 5484 idolis,
2339 5429 2394 5474 et
2435 5420 2655 5497 spiritus
2702 5417 2962 5475 immundi
3001 5417 3055 5472 in
3083 5406 3492 5488 cogitationibus
3519 5401 3669 5464 malis.

2120 5511 2185 5568 Hi
2214 5513 2777 5582 appropinquaverunt
2802 5517 3186 5581 persequentes
3214 5523 3332 5575 me,
3375 5511 3609 5578 putantes
3631 5501 3676 5546 ιθ

2123 5603 2298 5658 adhuc
2340 5604 2496 5672 longe
2539 5619 2697 5668 esse;
2749 5614 2803 5658 tu
2849 5611 3028 5656 autem
3057 5615 3230 5672 prope
3252 5613 3331 5669 es,
3366 5594 3600 5656 Domine,
3629 5591 3676 5637 θι
