3926 6176
229 347 314 404 521
1131 336 1600 393 COMMENTARII
1646 338 1710 392 IN
1753 337 2081 396 PSALMOS.
2124 340 2312 396 PSAL.
2357 341 2532 397 CXIX.

3351 335 3454 392 5‘29.

229 463 386 522 omnia
421 457 654 515 mandata
707 463 793 512 tua
815 496 829 520 ,
881 457 1073 528 quibus
1111 455 1374 510 mandasti
1405 463 1551 508 tuum
1581 467 1771 522 exspe-
1802 455 1847 512 A
1875 453 1946 506 mi
1978 453 2178 525 Spiritu
2201 465 2403 527 septem
2431 456 2681 512 Ecclesiis
2698 462 2902 511 textum
2925 453 3216 524 superioris
3243 452 3454 508 fabrica

227 555 452 613 claudum
479 551 756 605 adventum
780 588 796 615 ,
827 549 1008 603 omnia
1037 547 1286 601 mandata
1327 555 1415 600 tua
1445 545 1658 598 veritas.
1693 543 1774 597 Ab

227 649 360 702 initio
386 642 598 710 cognovi
622 639 699 698 de.
721 640 1040 694 testimoniis
1067 639 1190 704 tuis,
1215 639 1339 707 quia
1367 638 1444 692 sic
1471 635 1619 691 ﬁrma
1649 633 1775 689 sunt

226 736 457 808 promissa
504 741 618 796 tua,
673 738 730 784 ut
771 732 826 785 in
871 738 1132 784 aeternum
1178 727 1484 783 tundaveris
1508 744 1592 783 ea.
1643 725 1775 781 Vide

228 844 338 898 ergo
385 825 726 880 humilitatem
786 837 982 876 meam.
1047 819 1261 876 Chorus
1314 829 1620 876 sanctorum
1675 834 1774 888 pro

228 917 400 973 mundo
445 916 690 971 universo
737 921 943 968 exorat.
1003 912 1137 967 Vide
1183 912 1536 966 humilitatem
1575 925 1769 975 meam,

226 1021 272 1066 et
296 1010 428 1079 eripe
452 1022 561 1073 me,
593 1007 716 1075 quia
741 1007 915 1073 legem
943 1012 1088 1058 tuam
1118 1020 1226 1058 non
1255 1019 1373 1059 sum
1403 1003 1618 1067 oblitus,
1645 1016 1775 1072 pro-

228 1103 414 1156 missam
434 1099 653 1154 salutem
675 1097 936 1152 adventus
955 1097 1052 1150 tui.
1092 1094 1277 1150 Judica
1294 1094 1552 1164 judicium
1573 1106 1770 1156 meum,

226 1209 271 1253 et
309 1195 494 1250 redime
535 1208 623 1246 me
653 1199 872 1262 propter
917 1191 1186 1258 eloquium
1235 1197 1404 1244 tuum.
1477 1186 1546 1242 Ut
1588 1201 1773 1240 verum

226 1287 334 1342 illud
362 1284 613 1339 universis
661 1298 768 1337 non
813 1281 1154 1337 credentibus
1197 1279 1523 1343 manifestes,
1552 1285 1774 1348 propter

226 1377 465 1445 eloquium
512 1383 658 1429 tuum
697 1375 844 1444 eripe
883 1388 988 1428 me.
1019 1371 1202 1440 Longe
1230 1379 1312 1426 est
1345 1387 1375 1425 a
1404 1370 1776 1441 peccatoribus

224 1469 346 1524 salus
368 1509 381 1533 ,
427 1467 536 1521 sive
563 1466 656 1536 qui
684 1473 968 1520 venturum
994 1479 1104 1519 non
1133 1463 1398 1528 credunt,
1429 1477 1525 1517 seu
1551 1460 1641 1531 qui
1664 1460 1773 1529 jam

224 1559 409 1613 venisse
439 1572 540 1610 non
571 1556 816 1610 credunt.
868 1555 1050 1623 Longe
1090 1562 1175 1609 est
1204 1554 1386 1624 utique
1411 1553 1557 1607 salus
1584 1553 1651 1607 ab
1676 1551 1772 1617 eis,

223 1651 328 1720 quia
349 1649 576 1718 justitias
605 1655 728 1702 tuas
753 1663 862 1702 non
900 1647 1286 1716 exquisierunt.
1329 1645 1456 1700 Tua:
1475 1653 1656 1701 autem
1677 1645 1777 1699 mi-

222 1741 489 1795 serationes
514 1739 696 1794 multa:
724 1746 866 1800 sunt,
895 1738 1141 1802 Domine,
1163 1753 1282 1792 cum
1303 1753 1412 1792 non
1441 1737 1777 1806 requirentes

1877 548 2237 602 exstruebam.
2289 549 2437 603 Sicut
2464 549 2605 602 enim
2631 547 2860 604 diximus
2889 549 2940 602 in
2963 547 3232 602 veteribus
3258 547 3456 601 sanctis

1876 634 2144 691 Christum
2177 638 2230 692 in
2259 638 2606 692 fundamento
2650 637 2900 693 Ecclesia:
2928 646 3235 706 operatum,
3280 637 3351 690 ita
3401 637 3452 692 in

1877 727 2141 782 moenibus
2172 727 2329 784 novis
2343 736 2644 798 operatum,
2664 743 2762 797 per
2780 742 2916 796 quos
2933 727 3094 784 unius
3108 728 3456 798 ejusdemque

1876 816 2206 872 lundamenti
2227 834 2394 890 usque
2414 821 2480 875 ad
2501 821 2663 875 tinem
2681 821 2861 876 saeculi
2887 836 3037 876 arces
3058 829 3376 890 exsurgunt;
3400 821 3453 874 in

1878 910 2069 979 quibus
2080 927 2184 982 pax
2201 915 2367 968 multa
2387 914 2726 982 diligentibus
2748 931 2940 970 nomen
2959 924 3125 982 tuum,
3139 915 3383 983 Domine,
3406 926 3460 971 et

1880 1018 1987 1058 non
2017 1012 2099 1058 est
2128 1004 2229 1059 illis
2253 1005 2598 1072 scandalum;
2631 1007 2684 1060 in
2711 1007 2904 1076 quibus
2932 1016 3274 1077 exspectatur
3314 999 3474 1063 salus

1878 1102 1968 1147 tua
1993 1135 2007 1159 ,
2041 1095 2296 1161 Domine,
2347 1104 2403 1152 et
2448 1096 2696 1151 mandata
2742 1099 3143 1164 custodiuntur;
3184 1099 3237 1153 in
3265 1099 3462 1169 quibus

1880 1185 2045 1240 intrat
2091 1189 2382 1256 postulatio
2431 1197 2613 1243 nostra
2655 1189 2708 1243 in
2747 1197 3036 1261 conspectu
3067 1198 3180 1256 tuo,
3213 1190 3454 1255 Domine,

1880 1286 1936 1332 et
1978 1281 2271 1335 secundum
2324 1281 2547 1336 verbum
2588 1289 2738 1337 tuum
2773 1283 2968 1339 liberas
2996 1299 3124 1350 nos;
3174 1283 3226 1337 in
3266 1283 3459 1353 quibus

1881 1380 2126 1427 eructant
2155 1373 2295 1428 labia
2323 1381 2506 1432 nostra
2535 1376 2790 1447 hymnum
2810 1415 2826 1441 ,
2875 1391 2995 1431 cum
3023 1377 3280 1432 docemur
3302 1375 3458 1444 justi-

1883 1460 2160 1518 ﬁcationes
2187 1472 2334 1532 tuas;
2369 1466 2420 1520 in
2463 1467 2655 1536 quibus
2701 1467 3014 1536 pronuntiat
3051 1467 3230 1536 lingua
3277 1474 3456 1522 nostra

1881 1553 2093 1622 eloquia
2134 1562 2260 1621 tua,
2311 1564 2366 1610 et
2410 1556 2634 1611 docetur
2679 1556 2823 1626 quod
2869 1557 3048 1611 omnia
3087 1557 3338 1612 mandata
3369 1567 3458 1610 tua

1881 1643 1988 1698 sint
2011 1644 2262 1712 aequitas;
2293 1646 2345 1700 in
2375 1647 2566 1716 quibus
2592 1663 2781 1702 manus
2802 1656 2926 1714 tuae,
2957 1649 3059 1703 illa:
3079 1664 3195 1718 qua:
3217 1650 3268 1703 in
3301 1665 3459 1705 cruce

1885 1732 2003 1787 ﬁxa:
2031 1732 2263 1800 fuerunt,
2287 1735 2414 1805 ipsa:
2442 1737 2618 1792 salvos
2647 1753 2747 1793 nos
2768 1738 2988 1806 faciunt,
3021 1740 3066 1794 si
3093 1740 3344 1796 mandata
3371 1748 3458 1795 tua

223 1841 268 1887 te
284 1832 530 1901 requiris,
578 1846 702 1886 cum
748 1837 1148 1901 contemptores
1197 1839 1317 1885 tuos
1361 1829 1598 1884 exaudis.
1641 1828 1774 1896 Quia
1805 1824 1852 1884 Β
1879 1823 2186 1892 diligimus,
2236 1833 2289 1880 et
2337 1827 2762 1897 concupiscimus
2805 1829 3038 1884 salutare
3083 1837 3262 1896 tuum,
3295 1840 3349 1885 et
3375 1831 3460 1886 lex

222 1937 331 1992 ergo
362 1923 459 1976 illis
502 1920 928 1976 misericordiam
973 1921 1195 1977 exhibes
1233 1921 1324 1990 qui
1354 1920 1658 1975 testimonia
1684 1925 1776 1973 tua

223 2031 316 2070 non
351 2015 748 2085 exquisierunt,
797 2023 999 2085 quanto
1045 2014 1215 2084 magis
1251 2020 1307 2068 et
1342 2014 1473 2068 mihi
1501 2013 1775 2079 miserere,

221 2107 348 2176 quia
395 2106 712 2161 testimoniis
752 2106 857 2160 tuis
901 2120 1010 2159 non
1039 2104 1320 2160 declinavi.
1386 2103 1521 2170 Hoc,
1549 2110 1610 2158 ut
1637 2117 1778 2172 saepe

220 2197 446 2272 dicimus,
472 2199 672 2252 chorus
701 2204 1008 2251 sanctorum
1039 2195 1278 2250 omnium
1305 2202 1654 2264 protestatur,
1687 2193 1778 2263 qui

219 2296 265 2343 et
287 2288 468 2358 adjecit
508 2307 522 2342 :
555 2288 679 2342 Vidi
721 2303 829 2341 non
875 2295 1150 2342 servantes
1173 2295 1421 2358 pactum,
1455 2294 1508 2341 et
1535 2286 1776 2341 tabesce-

151 2410 160 2419 -
218 2380 340 2446 bam,
371 2382 486 2450 quia
511 2379 752 2450 justitias
781 2387 902 2434 tuas
931 2395 1040 2434 non
1068 2379 1472 2435 custodierunt:
1505 2381 1778 2449 quomodo

223 2472 452 2526 distabuit
478 2471 693 2544 Moyses
723 2471 776 2524 in
801 2471 1002 2541 populo
1029 2471 1474 2542 przevaricatore;
1505 2468 1778 2539 quomodo

219 2559 419 2617 Phiaees
441 2603 455 2628 ,
496 2562 770 2631 quomodo
800 2561 1002 2618 Chaleb
1032 2561 1169 2616 ﬁlius
1195 2561 1464 2632 Jephone,
1503 2559 1778 2631 quomodo

217 2653 351 2711 Jesus
375 2655 517 2711 Nave
545 2654 688 2710 (ilius
707 2695 722 2722 ,
752 2655 1026 2724 quomodo
1051 2653 1268 2709 Samuel
1300 2654 1354 2708 in
1376 2653 1555 2709 Saule.
1593 2650 1779 2708 Omnis

217 2760 326 2815 ergo
368 2748 560 2802 chorus
608 2754 922 2802 sanctorum
969 2754 1094 2800 ante
1121 2745 1409 2800 adventum
1438 2745 1667 2811 Domini,
1696 2746 1776 2801 vi-

216 2839 329 2893 dens
372 2855 474 2894 non
521 2845 804 2893 servantes
849 2846 1094 2907 pactum,
1124 2837 1456 2902 tabescebat,
1483 2844 1539 2892 et
1565 2836 1779 2893 dicebat

215 2928 418 2986 Domino
442 2950 454 2983 :
485 2931 620 2986 Vide
656 2930 782 3001 quia
807 2930 971 2986 dilexi
998 2931 1172 2999 legem
1201 2937 1346 2984 tuam
1365 2971 1381 2996 ,
1414 2930 1467 2984 in
1497 2938 1586 2985 tua
1613 2931 1776 2985 mise-

215 3027 419 3081 ricordia
450 3026 665 3081 vivifica
691 3041 796 3080 me.
847 3024 962 3080 Iloc
990 3034 1171 3079 autem
1197 3063 1210 3088 ,
1250 3024 1395 3093 quod
1423 3025 1652 3079 diximus
1675 3039 1778 3078 sa:-

216 3130 508 3185 penumero,
558 3124 872 3173 sanctorum
914 3116 980 3170 ab
1011 3115 1141 3170 Abel
1172 3131 1340 3184 usque
1368 3115 1438 3170 ad
1477 3115 1697 3170 Mariam
1724 3121 1780 3169 et

1880 1923 1971 1970 tua
2000 1916 2279 1972 meditatio
2309 1927 2493 1974 nostra
2522 1926 2623 1974 est.
2655 1917 2950 1976 Credentes
2974 1921 3120 1991 quod
3148 1923 3309 1976 etiam
3337 1938 3460 1978 cor-

1876 2021 2011 2076 pore
2060 2015 2248 2063 nostro
2289 2009 2437 2063 vivat
2478 2010 2655 2065 anima
2685 2019 2866 2067 nostra
2886 2053 2900 2079 ,
2933 2019 2989 2068 et
3016 2012 3198 2068 laudet
3227 2020 3308 2079 te;
3341 2024 3460 2068 cre-

1877 2096 2066 2153 dentes
2101 2098 2246 2167 quod
2283 2099 2484 2169 judicia
2524 2109 2616 2156 tua
2659 2102 2913 2171 adjuvant
2958 2120 3077 2160 nos.
3134 2103 3461 2162 Conﬁtentes

1877 2189 2021 2258 quod
2050 2191 2346 2246 erravimus
2364 2233 2379 2257 ,
2429 2193 2569 2249 sicut
2597 2195 2713 2249 ovis
2741 2195 2828 2249 illa
2858 2210 2977 2266 qua).
3000 2197 3177 2266 periit,
3209 2205 3460 2266 rogantes

1877 2289 1938 2335 ut
1961 2283 2204 2352 requiras
2230 2299 2378 2351 eam,
2411 2293 2465 2340 et
2493 2286 2730 2343 humeris
2766 2289 3067 2358 imponens,
3109 2291 3256 2358 gregi
3286 2291 3460 2361 appli-

1876 2387 1968 2428 ces
1995 2377 2330 2444 permanenti
2356 2378 2646 2434 secundum
2675 2381 2992 2450 promissum
3024 2391 3170 2436 tuum
3191 2421 3206 2446 ,
3237 2383 3460 2439 Domine

1876 2464 2002 2521 Jesu
2029 2465 2261 2536 Christe,
2284 2470 2376 2539 qui
2397 2476 2589 2540 regnas
2609 2487 2730 2527 cum
2752 2470 2912 2528 Patre
2938 2481 2994 2528 et
3021 2472 3222 2544 Spiritu
3250 2485 3458 2541 sancto,

1879 2573 1978 2628 per
2007 2560 2187 2615 omnia
2207 2562 2400 2618 secula
2429 2563 2766 2618 saaculorum.

2406 2695 2623 2751 PSALM
2634 2695 2717 2752 US
2745 2694 2926 2751 CXIX.

2372 2799 2651 2864 Canticum
2677 2808 2956 2877 graduum.

1950 2918 2033 2972 Ad
2060 2918 2340 2974 Dominum
2387 2935 2500 2974 cum
2549 2919 2820 2974 tribularer
2849 2920 3085 2987 clamavi,
3115 2930 3165 2976 et
3204 2923 3461 2978 exaudivit

1879 3029 1977 3065 me.
2012 3011 2250 3078 Domine,
2283 3013 2445 3067 libera
2474 3015 2702 3068 animam
2730 3031 2898 3068 meam
2925 3032 2956 3068 a
2985 3015 3136 3070 labiis
3164 3018 3353 3090 iniquis
3370 3059 3385 3084 ,
3411 3029 3462 3074 et

1880 3122 1912 3156 a
1941 3104 2116 3176 lingua
2161 3105 2360 3160 dolosa.
2407 3102 2546 3169 Quid
2573 3106 2719 3160 detur
2751 3106 2839 3160 tibi
2857 3146 2871 3170 ,
2909 3116 2999 3160 aut
3027 3110 3151 3180 quid
3173 3122 3460 3181 apponatur

215 3206 389 3279 Joseph
418 3226 606 3265 omnes
636 3208 853 3280 quidem
883 3209 934 3263 in
960 3208 1076 3276 lege
1107 3208 1270 3262 veteri
1301 3207 1642 3277 placuerunt,
1685 3222 1773 3261 us-
1807 3195 1852 3257 C
1885 3197 1976 3251 tibi
1997 3197 2065 3250 ad
2092 3197 2323 3270 linguam
2344 3197 2613 3252 dolosam?
2629 3199 2849 3270 Sagitta:
2869 3203 3086 3269 potentis
3114 3212 3308 3265 acntw,
3345 3221 3459 3257 cum

215 3315 302 3369 que
326 3302 388 3356 ad
426 3303 720 3368 Abraham,
754 3301 926 3370 legem
955 3309 1157 3354 natura:
1186 3308 1480 3365 servantes,
1517 3299 1583 3354 ab
1605 3299 1774 3353 Abra-

214 3392 322 3448 ham
340 3411 500 3463 usque
537 3395 603 3448 ad
644 3393 863 3465 Moysen
893 3392 1064 3460 legem
1096 3399 1301 3446 natum
1335 3399 1389 3446 et
1413 3390 1774 3446 circumcisio-

215 3485 315 3549 nis,
362 3500 390 3538 a
435 3484 618 3557 Moyse
659 3499 829 3552 usque
874 3483 943 3537 ad
983 3483 1267 3538 Dominum
1295 3482 1477 3538 Jesu'm
1506 3483 1772 3539 Christum

214 3573 362 3644 legem
392 3586 613 3643 natura),
644 3577 1067 3633 circumcisionis
1097 3584 1152 3630 et
1176 3576 1338 3644 legis;
1372 3591 1559 3630 omnes
1587 3575 1641 3628 hi
1663 3574 1772 3644 jam

215 3673 321 3718 tunc
344 3683 406 3721 ex
433 3668 738 3738 semetipsis
769 3665 1170 3721 fundamentum
1203 3665 1453 3721 Ecclesiae
1481 3666 1774 3720 constitue—

213 3753 338 3821 bant,
368 3760 514 3826 cujus
540 3757 908 3812 dedicatorem
948 3764 1002 3811 et
1043 3756 1447 3826 adimpletorem
1489 3755 1771 3812 Dominum

214 3841 568 3915 exspectabant
591 3889 606 3914 ,
661 3849 750 3917 qui
799 3848 1097 3917 compleret
1134 3848 1279 3918 quod
1317 3847 1592 3915 juraverat
1618 3863 1774 3902 servo

213 3949 294 3990 tuo
321 3939 560 4006 Abrahae,
593 3939 742 4010 quod
772 3941 824 3993 in
847 3940 1052 3994 semine
1081 3940 1194 4008 ejus
1225 3941 1565 3995 hzereditaret
1587 3955 1774 3994 omnes

214 4035 396 4092 gentes.
429 4029 525 4084 llic
552 4031 754 4085 chorus
802 4030 1039 4084 omnium
1082 4038 1386 4085 sanctorum
1420 4030 1532 4099 jam
1563 4030 1656 4084 Dei
1686 4029 1772 4083 Fi-

214 4113 321 4171 lium
365 4133 569 4190 exore
620 4119 798 4174 Patris
843 4119 1102 4175 didicerat
1148 4129 1330 4174 natum
1355 4160 1370 4184 ,
1413 4131 1472 4175 ut
1499 4121 1776 4176 evidenter

214 4206 387 4263 diceret
415 4209 560 4265 Patri
585 4229 598 4264 :
647 4209 974 4280 Principium
1000 4212 1284 4266 verborum
1315 4219 1527 4266 tuorum
1555 4211 1769 4267 veritas.

216 4295 331 4362 Quid
356 4303 525 4358 minus
571 4305 664 4359 hic
705 4318 866 4372 quam
912 4303 1202 4372 Evangelia
1243 4304 1572 4359 declaravit?
1607 4305 1664 4358 ln
1695 4306 1775 4360 his

214 4404 322 4458 ergo
344 4393 448 4460 jam
478 4403 609 4452 tunc
637 4395 882 4451 Christus
909 4413 1028 4452 cum
1059 4396 1220 4453 Patre
1261 4406 1316 4454 et
1359 4398 1559 4468 Spiritu
1587 4408 1774 4454 sancto

215 4485 460 4547 regnabat.
511 4486 631 4541 Non
676 4489 818 4540 enim
863 4496 1076 4558 poterat
1122 4489 1236 4544 ﬁeri
1279 4498 1337 4544 ut
1365 4498 1625 4560 cuperent
1652 4506 1771 4546 eum

1873 3286 2181 3342 carbonibus
2209 3288 2550 3342 desolatoriis.
2573 3287 2688 3342 Heu
2718 3289 2879 3344 mihi!
2906 3280 3026 3362 quia
3046 3293 3298 3348 incolatu:
3319 3311 3458 3348 meus

1873 3384 2210 3450 prolongata:
2238 3387 2348 3432 est:
2373 3378 2598 3431 habitari
2621 3395 2735 3432 cum
2756 3379 3105 3435 habitantibus
3121 3381 3304 3446 Cedar,
3329 3387 3460 3437 mul-

1877 3479 1981 3522 tum
2006 3455 2179 3523 incola
2208 3470 2306 3540 fuit
2331 3469 2506 3522 anima
2534 3485 2665 3522 mea.
2719 3467 2844 3522 Cum
2886 3469 2966 3523 his
2993 3472 3080 3541 qui
3118 3472 3337 3526 oderunt
3365 3491 3459 3542 pa-

1875 3577 1984 3614 cem
2021 3576 2165 3614 eram
2201 3560 2478 3630 paciﬁcus;
2511 3575 2623 3612 cum
2651 3558 2891 3630 loquebar
2925 3560 3057 3625 illis,
3088 3561 3459 3632 impugnabant
3549 3581 3556 3588 ί

1875 3668 1956 3706 me
1983 3653 2166 3722 gratis.

2451 3737 2590 3777 COIHI
2601 3737 2881 3777 ENTARIUM.

1945 3835 2165 3890 Cantica
2208 3834 2466 3903 graduum
2496 3834 2703 3890 cantica
2745 3835 3121 3889 ascensionum
3150 3843 3291 3890 sunt.
3352 3835 3460 3892 Ve-

1875 3929 1970 3982 luti
2000 3929 2045 3983 si
2080 3928 2236 3982 alicui
2264 3928 2356 3996 qui
2385 3927 2438 3980 in
2477 3925 2686 3982 foveam
2725 3927 3004 3995 ceciderit,
3036 3939 3270 4000 ponatur
3297 3930 3460 3995 scala,

1877 4029 1934 4074 ut
1963 4019 2084 4074 inde
2132 4017 2455 4074 ascendendi
2496 4019 2674 4088 capiat
2700 4017 3026 4074 facultatem.
3084 4020 3141 4074 In
3171 4021 3324 4076 fovea
3355 4022 3459 4075 ita-

1876 4129 1982 4184 que
2008 4111 2336 4181 captivitatis
2364 4125 2485 4166 cum
2513 4111 2745 4181 populus
2783 4111 3106 4168 lsraeliticus
3132 4113 3456 4179 devenisset,

1875 4221 1996 4261 cum
2026 4204 2371 4258 tribularetur
2392 4202 2644 4258 clamavit
2665 4204 2731 4258 ad
2747 4204 3053 4270 Dominum,
3098 4215 3151 4260 et
3179 4207 3462 4262 exauditus

1875 4303 1976 4361 est,
2006 4295 2146 4351 unde
2175 4303 2230 4350 et
2257 4295 2457 4364 plorat,
2496 4294 2679 4349 dicens
2704 4313 2717 4348 :
2751 4295 2864 4349 Heu
2890 4310 2976 4350 me
3002 4295 3014 4347 !
3042 4296 3168 4364 quia
3213 4298 3456 4366 peregri-

1877 4389 2025 4443 natio
2051 4403 2169 4442 mea
2199 4387 2356 4455 longa
2386 4386 2525 4442 facta
2555 4395 2654 4441 est.
2700 4385 2766 4442 Et
2794 4387 3026 4455 adjecit:
3060 4388 3303 4444 Habitavi
3335 4407 3456 4446 cum

1877 4482 2241 4537 habitantibus
2286 4480 2480 4536 Cedar.
2540 4479 2716 4537 Cedar
2761 4499 2900 4538 unus
2927 4499 2991 4538 ex
3025 4483 3144 4540 filiis
3169 4485 3331 4541 Israel
3363 4485 3459 4542 fuit

215 4579 257 4622 et
273 4575 650 4632 confiterentur
672 4594 814 4643 eum,
839 4579 942 4634 nisi
965 4581 1161 4634 mentis
1183 4596 1292 4634 suae
1308 4558 1476 4636 oculis
1504 4581 1620 4650 ejus
1647 4583 1770 4652 pul-
1801 4558 1853 4618 υ
1878 4575 1972 4643 qui
2001 4575 2231 4628 obtinuit
2278 4573 2620 4629 solitudinem
2664 4574 2716 4627 in
2747 4575 2966 4643 regione
2992 4573 3249 4642 Orientis,
3282 4593 3401 4647 qum
3427 4594 3457 4632 a

215 4661 542 4722 chritudinem
584 4671 936 4740 aspexissent.
988 4669 1044 4724 In
1072 4672 1199 4740 ipsis
1224 4686 1354 4740 ergo
1387 4671 1498 4741 jam
1528 4672 1768 4729 Ecclesia

213 4747 386 4809 Christi
413 4759 484 4812 ita
513 4774 636 4828 qua:
663 4767 789 4813 sunt
816 4760 989 4814 futura
1018 4762 1384 4831 pmloquitur,
1416 4772 1473 4817 ut
1499 4765 1769 4833 praeterita

214 4857 440 4903 enarrare
465 4851 749 4906 videatur:
783 4850 1086 4922 Principes,
1119 4855 1319 4923 inquit,
1354 4855 1618 4924 persecuti
1647 4864 1772 4910 sunt

211 4948 285 4990 me
309 4941 468 5006 gratis
490 4980 504 5004 ,
557 4943 652 4997 sed
678 4983 692 5006 ,
741 4951 1048 5014 contempta
1079 4946 1449 5014 persecutione
1475 4960 1689 5010 eorum,
1739 4961 1767 4999 a

213 5027 365 5081 verbis
392 5033 496 5086 tuis
523 5031 832 5088 formidavit
867 5049 962 5089 cor
989 5050 1186 5089 meum.
1247 5035 1337 5090 Eis
1362 5037 1565 5091 scilicet
1593 5037 1770 5091 verbis

213 5117 382 5184 quibus
408 5121 588 5176 dixisti
617 5142 630 5176 :
663 5122 841 5178 Nolite
870 5127 1043 5178 timere
1058 5127 1142 5196 qui
1172 5125 1413 5181 occidunt
1441 5144 1655 5197 corpus,
1683 5128 1774 5181 sed

213 5222 310 5260 eum
323 5214 401 5281 qui
424 5223 590 5284 potest
619 5230 801 5286 corpus
821 5225 870 5269 et
902 5218 1131 5270 animam
1159 5217 1371 5288 perdere
1407 5219 1461 5271 in
1490 5218 1773 5289 gehennam

213 5295 345 5366 (Luc.
373 5306 488 5376 xu).
545 5305 762 5360 Habens
808 5321 935 5374 ergo
984 5308 1036 5362 in
1083 5309 1262 5363 verbis
1309 5310 1414 5364 tuis
1444 5310 1692 5364 timorem
1719 5318 1775 5365 et

213 5385 430 5447 lzetitiam
455 5436 470 5460 ,
513 5397 653 5451 sicut
697 5398 788 5466 qui
837 5399 1036 5453 invenit
1081 5400 1251 5468 spolia
1279 5401 1446 5454 multa
1471 5442 1485 5466 ,
1528 5408 1773 5470 tempore

212 5493 307 5546 quo
334 5485 666 5555 iniquitatem
696 5491 819 5544 odio
848 5491 1029 5557 habui,
1061 5490 1114 5546 id
1144 5499 1251 5560 est,
1286 5493 1441 5547 idolis
1469 5492 1773 5547 sacriﬁcare

212 5581 489 5655 contempsi
513 5620 527 5644 ,
561 5587 618 5635 et
642 5583 824 5638 videns
853 5584 1186 5652 iniquitatem
1214 5625 1228 5650 ,
1272 5586 1608 5641 abominatus
1636 5604 1775 5653 sum,

213 5661 275 5714 ita
303 5673 356 5720 ut
382 5671 658 5741 suppliciis
681 5673 902 5730 diversis
930 5685 1230 5752 maceratus
1259 5677 1594 5732 cxcederem.
1630 5678 1778 5733 'l‘unc

217 5754 382 5823 utique
408 5762 610 5830 septies
638 5763 688 5816 in
716 5765 801 5820 dic
824 5766 1032 5821 laudem
1055 5767 1160 5822 dixi
1179 5769 1422 5834 tibi,cum
1449 5769 1498 5824 in
1527 5771 1775 5840 septifor-

478 5855 748 5917 Pnnon.
797 5860 951 5921 Llll.

1877 4665 2092 4720 deserto
2121 4661 2418 4719 Palmstina:
2444 4680 2613 4734 usque
2642 4664 2706 4718 ad
2751 4673 2922 4719 terras
2947 4662 3230 4721 Persarum
3273 4677 3460 4724 exten-

1874 4757 2039 4822 ditur,
2070 4759 2123 4811 in
2150 4773 2253 4827 qua
2280 4767 2433 4827 parte
2463 4773 2604 4812 nunc
2643 4747 2896 4811 Saraceni
2936 4758 3198 4826 habitant,
3231 4776 3458 4830 quorum

1876 4857 2032 4919 pater
2075 4848 2249 4904 Cedar
2298 4847 2436 4902 ﬁlius
2491 4847 2678 4903 lsmael
2727 4863 2846 4902 esse
2891 4849 3190 4917 reperietur
3229 4851 3460 4907 lectione
3499 4892 3508 4895 -

1875 4941 2168 4999 Geneseos.
2201 4941 2267 4995 lli
2295 4941 2541 4996 odientes
2574 4955 2759 5009 pacem
2791 4955 3028 5011 eousque
3055 4943 3371 5012 probantur,
3402 4957 3459 5001 ut

1877 5047 2148 5102 nunquam
2177 5048 2301 5087 cum
2329 5038 2489 5100 gente
2519 5031 2698 5099 aliqua
2729 5030 2900 5087 foedus
2928 5033 3146 5089 inierint
3173 5037 3350 5105 pacis,
3394 5055 3460 5092 ex

1875 5141 1982 5195 quo
2010 5126 2113 5180 orti
2142 5131 2267 5180 sunt
2295 5139 2464 5192 usque
2493 5125 2559 5179 ad
2588 5133 2909 5195 praesentem
2935 5127 3094 5183 diem.
3130 5128 3300 5195 Quam
3331 5144 3461 5200 gen-

1877 5227 1984 5272 tem
2011 5231 2110 5286 ego
2138 5216 2470 5271 dznmonibus
2507 5232 2844 5286 comparans,
2878 5216 2944 5272 ad
2973 5234 3150 5273 meum
3190 5221 3459 5290 captivum

1877 5309 2110 5364 accedo:
2144 5307 2460 5378 fugiensque
2488 5324 2668 5364 moras
2704 5309 2975 5365 historian
3003 5313 3326 5367 narrationis
3349 5353 3362 5377 ,
3409 5313 3460 5366 ei
3506 5353 3513 5362 .

1876 5401 1965 5470 qui
1996 5400 2187 5454 cecidit
2233 5400 2284 5453 in
2333 5400 2538 5468 peccati
2570 5399 2778 5455 foveam
2810 5402 2967 5456 istum
2997 5402 3260 5471 psalmum
3289 5418 3458 5473 expo-

1880 5510 1978 5558 no;
2007 5494 2128 5548 dico
2157 5493 2244 5546 ei:
2291 5492 2568 5549 Tribulare
2593 5535 2606 5558 ,
2655 5495 2780 5562 quia
2828 5495 2967 5547 male
3011 5494 3221 5548 laetatus
3249 5509 3326 5548 es.
3395 5494 3457 5552 Et

1881 5600 2001 5639 cum
2058 5583 2398 5638 tribulantem
2447 5591 2498 5638 te
2547 5584 2732 5639 fecerit
2779 5583 3132 5653 pmnitcntia,
3183 5584 3356 5638 clama
3394 5587 3460 5641 ad

1882 5677 2186 5742 Dominum,
2219 5675 2443 5730 credens
2472 5675 2613 5745 quod
2638 5685 2688 5729 te
2719 5673 3001 5738 exaudiat;
3034 5673 3120 5728 dic
3149 5675 3198 5728 ei
3224 5693 3236 5727 :
3272 5673 3460 5732 Libera

1884 5769 2115 5823 animam
2164 5782 2336 5823 meam
2368 5781 2397 5821 a
2428 5767 2582 5822 labiis
2627 5766 2845 5836 iniquis,
2881 5772 2933 5820 ct
2984 5780 3013 5819 a
3045 5765 3222 5825 lingua
3247 5768 3452 5825 dolosa.

3099 5861 3170 5918 1'1
