3884 6184
465 341 635 396 523.

1788 341 2057 397 ARNOBII
2098 341 2398 400 IUNIORIS

3587 354 3671 415 5'23

467 454 658 508 Dicunt
685 453 733 508 ei
761 451 1030 507 daemones
1057 471 1067 505 :
1097 451 1305 508 Etcum
1334 453 1387 509 in
1410 452 1592 510 cloaca
1614 451 1900 521 dejeccrim
1923 465 2042 520 pec-
2073 456 2112 510 Α
2147 451 2257 506 niet
2277 453 2380 508 tibi
2409 453 2662 508 auxilium
2692 467 2722 507 a
2765 421 3009 522 Domino,
3053 453 3142 525 qui
3173 454 3292 510 fecit
3315 456 3494 512 omium
3514 469 3562 515 et
3586 471 3675 517 ter.

463 552 739 608 calorem,
789 541 1002 596 interim
1045 542 1206 596 modo
1250 541 1463 595 dill‘erto
1509 541 1832 608 clamorem,
1877 548 2046 596 restat

463 633 559 688 tibi
589 641 796 702 tempus
830 645 940 702 quo
961 626 1137 698 possis
1157 627 1475 682 ascendere.
1492 625 1603 683 Hos
1617 629 1844 699 populos
1859 626 1936 698 (α)
1965 629 2045 684 id-

460 724 607 779 circo
636 723 921 788 seminant,
952 729 1010 775 ut
1035 721 1126 789 qui
1156 735 1250 776 eos
1290 719 1551 783 audierit,
1583 718 1709 774 dum
1739 727 1921 790 sperat
1948 735 2043 774 ex-

458 815 644 884 spiret.
703 813 799 867 Ilis
838 812 992 867 labiis
1030 810 1232 866 dolosis
1253 819 1308 865 et
1334 809 1461 865 huic
1484 809 1676 878 Iingnm
1704 809 2042 878 nequissima:

458 921 700 978 praspara
747 904 970 974 sagittas
1004 911 1252 974 potentes
1273 943 1289 969 ,
1331 902 1665 956 orationibus
1693 908 2038 971 temperatas,

454 1008 513 1054 et
533 998 755 1068 jejuniis
797 1005 982 1052 acutas
1006 1038 1019 1062 ,
1049 1011 1174 1050 cum
1203 994 1525 1050 carbonibus
1553 993 1738 1048 divino
1767 993 1890 1062 igne
1918 1007 2039 1048 suc-

456 1091 650 1147 censis.
682 1089 908 1160 Applica
941 1097 993 1143 te
1021 1087 1087 1142 ad
1110 1085 1333 1156 gradum
1359 1094 1415 1141 et
1445 1101 1587 1157 pone
1615 1086 1955 1140 ascensiones
1984 1086 2037 1139 in

456 1173 619 1238 corde
641 1189 752 1247 tuo,
801 1195 832 1233 a
874 1178 1118 1234 convalle
1163 1176 1318 1233 ﬂetus
1359 1177 1425 1231 ad
1454 1185 1690 1230 montem
1719 1175 1929 1244 refugii.
1970 1175 2034 1230 Et

455 1289 564 1328 non
609 1273 782 1328 solum
827 1281 884 1325 tu
931 1272 1044 1340 ipse
1088 1284 1268 1323 moras
1312 1284 1419 1322 non
1450 1269 1706 1332 innectas,
1739 1267 1830 1322 sed
1861 1266 2036 1320 illatas

454 1365 719 1432 excogita.
762 1361 830 1416 Et
858 1360 1020 1416 ﬂebili
1051 1376 1184 1416 voce
1215 1368 1266 1416 te
1293 1368 1559 1414 moratum
1591 1360 1642 1413 in
1679 1359 1916 1428 peccatis
1953 1359 2034 1413 in-

455 1464 537 1510 ter
563 1454 790 1524 suspiria
820 1452 1127 1522 ingemisce.
1152 1451 1267 1506 Heu
1291 1451 1407 1506 me!
1441 1451 1566 1520 quia
1597 1450 1860 1505 incolatus
1883 1463 2033 1504 meus

453 1547 798 1618 prolongatus
838 1553 961 1600 est:
995 1543 1230 1598 habitari
1281 1558 1401 1597 cum
1447 1541 1811 1596 habitantibus
1837 1539 2028 1594 Cedar.

453 1641 586 1694 Cum
613 1639 698 1694 his
723 1637 959 1692 habitavi
988 1637 1078 1706 qui
1107 1635 1235 1688 mihi
1265 1650 1386 1689 cum
1422 1635 1588 1688 verbo
1627 1632 1723 1687 Dei
1749 1648 1816 1688 ne
1842 1647 2030 1702 pacem

453 1732 684 1787 facerem
707 1729 1100 1800 persuadebant
1127 1767 1142 1792 ,
1174 1726 1246 1780 ibi
1273 1726 1497 1780 multum
1526 1725 1698 1780 incola
1729 1723 1826 1778 fuit
1853 1724 2030 1778 anima

2143 556 2287 609 ram;
2332 551 2388 596 tu
2436 549 2644 598 tantum
2690 559 2796 597 non
2826 543 2920 597 des
2965 543 3018 597 in
3067 548 3469 602 commotionem
3511 550 3676 620 pedem

2142 639 2293 687 tuum
2315 674 2332 700 ,
2367 633 2420 688 id
2449 643 2567 700 est,
2620 650 2727 690 non
2768 635 2893 690 volo
2939 651 3046 690 non
3090 637 3401 692 ascendendi
3429 643 3676 697 consilium

2141 741 2351 793 sumas,
2383 727 2475 783 sed
2524 729 2896 784 incunctanter
2923 729 3172 784 ascende.
3223 729 3352 797 Quia
3383 748 3483 788 non
3505 734 3678 789 dormit

2140 817 2231 886 qui
2264 819 2503 874 custodit
2534 830 2604 875 te.
2650 820 2766 890 Ipse
2794 821 2953 874 etiam
2994 824 3253 890 protectio
3285 833 3368 878 tua
3411 826 3506 879 erit
3541 843 3678 897 super

2140 922 2357 962 manum
2385 909 2660 964 dexteram
2692 920 2864 976 tuam,
2899 910 2951 964 id
2978 919 3080 974 est,
3110 913 3345 980 porriget
3371 915 3461 968 tibi
3488 931 3677 968 manum

2140 999 2430 1054 ascendere
2471 1000 2739 1070 cupienti,
2788 1001 3062 1069 praestabit
3110 1001 3206 1055 tibi
3253 1011 3310 1056 ut
3347 1019 3447 1057 non
3477 1006 3628 1057 uraris
3653 1022 3676 1058 ει

2139 1090 2255 1144 sole
2282 1105 2378 1160 per
2404 1091 2585 1156 diem,
2632 1093 2907 1161 prmstabit
2953 1093 3049 1147 tibi
3095 1101 3155 1147 ut
3201 1094 3288 1148 lux
3329 1096 3453 1151 solis
3474 1112 3570 1150 non
3598 1098 3677 1150 tibi

2137 1181 2579 1249 concupiscentia:
2600 1182 2776 1248 ignem
2799 1182 3050 1250 exagitet,
3082 1199 3256 1252 neque
3278 1186 3443 1240 uraris
3468 1187 3674 1243 stimulo.

2136 1266 2193 1322 Si
2221 1269 2362 1323 enim
2393 1283 2457 1324 ex
2485 1269 2663 1324 animo
2693 1270 2760 1326 ad
2781 1272 3037 1326 auxilium
3066 1273 3158 1328 Dei
3181 1275 3554 1339 conrolaveris,
3584 1277 3675 1346 ipse

2135 1357 2369 1412 custodit
2407 1365 2461 1412 te
2492 1359 2558 1413 ab
2587 1360 2732 1414 omni
2761 1360 2934 1424 malo,
2979 1369 3034 1416 et
3061 1377 3254 1432 corpus
3281 1372 3425 1418 tuum
3453 1367 3674 1431 custodit,

2135 1449 2371 1504 custodit
2399 1450 2560 1503 etiam
2587 1458 2642 1504 et
2667 1451 2899 1504 animam
2921 1460 3064 1506 tuam
3087 1452 3360 1508 Dominus.
3391 1453 3499 1524 Ipse
3523 1464 3675 1510 custo-

2134 1539 2212 1594 dit
2240 1539 2516 1594 introitum
2545 1548 2694 1594 tuum
2723 1540 2786 1593 ad
2818 1541 3214 1611 paenitentiam,
3258 1553 3312 1598 et
3333 1545 3523 1598 exitum
3549 1555 3673 1598 tuum

2133 1630 2203 1685 de
2230 1646 2458 1700 corpore
2506 1647 2572 1687 ex
2617 1631 2720 1686 hoc
2743 1673 2757 1698 ,
2808 1631 2858 1685 id
2889 1639 2969 1686 est
2988 1672 3003 1698 ,
3049 1648 3115 1687 ex
3144 1633 3246 1688 hoc
3270 1633 3355 1688 die
3384 1651 3484 1704 quo
3507 1651 3568 1689 ex
3593 1635 3674 1688 ﬁde

2133 1721 2483 1776 converteris.
2563 1719 2681 1788 Ipse
2713 1721 2826 1791 jam
2875 1722 3110 1776 custodit
3161 1732 3213 1776 te
3262 1724 3508 1780 Dominus
3547 1722 3675 1778 Iesus

453 1839 591 1879 mea.
625 1823 768 1877 Bene
798 1821 975 1891 posuit
1002 1820 1254 1873 animam.
1293 1816 1434 1873 Caro
1463 1818 1602 1872 enim
1631 1817 1756 1886 quia
1789 1816 1856 1872 de
1886 1825 2026 1871 terra
2058 1809 2106 1870 Β
2131 1809 2391 1876 Christus,
2419 1811 2508 1879 qui
2537 1819 2726 1879 regnat
2754 1812 2806 1865 in
2831 1811 3021 1866 saecula
3053 1813 3389 1867 seculorum.
3421 1817 3596 1868 Amen.

451 1923 554 1980 est,
582 1913 884 1980 ubicunque
911 1909 1102 1974 fuerit,
1143 1909 1197 1962 in
1228 1915 1372 1962 terra
1399 1923 1494 1962 sua
1522 1916 1622 1962 est.
1682 1906 1795 1976 Ego
1825 1915 2024 1970 tamen,

452 2007 580 2062 licet
608 2021 730 2062 cum
757 2005 841 2059 his
868 2003 958 2074 qui
999 2003 1224 2058 oderant
1269 2017 1455 2071 pacem
1486 2002 1835 2056 consisterem
1857 2043 1872 2067 ,
1905 2015 2026 2055 cum

453 2098 618 2154 verbo
667 2106 843 2152 tamen
889 2095 984 2150 Dei
1030 2109 1175 2149 eram
1205 2092 1476 2164 paciﬁcus.
1517 2091 1731 2149 Etcum
1772 2094 2030 2164 loquebar

451 2190 572 2254 illis,
618 2188 761 2257 quod
802 2187 994 2242 vellem
1040 2184 1105 2240 ad
1135 2185 1356 2254 gradum
1397 2185 1724 2241 ascensionis
1750 2183 2026 2262 accedere,

451 2281 524 2336 illi
570 2279 949 2349 expugnabant
986 2291 1073 2331 me
1117 2277 1302 2345 gratis.
1351 2275 1475 2331 Mox
1522 2275 1664 2331 enim
1711 2283 1770 2328 ut
1807 2267 2050 2344 coeperit

450 2381 700 2444 peccator
726 2372 795 2427 ad
823 2371 1195 2441 pmnitentiam
1219 2370 1508 2426 convolare
1525 2409 1540 2435 ,
1571 2377 1626 2423 et
1653 2385 1682 2423 a
1713 2367 1863 2423 fovea
1885 2383 2030 2422 mor-

447 2471 517 2527 tis
545 2469 613 2524 ad
639 2469 760 2524 vita:
787 2483 1031 2540 superna:
1070 2475 1308 2524 montem
1335 2465 1696 2522 conscendere
1713 2505 1728 2531 ,
1759 2477 2032 2534 expugna-

448 2562 624 2616 tiones
669 2560 970 2614 daemonum
1017 2557 1161 2626 quod
1210 2558 1279 2612 sit
1324 2572 1618 2626 passurus,
1662 2563 1954 2624 agnoscat,
1987 2552 2032 2607 si

448 2651 620 2706 credit
648 2650 747 2706 sibi
767 2663 895 2704 vere
924 2664 953 2702 a
982 2649 1077 2704 Dei
1099 2649 1362 2719 sapientia
1382 2647 1582 2703 dictum
1609 2665 1621 2700 :
1653 2644 1779 2700 Cum
1808 2661 2034 2699 accesse-

447 2743 520 2797 ris
551 2742 622 2795 ad
640 2743 930 2796 servitutem
945 2739 1060 2805 Dei,
1085 2749 1167 2794 sta
1188 2741 1241 2793 in
1259 2741 1438 2794 timore
1462 2748 1510 2792 et
1526 2748 1744 2793 tremore
1765 2735 2029 2811 [justitia],

449 2841 499 2885 et
537 2847 778 2902 praepara
817 2831 1047 2884 animam
1089 2839 1228 2883 tuam
1277 2829 1347 2882 ad
1377 2829 1710 2884 tentationem
1751 2828 1934 2899 (Eccli.
1949 2828 2029 2897 ιι).

449 2921 605 2988 Quod
632 2921 807 2976 sciens
835 2919 1109 2983 Dominus,
1136 2919 1189 2973 in
1217 2934 1284 2974 eo
1311 2933 1616 2973 sermonem
1644 2926 1884 2972 nostrum
1910 2932 2033 2971 ora-

451 3011 610 3066 tionis
638 3020 836 3068 nostra:
863 3010 1096 3077 inclusit,
1118 3019 1178 3065 ut
1203 3009 1496 3065 clamemus
1525 3027 1538 3063 :
1571 3007 1656 3064 Ne
1683 3022 1777 3064 nos
1804 3011 2033 3080 patiatur

451 3102 625 3157 induci
653 3104 708 3157 in
747 3103 1093 3168 tentationem,
1124 3101 1215 3156 sed
1243 3101 1421 3155 liberet
1446 3116 1539 3155 nos
1579 3118 1612 3154 a
1649 3101 1787 3156 malo
1813 3099 2026 3172 (Matth.

453 3193 549 3264 tu),
577 3193 670 3264 qui
699 3200 887 3263 regnat
915 3193 969 3248 in
997 3192 1189 3248 saecula
1211 3191 1547 3247 saeculorum.
1580 3191 1770 3246 Amen.

977 3321 1292 3381 PSALMUS
1331 3321 1494 3379 CXX.

940 3441 1222 3498 Canticum
1250 3439 1532 3510 graduum.

522 3578 706 3634 Levavi
735 3565 910 3633 oculos
933 3591 1077 3634 meos
1097 3576 1152 3629 in
1173 3581 1370 3628 montes
1388 3614 1404 3640 ,
1433 3572 1572 3626 unde
1596 3572 1756 3624 veniet
1778 3569 2028 3623 auxilium

448 3672 594 3727 mihi.
644 3671 907 3724 Auxilium
953 3683 1120 3722 meum
1162 3683 1194 3720 a
1242 3663 1486 3730 Domino,
1517 3664 1604 3735 qui
1635 3663 1752 3734 fecit
1777 3661 1953 3716 caelum
1979 3669 2028 3714 et

451 3772 660 3817 terram.
694 3757 816 3813 Non
839 3758 922 3812 det
949 3759 1005 3812 in
1031 3755 1421 3810 commotionem
1449 3753 1626 3824 pedem
1657 3761 1795 3804 tuum
1815 3793 1828 3816 ,
1868 3765 2028 3821 neque

452 3852 688 3914 dormitet
724 3850 808 3922 qui
837 3845 1057 3901 custodit
1096 3855 1160 3900 te.
1218 3843 1354 3898 Ecce
1394 3859 1498 3897 non
1527 3841 1825 3896 domitabit
1870 3856 2028 3912 neque

451 3941 667 3998 dormiet
691 3941 778 4012 qui
803 3936 1024 3993 custodit
1051 3935 1238 3991 Israel.
1285 3933 1538 3990 Dominus
1567 3934 1784 3988 custodit
1805 3942 1882 3997 te,
1913 3930 2026 3986 Do-

434 4037 616 4092 .minus
636 4031 884 4106 protectio
909 4040 1017 4096 tua,
1042 4044 1196 4100 super
1221 4043 1431 4081 manum
1450 4025 1711 4080 dexteram
1741 4034 1898 4078 tuam.
1923 4022 2029 4077 Per

449 4130 582 4183 diem
605 4127 686 4182 sol
714 4139 818 4182 non
843 4131 956 4178 uret
979 4131 1042 4190 te,
1069 4137 1230 4192 neque
1261 4122 1386 4176 luna
1412 4136 1502 4191 per
1526 4127 1742 4172 noctem.
1775 4115 2027 4170 Dominus

449 4217 666 4273 custodit
687 4226 735 4271 te
761 4214 825 4270 ab
853 4215 992 4269 omni
1020 4214 1180 4277 malo,
1209 4210 1464 4264 custodiat
1492 4209 1718 4262 animam
1744 4215 1882 4260 tuam
1920 4202 2030 4259 Do-

451 4312 640 4365 minus.
668 4307 918 4363 Dominus
960 4303 1219 4358 custodiat
1252 4301 1519 4356 introitum
1567 4309 1708 4352 tuum
1743 4307 1793 4352 et
1835 4297 2028 4351 exitum

449 4412 610 4469 tuum,
641 4416 706 4455 ex
735 4399 831 4454 hoc
857 4413 994 4451 nunc
1013 4406 1063 4450 et
1089 4411 1250 4466 usque
1274 4395 1329 4447 in
1351 4391 1612 4446 sxculum.

1008 4546 1420 4587 COIIENTARIUII
1429 4571 1441 4582 .

508 4665 810 4723 Centesimi
853 4663 1092 4721 vicesimi
1138 4662 1329 4732 psalmi
1369 4677 1622 4718 ascensus
1664 4670 1849 4732 patet:
1881 4661 2022 4718 Leva

449 4759 635 4815 oculos
658 4767 780 4813 tuos
806 4757 875 4811 ad
901 4763 1131 4810 montes.
1163 4752 1300 4820 Quid
1325 4754 1550 4808 moraris
1579 4754 1631 4807 in
1657 4754 2029 4808 convallibus?

436 4849 622 4904 Crede
648 4849 775 4918 quia
801 4849 848 4903 si
873 4847 1136 4903 Ievaveris
1163 4846 1348 4902 oculos
1377 4854 1496 4901 tuos
1530 4847 1597 4901 ad
1624 4855 1865 4912 montes,
1893 4863 2022 4902 eva-

447 4940 544 4995 des
583 4947 814 4994 mortem
858 4947 916 4994 et
959 4939 1124 4993 vitam
1145 4938 1410 5000 invenies;
1456 4935 1504 4990 si
1557 4945 1733 4993 tamen
1763 4938 2024 4995 levaveris

451 5032 637 5087 oculos
664 5039 787 5087 tuos
805 5032 880 5086 ad
915 5041 1158 5097 montes,
1207 5038 1264 5086 et
1287 5031 1468 5086 tuleris
1496 5046 1589 5086 eos
1632 5047 1663 5084 a
1691 5031 2024 5102 contempla-

452 5123 599 5178 tione
624 5137 811 5178 eorum
853 5121 922 5177 de
948 5123 1140 5191 quibus
1165 5121 1364 5177 dictum
1394 5129 1477 5178 est
1501 5139 1514 5174 :
1548 5120 1734 5176 Oculos
1762 5139 1879 5177 suos
1917 5132 2024 5176 sta-

447 5221 652 5266 tuerunt
683 5212 944 5266 declinare
970 5213 1024 5266 in
1055 5220 1242 5266 terram
1272 5212 1386 5282 (Ps.
1421 5212 1560 5281 XVI),
1594 5213 1646 5270 id
1677 5221 1789 5278 est,
1820 5222 2023 5269 statue-

450 5312 574 5359 runt
616 5305 868 5360 deorsum
913 5312 1123 5360 terrena
1170 5305 1445 5374 despicere
1467 5345 1484 5370 ,
1531 5314 1727 5360 terram
1764 5306 2018 5373 deligere.

441 5394 610 5451 Nobis
658 5407 838 5451 autem
877 5395 1076 5451 clamat
1121 5395 1446 5465 Apostolus:
1494 5394 1620 5459 Qua:
1665 5413 1865 5450 sursum
1903 5406 2022 5450 sunt

447 5492 674 5560 quwrite,
697 5506 812 5564 qua
852 5507 1055 5546 sursum
1093 5501 1211 5545 sunt
1239 5492 1401 5560 sapite
1428 5491 1645 5563 (Coloss.
1680 5493 1777 5562 ιιι).
1839 5492 1906 5545 Et
1933 5508 2022 5546 sa-

447 5580 732 5635 cerdotalis
759 5596 864 5637 vox
902 5580 968 5635 ad
994 5580 1337 5650 percipienda
1379 5582 1633 5651 mysteria
1665 5583 1818 5637 nobis
1845 5583 2023 5635 omni-

450 5673 551 5724 bus
577 5671 772 5724 clamat
799 5690 811 5724 :
843 5673 1066 5727 Sursum
1093 5688 1206 5728 cor.
1240 5671 1358 5727 Noli
1386 5686 1513 5740 ergo
1533 5673 1750 5738 timere,
1790 5689 1896 5728 non
1922 5674 2025 5729 tuis

451 5759 652 5814 viribus
696 5761 1111 5829 derelinqueris,
1158 5763 1204 5817 si
1243 5764 1533 5819 ascendere
1561 5764 1900 5835 cogitaveris,
1933 5781 2024 5822 ve-

517 5845 598 5915 (a)
638 5843 814 5899 Locus
863 5855 1170 5914 corruptus.

2049 4537 2103 4598 Ι)

2650 1968 2963 2024 PSALMUS
3000 1969 3184 2024 CXXI.

2603 2077 2610 2080 ’
2626 2079 2907 2136 Canticum
2938 2083 3221 2150 graduum.

2202 2213 2432 2268 Lwtatus
2467 2229 2580 2267 sum
2619 2213 2672 2266 in
2711 2213 2792 2266 his
2814 2229 2928 2285 qua!
2948 2213 3085 2267 dicta
3113 2224 3231 2268 sunt
3257 2214 3400 2280 mihi,
3425 2215 3476 2268 in
3501 2214 3675 2269 domum

2131 2303 2343 2359 Domini
2372 2305 2573 2359 ibimus.
2625 2302 2838 2358 Stantes
2875 2314 3025 2358 erant
3071 2305 3221 2374 pedes
3270 2307 3430 2360 nostri
3479 2308 3529 2360 in
3554 2308 3676 2359 atriis

2133 2397 2264 2461 tuis,
2292 2393 2602 2450 Jerusalem.
2633 2393 2921 2448 Jerusalem
2949 2412 3062 2466 qua:
3100 2396 3394 2465 azdi/icatur
3420 2407 3472 2450 ut
3505 2398 3674 2458 civitas,

2131 2487 2274 2559 cujus
2297 2489 2624 2558 participatio
2644 2488 2755 2557 ejus
2782 2489 2838 2541 in
2865 2488 3108 2557 idipsum.
3158 2486 3283 2542 Illic
3311 2491 3441 2543 enim
3468 2487 3676 2543 ascende

2131 2587 2251 2631 runt
2273 2577 2450 2641 tribus,
2473 2576 2632 2631 tribus
2657 2576 2886 2642 Domini,
2914 2579 3260 2632 testimonium
3284 2578 3446 2634 Israel
3466 2580 3528 2632 ad
3546 2579 3676 2647 conﬁ-

2133 2667 2340 2722 tendum
2366 2669 2562 2722 nomini
2597 2666 2828 2722 Domini.
2877 2665 3012 2731 Quia
3049 2669 3157 2722 illic
3194 2670 3438 2723 sederunt
3481 2669 3610 2723 sedes
3632 2670 3676 2720 in

2123 2757 2345 2832 judicio,
2367 2760 2514 2815 sedes
2541 2777 2692 2831 super
2714 2759 2917 2814 domum
2948 2759 3136 2814 David.
3168 2759 3370 2835 Rogate
3389 2780 3496 2835 qua
3524 2764 3583 2815 ad
3599 2779 3676 2833 pa-

2131 2867 2238 2905 cem
2283 2859 2402 2904 sunt
2443 2849 2770 2917 Jerusalem,
2820 2859 2869 2905 et
2907 2851 3229 2906 abundantia
3276 2853 3583 2925 diligentibus
3616 2860 3671 2904 te.

2130 2940 2260 2995 Fiat
2277 2958 2386 3012 pax
2410 2943 2464 2996 in
2493 2943 2677 2996 virtute
2697 2951 2803 3006 tua,
2843 2951 2892 2996 et
2913 2942 3237 2996 abundantia
3261 2946 3323 2998 'in
3348 2943 3554 2997 turribus
3573 2943 3670 2995 tuis.

2130 3031 2354 3104 Propter
2373 3035 2560 3104 fratres
2589 3051 2727 3089 meos
2755 3041 2804 3088 et
2841 3036 3102 3105 proximos
3140 3050 3284 3090 meos
3309 3075 3324 3101 ,
3354 3036 3575 3108 loquebar
3597 3049 3674 3102 pa-

2133 3140 2240 3178 cem
2269 3124 2332 3177 de
2358 3135 2423 3179 te.
2455 3123 2677 3195 Propter
2697 3123 2901 3180 domum
2922 3123 3134 3179 Domini
3155 3125 3260 3180 Dei
3280 3129 3471 3193 nostri,
3501 3122 3671 3196 (ιιιωεὶιὰ

2131 3211 2267 3266 bona
2297 3212 2406 3268 tibi.

2697 3299 3132 3341 COIIENTARIUI.

2202 3396 2508 3454 Secundum
2535 3399 2755 3468 gradum
2797 3399 3118 3466 ascendisti,
3150 3400 3352 3456 accede
3380 3400 3446 3455 ad
3473 3397 3670 3454 tertium.

2131 3489 2280 3544 Bona
2311 3490 2404 3545 tibi
2433 3491 2487 3544 in
2516 3490 2619 3545 isto
2656 3489 2822 3559 gradu
2852 3490 3112 3561 promissa
3142 3499 3296 3557 sunt,
3320 3492 3364 3545 si
3393 3489 3577 3551 credis;
3603 3502 3671 3539 su-

2133 3597 2220 3638 me
2241 3583 2502 3651 psalmum
2546 3590 2603 3637 et
2641 3583 2883 3652 exprime
2931 3582 3223 3636 canticum.
3267 3581 3414 3636 Tunc
3441 3589 3488 3634 te
3511 3579 3671 3633 scimus

2131 3673 2454 3737 credidisse,
2495 3673 2542 3727 si
2571 3673 2781 3728 laetatus
2825 3672 2988 3728 fueris
3037 3672 3090 3726 in
3134 3673 3220 3727 his
3267 3688 3386 3742 qua:
3425 3673 3551 3726 dicta
3575 3674 3671 3722 sunt

2132 3763 2254 3833 tibi,
2287 3771 2345 3818 ot
2384 3764 2693 3832 relinquens
2738 3763 3205 3819 conversationem
3254 3763 3597 3834 peccantium,
3629 3757 3670 3809 in

2128 3855 2347 3912 domum
2377 3855 2587 3910 Domini
2615 3855 2741 3909 ieris
2760 3894 2777 3920 ,
2806 3862 2862 3910 et
2888 3854 2958 3908 ibi
2987 3861 3193 3908 stantes
3223 3854 3423 3908 fuerint
3447 3850 3590 3922 pedes
3613 3845 3672 3904 lvi

2129 3945 2184 4000 in
2212 3945 2362 4000 atriis
2387 3943 2681 4000 Jerusalem
2703 3984 2720 4011 ,
2771 3945 2859 3999 ubi
2887 3943 3171 4000 aediﬁcatio
3203 3945 3259 3998 in
3295 3945 3456 3998 muris
3479 3939 3670 3996 civitatis

2129 4035 2322 4092 luturte
2349 4037 2660 4091 exstruitur.
2709 4035 2790 4090 Ad
2829 4047 2989 4106 quam
3029 4034 3390 4090 ascenderunt
3415 4035 3567 4088 tribus
3585 4030 3670 4082 Do-

2129 4127 2258 4181 mini
2288 4127 2340 4181 in
2364 4127 2733 4181 testimonium
2760 4125 2944 4180 Israel.
2969 4124 3161 4181 Tribus
3189 4125 3400 4180 Domini
3428 4118 3668 4178 duodecim

2129 4219 2360 4289 apostoli
2407 4227 2820 4287 cognoscuntur,
2859 4219 2952 4288 qui
2980 4219 3190 4288 priores
3231 4217 3570 4273 ascenderunt
3591 4211 3670 4265 hos

2130 4318 2344 4364 montes
2370 4309 2436 4362 ad
2463 4309 2825 4364 conﬁtendum
2865 4309 3067 4364 nomini
3095 4309 3308 4362 Domini
3337 4307 3457 4362 Iesu
3483 4299 3665 4358 Christi.

2131 4408 2186 4455 et
2209 4401 2280 4455 ibi
2309 4401 2563 4455 sederunt
2589 4401 2745 4456 sedes
2771 4401 2824 4455 in
2846 4400 3082 4470 judicio,
3114 4399 3270 4454 sedes
3304 4415 3461 4469 super
3485 4397 3664 4450 domum

2133 4491 2318 4546 David.
2372 4491 2642 4560 Rogantes
2669 4507 2788 4562 qua:
2825 4491 2891 4546 ad
2919 4507 3102 4562 pacem
3145 4499 3272 4545 sunt
3307 4488 3598 4547 Jerusalem,
3624 4489 3667 4534 et

2130 4571 2454 4640 abundantia
2482 4583 2825 4653 diligentibus
2850 4593 2933 4649 te,
2963 4583 3012 4636 id
3041 4591 3150 4649 est,
3184 4581 3518 4650 diligentibus
3542 4576 3668 4630 Jeru-

2130 4679 2316 4732 salem.
2367 4677 2444 4732 Ibi
2490 4677 2630 4732 enim
2667 4673 2980 4732 conﬁrmata
3020 4683 3101 4730 est
3131 4691 3234 4745 pax
3261 4673 3473 4735 (Πινίτιὶ,
3501 4681 3603 4738 qua:
3627 4665 3665 4715 in

2133 4778 2250 4826 toto
2277 4767 2477 4829 mundo
2505 4768 2694 4824 dilfusa
2723 4777 2825 4824 est.
2875 4767 2954 4821 Ibi
3001 4768 3080 4822 eis
3123 4767 3327 4821 dictum
3365 4774 3479 4820 est:
3510 4761 3666 4813 Pacem

2130 4877 2300 4915 meam
2327 4862 2393 4916 da
2421 4859 2558 4916 vobis
2602 4859 2798 4931 (Joan.
2829 4860 2978 4930 xiv);
3011 4859 3108 4927 ipsi
3143 4858 3346 4911 civitati
3375 4855 3493 4910 dicit
3519 4845 3666 4902 Domi-

2135 4967 2235 5006 nus
2261 4950 2413 5007 Jesus
2453 4950 2736 5006 Christus:
2786 4947 3013 5018 Propter
3038 4947 3230 5002 fratres
3263 4961 3414 5000 meos
3440 4951 3489 4999 et
3516 4935 3667 5011 proxi-

2132 5057 2250 5096 mos
2275 5057 2424 5097 meos
2448 5060 2460 5094 :
2503 5039 2601 5105 Qui
2628 5049 2746 5094 sunt
2773 5041 2963 5111 fratres
2987 5076 3002 5100 ,
3041 5038 3248 5106 inquit,
3282 5038 3384 5090 mei
3414 5032 3548 5106 (Luc.
3577 5023 3665 5086 riu)

2133 5141 2187 5187 et
2214 5132 2442 5201 proximi
2472 5132 2598 5193 mei,
2633 5130 2732 5184 nisi
2759 5130 2865 5195 isti,
2896 5130 3086 5198 inquit,
3115 5129 3203 5197 qui
3231 5126 3430 5182 faciunt
3456 5121 3664 5176 volunta-

2132 5228 2241 5277 tem
2269 5220 2442 5276 Patris
2467 5223 2605 5276 mei?
2634 5219 2862 5289 Propter
2887 5221 3030 5289 ipsos
3059 5232 3186 5286 ergo
3213 5218 3406 5288 loquor
3424 5223 3590 5284 pacem
3615 5205 3666 5255 de

2132 5323 2215 5377 te;
2245 5315 2551 5384 promittam
2582 5314 2632 5367 in
2663 5313 2830 5378 ccelis,
2855 5312 2945 5366 ubi
2974 5326 3099 5366 vere
3117 5309 3393 5364 atdiiicaris
3415 5313 3466 5360 ut
3491 5301 3663 5356 civitas.

2130 5407 2442 5476 promittam
2469 5406 2612 5475 quod
2635 5406 2705 5460 sit
2732 5406 2859 5459 mihi
2889 5404 3229 5475 participatio
3260 5403 3314 5456 in
3345 5401 3573 5469 idipsnm.
3615 5386 3667 5439 Ει

2129 5511 2342 5550 mecum
2381 5496 2433 5549 in
2466 5512 2529 5552 ea
2559 5497 2858 5564 regnabant
2886 5494 3077 5549 fratres
3106 5493 3209 5547 mei
3239 5501 3293 5546 et
3322 5486 3535 5561 proximi
3562 5477 3664 5535 mei.

2132 5587 2358 5656 Propter
2398 5587 2616 5642 domum
2662 5587 2862 5640 etenim
2910 5586 3004 5639 Dei
3033 5586 3136 5639 mei
3163 5579 3382 5652 qumsivi
3421 5579 3500 5632 tibi
3532 5573 3662 5627 bona.

2130 5680 2272 5734 bona
2320 5687 2553 5744 mterna,
2605 5686 2663 5733 ut
2692 5679 2835 5732 cives
2874 5677 2949 5731 lui
2979 5685 3154 5731 tecum
3183 5689 3288 5728 non
3321 5663 3663 5740 temporaliteri
3738 5677 3748 5690 '

2132 5771 2226 5828 sed
2247 5771 2628 5840 pcrpetualiter
2657 5775 2898 5839 regnent.
2943 5766 3046 5839 Ipsi
3072 5766 3238 5837 gloria
3269 5763 3357 5833 qui
3393 5763 3487 5816 ista
3513 5763 3662 5822 repro'

3707 2945 3738 2962 ο
