3926 6176
301 399 405 455 525

1207 396 1672 455 COMMENTARII
1697 369 1777 452 tu
1815 393 2138 454 PSALMOS.
2183 397 2372 452 PSAL.
2415 397 2637 454 cxxxv.

3453 397 3552 454 526

301 515 465 578 misit,
495 513 584 582 qui
606 519 792 581 regnat
820 525 940 567 cum
970 509 1128 566 Patre
1155 520 1209 566 et
1236 511 1437 581 Spiritu
1467 517 1654 564 sancto
1685 509 1736 562 in
1767 522 1868 562 εω-
1899 513 1949 570 Α
1975 510 2228 579 magister
2264 508 2719 564 christianissime.
2765 506 2819 562 Si
2861 508 3003 562 enim
3044 508 3188 576 justo
3212 507 3411 577 judicio
3439 525 3554 564 πιθα·

301 606 418 663 cuia
450 604 788 660 saeculorum.
815 602 1004 657 Amen.

819 712 1131 770 PSALMUS
1158 712 1368 769 CXXII.

795 805 1079 861 Canticum
1105 805 1383 874 graduum.

371 919 453 972 Ad
483 928 530 972 te
550 917 710 972 levavi
730 915 904 970 oculos
933 932 1102 981 meos,
1115 916 1200 986 qui
1240 912 1441 967 habitas
1474 915 1528 966 in
1553 911 1709 967 caelis.
1753 908 1883 964 Ecce

294 1013 429 1065 sicut
466 1008 602 1063 oculi
641 1023 900 1062 servorum
940 1007 995 1059 in
1034 1006 1270 1059 manibus
1299 1005 1620 1058 dominorum
1655 1019 1879 1065 suorum,

295 1098 434 1151 sicut
481 1094 614 1151 oculi
639 1094 844 1148 ancilla:
883 1095 934 1147 in
964 1092 1197 1147 manibus
1227 1092 1448 1146 domina:
1472 1107 1579 1146 sua:
1601 1130 1615 1155 ,
1655 1093 1731 1145 ita
1750 1091 1882 1145 oculi

300 1187 467 1239 nostri
497 1185 567 1238 ad
590 1183 868 1237 Dominum
901 1181 1065 1236 Deum
1096 1191 1346 1244 nostrum,
1389 1180 1549 1236 donec
1583 1182 1884 1234 misereatur

298 1279 488 1331 nostri.
522 1275 770 1330 Miserere
788 1276 972 1338 nostri,
1005 1272 1244 1337 Domine,
1282 1275 1520 1326 miserere
1555 1273 1734 1336 nostri,
1763 1271 1882 1342 quia

300 1370 521 1423 multum
568 1366 746 1438 repleti
785 1381 958 1420 sumus
994 1363 1334 1434 despectione.
1382 1359 1516 1426 Quia
1562 1363 1777 1415 multum
1803 1378 1882 1414 re-

301 1461 556 1530 pleta-est
599 1459 773 1511 anima
817 1466 994 1511 nostra
1015 1471 1034 1509 :
1064 1454 1391 1526 opprobrium
1431 1453 1806 1508 abundantibus
1835 1461 1885 1505 et

303 1552 562 1622 despectio
583 1550 833 1621 superbis.

876 1654 1310 1695 COIIIIENTARIUI.

376 1755 642 1810 Paulatim
673 1769 704 1809 a
747 1753 1020 1809 montibus
1060 1752 1426 1821 pertingamus
1453 1749 1640 1805 ctelos.
1681 1747 1812 1802 Nam
1837 1747 1882 1801 si

293 1849 413 1919 jam
443 1849 738 1903 levavimus
766 1846 952 1902 oculos
979 1844 1045 1899 ad
1072 1854 1313 1946 montes,
1343 1851 1398 1897 et
1430 1841 1592 1896 laetati
1615 1840 1880 1946 sumus‘in
1911 1865 1960 1925 Β
2263 1840 2460 1942 ἓονῶε,

295 1939 555 1996 omnibus
581 1953 700 2008 qua:
727 1937 868 1993 dicta
896 1942 1021 1991 sunt
1048 1935 1231 1999 nobis,
1273 1934 1510 1989 levemus
1533 1946 1676 1986 nunc
1698 1930 1883 1986 oculos

296 2036 524 2084 nostros
551 2028 620 2084 ad
645 2027 828 2094 cmlos,
860 2028 1027 2081 immo
1056 2025 1122 2080 ad
1151 2039 1272 2080 eum
1294 2024 1386 2094 qui
1406 2023 1611 2077 habitat
1632 2022 1685 2076 in
1713 2020 1878 2076 omns.

293 2119 431 2176 Ideo
459 2119 604 2175 enim
631 2117 1005 2174 ascensionum
1033 2115 1242 2170 cantica
1270 2113 1636 2178 decantamus,
1669 2119 1726 2167 ut
1752 2125 1884 2180 pau-

293 2212 456 2266 latim
485 2225 517 2264 a
540 2216 884 2280 peccatorum
907 2206 1076 2262 foveis
1100 2203 1466 2261 ascendamus.
1521 2200 1885 2256 Recordemur

293 2318 406 2358 nos
433 2316 620 2357 servos
643 2341 659 2366 ,
704 2299 830 2368 quia
858 2297 1026 2353 creati
1054 2297 1122 2352 ab
1149 2311 1214 2351 eo
1233 2309 1452 2358 sumus;
1496 2307 1715 2356 servos,
1759 2292 1884 2361 quia

293 2393 480 2450 creati
529 2401 584 2447 et
627 2391 886 2460 redempti
932 2389 1240 2459 probamur.
1281 2386 1349 2440 Et
1376 2387 1512 2441 sicut
1533 2385 1674 2440 oculi
1702 2397 1887 2438 servo-

291 2499 425 2539 rum
452 2482 522 2537 ad
549 2482 826 2536 dominum
849 2519 865 2548 ,
917 2487 1010 2535 aut
1037 2480 1174 2536 sicut
1199 2479 1341 2534 oculi
1366 2478 1572 2534 ancillte
1617 2475 1684 2530 ad
1708 2475 1882 2530 domi-

291 2588 456 2639 nam,
485 2573 560 2626 ita
607 2571 749 2627 oculi
795 2570 966 2626 nostri
993 2569 1062 2624 ad
1105 2569 1386 2624 Dominum
1423 2568 1594 2622 Deum
1619 2571 1881 2631 nostrum,

289 2665 483 2720 donec
524 2664 840 2718 misereatur
877 2663 1072 2717 nostri.
1120 2660 1318 2716 Verum
1356 2661 1480 2730 quia
1509 2660 1564 2714 in
1597 2659 1887 2729 opprobrio

289 2756 550 2826 iacemus
577 2753 878 2808 daemonum
902 2753 1281 2823 superborum,
1313 2759 1368 2806 et
1395 2752 1696 2806 volentibus
1734 2751 1888 2806 nobis

289 2847 540 2903 evadere
567 2845 790 2901 crimina
815 2885 830 2912 ,
874 2845 1001 2899 vitia
1028 2855 1082 2900 et
1108 2853 1350 2914 peccata,
1384 2851 1568 2898 nostra
1594 2859 1758 2914 opera
1787 2843 1885 2898 ad-

289 2946 610 3004 versantur,
643 2937 763 2992 ideo
791 2951 1079 3006 rogamus:
1120 2936 1373 2992 Miserere
1402 2937 1597 3001 nostri,
1640 2935 1884 3002 Domine,

288 3030 569 3085 miserere
596 3029 783 3084 nostri.
825 3028 960 3095 Quia
989 3029 1215 3082 multum
1248 3028 1451 3098 repleta
1480 3038 1561 3084 est
1579 3029 1756 3083 anima
1785 3042 1885 3082 no-

288 3130 414 3175 atra
443 3119 738 3190 opprobrio
768 3119 1151 3173 abundantiam
1175 3157 1191 3182 ,
1237 3133 1424 3173 eorum
1461 3118 1553 3188 qui
1592 3119 1644 3172 in
1685 3117 1886 3172 malitia

284 3211 677 3268 exabundant.
719 3207 787 3264 Et
814 3209 1187 3280 despectiones
1208 3210 1362 3264 nobis
1387 3209 1738 3279 superborum
1759 3223 1886 3262 exa-

287 3303 483 3372 gitant
507 3341 524 3366 ,
575 3300 768 3371 quibus
797 3299 1203 3354 necessitatibus
1232 3307 1377 3354 tuam
1417 3299 1687 3355 credimus
1718 3300 1888 3355 solam

288 3388 736 3448 misericordiam
778 3389 1062 3446 subvenire
1083 3431 1099 3456 ,
1147 3391 1237 3459 qui
1267 3403 1460 3460 regnas
1487 3391 1541 3444 in
1565 3389 1758 3446 saacula
1786 3403 1886 3444 sa:-

287 3486 574 3542 Culorum.
608 3485 797 3538 Amen.

821 3570 1133 3628 PSALMUS
1162 3571 1392 3628 cxxnt.
1437 3635 1444 3640 ,

796 3660 1076 3717 Canticum
1105 3662 1385 3731 graduum.

281 3827 284 3829 Α
365 3775 504 3830 Nisi
535 3776 656 3847 quia
688 3773 938 3830 Dominus
959 3786 1069 3829 erat
1089 3778 1142 3829 in
1164 3773 1328 3839 nobis,
1363 3775 1500 3829 dicat
1536 3791 1670 3829 nunc
1701 3774 1888 3840 Israel,

289 3871 396 3924 nisi
422 3869 551 3940 quia
563 3866 812 3920 Dominus
832 3874 942 3920 erat
962 3868 1014 3919 in
1037 3865 1198 3920 nobis.
1239 3865 1366 3920 Cum
1386 3869 1717 3937 exsurgerent
1732 3866 1893 3920 hamis

288 3974 385 4017 nes
410 3963 471 4014 in
497 3975 615 4022 nos,
640 3961 771 4029 forte
795 3960 930 4011 uiros
951 3958 1283 4028 deglutissent
1303 3973 1414 4011 nos.
1439 3956 1566 4010 Cum
1586 3958 1891 4011 irasceretur

287 4039 657 4124 {irroreorum
683 4051 734 4103 in
775 4063 907 4114 nos,
954 4051 1170 4119 forsitan
1218 4065 1352 4120 aqua
1393 4049 1736 4102 absorbuisset
1772 4065 1886 4103 nos.

291 4143 614 4198 Torrentem
652 4141 980 4211 pertransioit
1019 4142 1196 4195 anima
1241 4147 1419 4195 nostra
1442 4180 1458 4207 ,
1514 4141 1734 4212 forsitan
1775 4157 1891 4212 per-

288 4233 583 4288 transisset
603 4233 777 4284 anima
808 4239 991 4286 nostra
1020 4241 1205 4302 aquam
1232 4229 1625 4285 intolerabilem.
1671 4227 1893 4285 Benedia-

288 4335 412 4377 ctus
447 4320 703 4374 Dominus
730 4321 815 4391 qui
850 4331 954 4375 non
984 4320 1120 4375 dedit
1149 4335 1239 4375 nos
1261 4323 1316 4375 in
1345 4323 1630 4392 captionem
1659 4320 1891 4376 dentibus

287 4429 506 4469 eorum.
549 4411 735 4464 Anima
773 4421 953 4465 nostra
974 4413 1103 4465 sicut
1126 4421 1304 4482 passer
1327 4415 1501 4482 erepta
1528 4422 1604 4466 est
1623 4411 1688 4466 de
1712 4413 1892 4484 laqueo

289 4504 625 4558 cenantium.
676 4501 912 4574 Laqueus
953 4503 1199 4556 contritus
1239 4509 1352 4567 est,
1382 4512 1430 4556 et
1456 4519 1548 4558 nos
1580 4497 1782 4556 liberati
1807 4512 1892 4556 sua

1983 613 2104 655 cum
2143 599 2397 670 loqueris,
2447 599 2545 653 soli
2591 599 2921 668 persuas10ni
2951 599 3202 654 fateberis
3230 613 3556 669 repugnare;

1983 691 2074 747 sed
2104 691 2340 746 concedo
2379 699 2433 744 et
2479 691 2882 760 persuasionem
2929 697 3103 744 tecum
3151 697 3207 745 et
3248 690 3556 744 violentiam

1982 783 2279 837 diemonum
2328 782 2619 837 colluctari.
2670 769 2845 837 Habes
2893 780 3031 837 unde
3081 781 3313 848 vincere,
3369 789 3552 852 parata

1982 879 2105 928 sunt
2158 873 2499 937 adminicula,
2552 873 2724 942 incipe
2768 873 3016 943 prazliari,
3066 873 3320 928 Dominus
3361 883 3553 928 tecum.

1983 965 2149 1019 immo
2178 960 2435 1019 Do’minus
2462 963 2512 1017 in
2544 972 2596 1018 te
2624 961 2761 1018 sicut
2789 964 2843 1017 in
2872 963 2974 1018 illis
2995 963 3110 1028 fuit,
3134 963 3226 1031 qui
3245 971 3366 1032 post
3393 963 3560 1016 victo-

1982 1054 2117 1108 riam
2163 1053 2318 1107 istam
2366 1053 2628 1123 psalmum
2658 1052 2884 1107 Domino
2921 1053 3246 1116 cecinerunt,
3278 1051 3514 1108 dicentes
3546 1069 3557 1102 :

1983 1145 2092 1200 Nisi
2120 1145 2263 1214 quod
2294 1145 2550 1201 Dominus
2577 1149 2694 1199 erat
2742 1144 2793 1198 in
2842 1145 3014 1208 nobis,
3042 1144 3185 1199 dicat
3213 1155 3352 1198 nunc
3378 1142 3559 1205 Israel,

1984 1236 2084 1291 nisi
2115 1234 2370 1290 Dominus
2400 1243 2516 1290 erat
2545 1236 2596 1290 in
2628 1235 2799 1291 nobis.
2844 1235 2977 1289 Dum
3020 1235 3354 1304 instrrgerent
3392 1235 3562 1289 homi-

1986 1341 2080 1381 nes
2107 1327 2160 1380 in
2191 1341 2318 1391 nos,
2352 1325 2488 1380 forte
2528 1326 2678 1380 vivos
2723 1325 3068 1394 deglutisscnt
3113 1340 3228 1380 nos.
3280 1325 3412 1379 Dum
3461 1325 3561 1378 ira-

1983 1424 2223 1472 sceretur
2269 1417 2478 1471 animus
2521 1429 2708 1471 eorum
2756 1415 3037 1470 adversum
3081 1432 3195 1471 nos.
3245 1416 3420 1482 Quare
3454 1431 3560 1470 non

1985 1510 2375 1565 irascerentur?
2425 1508 2534 1564 Cur
2579 1509 2653 1564 illi
2699 1511 2808 1565 suis
2853 1509 3362 1565 contradictionibus
3402 1524 3560 1579 repu-

1984 1605 2234 1673 gnabant,
2284 1609 2340 1658 et
2387 1617 2494 1658 non
2536 1603 2794 1658 timebant
2821 1603 3104 1668 minantes,
3136 1601 3417 1665 caedentes,
3453 1609 3560 1654 tor-

1984 1704 2228 1764 quentes,
2259 1703 2314 1750 et
2341 1695 2508 1764 ipsam
2538 1694 2701 1749 vitam
2729 1693 2909 1748 multis
2951 1701 3005 1748 et
3050 1693 3328 1762 exquisitis
3366 1693 3564 1761 suppli-

1985 1787 2082 1842 ciis
2103 1786 2438 1842 auferentes?
2460 1785 2606 1842 Pone
2626 1785 2770 1856 quod
2794 1795 2847 1842 et
2875 1795 3050 1842 tecum
3078 1787 3155 1842 sic
3182 1793 3385 1855 agatur.
3410 1785 3564 1840 Ferio

2483 1875 2616 1932 ferio
2644 1878 2837 1933 mentis
2858 1877 3077 1947 injurias
3101 1894 3114 1932 :
3139 1893 3245 1932 non
3265 1878 3562 1941 consentio,

1986 1967 2178 2023 clama.
2209 1957 2286 2022 illi
2329 1968 2472 2022 enim
2517 1967 2750 2023 oll'erunt
2793 1969 3247 2038 opportunitatem
3287 1967 3563 2038 peccandi,

1985 2059 2299 2114 suavitatem
2331 2057 2569 2128 alloquii,
2600 2059 2919 2128 elegantiam
2963 2061 3216 2124 mulieris,
3259 2061 3566 2116 occasiones

1985 2149 2272 2215 lucrorum,
2325 2149 2580 2219 pietatem
2628 2150 2852 2205 actionis
2895 2151 3139 2206 carnalis.
3189 2150 3339 2206 Pium
3382 2159 3465 2206 est
3511 2159 3566 2206 ut

1980 2238 2212 2307 judicent
2240 2237 2440 2304 videas,
2474 2245 2529 2292 tit
2555 2254 2771 2293 causam
2799 2236 3073 2304 delendas,
3102 2248 3159 2295 ut
3179 2239 3414 2296 libellum
3443 2256 3566 2310 por-

1985 2329 2146 2398 rigas,
2176 2345 2362 2400 preces
2391 2323 2649 2397 elfundas,
2682 2331 2892 2386 interim
2922 2331 3212 2401 prandeas;
3237 2332 3394 2387 hodie
3416 2333 3565 2388 lmlllﬁ

1985 2419 2100 2478 dies
2127 2423 2214 2489 sit,
2247 2422 2348 2476 hac
2377 2429 2534 2477 nocte
2563 2438 2667 2477 non
2697 2430 2820 2477 sunt
2850 2423 3056 2492 vigilite,
3081 2431 3134 2479 et
3161 2430 3351 2478 castera
3375 2424 3566 2494 quibus

1986 2515 2203 2570 inermis
2223 2513 2452 2570 efﬁcitur
2477 2516 2763 2586 prmliator.
2808 2514 2925 2569 Noli
2967 2515 3206 2581 credere,
3249 2513 3517 2570 seduceris
3551 2535 3562 2568 :

1986 2607 2210 2677 experto
2237 2608 2397 2663 crede
2417 2607 2560 2678 quod
2582 2607 2835 2676 loquitur,
2867 2623 2980 2674 ora,
3012 2607 3190 2676 vigila,
3222 2608 3410 2673 clama,
3443 2615 3565 2662 tcno

1986 2698 2336 2768 propositum,
2365 2705 2656 2770 martyrum
2678 2696 3052 2767 pedissequum
3079 2694 3362 2767 proliteris‘.
3383 2697 3564 2752 Clama

1986 2788 2054 2842 ad
2098 2789 2303 2857 singula
2336 2806 2348 2841 :
2381 2787 2497 2844 Non
2533 2788 2838 2853 consentio,
2861 2796 2926 2855 ct
2953 2790 3052 2842 erit
3082 2789 3336 2844 Dominus
3367 2797 3562 2851 tecum,

1985 2895 2082 2951 per
2107 2895 2268 2949 quem
2314 2880 2488 2934 anima
2518 2885 2604 2933 tua
2637 2879 2860 2949 eripitur
2896 2878 2961 2933 de
3007 2879 3198 2948 laqueo
3236 2880 3563 2943 venantium,

1987 2977 2046 3025 ut
2083 2975 2205 3024 cum
2247 2970 2445 3024 sanctis
2497 2969 2734 3024 suaviter
2759 2968 2956 3039 psallas
2989 2987 3000 3021 :
3033 2966 3278 3038 Laqueus
3308 2970 3565 3024 contritus

1988 3068 2090 3126 est,
2137 3069 2192 3115 et
2236 3076 2335 3116 nos
2382 3060 2589 3115 liberati
2635 3073 2838 3114 sumus.
2883 3058 3216 3128 Adjutorium
3246 3065 3485 3114 nostrum
3515 3059 3565 3113 in

1989 3153 2203 3208 nomine
2231 3151 2462 3217 Domini,
2493 3152 2581 3222 qui
2613 3150 2736 3207 fecit
2764 3152 2956 3206 cmlum
2993 3160 3047 3207 et
3076 3161 3288 3207 terram.
3322 3151 3424 3222 Ipsi
3449 3149 3564 3220 glo-

1914 3225 1960 3288 C
1991 3245 2068 3300 ria
2099 3245 2151 3299 in
2180 3249 2458 3299 internum.
2494 3245 2680 3299 Amen.

2485 3353 2798 3409 PSALMUS
2837 3353 3068 3408 CXXIV.

2484 3442 2763 3498 Canticum
2793 3442 3070 3511 graduum.

2064 3552 2164 3619 Qui
2211 3554 2475 3624 conﬁdunt
2522 3554 2575 3606 in
2619 3551 2842 3607 Domino
2890 3553 3021 3606 sicut
3066 3569 3213 3607 mons
3253 3553 3416 3618 Sion,
3468 3571 3566 3608 non

1989 3644 2380 3701 commovebitur
2424 3645 2479 3698 in
2526 3656 2773 3699 internum
2810 3645 2896 3716 qui
2944 3643 3138 3697 habitat
3179 3645 3231 3698 in
3259 3645 3564 3700 Jerusalem.

1991 3739 2193 3795 Montes
2221 3739 2273 3792 in
2298 3739 2511 3792 circuitu
2538 3739 2669 3809 ejus,
2701 3745 2750 3790 et
2775 3734 3026 3791 Dominus
3065 3737 3122 3790 in
3148 3737 3362 3790 circuitu
3395 3739 3566 3808 papuli

1990 3835 2092 3898 sui,
2122 3849 2185 3885 ea:
2223 3831 2318 3886 hoc
2347 3847 2482 3884 nunc
2517 3838 2564 3884 et
2592 3845 2750 3898 usque
2776 3829 2831 3882 iit
2865 3827 3124 3882 sacculum.
3171 3826 3304 3892 Quia
3345 3845 3448 3882 non
3492 3847 3568 3881 re-

1989 3903 2180 3990 linquet
2218 3920 2471 3974 Dominus
2502 3919 2702 3989 virgam
2747 3926 3072 3987 peccatorum
3098 3934 3250 3988 super
3276 3929 3460 3972 sortem
3483 3919 3568 3988 ju-

1990 4022 2204 4076 storum,
2244 4019 2301 4063 ut
2341 4026 2441 4063 non
2466 4009 2747 4064 extendant
2774 4007 2907 4077 justi
2945 4008 3013 4061 ad
3041 4008 3362 4078 iniquitatem
3390 4024 3568 4060 manus

1989 4120 2130 4159 suas.
2176 4101 2310 4155 Bene
2348 4102 2452 4171 fac,
2486 4098 2723 4164 Domine,
2749 4098 2894 4153 bonis
2931 4106 2980 4152 et
3019 4101 3168 4152 rectis
3196 4098 3366 4152 corde.
3399 4096 3569 4151 Deitli-

1991 4203 2174 4248 nantes
2217 4200 2386 4246 autem
2433 4191 2488 4245 in
2536 4189 2872 4261 obligationes
2911 4188 3128 4241 adducet
3171 4187 3419 4243 Dominus
3457 4205 3568 4242 cum

1991 4285 2316 4357 operantibus
2343 4283 2684 4355 iniquitatem,
2714 4298 2819 4352 pax
2846 4295 2998 4350 super
3026 4277 3214 4333 Israel.

2554 4409 2985 4451 COIIBNTARIUI.

2064 4507 2163 4574 Qui
2208 4504 2429 4562 confidit
2470 4506 2524 4560 in
2576 4505 2974 4574 imperatorem,
3016 4503 3207 4559 militet
3252 4504 3304 4558 in
3347 4504 3570 4559 circuitu

292 4611 443 4650 mus.
478 4593 806 4663 Adjutorium
843 4601 1071 4648 nostrum
1109 4593 1163 4646 in
1193 4577 1396 4648 nomine
1427 4591 1634 4648 Domini
1663 4594 1747 4665 qui
1774 4593 1891 4664 fecit
1922 4589 1968 4648 D
1993 4598 2135 4669 ejus;
2165 4596 2257 4666 qui
2285 4595 2505 4652 conlidit
2541 4595 2592 4650 in
2625 4594 2978 4665 potestatibus
3007 4593 3208 4658 mundi,
3240 4594 3572 4663 apparitores

293 4689 496 4744 ctutum
515 4695 567 4738 et
594 4694 802 4739 terram.

887 4765 1317 4809 COIIIEN'I‘ABIUI.

367 4865 655 4938 Quidquid
690 4868 1014 4938 martyribus
1052 4867 1104 4920 in
1148 4868 1609 4938 persecutionibus
1654 4867 1895 4924 fecerunt

294 4961 566 5019 homines
594 4956 870 5024 increduli,
919 4958 1022 5012 hoc
1067 4957 1240 5024 nobis,
1269 4959 1313 5012 si
1357 4965 1534 5013 tamen
1581 4958 1895 5015 exhibemus

293 5055 416 5110 Deo
477 5051 769 5115 servitium,
825 5049 879 5103 in
925 5050 1306 5104 tentationibus
1358 5049 1646 5105 invisibiles
1699 5050 1898 5106 faciunt

294 5143 538 5200 inimici.
581 5141 714 5196 Cum
760 5157 888 5212 ergo
933 5143 1145 5197 illorum
1173 5143 1410 5198 visibiles
1453 5145 1662 5214 legeris,
1693 5157 1900 5214 pugnas

294 5244 424 5290 tuas
483 5233 776 5288 invisibiles
803 5234 994 5302 cogita.
1029 5232 1096 5287 Et
1124 5234 1196 5287 ita
1235 5241 1291 5288 tu
1333 5221 1510 5290 anin‘io
1547 5236 1898 5290 contradicito

295 5324 528 5396 spiritui
557 5323 697 5393 quod
745 5324 998 5392 iujustum
1046 5333 1128 5381 est
1169 5327 1490 5394 suggerenti,
1522 5326 1657 5381 sicut
1686 5327 1760 5380 illi
1796 5327 1897 5381 ho-

295 5416 434 5470 mini
466 5412 786 5468 sacriﬁcium
815 5414 1172 5483 persuadenti.
1211 5414 1359 5470 Unde
1389 5417 1463 5470 illi
1485 5417 1744 5482 vicerunt,
1779 5417 1900 5471 inde

293 5507 492 5561 vince.
544 5499 757 5559 Illorum
802 5507 1025 5560 victoria
1069 5523 1212 5562 mors
1261 5508 1374 5573 fuit,
1406 5515 1496 5562 tua
1538 5509 1758 5564 victoria
1789 5509 1896 5563 vita

295 5598 400 5662 sit;
435 5603 501 5650 et
527 5595 803 5663 persuasio
834 5595 902 5650 ibi
932 5604 987 5650 et
1011 5597 1093 5651 vis
1125 5606 1341 5666 operata
1372 5606 1474 5662 est,
1503 5614 1644 5668 pone
1671 5598 1816 5667 quod
1845 5607 1899 5652 et

299 5695 495 5741 tecum
532 5685 610 5740 sic
643 5695 848 5754 agatur,
899 5694 954 5740 et
996 5689 1272 5756 persuasio
1321 5699 1492 5742 tecum
1534 5697 1589 5744 ct
1642 5690 1895 5743 violentia

297 5776 640 5847 praeliantur,
671 5791 972 5847 quanquam
1006 5777 1120 5834 sola
1149 5780 1421 5848 persuasio
1468 5788 1644 5834 tecum
1691 5786 1830 5849 agat,
1863 5797 1894 5836 ο

1998 4689 2049 4745 in
2099 4689 2324 4744 tuitione
2371 4687 2516 4756 ejus;
2567 4686 2659 4755 qui
2705 4685 2924 4740 confidit
2964 4685 3015 4738 in
3056 4683 3396 4739 facultatibus
3442 4687 3572 4750 suis,

1998 4779 2200 4835 nummi
2227 4777 2280 4832 in
2306 4793 2465 4832 manu
2494 4777 2628 4846 ejus.
2659 4776 2758 4842 Qui
2788 4774 3006 4830 conlidit
3034 4782 3211 4830 autem
3243 4776 3293 4829 in
3325 4775 3572 4838 Domino,

1997 4877 2207 4925 montes
2249 4877 2372 4924 sunt
2417 4870 2468 4923 in
2507 4867 2730 4923 circuitu
2777 4866 2922 4935 ejus;
2954 4866 3150 4934 quisic
3179 4867 3399 4922 conlidit
3437 4869 3576 4924 sicut

2000 4979 2154 5016 mons
2181 4959 2332 5026 Sion,
2361 4960 2453 5028 qui
2500 4957 2789 5013 secundum
2818 4957 2988 5025 legem
3026 4955 3151 5023 Dei;
3182 4958 3249 5014 de
3278 4957 3408 5014 Sion
3437 4961 3577 5017 enim

2000 5052 2242 5126 procedit
2269 5052 2373 5106 le‘x.
2408 5049 2546 5118 Ergo
2573 5049 2662 5117 qui
2704 5049 3018 5104 catholicam
3051 5047 3206 5105 fidem
3238 5059 3425 5107 tenens
3453 5068 3577 5107 cou-

2000 5144 2134 5208 lidit,
2183 5157 2289 5197 non
2335 5139 2758 5196 cammovebitur
2808 5140 2860 5194 in
2907 5148 3198 5208 aeternum;
3230 5145 3372 5198 nulla
3412 5154 3577 5207 secta,

2001 5235 2143 5289 nulla
2189 5233 2422 5296 litere‘sis,
2465 5231 2640 5286 nullus
2687 5231 2988 5302 disputator
3027 5247 3149 5288 eum
3192 5250 3220 5286 a
3251 5235 3465 5288 rectiori
3499 5243 3578 5288 tc-

2001 5337 2132 5380 nore
2157 5323 2470 5390 detorquet;
2501 5328 2709 5376 montes
2735 5330 2860 5376 sunt
2888 5321 2941 5376 in
2973 5323 3194 5378 circuitu
3226 5324 3358 5392 ejus,
3391 5332 3444 5377 et
3473 5323 3578 5376 Βο-

1999 5415 2174 5469 minos
2214 5415 2267 5468 in
2314 5413 2536 5470 circuitu
2587 5414 2770 5484 populi
2820 5416 2921 5479 sui,
2975 5414 3078 5470 hoc
3123 5422 3224 5479 est,
3279 5416 3580 5472 testimonia

2002 5507 2396 5576 Scripturarum
2442 5514 2742 5560 sanctarum
2773 5506 2824 5559 in
2853 5506 3074 5560 circuitu
3105 5505 3237 5574 ejus,
3269 5521 3368 5575 pro
3397 5506 3582 5560 defen-

2002 5601 2151 5653 sione
2179 5597 2435 5666 simplicis
2465 5597 2662 5666 populi,
2695 5612 2854 5665 quem
2893 5596 3137 5650 Christus
3183 5613 3280 5651 suo
3326 5600 3583 5666 sanguine

2002 5687 2354 5756 comparavit.
2408 5685 2524 5756 Ipse
2572 5687 2823 5740 Dominus
2854 5686 2905 5740 iu
2935 5686 3158 5740 circuitu
3201 5689 3379 5757 populi
3409 5691 3485 5742 sui
3518 5706 3581 5744 cx

2002 5780 2104 5834 hoc
2133 5786 2374 5849 tempore
2412 5791 2517 5848 quo
2558 5794 2654 5848 pro
2707 5778 2782 5832 cis
2829 5790 3038 5846 passus,
3075 5789 3128 5832 ut
3163 5781 3272 5850 ipso
3302 5779 3392 5845 ait,
3426 5797 3580 5852 usque
