3926 6176
343 305 352 309 ’
365 305 466 358 5‘27

1671 294 1937 350 ᾺΗΝΟΒΙΙ
1977 293 2282 351 JUNlORlS

3487 297 3580 354 διε

366 421 436 472 ad
479 417 958 473 consummationem
1007 415 1180 468 sa’culi
1220 411 1396 483 (Matt.
1439 410 1656 478 uvm);
1689 409 1802 478 ipse
1829 424 1937 463 non
1969 415 2014 470 Λ
2043 419 2096 463 et
2137 409 2275 464 unde
2318 424 2413 464 nos
2442 407 2491 465 ei
2519 409 2852 465 exhibuimus
2891 407 3080 464 ﬂentes
3122 416 3279 476 atque
3319 409 3583 484 tristantes,

367 511 699 580 derelinquct
741 509 938 574 virgam
988 506 1358 560 hmreticorum
1428 517 1587 572 super
1625 510 1826 556 sortem
1852 514 1942 554 ca-

371 601 704 654 tholicorum.
758 596 1038 665 Egreditur
1081 595 1224 650 enim
1269 594 1412 662 virga
1462 593 1593 660 legis
1637 600 1833 646 nostra:
1875 589 1945 645 dc

368 706 528 750 manu
557 687 893 757 legislatoris,
925 694 981 741 et
1021 684 1209 740 effecta
1251 684 1414 738 draco
1441 682 1716 738 devoravit
1742 681 1945 748 virgam

368 795 575 844 eorum,
608 788 666 833 ut
706 793 816 832 non
854 775 1143 831 extendant
1171 772 1454 830 orthodoxi
1483 773 1550 826 ad
1576 773 1822 826 haeresim
1849 785 1944 823 va-

367 887 492 926 nam
513 877 726 926 sanctas
754 883 941 923 manus
979 882 1120 932 suas,
1139 866 1205 920 id
1233 873 1332 929 est,
1365 879 1529 935 opera
1557 878 1654 918 sua
1681 861 1947 916 haereticis

369 977 478 1016 non
507 959 813 1016 extendant.
846 957 1044 1012 Verum
1089 956 1212 1026 quia
1255 962 1378 1010 sunt
1406 954 1566 1023 aliqui
1594 967 1820 1022 quorum
1854 967 1948 1006 cor

351 1053 446 1108 silli
466 1056 796 1119 pervertunt,
819 1056 1036 1103 sanctus
1055 1047 1284 1117 Spiritus
1311 1061 1408 1116 pro
1436 1045 1598 1100 rectis
1623 1042 1784 1098 corde
1808 1050 1946 1098 orat.

372 1144 714 1199 Declinantes
749 1141 802 1195 in
843 1139 1196 1194 anathematis
1236 1137 1612 1206 obligationem
1641 1134 1867 1190 adducet
1895 1135 1946 1188 in

373 1236 513 1290 diem
539 1234 722 1304 judicii
750 1248 869 1288 cum
899 1232 1244 1302 operantibus
1272 1229 1626 1297 iniquitatem.
1656 1225 1735 1281 Sit
1762 1241 1866 1296 pax
1895 1226 1948 1278 in

374 1325 532 1381 Israel
576 1340 673 1394 per
711 1323 993 1378 Dominum
1034 1330 1273 1376 nostrum
1321 1319 1502 1374 Jesum
1542 1316 1828 1382 Christum,
1858 1316 1950 1384 qui

375 1425 561 1484 regnat
596 1417 648 1469 in
678 1415 880 1470 unitate
911 1413 1130 1468 Deitatis
1157 1427 1278 1466 cum
1322 1409 1480 1464 Patre
1506 1415 1558 1463 et
1597 1407 1797 1477 Spiritu
1824 1421 1949 1461 san-

375 1517 484 1575 eto,
514 1524 609 1579 per
636 1508 882 1562 universa
911 1505 1103 1561 sarcula
1133 1503 1471 1559 saeculorum.
1504 1501 1690 1555 Amen.

871 1635 1196 1692 ’PSALMUS
1232 1633 1439 1690 CXXV.

874 1751 1152 1806 Canticum
1185 1747 1459 1819 graduum.

455 1866 519 1922 In
541 1862 876 1921 convertenda
901 1861 1153 1917 Dominus
1175 1861 1519 1931 captivitatem
1549 1855 1699 1920 Sion,
1729 1853 1852 1926 facti
1871 1869 1959 1907 su-

380 1960 498 1998 mus
520 1943 654 1996 sicut
689 1942 965 1996 consolati.
1004 1943 1150 1995 Tunc
1184 1940 1434 2007 repletum
1450 1947 1527 1994 est
1560 1938 1754 2010 gaudio
1783 1955 1838 1992 os
1859 1953 1961 1991 no-

381 2044 568 2097 strum,
593 2042 642 2086 et
668 2032 846 2100 lingua
873 2040 1049 2085 nostra
1075 2031 1443 2085 exsultatione.
1476 2029 1616 2084 Tunc
1634 2031 1802 2083 dicent
1825 2031 1962 2082 inter

382 2132 584 2195 gentes:
603 2121 962 2192 Magni/icavit
982 2121 1235 2175 Dominus
1266 2123 1438 2190 facere
1465 2139 1583 2176 cum
1599 2122 1692 2175 eis.
1718 2121 1961 2192 Magni/i-

380 2216 521 2269 cavit
550 2213 805 2267 Dominus
833 2215 1004 2284 facere
1025 2211 1312 2276 nobiscum,
1341 2213 1470 2284 {acti
1492 2229 1669 2266 sumus
1702 2211 1959 2267 laetantes.

366 2306 648 2370 ‘Converte,
679 2305 919 2371 Domine,
947 2305 1304 2374 captivitatem
1327 2315 1581 2371 nostram,
1605 2307 1738 2360 sicut
1761 2315 1977 2359 torrens.

372 2398 440 2450 in
468 2406 670 2450 austro.
703 2393 803 2460 Qui
833 2398 1096 2450 seminant
1125 2397 1182 2449 in
1215 2396 1485 2466 lacrymis,
1525 2395 1581 2447 in
1614 2394 1962 2448 exsultatione

382 2498 596 2564 metent.
623 2487 818 2542 Euntes
845 2488 990 2541 ibant
1015 2496 1062 2540 et
1084 2486 1298 2555 ﬂebant,
1327 2487 1587 2539 mittentes
1610 2485 1809 2539 semina
1840 2500 1958 2538 sua.

390 2580 658 2635 Venientes
695 2591 870 2634 autem
916 2581 1119 2635 venient
1148 2596 1264 2632 cum
1295 2577 1659 2642 exsultatione,
1696 2585 1962 2644 portantes

373 2673 687 2742 manipulos
722 2691 861 2727 suos.

945 2753 1378 2794 COMMENTARIUH.

433 2853 670 2908 ‘Cantica
697 2853 956 2922 graduum
985 2859 1110 2907 sunt
1149 2858 1318 2921 porta:
1358 2849 1478 2905 οωιί
1516 2849 1765 2919 patentis.
1796 2845 1960 2902 Iacob

385 2945 727 3013 requiescens
755 2943 902 2997 videt
937 2943 990 2996 in
1029 2941 1235 2995 visione
1262 2955 1356 2994 sua
1385 2938 1666 2994 Dominum
1687 2952 1848 3006 super
1873 2953 1963 2992 ca-

385 3043 499 3106 put,
527 3035 676 3090 caalis
717 3033 1038 3103 patentibus,
1080 3033 1446 3096 accubantem,
1490 3028 1642 3098 cujus
1686 3028 1961 3098 superiora

2044 503 2167 557 inde
2216 517 2314 556 nos
2359 501 2516 564 faciat
2565 502 2681 572 ipse
2731 502 2970 558 lattantes
3005 509 3164 568 atque
3206 499 3498 568 gaudentes.
3537 497 3587 557 Si

2044 595 2187 648 enim
2210 594 2472 665 lacrymas
2491 594 2870 648 seminavimus
2892 592 3234 662 paenitentia,
3258 591 3471 647 fecunda
3488 593 3590 647 sine

2044 685 2206 740 dubio
2231 684 2418 739 messis
2441 683 2591 738 nobis
2616 682 2956 752 indulgentia:
2975 683 3192 748 orietur,
3210 697 3273 736 es
3294 698 3394 751 qua
3414 698 3594 738 exeun-

2046 786 2127 832 tes
2166 776 2234 832 de
2273 791 2519 846 corpore,
2550 776 2828 830 venientes
2871 775 2937 829 ad
2977 774 3254 829 Dominum
3297 774 3348 827 in
3376 774 3593 828 exsulta-

2046 868 2212 935 tione,
2243 868 2442 922 erimus
2485 881 2605 922 cum
2654 867 2852 922 sanctis
2893 873 3169 935 portantes
3195 865 3484 934 manipulos
3507 880 3595 919 no-

2045 966 2204 1013 stros.
2249 957 2381 1012 Nam
2430 957 2522 1012 ubi
2565 957 2640 1012 illi
2687 956 2992 1024 gaudebunt
3019 955 3276 1019 coronati,
3314 970 3407 1009 nos
3433 955 3596 1008 exsul-

2049 1050 2279 1105 tabimus
2341 1049 2584 1114 liberati,
2645 1064 2742 1118 per
2801 1047 3084 1102 Dominum
3147 1054 3381 1100 nostrum
3433 1043 3598 1100 Jcsum

2047 1137 2315 1194 Christum
2347 1140 2436 1208 qui
2465 1146 2653 1208 regnat
2682 1138 2734 1192 in
2765 1138 2955 1192 sascula
2984 1137 3316 1193 saeculorum.
3348 1135 3526 1191 Amen.

2545 1266 2859 1323 PSALMUS
2894 1267 3124 1322 CXXVI.

2384 1379 2659 1434 Canticum
2687 1378 2946 1447 graduum
2973 1376 3291 1433 Salomonis.

2118 1488 2242 1544 ‘Nisi
2271 1487 2520 1544 Dominus
2548 1489 2879 1559 adiﬁcaverit
2907 1487 3130 1552 domum,
3160 1487 3216 1540 in
3256 1503 3438 1541 vanum
3473 1487 3602 1540 labo-

2038 1587 2290 1632 raverunt
2317 1579 2402 1649 qui
2433 1577 2696 1649 aediﬁcant
2723 1593 2854 1630 eam.
2900 1574 3023 1630 Nisi
3051 1576 3304 1630 Dominus
3331 1577 3604 1631 custodierit

2051 1669 2328 1736 civitatem,
2361 1671 2554 1741 frustra
2581 1669 2760 1740 vigilat
2787 1669 2871 1739 qui
2903 1667 3124 1722 custodit
3148 1685 3282 1721 eam.
3321 1667 3516 1722 Vanum
3541 1676 3605 1722 est

1980 1770 2026 1830 Β
2052 1759 2191 1814 vobis
2219 1770 2338 1814 ante
2376 1760 2536 1815 lucem
2575 1777 2815 1832 surgere;
2854 1761 3046 1830 surgite
3072 1767 3339 1831 postquam
3372 1760 3606 1824 sederitis,

2055 1853 2140 1923 qui
2177 1852 2502 1906 manducetis
2545 1868 2731 1922 partem
2769 1851 2980 1905 doloris.
3031 1848 3159 1904 Cum
3196 1851 3394 1905 dederit
3429 1851 3608 1904 dilectis

2056 1945 2162 1997 suis
2181 1959 2415 1998 somnum
2440 1959 2554 1997 ecce
2575 1943 2848 1998 hwreditas
2868 1942 3099 2007 Domini,
3130 1942 3232 2012 ﬁlii
3241 1959 3261 2007 ;
3285 1959 3489 2010 merces,
3512 1946 3609 2014 fru-

2057 2043 2165 2089 ctus
2192 2035 2399 2089 ventris.
2441 2034 2588 2089 Sicut
2630 2035 2834 2106 sagitta
2875 2037 2931 2089 in
2970 2051 3127 2089 manu
3154 2035 3396 2105 potentis,
3429 2036 3499 2088 ita
3525 2035 3610 2104 ﬁlii

2056 2141 2403 2181 excussorum.
2435 2124 2626 2180 Beatus
2654 2127 2729 2179 vir
2755 2127 2841 2198 qui
2875 2124 3102 2196 implevit
3141 2124 3448 2178 desiderium
3482 2141 3612 2178 suam

2056 2232 2122 2271 ex
2148 2217 2294 2287 ipsis,
2324 2233 2427 2274 non
2450 2215 2806 2288 confundetur,
2817 2232 2932 2269 cum
2951 2216 3180 2288 loquetur
3200 2215 3426 2269 inimicis
3445 2215 3543 2270 suis
3568 2215 3613 2268 in

2059 2313 2230 2377 porta.

2623 2392 3056 2434 COIIENTARIUI.

2129 2487 2278 2543 Multi
2335 2489 2486 2545 istius
2531 2490 2720 2559 psalmi
2767 2490 2907 2544 male
2953 2490 3309 2560 explanantes
3357 2485 3616 2560 principia,

2059 2581 2225 2635 otium
2248 2581 2540 2650 praedicant
2558 2596 2657 2651 pro
2684 2581 2886 2636 labore.
2914 2581 3078 2636 Aiunt
3095 2596 3328 2649 namque
3356 2594 3500 2635 casso
3523 2593 3616 2632 cer-

2059 2669 2260 2724 tamine
2288 2677 2504 2725 sanctos
2523 2671 2765 2725 homines
2789 2670 2977 2726 studiis
2999 2671 3273 2740 occupari.
3301 2669 3405 2728 Sed
3424 2677 3475 2724 et
3499 2681 3617 2722 vana

2058 2776 2173 2831 spe,
2204 2762 2313 2815 suis
2355 2761 2557 2830 aliquid
2599 2762 2872 2816 hominem
2903 2762 3104 2816 nisibus
3138 2762 3448 2830 impetrare,
3478 2767 3529 2814 et
3560 2773 3616 2812 ex

2058 2852 2449 2907 medicamento
2489 2853 2682 2908 vulnus
2730 2851 2948 2918 faciunt,
2998 2855 3100 2908 hoc
3144 2850 3311 2907 modo
3355 2853 3617 2906 dicentes:

2058 2940 2171 2996 Nisi
2213 2943 2466 2997 Dominus
2502 2942 2864 3009 aediﬁcaverit,
2903 2943 2956 2996 in
3003 2958 3198 2997 vanum
3233 2940 3485 2997 mdiﬁeas.
3523 2937 3618 2994 Nisi

2060 3031 2316 3086 Dominus
2364 3031 2692 3096 custodierit,
2733 3033 2786 3087 in
2822 3048 3014 3088 vanum
3045 3032 3246 3100 vigilas.
3289 3031 3528 3088 Poteram
3553 3029 3620 3082 la-

377 3129 439 3182 in
469 3127 662 3182 coelum
693 3125 1019 3188 incumbunt,
1051 3137 1146 3193 per
1172 3137 1289 3192 quae
1323 3121 1538 3192 respicit
1573 3120 1847 3185 Dominus,
1879 3119 1959 3173 in-
1985 3126 2030 3189 Ο
2061 3123 2263 3179 ciniosa
2313 3123 2675 3194 disputatione
2726 3124 3090 3180 tedilicationis
3133 3123 3315 3192 hujus,
3359 3132 3409 3178 et
3449 3121 3622 3176 funda-

373 3221 578 3274 Tci'iora
609 3220 661 3272 in
692 3227 830 3272 terra
861 3224 984 3272 sunt
1015 3216 1104 3270 ubi
1143 3215 1392 3270 dormivit
1431 3216 1609 3269 homo.
1641 3212 1778 3280 Quid
1809 3213 1961 3268 istius

385 3313 541 3366 scalae
566 3326 815 3365 ascensus
841 3309 907 3363 ad
923 3309 1217 3363 'Dominum
1241 3307 1405 3362 dicit?
1448 3305 1688 3378 Benefac,
1723 3305 1960 3371 Domine,

363 3403 530 3456 "bouis
552 3412 601 3454 et
628 3403 777 3456 rectis
807 3398 978 3453 corde.
1010 3398 1304 3453 Audierant
1339 3397 1482 3452 enim
1525 3397 1624 3451 sibi
1651 3412 1682 3450 a
1710 3394 1962 3451 sacerdo-

387 3495 528 3549 tibus
573 3493 825 3548 élamari:
858 3491 1082 3546 Sursum
1117 3507 1236 3556 eor,
1259 3499 1320 3545 et
1350 3490 1598 3545 dixerunt
1623 3489 1734 3544 Deo
1767 3507 1779 3542 :
1807 3488 1889 3541 Ait
1915 3494 1965 3541 te

385 3585 542 3638 levavi
573 3584 744 3638 oculos
792 3598 948 3646 meos,
995 3583 1080 3652 qui
1121 3581 1320 3634 habitas
1365 3582 1419 3634 in
1464 3581 1587 3635 calo
1619 3579 1735 3650 (Ps.
1766 3579 1960 3649 cuit);

381 3674 678 3738 ascendite,
723 3673 846 3740 quia
891 3671 1159 3726 benefacit
1202 3670 1456 3724 Dominus
1496 3669 1652 3724 bonis
1705 3678 1760 3723 et
1805 3668 1965 3723 rectis

387 3765 568 3820 corde.
601 3763 930 3817 Declinantes
959 3771 1127 3816 autem
1155 3770 1211 3816 et
1242 3762 1575 3817 discedentes
1603 3776 1630 3815 a
1661 3760 1772 3816 Deo
1799 3760 1966 3814 addu-

389 3853 935 3924 cit'in'obligationem,
960 3861 1015 3906 et
1038 3852 1259 3921 deputat
1285 3867 1397 3905 cum
1413 3850 1748 3922 operantibus
1776 3852 1965 3921 iniqui-

389 3955 561 3999 tatem.
593 3943 780 4013 Surge,
807 3943 993 4010 Israei,
1017 3944 1108 4012 qui
1135 3942 1615 4011 dormisti'evigila.
1652 3940 1798 4010 Unge
1827 3942 1962 4012 lapi-

389 4038 508 4092 dem
553 4036 861 4104 angularem
891 4035 1010 4088 oleo
1040 4034 1254 4098 laetitiae,
1285 4048 1391 4104 pax
1418 4041 1613 4086 tecum.
1651 4031 1783 4086 ‘Filii
1823 4032 1966 4086 enim

387 4127 462 4179 tui
504 4125 570 4179 de
616 4124 925 4194 captivitate
955 4123 1162 4178 liberati
1189 4137 1286 4192 per
1310 4121 1598 4185 Christum,
1631 4121 1768 4176 istud
1797 4121 1967 4175 canti-

383 4233 508 4271 cum
550 4217 807 4283 graduum
853 4216 1179 4279 cecinerunt,
1213 4214 1452 4269 dicentes
1483 4233 1496 4268 :
1523 4215 1580 4269 In
1607 4214 1966 4270 convertendo

375 4306 642 4359 Dominus
671 4305 1032 4373 ca;:tivitatem
1059 4303 1210 4367 Sion,
1244 4303 1368 4358 facti
1393 4320 1575 4359 sumus
1611 4305 1747 4359 sicut
1775 4319 1966 4358 conso—

390 4395 500 4448 lati.
525 4393 796 4448 Cradatim
825 4410 854 4446 a
878 4392 1216 4446 tribulatione
1241 4393 1396 4462 primi
1417 4395 1611 4447 cantici
1630 4393 1695 4447 ad
1717 4393 1966 4461 gaudium

2061 3224 2261 3278 menta,
2290 3222 2344 3268 et
2368 3215 2618 3283 parietes,
2650 3222 2704 3268 et
2728 3221 2888 3280 tecta,
2919 3221 2974 3268 et
3004 3218 3197 3269 muenia
3226 3213 3619 3274 demonstrare;

2062 3305 2156 3359 sed
2186 3305 2291 3360 alio
2318 3305 2595 3375 proposito
2623 3315 2710 3358 res
2737 3305 2929 3372 agitur.
2958 3302 3172 3371 Egimus
3201 3305 3348 3358 enim
3375 3303 3441 3357 ab
3466 3301 3620 3362 initio,

2019 3413 2027 3420 '
2061 3403 2121 3450 ut
2145 3396 2376 3451 breviter
2399 3396 2730 3464 strictimque
2758 3394 3118 3462 loqueremur;
3147 3401 3330 3448 tamen
3358 3405 3625 3463 parumper

2061 3488 2348 3552 circumeo,
2381 3495 2436 3542 et
2472 3488 2579 3542 cito
2618 3486 2686 3541 ad
2723 3494 2777 3540 te
2815 3486 3001 3540 redibo
3035 3485 3126 3554 qui
3155 3485 3420 3555 psalmum
3448 3498 3624 3552 exspe-

2061 3590 2196 3637 ctas.
2232 3581 2312 3636 Ab
2349 3582 2499 3635 initio
2540 3580 2714 3635 saeculi
2744 3579 3045 3648 quicunque
3068 3579 3238 3636 sancti
3273 3579 3532 3642 vixerunt,
3561 3575 3628 3630 ci-

2062 3673 2284 3727 vitatem
2324 3671 2553 3726 Domino
2595 3675 3026 3743 construxerunt.
3084 3666 3364 3736 Siquidem
3417 3665 3627 3722 civitatis

2062 3763 2249 3819 futurae
2277 3762 2473 3818 mmnia
2500 3760 2668 3816 sancti
2693 3768 2868 3817 erant.
2893 3743 3196 3814 Ediﬁcavit
3230 3757 3392 3823 Abel,
3432 3754 3628 3818 Enoch,

2064 3856 2196 3922 Noe,
2236 3854 2523 3919 Abraham,
2565 3851 2731 3917 Isaac,
2779 3850 2964 3918 Iacob,
3007 3849 3224 3920 Josepb,
3256 3848 3487 3920 Moyses,
3516 3845 3628 3901 Jesu

2063 3946 2227 4010 Nave,
2258 3953 2313 4001 et
2345 3959 2532 4000 omnes
2562 3943 2733 3998 sancti
2774 3941 3171 3997 aediﬁcaverunt
3197 3939 3441 4005 domum,
3470 3947 3522 3992 et
3546 3952 3630 3992 cu-

2065 4037 2364 4092 stodierunt
2406 4034 2697 4089 civitatem.
2745 4031 2849 4087 Sed
2888 4031 2990 4086 nisi
3015 4030 3295 4094 Dominus,
3339 4028 3393 4084 id
3419 4037 3515 4092 est,
3544 4024 3628 4080 Dei

2065 4129 2229 4184 Filius
2249 4128 2469 4182 veniens
2482 4125 2794 4180 aediﬁcasset
2813 4123 2991 4179 omnia
3016 4135 3134 4192 qum
3155 4120 3229 4174 illi
3250 4119 3632 4175 aedilicaverant

2068 4217 2322 4291 (Probata
2361 4223 2445 4272 est
2479 4231 2583 4271 vox
2613 4213 2728 4283 ejus
2755 4212 2976 4267 dicentis
3007 4228 3021 4275 ;
3047 4208 3170 4264 Non
3208 4211 3324 4264 veni
3365 4209 3627 4266 destruere,

2067 4309 2160 4364 sed
2185 4307 2465 4379 adimplere
2489 4306 2713 4379 [Matth.
2756 4302 2886 4376 V1);
2927 4303 2972 4357 si
2997 4291 3125 4370 ergo
3155 4301 3258 4355 illis
3297 4300 3630 4354 fundamenta

2067 4401 2418 4464 mittentibus,
2442 4407 2505 4453 vet
2533 4399 2765 4468 parietes
2808 4395 3188 4450 aediﬁcantibus
3235 4410 3348 4448 non
3391 4394 3632 4454 venisset,

391 4485 742 4549 ascendimus,
773 4491 829 4537 et
875 4484 966 4552 qui
1010 4482 1082 4536 ibi
1131 4483 1829 4554 seminavimus'lacrymas,
1878 4483 1960 4537 hic

2067 4491 2160 4560 qui
2187 4498 2325 4546 tecta
2351 4495 2704 4552 construeret,
2735 4494 2790 4541 et
2827 4485 3004 4540 omnia
3047 4485 3187 4538 intus
3214 4491 3454 4548 ornaret,
3489 4482 3558 4535 illi
3586 4481 3632 4533 in

391 4573 579 4642 gaudia
609 4582 886 4636 metemus,
920 4581 974 4625 et
1008 4572 1099 4640 qui
1142 4571 1214 4624 ibi
1255 4571 1451 4640 captivi
1491 4571 1852 4639 gemebamus,
1883 4569 1964 4625 di-

392 4672 574 4719 centes
603 4683 615 4716 :
649 4663 764 4718 Heu
793 4664 903 4716 me!
931 4664 1051 4734 quia
1088 4662 1342 4716 incolatus
1370 4678 1511 4715 meus
1531 4663 1860 4732 prolongatus
1889 4671 1964 4715 est

383 4753 509 4824 .(l’s.
543 4755 708 4824 cxxx),
739 4754 822 4809 hic
845 4754 1080 4823 repletur
1107 4753 1300 4822 gaudio
1328 4768 1389 4807 os
1417 4760 1676 4818 nostrum,
1706 4761 1760 4806 et
1788 4753 1965 4820 lingua

394 4852 576 4898 nostra
606 4844 977 4898 exsultatione.
1008 4842 1144 4898 Ecce
1185 4843 1326 4898 enim
1360 4842 1543 4896 dicunt
1571 4842 1709 4896 inter
1735 4852 1920 4910 gentes
1949 4861 1961 4894 :

378 4931 749 5003 'Magniﬁcavit
787 4933 1043 4987 Dominus
1079 4933 1262 4988 facere
1290 4949 1410 4988 cum
1450 4933 1571 4988 illis.
1613 4931 1968 5000 Magnilicavit

389 5024 652 5078 Dominus
679 5021 853 5077 facere
879 5023 1173 5088 nobiscum,
1205 5023 1332 5078 facti
1359 5040 1540 5078 sumus
1568 5023 1824 5079 lactantes.
1856 5023 1968 5078 Me-

395 5131 718 5172 moresesse
760 5115 1030 5182 debemus,
1063 5117 1186 5185 quia
1233 5116 1464 5170 diximus
1509 5115 1844 5171 aediﬁcationi
1873 5131 1970 5170 no-

397 5220 519 5264 stra:
567 5209 834 5280 applicare
880 5208 1077 5272 omnia,
1122 5224 1239 5276 qua:
1287 5210 1510 5279 mystico
1548 5217 1739 5272 tractu,
1779 5216 1870 5262 aut
1904 5209 1969 5263 ad

400 5304 678 5358 Dominum
706 5301 922 5364 ducunt,
955 5307 1048 5352 aut
1074 5299 1139 5353 ad
1168 5300 1282 5368 ejus
1312 5308 1572 5370 martyres
1601 5301 1835 5353 trahunt.
1866 5299 1973 5354 No-

401 5406 510 5450 tum
535 5404 616 5450 est
643 5395 783 5449 enim
806 5393 1052 5447 omnibus
1076 5391 1272 5446 sanctis
1298 5392 1397 5445 ista
1425 5400 1746 5460 competere.
1773 5391 1849 5445 Ad
1874 5406 1972 5444 nos

401 5499 527 5537 vero
554 5485 620 5537 ab
645 5483 1103 5552 eorumpassioue
1131 5482 1295 5535 rivum
1317 5481 1587 5546 ducentes,
1612 5481 1972 5551 captivitatem

402 5583 638 5627 nostram
668 5590 764 5643 per
794 5573 1156 5643 paenitentiam
1208 5574 1440 5628 evasisse
1474 5574 1824 5640 gratulemur,
1853 5589 1972 5627 cre—

403 5664 590 5720 dentes
629 5666 772 5734 quod
823 5665 1122 5737 magniﬁcet
1170 5665 1424 5723 Dominus
1462 5666 1638 5725 facere
1664 5667 1971 5732 nobiscum;

2066 4598 2261 4637 vanum
2317 4581 2692 4636 laboraverant
2742 4575 3066 4632 aediﬁcantes
3118 4575 3358 4630 domum.
3409 4574 3634 4640 Denique

2069 4675 2227 4730 hodie
2247 4673 2524 4745 Synagoga
2550 4671 2670 4726 ideo
2697 4685 2834 4724 vana
2858 4678 2958 4735 est,
2981 4669 3104 4737 quia
3129 4668 3351 4722 aaditicia
3381 4667 3634 4737 parietum

2069 4766 2249 4830 habet,
2281 4772 2336 4819 et
2375 4771 2573 4834 tectum
2610 4777 2718 4816 non
2756 4760 2936 4821 habet,
2968 4766 3021 4813 et
3063 4758 3117 4812 in
3167 4757 3505 4827 protectione
3548 4752 3636 4806 Dei

2071 4856 2192 4911 coeli
2232 4871 2338 4908 non
2377 4859 2757 4909 commoratur.
2799 4849 2972 4903 Habet
2997 4847 3226 4917 parietes
3253 4861 3392 4915 quos
3420 4841 3638 4900 :edifica—

2071 4953 2196 5000 runt
2223 4943 2410 5008 sancti,
2441 4942 2535 4996 sed
2565 4949 2758 4996 tectum
2788 4955 2893 4992 non
2923 4939 3083 4992 habet
3110 4937 3252 5007 quod
3279 4935 3525 4991 Christus
3552 4949 3637 4988 ex-

2069 5033 2255 5104 plevit.
2287 5018 2460 5086 Habet
2501 5031 2682 5094 limen,
2725 5027 2819 5082 sed
2866 5027 2917 5080 in
2956 5027 3138 5080 limine
3179 5027 3298 5093 agni
3331 5025 3636 5094 sanguinem

2073 5139 2181 5178 non
2209 5123 2389 5176 habet.
2421 5120 2555 5173 Dum
2586 5118 2806 5188 coeperit
2835 5117 3017 5186 pluere
3045 5131 3206 5185 super
3232 5123 3540 5185 peccatores
3566 5113 3638 5166 la-

2074 5229 2272 5283 queum
2300 5213 2433 5280 ignis
2460 5219 2515 5265 et
2541 5209 2827 5278 sulphuris,
2861 5209 2946 5262 isti
2974 5208 3090 5261 sine
3126 5216 3270 5263 tecto
3309 5214 3497 5276 patent
3524 5205 3637 5259 huic

2074 5304 2284 5374 pluvias.
2310 5303 2442 5356 Dum
2462 5300 2682 5369 ceperit
2705 5299 2926 5365 angelus
2953 5307 3231 5365 percutere
3256 5298 3536 5366 primitias,
3559 5296 3638 5349 isti

2077 5393 2332 5460 sanguine
2374 5391 2494 5459 agni
2541 5403 2907 5458 percussorem
2953 5386 3198 5453 angelum
3245 5402 3351 5440 non
3391 5386 3635 5440 evadunt.

2079 5488 2213 5554 Quid
2237 5503 2363 5556 ergo
2388 5486 2679 5549 :ediiicatis,
2709 5485 2906 5538 Judaei?
2928 5482 3082 5549 Quid,
3107 5481 3360 5545 haeretici,
3385 5475 3637 5546 vigilatis?

2081 5578 2205 5633 Sine
2235 5595 2394 5634 causa
2431 5580 2542 5633 haec
2581 5577 2772 5640 facitis,
2812 5577 2938 5644 quia
2978 5576 3252 5630 vobiscum
3292 5587 3391 5626 nec
3424 5566 3638 5623 aediﬁcat

2081 5687 2181 5726 nec
2200 5672 2377 5741 vigilat
2407 5671 2677 5725 Dominus.
2694 5668 2800 5724 Vos
2829 5677 3027 5733 autem,
3051 5663 3355 5727 orthodoxi,
3376 5659 3636 5717 Christum
