  <div class='ocr_page' id='page_1' title='image "/cluster/home/n/w/nwhite01/storage/ocr_20150623/53/hvd.32044073505091/274.png"; bbox 0 0 3884 6184; ppageno 0'>
   <div class='ocr_carea' id='block_1_1' title="bbox 235 359 337 412">
    <p class='ocr_par' dir='ltr' id='par_1_1' title="bbox 235 359 337 412">
     <span class='ocr_line' id='line_1_1' title="bbox 235 359 337 412; baseline 0 0"><span class='ocrx_word' id='word_1_1' title='bbox 235 359 337 412; x_wconf 72' lang='lat'><strong><em>533</em></strong></span> 
     </span>
    </p>
   </div>
   <div class='ocr_carea' id='block_1_2' title="bbox 1143 344 2577 416">
    <p class='ocr_par' dir='ltr' id='par_1_2' title="bbox 1143 344 2577 416">
     <span class='ocr_line' id='line_1_2' title="bbox 1143 344 2577 416; baseline 0.001 -3"><span class='ocrx_word' id='word_1_2' title='bbox 1143 356 1608 413; x_wconf 66' lang='lat' dir='ltr'><strong><em>connexum</em></strong></span> <span class='ocrx_word' id='word_1_3' title='bbox 1649 355 1713 409; x_wconf 77' lang='lat' dir='ltr'><strong><em>l.\‘</em></strong></span> <span class='ocrx_word' id='word_1_4' title='bbox 1754 353 2077 412; x_wconf 65' lang='lat' dir='ltr'><strong><em>ussuros.</em></strong></span> <span class='ocrx_word' id='word_1_5' title='bbox 2120 344 2309 415; x_wconf 81' lang='lat' dir='ltr'><strong><em>PSAL.</em></strong></span> <span class='ocrx_word' id='word_1_6' title='bbox 2352 360 2577 416; x_wconf 73' lang='lat' dir='ltr'><strong><em>cxxxt.</em></strong></span> 
     </span>
    </p>
   </div>
   <div class='ocr_carea' id='block_1_3' title="bbox 3392 362 3492 416">
    <p class='ocr_par' dir='ltr' id='par_1_3' title="bbox 3392 362 3492 416">
     <span class='ocr_line' id='line_1_3' title="bbox 3392 362 3492 416; baseline -0.02 0"><span class='ocrx_word' id='word_1_7' title='bbox 3392 362 3492 416; x_wconf 64' lang='grc'><strong><em>534</em></strong></span> 
     </span>
    </p>
   </div>
   <div class='ocr_carea' id='block_1_4' title="bbox 229 466 3492 547">
    <p class='ocr_par' dir='ltr' id='par_1_4' title="bbox 229 466 3492 547">
     <span class='ocr_line' id='line_1_4' title="bbox 229 466 3492 547; baseline 0.001 -22"><span class='ocrx_word' id='word_1_8' title='bbox 229 477 357 544; x_wconf 85' lang='lat' dir='ltr'><strong><em>ejus,</em></strong></span> <span class='ocrx_word' id='word_1_9' title='bbox 412 470 745 525; x_wconf 88' lang='lat' dir='ltr'><strong><em>adorabimus</em></strong></span> <span class='ocrx_word' id='word_1_10' title='bbox 788 470 841 524; x_wconf 89' lang='lat' dir='ltr'><strong><em>in</em></strong></span> <span class='ocrx_word' id='word_1_11' title='bbox 894 469 1004 524; x_wconf 85' lang='lat' dir='ltr'><strong><em>loco</em></strong></span> <span class='ocrx_word' id='word_1_12' title='bbox 1056 469 1142 524; x_wconf 88' lang='lat' dir='ltr'><strong><em>ubi</em></strong></span> <span class='ocrx_word' id='word_1_13' title='bbox 1187 477 1436 524; x_wconf 87' lang='lat' dir='ltr'><strong><em>steterunt</em></strong></span> <span class='ocrx_word' id='word_1_14' title='bbox 1489 466 1641 540; x_wconf 84' lang='lat' dir='ltr'><strong><em>pedes</em></strong></span> <span class='ocrx_word' id='word_1_15' title='bbox 1671 467 1801 537; x_wconf 74' lang='lat' dir='ltr'><strong><em>ejus.</em></strong></span> <span class='ocrx_word' id='word_1_16' title='bbox 1834 472 1881 528; x_wconf 80' lang='grc' dir='ltr'><strong>Α</strong></span> <span class='ocrx_word' id='word_1_17' title='bbox 1910 475 1985 521; x_wconf 89' lang='lat' dir='ltr'><strong><em>est</em></strong></span> <span class='ocrx_word' id='word_1_18' title='bbox 2018 468 2261 526; x_wconf 79' lang='lat' dir='ltr'><strong><em>Salvator</em></strong></span> <span class='ocrx_word' id='word_1_19' title='bbox 2288 474 2546 537; x_wconf 86' lang='lat' dir='ltr'><strong><em>omnium,</em></strong></span> <span class='ocrx_word' id='word_1_20' title='bbox 2578 474 2742 530; x_wconf 89' lang='lat' dir='ltr'><strong><em>ethoc</em></strong></span> <span class='ocrx_word' id='word_1_21' title='bbox 2784 474 2923 530; x_wconf 85' lang='lat' dir='ltr'><strong><em>vobis</em></strong></span> <span class='ocrx_word' id='word_1_22' title='bbox 2963 476 3168 547; x_wconf 84' lang='lat' dir='ltr'><strong><em>signum</em></strong></span> <span class='ocrx_word' id='word_1_23' title='bbox 3190 475 3304 529; x_wconf 87' lang='lat' dir='ltr'><strong><em>erit.</em></strong></span> <span class='ocrx_word' id='word_1_24' title='bbox 3341 473 3492 529; x_wconf 80' lang='lat' dir='ltr'><strong><em>Inve-</em></strong></span> 
     </span>
    </p>
   </div>
   <div class='ocr_carea' id='block_1_5' title="bbox 230 561 1806 634">
    <p class='ocr_par' dir='ltr' id='par_1_5' title="bbox 230 561 1806 634">
     <span class='ocr_line' id='line_1_5' title="bbox 230 561 1806 634; baseline -0.003 -17"><span class='ocrx_word' id='word_1_25' title='bbox 230 564 416 634; x_wconf 81' lang='lat' dir='ltr'><strong><em>Surge,</em></strong></span> <span class='ocrx_word' id='word_1_26' title='bbox 445 561 683 627; x_wconf 83' lang='lat' dir='ltr'><strong><em>Domine,</em></strong></span> <span class='ocrx_word' id='word_1_27' title='bbox 712 562 768 615; x_wconf 90' lang='lat' dir='ltr'><strong><em>in</em></strong></span> <span class='ocrx_word' id='word_1_28' title='bbox 798 562 1018 633; x_wconf 80' lang='lat' dir='ltr'><strong><em>requiem</em></strong></span> <span class='ocrx_word' id='word_1_29' title='bbox 1049 572 1223 615; x_wconf 88' lang='lat' dir='ltr'><strong><em>tuam:</em></strong></span> <span class='ocrx_word' id='word_1_30' title='bbox 1252 572 1303 614; x_wconf 90' lang='lat' dir='ltr'><strong><em>tu</em></strong></span> <span class='ocrx_word' id='word_1_31' title='bbox 1331 571 1381 615; x_wconf 93' lang='lat' dir='ltr'><strong><em>et</em></strong></span> <span class='ocrx_word' id='word_1_32' title='bbox 1422 576 1544 614; x_wconf 88' lang='lat' dir='ltr'><strong><em>arca</em></strong></span> <span class='ocrx_word' id='word_1_33' title='bbox 1575 561 1806 629; x_wconf 79' lang='lat' dir='ltr'><strong><em>sanctiﬁ-</em></strong></span> 
     </span>
    </p>
   </div>
   <div class='ocr_carea' id='block_1_6' title="bbox 224 648 1807 723">
    <p class='ocr_par' dir='ltr' id='par_1_6' title="bbox 224 648 1807 723">
     <span class='ocr_line' id='line_1_6' title="bbox 224 648 1807 723; baseline -0.004 -14"><span class='ocrx_word' id='word_1_34' title='bbox 224 648 443 709; x_wconf 75' lang='lat' dir='ltr'><strong><em>cationis</em></strong></span> <span class='ocrx_word' id='word_1_35' title='bbox 491 664 610 709; x_wconf 63' lang='lat' dir='ltr'><strong><em>tuac.</em></strong></span> <span class='ocrx_word' id='word_1_36' title='bbox 659 653 970 709; x_wconf 69' lang='lat' dir='ltr'><strong><em>Sacerdotes</em></strong></span> <span class='ocrx_word' id='word_1_37' title='bbox 1024 654 1098 708; x_wconf 90' lang='lat' dir='ltr'><strong><em>tui</em></strong></span> <span class='ocrx_word' id='word_1_38' title='bbox 1145 653 1427 708; x_wconf 73' lang='lat' dir='ltr'><strong><em>induantur</em></strong></span> <span class='ocrx_word' id='word_1_39' title='bbox 1447 652 1725 723; x_wconf 72' lang='lat' dir='ltr'><strong><em>justitiam,</em></strong></span> <span class='ocrx_word' id='word_1_40' title='bbox 1757 659 1807 705; x_wconf 88' lang='lat' dir='ltr'><strong><em>et</em></strong></span> 
     </span>
    </p>
   </div>
   <div class='ocr_carea' id='block_1_7' title="bbox 224 744 1804 815">
    <p class='ocr_par' dir='ltr' id='par_1_7' title="bbox 224 744 1804 815">
     <span class='ocr_line' id='line_1_7' title="bbox 224 744 1804 815; baseline -0.002 -15"><span class='ocrx_word' id='word_1_41' title='bbox 224 748 392 800; x_wconf 87' lang='lat' dir='ltr'><strong><em>sancti</em></strong></span> <span class='ocrx_word' id='word_1_42' title='bbox 414 747 487 800; x_wconf 89' lang='lat' dir='ltr'><strong><em>tui</em></strong></span> <span class='ocrx_word' id='word_1_43' title='bbox 515 745 788 800; x_wconf 66' lang='lat' dir='ltr'><strong><em>exsultent.</em></strong></span> <span class='ocrx_word' id='word_1_44' title='bbox 814 745 1037 815; x_wconf 87' lang='lat' dir='ltr'><strong><em>Propter</em></strong></span> <span class='ocrx_word' id='word_1_45' title='bbox 1070 744 1240 799; x_wconf 85' lang='lat' dir='ltr'><strong><em>David</em></strong></span> <span class='ocrx_word' id='word_1_46' title='bbox 1265 761 1466 799; x_wconf 85' lang='lat' dir='ltr'><strong><em>servum</em></strong></span> <span class='ocrx_word' id='word_1_47' title='bbox 1516 753 1656 797; x_wconf 86' lang='lat' dir='ltr'><strong><em>tuum</em></strong></span> <span class='ocrx_word' id='word_1_48' title='bbox 1699 760 1804 797; x_wconf 89' lang='lat' dir='ltr'><strong><em>non</em></strong></span> 
     </span>
    </p>
   </div>
   <div class='ocr_carea' id='block_1_8' title="bbox 224 836 1809 908">
    <p class='ocr_par' dir='ltr' id='par_1_8' title="bbox 224 836 1809 908">
     <span class='ocr_line' id='line_1_8' title="bbox 224 836 1809 908; baseline -0.001 -17"><span class='ocrx_word' id='word_1_49' title='bbox 224 845 427 893; x_wconf 81' lang='lat' dir='ltr'><strong><em>avertas</em></strong></span> <span class='ocrx_word' id='word_1_50' title='bbox 449 838 636 908; x_wconf 78' lang='lat' dir='ltr'><strong><em>{aciem</em></strong></span> <span class='ocrx_word' id='word_1_51' title='bbox 665 836 855 892; x_wconf 79' lang='lat' dir='ltr'><strong><em>Christi</em></strong></span> <span class='ocrx_word' id='word_1_52' title='bbox 876 839 970 891; x_wconf 89' lang='lat' dir='ltr'><strong><em>tui.</em></strong></span> <span class='ocrx_word' id='word_1_53' title='bbox 991 836 1194 891; x_wconf 76' lang='lat' dir='ltr'><strong><em>Iuravit</em></strong></span> <span class='ocrx_word' id='word_1_54' title='bbox 1218 836 1468 892; x_wconf 86' lang='lat' dir='ltr'><strong><em>Dominus</em></strong></span> <span class='ocrx_word' id='word_1_55' title='bbox 1496 836 1666 891; x_wconf 79' lang='lat' dir='ltr'><strong><em>David</em></strong></span> <span class='ocrx_word' id='word_1_56' title='bbox 1724 854 1809 892; x_wconf 86' lang='lat' dir='ltr'><strong><em>ve-</em></strong></span> 
     </span>
    </p>
   </div>
   <div class='ocr_carea' id='block_1_9' title="bbox 220 925 1805 999">
    <p class='ocr_par' dir='ltr' id='par_1_9' title="bbox 220 925 1805 999">
     <span class='ocr_line' id='line_1_9' title="bbox 220 925 1805 999; baseline 0 -20"><span class='ocrx_word' id='word_1_57' title='bbox 220 928 426 980; x_wconf 87' lang='lat' dir='ltr'><strong><em>ritatem</em></strong></span> <span class='ocrx_word' id='word_1_58' title='bbox 472 936 521 980; x_wconf 91' lang='lat' dir='ltr'><strong><em>et</em></strong></span> <span class='ocrx_word' id='word_1_59' title='bbox 566 943 669 981; x_wconf 84' lang='lat' dir='ltr'><strong><em>non</em></strong></span> <span class='ocrx_word' id='word_1_60' title='bbox 699 926 1030 999; x_wconf 79' lang='lat' dir='ltr'><strong><em>frustrabitur</em></strong></span> <span class='ocrx_word' id='word_1_61' title='bbox 1067 943 1179 980; x_wconf 82' lang='lat' dir='ltr'><strong><em>eam</em></strong></span> <span class='ocrx_word' id='word_1_62' title='bbox 1203 944 1220 980; x_wconf 90' lang='lat'><strong><em>:</em></strong></span> <span class='ocrx_word' id='word_1_63' title='bbox 1243 925 1306 981; x_wconf 86' lang='lat' dir='ltr'><strong><em>de</em></strong></span> <span class='ocrx_word' id='word_1_64' title='bbox 1332 928 1502 997; x_wconf 81' lang='lat' dir='ltr'><strong><em>{ructu</em></strong></span> <span class='ocrx_word' id='word_1_65' title='bbox 1522 926 1710 980; x_wconf 80' lang='lat' dir='ltr'><strong><em>ventris</em></strong></span> <span class='ocrx_word' id='word_1_66' title='bbox 1731 927 1805 979; x_wconf 86' lang='lat' dir='ltr'><strong><em>tui</em></strong></span> 
     </span>
    </p>
   </div>
   <div class='ocr_carea' id='block_1_10' title="bbox 219 1015 1805 1087">
    <p class='ocr_par' dir='ltr' id='par_1_10' title="bbox 219 1015 1805 1087">
     <span class='ocr_line' id='line_1_10' title="bbox 219 1015 1805 1087; baseline -0.001 -16"><span class='ocrx_word' id='word_1_67' title='bbox 219 1034 408 1085; x_wconf 74' lang='lat' dir='ltr'><strong><em>ponam</em></strong></span> <span class='ocrx_word' id='word_1_68' title='bbox 432 1034 584 1087; x_wconf 83' lang='lat' dir='ltr'><strong><em>super</em></strong></span> <span class='ocrx_word' id='word_1_69' title='bbox 602 1017 773 1071; x_wconf 85' lang='lat' dir='ltr'><strong><em>sedem</em></strong></span> <span class='ocrx_word' id='word_1_70' title='bbox 796 1026 954 1071; x_wconf 89' lang='lat' dir='ltr'><strong><em>tuam.</em></strong></span> <span class='ocrx_word' id='word_1_71' title='bbox 981 1018 1042 1073; x_wconf 82' lang='lat' dir='ltr'><strong><em>Si</em></strong></span> <span class='ocrx_word' id='word_1_72' title='bbox 1071 1015 1519 1087; x_wconf 80' lang='lat' dir='ltr'><strong><em>custodierintﬁlii</em></strong></span> <span class='ocrx_word' id='word_1_73' title='bbox 1548 1018 1620 1069; x_wconf 90' lang='lat' dir='ltr'><strong><em>tui</em></strong></span> <span class='ocrx_word' id='word_1_74' title='bbox 1650 1026 1805 1070; x_wconf 86' lang='lat' dir='ltr'><strong><em>testa-</em></strong></span> 
     </span>
    </p>
   </div>
   <div class='ocr_carea' id='block_1_11' title="bbox 219 1106 1800 1179">
    <p class='ocr_par' dir='ltr' id='par_1_11' title="bbox 219 1106 1800 1179">
     <span class='ocr_line' id='line_1_11' title="bbox 219 1106 1800 1179; baseline 0 -19"><span class='ocrx_word' id='word_1_75' title='bbox 219 1117 445 1160; x_wconf 84' lang='lat' dir='ltr'><strong><em>mentum</em></strong></span> <span class='ocrx_word' id='word_1_76' title='bbox 474 1125 658 1173; x_wconf 89' lang='lat' dir='ltr'><strong><em>meum,</em></strong></span> <span class='ocrx_word' id='word_1_77' title='bbox 690 1116 740 1162; x_wconf 91' lang='lat' dir='ltr'><strong><em>et</em></strong></span> <span class='ocrx_word' id='word_1_78' title='bbox 768 1109 1060 1163; x_wconf 89' lang='lat' dir='ltr'><strong><em>testimonia</em></strong></span> <span class='ocrx_word' id='word_1_79' title='bbox 1086 1124 1199 1161; x_wconf 86' lang='lat' dir='ltr'><strong><em>mea</em></strong></span> <span class='ocrx_word' id='word_1_80' title='bbox 1224 1112 1333 1162; x_wconf 64' lang='lat' dir='ltr'><strong><em>haec</em></strong></span> <span class='ocrx_word' id='word_1_81' title='bbox 1352 1123 1466 1179; x_wconf 64' lang='lat' dir='ltr'><strong><em>quae</em></strong></span> <span class='ocrx_word' id='word_1_82' title='bbox 1486 1106 1673 1162; x_wconf 78' lang='lat' dir='ltr'><strong><em>docebo</em></strong></span> <span class='ocrx_word' id='word_1_83' title='bbox 1693 1120 1800 1161; x_wconf 87' lang='lat' dir='ltr'><strong><em>eos.</em></strong></span> 
     </span>
    </p>
   </div>
   <div class='ocr_carea' id='block_1_12' title="bbox 219 1184 1804 1271">
    <p class='ocr_par' dir='ltr' id='par_1_12' title="bbox 219 1184 1804 1271">
     <span class='ocr_line' id='line_1_12' title="bbox 219 1184 1804 1271; baseline 0.003 -22"><span class='ocrx_word' id='word_1_84' title='bbox 219 1195 285 1249; x_wconf 85' lang='lat' dir='ltr'><strong><em>Et</em></strong></span> <span class='ocrx_word' id='word_1_85' title='bbox 303 1199 405 1268; x_wconf 81' lang='lat' dir='ltr'><strong><em>ﬁlii</em></strong></span> <span class='ocrx_word' id='word_1_86' title='bbox 428 1215 609 1252; x_wconf 87' lang='lat' dir='ltr'><strong><em>eorum</em></strong></span> <span class='ocrx_word' id='word_1_87' title='bbox 634 1215 794 1271; x_wconf 87' lang='lat' dir='ltr'><strong><em>usque</em></strong></span> <span class='ocrx_word' id='word_1_88' title='bbox 818 1202 873 1253; x_wconf 90' lang='lat' dir='ltr'><strong><em>in</em></strong></span> <span class='ocrx_word' id='word_1_89' title='bbox 901 1201 1145 1255; x_wconf 79' lang='lat' dir='ltr'><strong><em>swculum</em></strong></span> <span class='ocrx_word' id='word_1_90' title='bbox 1173 1184 1417 1254; x_wconf 79' lang='lat' dir='ltr'><strong><em>sedebant</em></strong></span> <span class='ocrx_word' id='word_1_91' title='bbox 1453 1216 1606 1270; x_wconf 87' lang='lat' dir='ltr'><strong><em>super</em></strong></span> <span class='ocrx_word' id='word_1_92' title='bbox 1632 1200 1804 1254; x_wconf 88' lang='lat' dir='ltr'><strong><em>sedem</em></strong></span> 
     </span>
    </p>
   </div>
   <div class='ocr_carea' id='block_1_13' title="bbox 217 1286 1803 1361">
    <p class='ocr_par' dir='ltr' id='par_1_13' title="bbox 217 1286 1803 1361">
     <span class='ocr_line' id='line_1_13' title="bbox 217 1286 1803 1361; baseline 0.003 -22"><span class='ocrx_word' id='word_1_93' title='bbox 217 1299 379 1340; x_wconf 85' lang='lat' dir='ltr'><strong><em>tuam.</em></strong></span> <span class='ocrx_word' id='word_1_94' title='bbox 403 1286 661 1351; x_wconf 82' lang='lat' dir='ltr'><strong><em>Quoniam</em></strong></span> <span class='ocrx_word' id='word_1_95' title='bbox 685 1290 836 1360; x_wconf 88' lang='lat' dir='ltr'><strong><em>elegit</em></strong></span> <span class='ocrx_word' id='word_1_96' title='bbox 858 1288 1109 1345; x_wconf 84' lang='lat' dir='ltr'><strong><em>Dominus</em></strong></span> <span class='ocrx_word' id='word_1_97' title='bbox 1135 1288 1286 1355; x_wconf 89' lang='lat' dir='ltr'><strong><em>Sion,</em></strong></span> <span class='ocrx_word' id='word_1_98' title='bbox 1312 1291 1466 1361; x_wconf 85' lang='lat' dir='ltr'><strong><em>elegit</em></strong></span> <span class='ocrx_word' id='word_1_99' title='bbox 1492 1306 1607 1343; x_wconf 89' lang='lat' dir='ltr'><strong><em>eam</em></strong></span> <span class='ocrx_word' id='word_1_100' title='bbox 1633 1290 1687 1343; x_wconf 90' lang='lat' dir='ltr'><strong><em>in</em></strong></span> <span class='ocrx_word' id='word_1_101' title='bbox 1708 1290 1803 1344; x_wconf 88' lang='lat' dir='ltr'><strong><em>ha-</em></strong></span> 
     </span>
    </p>
   </div>
   <div class='ocr_carea' id='block_1_14' title="bbox 216 1376 1811 1451">
    <p class='ocr_par' dir='ltr' id='par_1_14' title="bbox 216 1376 1811 1451">
     <span class='ocr_line' id='line_1_14' title="bbox 216 1376 1811 1451; baseline 0.001 -23"><span class='ocrx_word' id='word_1_102' title='bbox 216 1376 513 1430; x_wconf 69' lang='lat' dir='ltr'><strong><em>bitationem</em></strong></span> <span class='ocrx_word' id='word_1_103' title='bbox 540 1377 658 1432; x_wconf 89' lang='lat' dir='ltr'><strong><em>sibi.</em></strong></span> <span class='ocrx_word' id='word_1_104' title='bbox 692 1377 822 1433; x_wconf 78' lang='lat' dir='ltr'><strong><em>Htec</em></strong></span> <span class='ocrx_word' id='word_1_105' title='bbox 874 1381 1068 1451; x_wconf 83' lang='lat' dir='ltr'><strong><em>requies</em></strong></span> <span class='ocrx_word' id='word_1_106' title='bbox 1097 1397 1209 1434; x_wconf 87' lang='lat' dir='ltr'><strong><em>mea</em></strong></span> <span class='ocrx_word' id='word_1_107' title='bbox 1248 1382 1302 1434; x_wconf 87' lang='lat' dir='ltr'><strong><em>in</em></strong></span> <span class='ocrx_word' id='word_1_108' title='bbox 1331 1380 1576 1435; x_wconf 64' lang='lat' dir='ltr'><strong><em>stuendum</em></strong></span> <span class='ocrx_word' id='word_1_109' title='bbox 1602 1380 1811 1446; x_wconf 75' lang='lat' dir='ltr'><strong><em>stuculi,</em></strong></span> 
     </span>
    </p>
   </div>
   <div class='ocr_carea' id='block_1_15' title="bbox 215 1464 1799 1544">
    <p class='ocr_par' dir='ltr' id='par_1_15' title="bbox 215 1464 1799 1544">
     <span class='ocr_line' id='line_1_15' title="bbox 215 1464 1799 1544; baseline 0.003 -22"><span class='ocrx_word' id='word_1_110' title='bbox 215 1470 296 1523; x_wconf 85' lang='lat' dir='ltr'><strong><em>hic</em></strong></span> <span class='ocrx_word' id='word_1_111' title='bbox 335 1468 598 1536; x_wconf 80' lang='lat' dir='ltr'><strong><em>habitabo,</em></strong></span> <span class='ocrx_word' id='word_1_112' title='bbox 640 1472 881 1536; x_wconf 89' lang='lat' dir='ltr'><strong><em>quoniam</em></strong></span> <span class='ocrx_word' id='word_1_113' title='bbox 908 1464 1037 1544; x_wconf 82' lang='lat' dir='ltr'><strong><em>elegi</em></strong></span> <span class='ocrx_word' id='word_1_114' title='bbox 1063 1488 1197 1527; x_wconf 89' lang='lat' dir='ltr'><strong><em>eam.</em></strong></span> <span class='ocrx_word' id='word_1_115' title='bbox 1237 1471 1458 1526; x_wconf 81' lang='lat' dir='ltr'><strong><em>Viduam</em></strong></span> <span class='ocrx_word' id='word_1_116' title='bbox 1486 1473 1598 1544; x_wconf 84' lang='lat' dir='ltr'><strong><em>ejus</em></strong></span> <span class='ocrx_word' id='word_1_117' title='bbox 1646 1472 1799 1539; x_wconf 71' lang='lat' dir='ltr'><strong><em>bene-</em></strong></span> 
     </span>
    </p>
   </div>
   <div class='ocr_carea' id='block_1_16' title="bbox 215 1559 1795 1634">
    <p class='ocr_par' dir='ltr' id='par_1_16' title="bbox 215 1559 1795 1634">
     <span class='ocr_line' id='line_1_16' title="bbox 215 1559 1795 1634; baseline 0.002 -21"><span class='ocrx_word' id='word_1_118' title='bbox 215 1561 397 1614; x_wconf 81' lang='lat' dir='ltr'><strong><em>dicens</em></strong></span> <span class='ocrx_word' id='word_1_119' title='bbox 440 1559 757 1627; x_wconf 87' lang='lat' dir='ltr'><strong><em>benedicam,</em></strong></span> <span class='ocrx_word' id='word_1_120' title='bbox 807 1579 1057 1634; x_wconf 84' lang='lat' dir='ltr'><strong><em>pauperes</em></strong></span> <span class='ocrx_word' id='word_1_121' title='bbox 1108 1564 1222 1634; x_wconf 88' lang='lat' dir='ltr'><strong><em>ejus</em></strong></span> <span class='ocrx_word' id='word_1_122' title='bbox 1266 1562 1512 1617; x_wconf 89' lang='lat' dir='ltr'><strong><em>saturabo</em></strong></span> <span class='ocrx_word' id='word_1_123' title='bbox 1557 1560 1795 1632; x_wconf 87' lang='lat' dir='ltr'><strong><em>panibus.</em></strong></span> 
     </span>
    </p>
   </div>
   <div class='ocr_carea' id='block_1_17' title="bbox 213 1649 1798 1723">
    <p class='ocr_par' dir='ltr' id='par_1_17' title="bbox 213 1649 1798 1723">
     <span class='ocr_line' id='line_1_17' title="bbox 213 1649 1798 1723; baseline 0 -20"><span class='ocrx_word' id='word_1_124' title='bbox 213 1649 525 1705; x_wconf 81' lang='lat' dir='ltr'><strong><em>Sacerdotes</em></strong></span> <span class='ocrx_word' id='word_1_125' title='bbox 547 1651 657 1722; x_wconf 80' lang='lat' dir='ltr'><strong><em>ejus</em></strong></span> <span class='ocrx_word' id='word_1_126' title='bbox 678 1651 889 1706; x_wconf 84' lang='lat' dir='ltr'><strong><em>induam</em></strong></span> <span class='ocrx_word' id='word_1_127' title='bbox 912 1653 1153 1719; x_wconf 87' lang='lat' dir='ltr'><strong><em>salutari,</em></strong></span> <span class='ocrx_word' id='word_1_128' title='bbox 1186 1661 1236 1706; x_wconf 93' lang='lat' dir='ltr'><strong><em>et</em></strong></span> <span class='ocrx_word' id='word_1_129' title='bbox 1256 1653 1422 1707; x_wconf 87' lang='lat' dir='ltr'><strong><em>sancti</em></strong></span> <span class='ocrx_word' id='word_1_130' title='bbox 1442 1652 1551 1723; x_wconf 80' lang='lat' dir='ltr'><strong><em>ejus</em></strong></span> <span class='ocrx_word' id='word_1_131' title='bbox 1571 1652 1798 1706; x_wconf 72' lang='lat' dir='ltr'><strong><em>exsulta-</em></strong></span> 
     </span>
    </p>
   </div>
   <div class='ocr_carea' id='block_1_18' title="bbox 210 1743 1799 1815">
    <p class='ocr_par' dir='ltr' id='par_1_18' title="bbox 210 1743 1799 1815">
     <span class='ocr_line' id='line_1_18' title="bbox 210 1743 1799 1815; baseline 0 -18"><span class='ocrx_word' id='word_1_132' title='bbox 210 1745 353 1798; x_wconf 82' lang='lat' dir='ltr'><strong><em>tione</em></strong></span> <span class='ocrx_word' id='word_1_133' title='bbox 380 1745 724 1799; x_wconf 66' lang='lat' dir='ltr'><strong><em>exsultabant.</em></strong></span> <span class='ocrx_word' id='word_1_134' title='bbox 751 1743 884 1799; x_wconf 88' lang='lat' dir='ltr'><strong><em>Illuc</em></strong></span> <span class='ocrx_word' id='word_1_135' title='bbox 906 1745 1186 1815; x_wconf 84' lang='lat' dir='ltr'><strong><em>producam</em></strong></span> <span class='ocrx_word' id='word_1_136' title='bbox 1212 1761 1369 1799; x_wconf 89' lang='lat' dir='ltr'><strong><em>cornu</em></strong></span> <span class='ocrx_word' id='word_1_137' title='bbox 1409 1743 1596 1810; x_wconf 85' lang='lat' dir='ltr'><strong><em>David,</em></strong></span> <span class='ocrx_word' id='word_1_138' title='bbox 1621 1746 1799 1814; x_wconf 83' lang='lat' dir='ltr'><strong><em>paravi</em></strong></span> 
     </span>
    </p>
   </div>
   <div class='ocr_carea' id='block_1_19' title="bbox 1908 563 3493 638">
    <p class='ocr_par' dir='ltr' id='par_1_19' title="bbox 1908 563 3493 638">
     <span class='ocr_line' id='line_1_19' title="bbox 1908 563 3493 638; baseline 0.004 -23"><span class='ocrx_word' id='word_1_139' title='bbox 1908 563 2057 617; x_wconf 87' lang='lat' dir='ltr'><strong><em>nietis</em></strong></span> <span class='ocrx_word' id='word_1_140' title='bbox 2079 581 2290 634; x_wconf 87' lang='lat' dir='ltr'><strong><em>puerum</em></strong></span> <span class='ocrx_word' id='word_1_141' title='bbox 2311 566 2591 621; x_wconf 81' lang='lat' dir='ltr'><strong><em>involutum</em></strong></span> <span class='ocrx_word' id='word_1_142' title='bbox 2612 569 2819 637; x_wconf 87' lang='lat' dir='ltr'><strong><em>pannis,</em></strong></span> <span class='ocrx_word' id='word_1_143' title='bbox 2841 575 2890 622; x_wconf 93' lang='lat' dir='ltr'><strong><em>et</em></strong></span> <span class='ocrx_word' id='word_1_144' title='bbox 2918 568 3139 638; x_wconf 85' lang='lat' dir='ltr'><strong><em>positum</em></strong></span> <span class='ocrx_word' id='word_1_145' title='bbox 3164 567 3218 621; x_wconf 86' lang='lat' dir='ltr'><strong><em>in</em></strong></span> <span class='ocrx_word' id='word_1_146' title='bbox 3238 568 3493 638; x_wconf 75' lang='lat' dir='ltr'><strong><em>prtesepio</em></strong></span> 
     </span>
    </p>
   </div>
   <div class='ocr_carea' id='block_1_20' title="bbox 1912 650 3491 725">
    <p class='ocr_par' dir='ltr' id='par_1_20' title="bbox 1912 650 3491 725">
     <span class='ocr_line' id='line_1_20' title="bbox 1912 650 3491 725; baseline 0.003 -21"><span class='ocrx_word' id='word_1_147' title='bbox 1912 650 2061 722; x_wconf 88' lang='lat' dir='ltr'><strong><em>(Luc.</em></strong></span> <span class='ocrx_word' id='word_1_148' title='bbox 2085 653 2165 722; x_wconf 86' lang='grc' dir='ltr'>ιι).</span> <span class='ocrx_word' id='word_1_149' title='bbox 2197 653 2347 710; x_wconf 77' lang='lat' dir='ltr'><strong><em>lianc</em></strong></span> <span class='ocrx_word' id='word_1_150' title='bbox 2375 669 2504 725; x_wconf 89' lang='lat' dir='ltr'><strong><em>ergo</em></strong></span> <span class='ocrx_word' id='word_1_151' title='bbox 2526 656 2910 712; x_wconf 82' lang='lat' dir='ltr'><strong><em>habitationem</em></strong></span> <span class='ocrx_word' id='word_1_152' title='bbox 2932 657 3021 711; x_wconf 90' lang='lat' dir='ltr'><strong><em>ubi</em></strong></span> <span class='ocrx_word' id='word_1_153' title='bbox 3042 657 3094 711; x_wconf 87' lang='lat' dir='ltr'><strong><em>in</em></strong></span> <span class='ocrx_word' id='word_1_154' title='bbox 3117 664 3375 712; x_wconf 83' lang='lat' dir='ltr'><strong><em>aeternum</em></strong></span> <span class='ocrx_word' id='word_1_155' title='bbox 3397 656 3491 709; x_wconf 88' lang='lat' dir='ltr'><strong><em>ha-</em></strong></span> 
     </span>
    </p>
   </div>
   <div class='ocr_carea' id='block_1_21' title="bbox 1908 742 3486 819">
    <p class='ocr_par' dir='ltr' id='par_1_21' title="bbox 1908 742 3486 819">
     <span class='ocr_line' id='line_1_21' title="bbox 1908 742 3486 819; baseline 0.004 -24"><span class='ocrx_word' id='word_1_156' title='bbox 1908 742 2042 796; x_wconf 86' lang='lat' dir='ltr'><strong><em>bitat</em></strong></span> <span class='ocrx_word' id='word_1_157' title='bbox 2061 744 2221 810; x_wconf 85' lang='lat' dir='ltr'><strong><em>Deus,</em></strong></span> <span class='ocrx_word' id='word_1_158' title='bbox 2250 744 2605 801; x_wconf 82' lang='lat' dir='ltr'><strong><em>indicantibus</em></strong></span> <span class='ocrx_word' id='word_1_159' title='bbox 2630 748 2834 818; x_wconf 79' lang='lat' dir='ltr'><strong><em>angelis</em></strong></span> <span class='ocrx_word' id='word_1_160' title='bbox 2856 756 3099 819; x_wconf 82' lang='lat' dir='ltr'><strong><em>pastores</em></strong></span> <span class='ocrx_word' id='word_1_161' title='bbox 3125 747 3305 817; x_wconf 83' lang='lat' dir='ltr'><strong><em>adepti</em></strong></span> <span class='ocrx_word' id='word_1_162' title='bbox 3332 755 3486 802; x_wconf 89' lang='lat' dir='ltr'><strong><em>sunt:</em></strong></span> 
     </span>
    </p>
   </div>
   <div class='ocr_carea' id='block_1_22' title="bbox 1909 834 3487 909">
    <p class='ocr_par' dir='ltr' id='par_1_22' title="bbox 1909 834 3487 909">
     <span class='ocr_line' id='line_1_22' title="bbox 1909 834 3487 909; baseline 0.004 -24"><span class='ocrx_word' id='word_1_163' title='bbox 1909 838 1965 885; x_wconf 89' lang='lat' dir='ltr'><strong><em>et</em></strong></span> <span class='ocrx_word' id='word_1_164' title='bbox 1994 847 2101 886; x_wconf 91' lang='lat' dir='ltr'><strong><em>non</em></strong></span> <span class='ocrx_word' id='word_1_165' title='bbox 2131 841 2373 903; x_wconf 81' lang='lat' dir='ltr'><strong><em>pastores</em></strong></span> <span class='ocrx_word' id='word_1_166' title='bbox 2396 834 2578 890; x_wconf 86' lang='lat' dir='ltr'><strong><em>talium</em></strong></span> <span class='ocrx_word' id='word_1_167' title='bbox 2607 837 2844 906; x_wconf 80' lang='lat' dir='ltr'><strong><em>qualium</em></strong></span> <span class='ocrx_word' id='word_1_168' title='bbox 2881 838 3166 909; x_wconf 88' lang='lat' dir='ltr'><strong><em>pecudum,</em></strong></span> <span class='ocrx_word' id='word_1_169' title='bbox 3192 837 3285 893; x_wconf 81' lang='lat' dir='ltr'><strong><em>sed</em></strong></span> <span class='ocrx_word' id='word_1_170' title='bbox 3308 837 3487 893; x_wconf 84' lang='lat' dir='ltr'><strong><em>ovium</em></strong></span> 
     </span>
    </p>
   </div>
   <div class='ocr_carea' id='block_1_23' title="bbox 1906 923 3486 999">
    <p class='ocr_par' dir='ltr' id='par_1_23' title="bbox 1906 923 3486 999">
     <span class='ocr_line' id='line_1_23' title="bbox 1906 923 3486 999; baseline 0.005 -24"><span class='ocrx_word' id='word_1_171' title='bbox 1906 927 2133 988; x_wconf 88' lang='lat' dir='ltr'><strong><em>tantum,</em></strong></span> <span class='ocrx_word' id='word_1_172' title='bbox 2186 938 2286 979; x_wconf 92' lang='lat' dir='ltr'><strong><em>nec</em></strong></span> <span class='ocrx_word' id='word_1_173' title='bbox 2331 923 2730 994; x_wconf 82' lang='lat' dir='ltr'><strong><em>dormientium,</em></strong></span> <span class='ocrx_word' id='word_1_174' title='bbox 2763 927 2857 983; x_wconf 88' lang='lat' dir='ltr'><strong><em>sed</em></strong></span> <span class='ocrx_word' id='word_1_175' title='bbox 2884 928 3245 997; x_wconf 86' lang='lat' dir='ltr'><strong><em>vigilantium;</em></strong></span> <span class='ocrx_word' id='word_1_176' title='bbox 3294 935 3349 983; x_wconf 87' lang='lat' dir='ltr'><strong><em>et</em></strong></span> <span class='ocrx_word' id='word_1_177' title='bbox 3393 928 3486 999; x_wconf 88' lang='lat' dir='ltr'><strong><em>qui</em></strong></span> 
     </span>
    </p>
   </div>
   <div class='ocr_carea' id='block_1_24' title="bbox 1906 1010 3485 1087">
    <p class='ocr_par' dir='ltr' id='par_1_24' title="bbox 1906 1010 3485 1087">
     <span class='ocr_line' id='line_1_24' title="bbox 1906 1010 3485 1087; baseline 0.006 -24"><span class='ocrx_word' id='word_1_178' title='bbox 1906 1024 2014 1065; x_wconf 86' lang='lat' dir='ltr'><strong><em>non</em></strong></span> <span class='ocrx_word' id='word_1_179' title='bbox 2060 1010 2409 1079; x_wconf 82' lang='lat' dir='ltr'><strong><em>dormientes,</em></strong></span> <span class='ocrx_word' id='word_1_180' title='bbox 2440 1014 2533 1071; x_wconf 87' lang='lat' dir='ltr'><strong><em>sed</em></strong></span> <span class='ocrx_word' id='word_1_181' title='bbox 2571 1016 2853 1085; x_wconf 76' lang='lat' dir='ltr'><strong><em>vigilantes</em></strong></span> <span class='ocrx_word' id='word_1_182' title='bbox 2880 1017 3082 1073; x_wconf 75' lang='lat' dir='ltr'><strong><em>inventi</em></strong></span> <span class='ocrx_word' id='word_1_183' title='bbox 3109 1025 3264 1084; x_wconf 88' lang='lat' dir='ltr'><strong><em>sunt;</em></strong></span> <span class='ocrx_word' id='word_1_184' title='bbox 3314 1033 3485 1087; x_wconf 88' lang='lat' dir='ltr'><strong><em>neque</em></strong></span> 
     </span>
    </p>
   </div>
   <div class='ocr_carea' id='block_1_25' title="bbox 1904 1101 3480 1178">
    <p class='ocr_par' dir='ltr' id='par_1_25' title="bbox 1904 1101 3480 1178">
     <span class='ocr_line' id='line_1_25' title="bbox 1904 1101 3480 1178; baseline 0.006 -25"><span class='ocrx_word' id='word_1_185' title='bbox 1904 1101 2253 1171; x_wconf 77' lang='lat' dir='ltr'><strong><em>negligentes,</em></strong></span> <span class='ocrx_word' id='word_1_186' title='bbox 2278 1104 2372 1160; x_wconf 86' lang='lat' dir='ltr'><strong><em>sed</em></strong></span> <span class='ocrx_word' id='word_1_187' title='bbox 2392 1105 2637 1175; x_wconf 90' lang='lat' dir='ltr'><strong><em>solliciti;</em></strong></span> <span class='ocrx_word' id='word_1_188' title='bbox 2657 1122 2830 1178; x_wconf 89' lang='lat' dir='ltr'><strong><em>neque</em></strong></span> <span class='ocrx_word' id='word_1_189' title='bbox 2852 1108 3079 1177; x_wconf 83' lang='lat' dir='ltr'><strong><em>remissi,</em></strong></span> <span class='ocrx_word' id='word_1_190' title='bbox 3101 1108 3194 1165; x_wconf 87' lang='lat' dir='ltr'><strong><em>sed</em></strong></span> <span class='ocrx_word' id='word_1_191' title='bbox 3215 1110 3480 1164; x_wconf 81' lang='lat' dir='ltr'><strong><em>timentes.</em></strong></span> 
     </span>
    </p>
   </div>
   <div class='ocr_carea' id='block_1_26' title="bbox 1906 1189 3484 1270">
    <p class='ocr_par' dir='ltr' id='par_1_26' title="bbox 1906 1189 3484 1270">
     <span class='ocr_line' id='line_1_26' title="bbox 1906 1189 3484 1270; baseline 0.004 -26"><span class='ocrx_word' id='word_1_192' title='bbox 1906 1189 2143 1261; x_wconf 88' lang='lat' dir='ltr'><strong><em>Denique</em></strong></span> <span class='ocrx_word' id='word_1_193' title='bbox 2170 1194 2296 1250; x_wconf 88' lang='lat' dir='ltr'><strong><em>inde</em></strong></span> <span class='ocrx_word' id='word_1_194' title='bbox 2320 1197 2540 1266; x_wconf 80' lang='lat' dir='ltr'><strong><em>angelus</em></strong></span> <span class='ocrx_word' id='word_1_195' title='bbox 2561 1198 2724 1269; x_wconf 85' lang='lat' dir='ltr'><strong><em>coepit</em></strong></span> <span class='ocrx_word' id='word_1_196' title='bbox 2744 1198 2961 1270; x_wconf 87' lang='lat' dir='ltr'><strong><em>alloqui,</em></strong></span> <span class='ocrx_word' id='word_1_197' title='bbox 2984 1200 3075 1256; x_wconf 90' lang='lat' dir='ltr'><strong><em>ubi</em></strong></span> <span class='ocrx_word' id='word_1_198' title='bbox 3093 1201 3301 1256; x_wconf 89' lang='lat' dir='ltr'><strong><em>timoris</em></strong></span> <span class='ocrx_word' id='word_1_199' title='bbox 3321 1212 3484 1269; x_wconf 83' lang='lat' dir='ltr'><strong><em>agno-</em></strong></span> 
     </span>
    </p>
   </div>
   <div class='ocr_carea' id='block_1_27' title="bbox 1902 1282 3482 1360">
    <p class='ocr_par' dir='ltr' id='par_1_27' title="bbox 1902 1282 3482 1360">
     <span class='ocr_line' id='line_1_27' title="bbox 1902 1282 3482 1360; baseline 0.003 -24"><span class='ocrx_word' id='word_1_200' title='bbox 1902 1282 2086 1336; x_wconf 83' lang='lat' dir='ltr'><strong><em>scebat</em></strong></span> <span class='ocrx_word' id='word_1_201' title='bbox 2114 1290 2414 1339; x_wconf 87' lang='lat' dir='ltr'><strong><em>terrorcm:</em></strong></span> <span class='ocrx_word' id='word_1_202' title='bbox 2448 1284 2646 1354; x_wconf 87' lang='lat' dir='ltr'><strong><em>Nolite,</em></strong></span> <span class='ocrx_word' id='word_1_203' title='bbox 2705 1288 2894 1359; x_wconf 89' lang='lat' dir='ltr'><strong><em>inquit,</em></strong></span> <span class='ocrx_word' id='word_1_204' title='bbox 2943 1290 3138 1356; x_wconf 84' lang='lat' dir='ltr'><strong><em>timere,</em></strong></span> <span class='ocrx_word' id='word_1_205' title='bbox 3194 1289 3345 1360; x_wconf 90' lang='lat' dir='ltr'><strong><em>quasi</em></strong></span> <span class='ocrx_word' id='word_1_206' title='bbox 3391 1286 3482 1357; x_wconf 83' lang='lat' dir='ltr'><strong><em>qui</em></strong></span> 
     </span>
    </p>
   </div>
   <div class='ocr_carea' id='block_1_28' title="bbox 1902 1370 3477 1447">
    <p class='ocr_par' dir='ltr' id='par_1_28' title="bbox 1902 1370 3477 1447">
     <span class='ocr_line' id='line_1_28' title="bbox 1902 1370 3477 1447; baseline 0.003 -22"><span class='ocrx_word' id='word_1_207' title='bbox 1902 1370 2045 1426; x_wconf 82' lang='lat' dir='ltr'><strong><em>dicat</em></strong></span> <span class='ocrx_word' id='word_1_208' title='bbox 2076 1389 2090 1425; x_wconf 73' lang='grc' dir='ltr'><strong>ε</strong></span> <span class='ocrx_word' id='word_1_209' title='bbox 2122 1371 2257 1440; x_wconf 86' lang='lat' dir='ltr'><strong><em>Quia</em></strong></span> <span class='ocrx_word' id='word_1_210' title='bbox 2284 1375 2531 1444; x_wconf 89' lang='lat' dir='ltr'><strong><em>vigilatis,</em></strong></span> <span class='ocrx_word' id='word_1_211' title='bbox 2576 1383 2630 1433; x_wconf 89' lang='lat' dir='ltr'><strong><em>et</em></strong></span> <span class='ocrx_word' id='word_1_212' title='bbox 2671 1379 2800 1434; x_wconf 89' lang='lat' dir='ltr'><strong><em>estis</em></strong></span> <span class='ocrx_word' id='word_1_213' title='bbox 2827 1378 3040 1434; x_wconf 89' lang='lat' dir='ltr'><strong><em>solliciti</em></strong></span> <span class='ocrx_word' id='word_1_214' title='bbox 3085 1379 3225 1434; x_wconf 85' lang='lat' dir='ltr'><strong><em>circa</em></strong></span> <span class='ocrx_word' id='word_1_215' title='bbox 3262 1392 3477 1447; x_wconf 80' lang='lat' dir='ltr'><strong><em>gregem</em></strong></span> 
     </span>
    </p>
   </div>
   <div class='ocr_carea' id='block_1_29' title="bbox 1902 1462 3477 1539">
    <p class='ocr_par' dir='ltr' id='par_1_29' title="bbox 1902 1462 3477 1539">
     <span class='ocr_line' id='line_1_29' title="bbox 1902 1462 3477 1539; baseline 0.007 -27"><span class='ocrx_word' id='word_1_216' title='bbox 1902 1462 2344 1531; x_wconf 88' lang='lat' dir='ltr'><strong><em>mansuetudinis,</em></strong></span> <span class='ocrx_word' id='word_1_217' title='bbox 2396 1473 2450 1521; x_wconf 89' lang='lat' dir='ltr'><strong><em>et</em></strong></span> <span class='ocrx_word' id='word_1_218' title='bbox 2477 1467 2696 1536; x_wconf 86' lang='lat' dir='ltr'><strong><em>pascitis</em></strong></span> <span class='ocrx_word' id='word_1_219' title='bbox 2723 1468 2778 1523; x_wconf 90' lang='lat' dir='ltr'><strong><em>in</em></strong></span> <span class='ocrx_word' id='word_1_220' title='bbox 2805 1469 3006 1539; x_wconf 87' lang='lat' dir='ltr'><strong><em>campis</em></strong></span> <span class='ocrx_word' id='word_1_221' title='bbox 3032 1468 3267 1538; x_wconf 88' lang='lat' dir='ltr'><strong><em>pectoris</em></strong></span> <span class='ocrx_word' id='word_1_222' title='bbox 3293 1468 3477 1523; x_wconf 86' lang='lat' dir='ltr'><strong><em>vestri.</em></strong></span> 
     </span>
    </p>
   </div>
   <div class='ocr_carea' id='block_1_30' title="bbox 1901 1549 3488 1631">
    <p class='ocr_par' dir='ltr' id='par_1_30' title="bbox 1901 1549 3488 1631">
     <span class='ocr_line' id='line_1_30' title="bbox 1901 1549 3488 1631; baseline 0.006 -27"><span class='ocrx_word' id='word_1_223' title='bbox 1901 1549 1975 1605; x_wconf 90' lang='lat' dir='ltr'><strong><em>Ibi</em></strong></span> <span class='ocrx_word' id='word_1_224' title='bbox 2005 1559 2130 1607; x_wconf 88' lang='lat' dir='ltr'><strong><em>sunt</em></strong></span> <span class='ocrx_word' id='word_1_225' title='bbox 2158 1554 2300 1610; x_wconf 90' lang='lat' dir='ltr'><strong><em>enim</em></strong></span> <span class='ocrx_word' id='word_1_226' title='bbox 2328 1558 2501 1628; x_wconf 89' lang='lat' dir='ltr'><strong><em>campi</em></strong></span> <span class='ocrx_word' id='word_1_227' title='bbox 2529 1559 2695 1614; x_wconf 64' lang='lat' dir='ltr'><strong><em>silvas.</em></strong></span> <span class='ocrx_word' id='word_1_228' title='bbox 2727 1558 2861 1627; x_wconf 86' lang='lat' dir='ltr'><strong><em>Quia</em></strong></span> <span class='ocrx_word' id='word_1_229' title='bbox 2888 1574 3016 1631; x_wconf 85' lang='lat' dir='ltr'><strong><em>ergo</em></strong></span> <span class='ocrx_word' id='word_1_230' title='bbox 3040 1559 3316 1616; x_wconf 90' lang='lat' dir='ltr'><strong><em>custoditis</em></strong></span> <span class='ocrx_word' id='word_1_231' title='bbox 3359 1573 3488 1627; x_wconf 84' lang='lat' dir='ltr'><strong><em>gre-</em></strong></span> 
     </span>
    </p>
   </div>
   <div class='ocr_carea' id='block_1_31' title="bbox 1900 1643 3474 1718">
    <p class='ocr_par' dir='ltr' id='par_1_31' title="bbox 1900 1643 3474 1718">
     <span class='ocr_line' id='line_1_31' title="bbox 1900 1643 3474 1718; baseline 0.006 -24"><span class='ocrx_word' id='word_1_232' title='bbox 1900 1655 2022 1710; x_wconf 92' lang='lat' dir='ltr'><strong><em>gem</em></strong></span> <span class='ocrx_word' id='word_1_233' title='bbox 2068 1643 2367 1713; x_wconf 86' lang='lat' dir='ltr'><strong><em>vigilanter,</em></strong></span> <span class='ocrx_word' id='word_1_234' title='bbox 2399 1658 2796 1718; x_wconf 88' lang='lat' dir='ltr'><strong><em>pemoctanter,</em></strong></span> <span class='ocrx_word' id='word_1_235' title='bbox 2842 1666 2911 1706; x_wconf 87' lang='lat' dir='ltr'><strong><em>ne</em></strong></span> <span class='ocrx_word' id='word_1_236' title='bbox 2937 1665 3093 1707; x_wconf 90' lang='lat' dir='ltr'><strong><em>ovem</em></strong></span> <span class='ocrx_word' id='word_1_237' title='bbox 3118 1658 3474 1715; x_wconf 83' lang='lat' dir='ltr'><strong><em>mansuetam,</em></strong></span> 
     </span>
    </p>
   </div>
   <div class='ocr_carea' id='block_1_32' title="bbox 1900 1732 3476 1813">
    <p class='ocr_par' dir='ltr' id='par_1_32' title="bbox 1900 1732 3476 1813">
     <span class='ocr_line' id='line_1_32' title="bbox 1900 1732 3476 1813; baseline 0.006 -27"><span class='ocrx_word' id='word_1_238' title='bbox 1900 1732 2012 1788; x_wconf 83' lang='lat' dir='ltr'><strong><em>sive</em></strong></span> <span class='ocrx_word' id='word_1_239' title='bbox 2038 1735 2374 1804; x_wconf 88' lang='lat' dir='ltr'><strong><em>patientiam,</em></strong></span> <span class='ocrx_word' id='word_1_240' title='bbox 2405 1739 2518 1795; x_wconf 84' lang='lat' dir='ltr'><strong><em>sive</em></strong></span> <span class='ocrx_word' id='word_1_241' title='bbox 2545 1741 2882 1810; x_wconf 86' lang='lat' dir='ltr'><strong><em>charitatem,</em></strong></span> <span class='ocrx_word' id='word_1_242' title='bbox 2905 1743 3019 1799; x_wconf 87' lang='lat' dir='ltr'><strong><em>sive</em></strong></span> <span class='ocrx_word' id='word_1_243' title='bbox 3038 1743 3476 1813; x_wconf 84' lang='lat' dir='ltr'><strong><em>hospitalitatem,</em></strong></span> 
     </span>
    </p>
   </div>
   <div class='ocr_carea' id='block_1_33' title="bbox 209 1824 1786 1909">
    <p class='ocr_par' dir='ltr' id='par_1_33' title="bbox 209 1835 1786 1909">
     <span class='ocr_line' id='line_1_33' title="bbox 209 1835 1786 1909; baseline 0.001 -21"><span class='ocrx_word' id='word_1_244' title='bbox 209 1836 477 1891; x_wconf 83' lang='lat' dir='ltr'><strong><em>lucernam</em></strong></span> <span class='ocrx_word' id='word_1_245' title='bbox 497 1835 698 1891; x_wconf 79' lang='lat' dir='ltr'><strong><em>Christo</em></strong></span> <span class='ocrx_word' id='word_1_246' title='bbox 715 1854 844 1892; x_wconf 87' lang='lat' dir='ltr'><strong><em>meo.</em></strong></span> <span class='ocrx_word' id='word_1_247' title='bbox 863 1836 1107 1891; x_wconf 88' lang='lat' dir='ltr'><strong><em>Inimicos</em></strong></span> <span class='ocrx_word' id='word_1_248' title='bbox 1118 1838 1229 1909; x_wconf 86' lang='lat' dir='ltr'><strong><em>ejus</em></strong></span> <span class='ocrx_word' id='word_1_249' title='bbox 1245 1837 1455 1890; x_wconf 85' lang='lat' dir='ltr'><strong><em>induam</em></strong></span> <span class='ocrx_word' id='word_1_250' title='bbox 1475 1837 1786 1905; x_wconf 71' lang='lat' dir='ltr'><strong><em>confusione,</em></strong></span> 
     </span>
    </p>
   </div>
   <div class='ocr_carea' id='block_1_34' title="bbox 1889 1824 3478 1909">
    <p class='ocr_par' dir='ltr' id='par_1_34' title="bbox 1900 1824 3478 1904">
     <span class='ocr_line' id='line_1_34' title="bbox 1900 1824 3478 1904; baseline 0.006 -26"><span class='ocrx_word' id='word_1_251' title='bbox 1900 1824 2015 1880; x_wconf 86' lang='lat' dir='ltr'><strong><em>sive</em></strong></span> <span class='ocrx_word' id='word_1_252' title='bbox 2042 1828 2361 1897; x_wconf 84' lang='lat' dir='ltr'><strong><em>castitatem,</em></strong></span> <span class='ocrx_word' id='word_1_253' title='bbox 2386 1840 2676 1888; x_wconf 64' lang='lat' dir='ltr'><strong><em>etctetcras</em></strong></span> <span class='ocrx_word' id='word_1_254' title='bbox 2699 1835 2873 1889; x_wconf 90' lang='lat' dir='ltr'><strong><em>socias</em></strong></span> <span class='ocrx_word' id='word_1_255' title='bbox 2898 1849 3247 1904; x_wconf 85' lang='lat' dir='ltr'><strong><em>earum,quas</em></strong></span> <span class='ocrx_word' id='word_1_256' title='bbox 3263 1834 3478 1904; x_wconf 79' lang='lat' dir='ltr'><strong><em>pascitis</em></strong></span> 
     </span>
    </p>
   </div>
   <div class='ocr_carea' id='block_1_35' title="bbox 208 1927 1542 2000">
    <p class='ocr_par' dir='ltr' id='par_1_35' title="bbox 208 1927 1542 2000">
     <span class='ocr_line' id='line_1_35' title="bbox 208 1927 1542 2000; baseline 0 -19"><span class='ocrx_word' id='word_1_257' title='bbox 208 1944 370 1992; x_wconf 84' lang='lat' dir='ltr'><strong><em>super</em></strong></span> <span class='ocrx_word' id='word_1_258' title='bbox 387 1929 555 1998; x_wconf 85' lang='lat' dir='ltr'><strong><em>ipsum</em></strong></span> <span class='ocrx_word' id='word_1_259' title='bbox 574 1936 742 1984; x_wconf 81' lang='lat' dir='ltr'><strong><em>autem</em></strong></span> <span class='ocrx_word' id='word_1_260' title='bbox 769 1927 1011 2000; x_wconf 74' lang='lat' dir='ltr'><strong><em>eﬂlorebit</em></strong></span> <span class='ocrx_word' id='word_1_261' title='bbox 1038 1930 1382 2000; x_wconf 76' lang='lat' dir='ltr'><strong><em>sanctiﬁcatio</em></strong></span> <span class='ocrx_word' id='word_1_262' title='bbox 1408 1945 1542 1983; x_wconf 90' lang='lat' dir='ltr'><strong><em>mea.</em></strong></span> 
     </span>
    </p>
   </div>
   <div class='ocr_carea' id='block_1_36' title="bbox 780 2076 1223 2163">
    <p class='ocr_par' dir='ltr' id='par_1_36' title="bbox 780 2076 1223 2163">
     <span class='ocr_line' id='line_1_36' title="bbox 780 2076 1223 2163; baseline 0 -45"><span class='ocrx_word' id='word_1_263' title='bbox 780 2076 1223 2163; x_wconf 56' lang='lat' dir='ltr'><strong><em>COIIBNTARIUI.’</em></strong></span> 
     </span>
    </p>
   </div>
   <div class='ocr_carea' id='block_1_37' title="bbox 277 2198 1799 2268">
    <p class='ocr_par' dir='ltr' id='par_1_37' title="bbox 277 2198 1799 2268">
     <span class='ocr_line' id='line_1_37' title="bbox 277 2198 1799 2268; baseline 0.001 -13"><span class='ocrx_word' id='word_1_264' title='bbox 277 2200 577 2268; x_wconf 75' lang='lat' dir='ltr'><strong><em>Memento,</em></strong></span> <span class='ocrx_word' id='word_1_265' title='bbox 622 2199 867 2266; x_wconf 88' lang='lat' dir='ltr'><strong><em>Domine,</em></strong></span> <span class='ocrx_word' id='word_1_266' title='bbox 899 2199 1089 2264; x_wconf 79' lang='lat' dir='ltr'><strong><em>David,</em></strong></span> <span class='ocrx_word' id='word_1_267' title='bbox 1120 2214 1230 2255; x_wconf 88' lang='lat' dir='ltr'><strong><em>non</em></strong></span> <span class='ocrx_word' id='word_1_268' title='bbox 1258 2207 1319 2256; x_wconf 88' lang='lat' dir='ltr'><strong><em>ut</em></strong></span> <span class='ocrx_word' id='word_1_269' title='bbox 1336 2198 1403 2255; x_wconf 86' lang='lat' dir='ltr'><strong><em>ab</em></strong></span> <span class='ocrx_word' id='word_1_270' title='bbox 1431 2199 1702 2256; x_wconf 88' lang='lat' dir='ltr'><strong><em>oblivione</em></strong></span> <span class='ocrx_word' id='word_1_271' title='bbox 1729 2201 1799 2257; x_wconf 89' lang='lat' dir='ltr'><strong><em>ad</em></strong></span> 
     </span>
    </p>
   </div>
   <div class='ocr_carea' id='block_1_38' title="bbox 205 2290 1799 2359">
    <p class='ocr_par' dir='ltr' id='par_1_38' title="bbox 205 2290 1799 2359">
     <span class='ocr_line' id='line_1_38' title="bbox 205 2290 1799 2359; baseline 0 -11"><span class='ocrx_word' id='word_1_272' title='bbox 205 2293 531 2348; x_wconf 86' lang='lat' dir='ltr'><strong><em>memoriam</em></strong></span> <span class='ocrx_word' id='word_1_273' title='bbox 550 2291 753 2347; x_wconf 87' lang='lat' dir='ltr'><strong><em>redeat.</em></strong></span> <span class='ocrx_word' id='word_1_274' title='bbox 778 2290 921 2346; x_wconf 88' lang='lat' dir='ltr'><strong><em>Deus</em></strong></span> <span class='ocrx_word' id='word_1_275' title='bbox 946 2292 1013 2347; x_wconf 87' lang='lat' dir='ltr'><strong><em>ab</em></strong></span> <span class='ocrx_word' id='word_1_276' title='bbox 1039 2291 1259 2347; x_wconf 91' lang='lat' dir='ltr'><strong><em>homine</em></strong></span> <span class='ocrx_word' id='word_1_277' title='bbox 1285 2301 1678 2359; x_wconf 88' lang='lat' dir='ltr'><strong><em>commonetur,</em></strong></span> <span class='ocrx_word' id='word_1_278' title='bbox 1703 2292 1799 2348; x_wconf 89' lang='lat' dir='ltr'><strong><em>sed</em></strong></span> 
     </span>
    </p>
   </div>
   <div class='ocr_carea' id='block_1_39' title="bbox 203 2384 1800 2454">
    <p class='ocr_par' dir='ltr' id='par_1_39' title="bbox 203 2384 1800 2454">
     <span class='ocr_line' id='line_1_39' title="bbox 203 2384 1800 2454; baseline 0.001 -15"><span class='ocrx_word' id='word_1_279' title='bbox 203 2385 439 2441; x_wconf 86' lang='lat' dir='ltr'><strong><em>docetur</em></strong></span> <span class='ocrx_word' id='word_1_280' title='bbox 467 2385 631 2439; x_wconf 91' lang='lat' dir='ltr'><strong><em>homo</em></strong></span> <span class='ocrx_word' id='word_1_281' title='bbox 668 2385 899 2454; x_wconf 85' lang='lat' dir='ltr'><strong><em>qualiter</em></strong></span> <span class='ocrx_word' id='word_1_282' title='bbox 925 2384 1184 2441; x_wconf 85' lang='lat' dir='ltr'><strong><em>Divinitas</em></strong></span> <span class='ocrx_word' id='word_1_283' title='bbox 1210 2385 1350 2441; x_wconf 90' lang='lat' dir='ltr'><strong><em>votis</em></strong></span> <span class='ocrx_word' id='word_1_284' title='bbox 1374 2384 1671 2441; x_wconf 85' lang='lat' dir='ltr'><strong><em>delectetur</em></strong></span> <span class='ocrx_word' id='word_1_285' title='bbox 1697 2386 1800 2441; x_wconf 87' lang='lat' dir='ltr'><strong><em>hu-</em></strong></span> 
     </span>
    </p>
   </div>
   <div class='ocr_carea' id='block_1_40' title="bbox 204 2473 1793 2544">
    <p class='ocr_par' dir='ltr' id='par_1_40' title="bbox 204 2473 1793 2544">
     <span class='ocr_line' id='line_1_40' title="bbox 204 2473 1793 2544; baseline 0.001 -15"><span class='ocrx_word' id='word_1_286' title='bbox 204 2475 405 2531; x_wconf 88' lang='lat' dir='ltr'><strong><em>manis.</em></strong></span> <span class='ocrx_word' id='word_1_287' title='bbox 434 2473 524 2541; x_wconf 83' lang='lat' dir='ltr'><strong><em>Ut,</em></strong></span> <span class='ocrx_word' id='word_1_288' title='bbox 554 2474 796 2544; x_wconf 84' lang='lat' dir='ltr'><strong><em>deposita</em></strong></span> <span class='ocrx_word' id='word_1_289' title='bbox 826 2473 1054 2541; x_wconf 90' lang='lat' dir='ltr'><strong><em>feritate,</em></strong></span> <span class='ocrx_word' id='word_1_290' title='bbox 1079 2489 1199 2544; x_wconf 70' lang='lat' dir='ltr'><strong><em>qua:</em></strong></span> <span class='ocrx_word' id='word_1_291' title='bbox 1227 2475 1529 2531; x_wconf 85' lang='lat' dir='ltr'><strong><em>iracundias</em></strong></span> <span class='ocrx_word' id='word_1_292' title='bbox 1553 2480 1793 2544; x_wconf 87' lang='lat' dir='ltr'><strong><em>generat,</em></strong></span> 
     </span>
    </p>
   </div>
   <div class='ocr_carea' id='block_1_41' title="bbox 202 2565 1796 2636">
    <p class='ocr_par' dir='ltr' id='par_1_41' title="bbox 202 2565 1796 2636">
     <span class='ocr_line' id='line_1_41' title="bbox 202 2565 1796 2636; baseline 0.002 -17"><span class='ocrx_word' id='word_1_293' title='bbox 202 2565 506 2622; x_wconf 86' lang='lat' dir='ltr'><strong><em>discordias</em></strong></span> <span class='ocrx_word' id='word_1_294' title='bbox 526 2566 711 2633; x_wconf 88' lang='lat' dir='ltr'><strong><em>nutrit,</em></strong></span> <span class='ocrx_word' id='word_1_295' title='bbox 735 2565 1041 2636; x_wconf 86' lang='lat' dir='ltr'><strong><em>superbiam</em></strong></span> <span class='ocrx_word' id='word_1_296' title='bbox 1062 2566 1249 2636; x_wconf 82' lang='lat' dir='ltr'><strong><em>gignit,</em></strong></span> <span class='ocrx_word' id='word_1_297' title='bbox 1296 2566 1395 2622; x_wconf 90' lang='lat' dir='ltr'><strong><em>sub</em></strong></span> <span class='ocrx_word' id='word_1_298' title='bbox 1419 2581 1558 2636; x_wconf 6' lang='lat' dir='ltr'><strong><em>ponus</em></strong></span> <span class='ocrx_word' id='word_1_299' title='bbox 1586 2566 1796 2622; x_wconf 90' lang='lat' dir='ltr'><strong><em>Domini</em></strong></span> 
     </span>
    </p>
   </div>
   <div class='ocr_carea' id='block_1_42' title="bbox 203 2652 1793 2727">
    <p class='ocr_par' dir='ltr' id='par_1_42' title="bbox 203 2652 1793 2727">
     <span class='ocr_line' id='line_1_42' title="bbox 203 2652 1793 2727; baseline 0.001 -18"><span class='ocrx_word' id='word_1_300' title='bbox 203 2660 571 2709; x_wconf 85' lang='lat' dir='ltr'><strong><em>mansuescat.</em></strong></span> <span class='ocrx_word' id='word_1_301' title='bbox 607 2652 737 2708; x_wconf 89' lang='lat' dir='ltr'><strong><em>Leve</em></strong></span> <span class='ocrx_word' id='word_1_302' title='bbox 765 2670 895 2708; x_wconf 89' lang='lat' dir='ltr'><strong><em>onus</em></strong></span> <span class='ocrx_word' id='word_1_303' title='bbox 916 2662 1011 2719; x_wconf 88' lang='lat' dir='ltr'><strong><em>est,</em></strong></span> <span class='ocrx_word' id='word_1_304' title='bbox 1050 2663 1204 2724; x_wconf 89' lang='lat' dir='ltr'><strong><em>porta</em></strong></span> <span class='ocrx_word' id='word_1_305' title='bbox 1247 2663 1558 2721; x_wconf 83' lang='lat' dir='ltr'><strong><em>mansuete;</em></strong></span> <span class='ocrx_word' id='word_1_306' title='bbox 1608 2655 1793 2727; x_wconf 86' lang='lat' dir='ltr'><strong><em>jugum</em></strong></span> 
     </span>
    </p>
   </div>
   <div class='ocr_carea' id='block_1_43' title="bbox 202 2742 1795 2817">
    <p class='ocr_par' dir='ltr' id='par_1_43' title="bbox 202 2742 1795 2817">
     <span class='ocr_line' id='line_1_43' title="bbox 202 2742 1795 2817; baseline 0.001 -17"><span class='ocrx_word' id='word_1_307' title='bbox 202 2760 363 2800; x_wconf 84' lang='lat' dir='ltr'><strong><em>suave</em></strong></span> <span class='ocrx_word' id='word_1_308' title='bbox 387 2742 606 2817; x_wconf 74' lang='lat' dir='ltr'><strong><em>(Matth.</em></strong></span> <span class='ocrx_word' id='word_1_309' title='bbox 630 2744 726 2816; x_wconf 78' lang='lat' dir='ltr'><strong><em>xl),</em></strong></span> <span class='ocrx_word' id='word_1_310' title='bbox 760 2744 935 2809; x_wconf 89' lang='lat' dir='ltr'><strong><em>trahe,</em></strong></span> <span class='ocrx_word' id='word_1_311' title='bbox 958 2743 1281 2810; x_wconf 85' lang='lat' dir='ltr'><strong><em>Christiane,</em></strong></span> <span class='ocrx_word' id='word_1_312' title='bbox 1311 2746 1432 2802; x_wconf 88' lang='lat' dir='ltr'><strong><em>hoc.</em></strong></span> <span class='ocrx_word' id='word_1_313' title='bbox 1458 2745 1517 2800; x_wconf 88' lang='lat' dir='ltr'><strong><em>In</em></strong></span> <span class='ocrx_word' id='word_1_314' title='bbox 1541 2754 1593 2801; x_wconf 89' lang='lat' dir='ltr'><strong><em>te</em></strong></span> <span class='ocrx_word' id='word_1_315' title='bbox 1613 2762 1795 2802; x_wconf 87' lang='lat' dir='ltr'><strong><em>recor-</em></strong></span> 
     </span>
    </p>
   </div>
   <div class='ocr_carea' id='block_1_44' title="bbox 201 2833 1788 2906">
    <p class='ocr_par' dir='ltr' id='par_1_44' title="bbox 201 2833 1788 2906">
     <span class='ocr_line' id='line_1_44' title="bbox 201 2833 1788 2906; baseline 0 -17"><span class='ocrx_word' id='word_1_316' title='bbox 201 2833 422 2891; x_wconf 85' lang='lat' dir='ltr'><strong><em>dabitur</em></strong></span> <span class='ocrx_word' id='word_1_317' title='bbox 468 2833 746 2900; x_wconf 88' lang='lat' dir='ltr'><strong><em>Dominus,</em></strong></span> <span class='ocrx_word' id='word_1_318' title='bbox 794 2834 936 2904; x_wconf 89' lang='lat' dir='ltr'><strong><em>quod</em></strong></span> <span class='ocrx_word' id='word_1_319' title='bbox 963 2833 1031 2889; x_wconf 90' lang='lat' dir='ltr'><strong><em>ad</em></strong></span> <span class='ocrx_word' id='word_1_320' title='bbox 1061 2836 1321 2905; x_wconf 90' lang='lat' dir='ltr'><strong><em>portanda</em></strong></span> <span class='ocrx_word' id='word_1_321' title='bbox 1353 2842 1619 2906; x_wconf 60' lang='lat' dir='ltr'><strong><em>praecepta</em></strong></span> <span class='ocrx_word' id='word_1_322' title='bbox 1649 2835 1788 2905; x_wconf 87' lang='lat' dir='ltr'><strong><em>ejus,</em></strong></span> 
     </span>
    </p>
   </div>
   <div class='ocr_carea' id='block_1_45' title="bbox 200 2923 1793 2996">
    <p class='ocr_par' dir='ltr' id='par_1_45' title="bbox 200 2923 1793 2996">
     <span class='ocr_line' id='line_1_45' title="bbox 200 2923 1793 2996; baseline 0.003 -18"><span class='ocrx_word' id='word_1_323' title='bbox 200 2931 549 2978; x_wconf 90' lang='lat' dir='ltr'><strong><em>mansuetum</em></strong></span> <span class='ocrx_word' id='word_1_324' title='bbox 569 2932 760 2995; x_wconf 89' lang='lat' dir='ltr'><strong><em>pectus</em></strong></span> <span class='ocrx_word' id='word_1_325' title='bbox 792 2930 966 2990; x_wconf 88' lang='lat' dir='ltr'><strong><em>tuum,</em></strong></span> <span class='ocrx_word' id='word_1_326' title='bbox 990 2923 1043 2980; x_wconf 90' lang='lat' dir='ltr'><strong><em>id</em></strong></span> <span class='ocrx_word' id='word_1_327' title='bbox 1066 2932 1573 2996; x_wconf 88' lang='lat' dir='ltr'><strong><em>est,corpustuum,</em></strong></span> <span class='ocrx_word' id='word_1_328' title='bbox 1603 2933 1657 2981; x_wconf 86' lang='lat' dir='ltr'><strong><em>et</em></strong></span> <span class='ocrx_word' id='word_1_329' title='bbox 1686 2938 1793 2982; x_wconf 88' lang='lat' dir='ltr'><strong><em>non</em></strong></span> 
     </span>
    </p>
   </div>
   <div class='ocr_carea' id='block_1_46' title="bbox 198 3014 1792 3075">
    <p class='ocr_par' dir='ltr' id='par_1_46' title="bbox 198 3014 1792 3075">
     <span class='ocr_line' id='line_1_46' title="bbox 198 3014 1792 3075; baseline 0.002 -4"><span class='ocrx_word' id='word_1_330' title='bbox 198 3016 640 3071; x_wconf 85' lang='lat' dir='ltr'><strong><em>recalcitrantem</em></strong></span> <span class='ocrx_word' id='word_1_331' title='bbox 670 3016 893 3073; x_wconf 85' lang='lat' dir='ltr'><strong><em>exhibes</em></strong></span> <span class='ocrx_word' id='word_1_332' title='bbox 925 3014 1163 3074; x_wconf 89' lang='lat' dir='ltr'><strong><em>Christo.</em></strong></span> <span class='ocrx_word' id='word_1_333' title='bbox 1197 3017 1403 3073; x_wconf 84' lang='lat' dir='ltr'><strong><em>Memor</em></strong></span> <span class='ocrx_word' id='word_1_334' title='bbox 1441 3019 1545 3073; x_wconf 89' lang='lat' dir='ltr'><strong><em>erit</em></strong></span> <span class='ocrx_word' id='word_1_335' title='bbox 1575 3020 1649 3073; x_wconf 89' lang='lat' dir='ltr'><strong><em>tui</em></strong></span> <span class='ocrx_word' id='word_1_336' title='bbox 1684 3014 1792 3075; x_wconf 78' lang='lat' dir='ltr'><strong><em>Do~</em></strong></span> 
     </span>
    </p>
   </div>
   <div class='ocr_carea' id='block_1_47' title="bbox 196 3104 1791 3178">
    <p class='ocr_par' dir='ltr' id='par_1_47' title="bbox 196 3104 1791 3178">
     <span class='ocr_line' id='line_1_47' title="bbox 196 3104 1791 3178; baseline 0.004 -20"><span class='ocrx_word' id='word_1_337' title='bbox 196 3106 401 3170; x_wconf 87' lang='lat' dir='ltr'><strong><em>minus,</em></strong></span> <span class='ocrx_word' id='word_1_338' title='bbox 452 3104 499 3160; x_wconf 90' lang='lat' dir='ltr'><strong><em>si</em></strong></span> <span class='ocrx_word' id='word_1_339' title='bbox 528 3107 965 3162; x_wconf 86' lang='lat' dir='ltr'><strong><em>mansuctudines</em></strong></span> <span class='ocrx_word' id='word_1_340' title='bbox 1009 3115 1116 3162; x_wconf 71' lang='lat' dir='ltr'><strong><em>tute</em></strong></span> <span class='ocrx_word' id='word_1_341' title='bbox 1142 3108 1259 3178; x_wconf 83' lang='lat' dir='ltr'><strong><em>ejus</em></strong></span> <span class='ocrx_word' id='word_1_342' title='bbox 1276 3109 1592 3164; x_wconf 88' lang='lat' dir='ltr'><strong><em>memoriam</em></strong></span> <span class='ocrx_word' id='word_1_343' title='bbox 1621 3110 1791 3164; x_wconf 85' lang='lat' dir='ltr'><strong><em>inter-</em></strong></span> 
     </span>
    </p>
   </div>
   <div class='ocr_carea' id='block_1_48' title="bbox 1902 1916 3477 1996">
    <p class='ocr_par' dir='ltr' id='par_1_48' title="bbox 1902 1916 3477 1996">
     <span class='ocr_line' id='line_1_48' title="bbox 1902 1916 3477 1996; baseline 0.006 -27"><span class='ocrx_word' id='word_1_344' title='bbox 1902 1916 2067 1974; x_wconf 88' lang='lat' dir='ltr'><strong><em>verbo</em></strong></span> <span class='ocrx_word' id='word_1_345' title='bbox 2093 1918 2210 1988; x_wconf 90' lang='lat' dir='ltr'><strong><em>Dei,</em></strong></span> <span class='ocrx_word' id='word_1_346' title='bbox 2238 1921 2363 1992; x_wconf 89' lang='lat' dir='ltr'><strong><em>quia</em></strong></span> <span class='ocrx_word' id='word_1_347' title='bbox 2409 1924 2608 1983; x_wconf 83' lang='lat' dir='ltr'><strong><em>timetis</em></strong></span> <span class='ocrx_word' id='word_1_348' title='bbox 2651 1926 2933 1981; x_wconf 90' lang='lat' dir='ltr'><strong><em>Dominum</em></strong></span> <span class='ocrx_word' id='word_1_349' title='bbox 2962 1927 3155 1996; x_wconf 86' lang='lat' dir='ltr'><strong><em>gregis.</em></strong></span> <span class='ocrx_word' id='word_1_350' title='bbox 3187 1935 3241 1981; x_wconf 86' lang='lat' dir='ltr'><strong><em>et</em></strong></span> <span class='ocrx_word' id='word_1_351' title='bbox 3268 1926 3477 1981; x_wconf 89' lang='lat' dir='ltr'><strong><em>solliciti</em></strong></span> 
     </span>
    </p>
   </div>
   <div class='ocr_carea' id='block_1_49' title="bbox 1902 2008 3477 2089">
    <p class='ocr_par' dir='ltr' id='par_1_49' title="bbox 1902 2008 3477 2089">
     <span class='ocr_line' id='line_1_49' title="bbox 1902 2008 3477 2089; baseline 0.006 -28"><span class='ocrx_word' id='word_1_352' title='bbox 1902 2008 2049 2074; x_wconf 87' lang='lat' dir='ltr'><strong><em>estis,</em></strong></span> <span class='ocrx_word' id='word_1_353' title='bbox 2066 2024 2133 2064; x_wconf 91' lang='lat' dir='ltr'><strong><em>ne</em></strong></span> <span class='ocrx_word' id='word_1_354' title='bbox 2151 2010 2277 2081; x_wconf 91' lang='lat' dir='ltr'><strong><em>quid</em></strong></span> <span class='ocrx_word' id='word_1_355' title='bbox 2294 2013 2445 2070; x_wconf 90' lang='lat' dir='ltr'><strong><em>vobis</em></strong></span> <span class='ocrx_word' id='word_1_356' title='bbox 2473 2014 2657 2073; x_wconf 80' lang='lat' dir='ltr'><strong><em>feritas</em></strong></span> <span class='ocrx_word' id='word_1_357' title='bbox 2677 2017 2919 2089; x_wconf 88' lang='lat' dir='ltr'><strong><em>luporum</em></strong></span> <span class='ocrx_word' id='word_1_358' title='bbox 2936 2017 3169 2083; x_wconf 86' lang='lat' dir='ltr'><strong><em>invadat,</em></strong></span> <span class='ocrx_word' id='word_1_359' title='bbox 3180 2016 3291 2087; x_wconf 84' lang='lat' dir='ltr'><strong><em>jam</em></strong></span> <span class='ocrx_word' id='word_1_360' title='bbox 3315 2017 3477 2071; x_wconf 84' lang='lat' dir='ltr'><strong><em>nolite</em></strong></span> 
     </span>
    </p>
   </div>
   <div class='ocr_carea' id='block_1_50' title="bbox 1901 2098 3476 2181">
    <p class='ocr_par' dir='ltr' id='par_1_50' title="bbox 1901 2098 3476 2181">
     <span class='ocr_line' id='line_1_50' title="bbox 1901 2098 3476 2181; baseline 0.005 -29"><span class='ocrx_word' id='word_1_361' title='bbox 1901 2098 2110 2166; x_wconf 89' lang='lat' dir='ltr'><strong><em>timere,</em></strong></span> <span class='ocrx_word' id='word_1_362' title='bbox 2136 2102 2260 2171; x_wconf 91' lang='lat' dir='ltr'><strong><em>quia</em></strong></span> <span class='ocrx_word' id='word_1_363' title='bbox 2290 2104 2411 2162; x_wconf 87' lang='lat' dir='ltr'><strong><em>talis</em></strong></span> <span class='ocrx_word' id='word_1_364' title='bbox 2431 2115 2611 2177; x_wconf 85' lang='lat' dir='ltr'><strong><em>pastor</em></strong></span> <span class='ocrx_word' id='word_1_365' title='bbox 2634 2115 2789 2162; x_wconf 90' lang='lat' dir='ltr'><strong><em>natus</em></strong></span> <span class='ocrx_word' id='word_1_366' title='bbox 2816 2114 2915 2175; x_wconf 85' lang='lat' dir='ltr'><strong><em>est,</em></strong></span> <span class='ocrx_word' id='word_1_367' title='bbox 2950 2109 3037 2181; x_wconf 81' lang='lat' dir='ltr'><strong><em>qui</em></strong></span> <span class='ocrx_word' id='word_1_368' title='bbox 3081 2110 3307 2162; x_wconf 88' lang='lat' dir='ltr'><strong><em>animam</em></strong></span> <span class='ocrx_word' id='word_1_369' title='bbox 3333 2124 3476 2161; x_wconf 87' lang='lat' dir='ltr'><strong><em>suam</em></strong></span> 
     </span>
    </p>
   </div>
   <div class='ocr_carea' id='block_1_51' title="bbox 1899 2194 3474 2270">
    <p class='ocr_par' dir='ltr' id='par_1_51' title="bbox 1899 2194 3474 2270">
     <span class='ocr_line' id='line_1_51' title="bbox 1899 2194 3474 2270; baseline 0.006 -27"><span class='ocrx_word' id='word_1_370' title='bbox 1899 2199 2057 2261; x_wconf 83' lang='lat' dir='ltr'><strong><em>ponat</em></strong></span> <span class='ocrx_word' id='word_1_371' title='bbox 2066 2209 2159 2263; x_wconf 87' lang='lat' dir='ltr'><strong><em>pro</em></strong></span> <span class='ocrx_word' id='word_1_372' title='bbox 2169 2194 2342 2249; x_wconf 86' lang='lat' dir='ltr'><strong><em>ovibus</em></strong></span> <span class='ocrx_word' id='word_1_373' title='bbox 2358 2198 2465 2250; x_wconf 87' lang='lat' dir='ltr'><strong><em>suis</em></strong></span> <span class='ocrx_word' id='word_1_374' title='bbox 2488 2196 2664 2269; x_wconf 87' lang='lat' dir='ltr'><strong><em>(Joan.</em></strong></span> <span class='ocrx_word' id='word_1_375' title='bbox 2683 2197 2759 2270; x_wconf 83' lang='lat' dir='ltr'><strong><em>x).</em></strong></span> <span class='ocrx_word' id='word_1_376' title='bbox 2775 2199 2923 2254; x_wconf 83' lang='lat' dir='ltr'><strong><em>Nunc</em></strong></span> <span class='ocrx_word' id='word_1_377' title='bbox 2951 2200 3338 2268; x_wconf 85' lang='lat' dir='ltr'><strong><em>interrogamus</em></strong></span> <span class='ocrx_word' id='word_1_378' title='bbox 3361 2214 3474 2265; x_wconf 88' lang='lat' dir='ltr'><strong><em>vos,</em></strong></span> 
     </span>
    </p>
   </div>
   <div class='ocr_carea' id='block_1_52' title="bbox 1900 2284 3494 2362">
    <p class='ocr_par' dir='ltr' id='par_1_52' title="bbox 1900 2284 3494 2362">
     <span class='ocr_line' id='line_1_52' title="bbox 1900 2284 3494 2362; baseline 0.006 -26"><span class='ocrx_word' id='word_1_379' title='bbox 1900 2296 1934 2336; x_wconf 91' lang='grc' dir='ltr'>ο</span> <span class='ocrx_word' id='word_1_380' title='bbox 1949 2288 2192 2352; x_wconf 89' lang='lat' dir='ltr'><strong><em>pastores</em></strong></span> <span class='ocrx_word' id='word_1_381' title='bbox 2206 2285 2219 2338; x_wconf 90' lang='lat' dir='ltr'><strong><em>l</em></strong></span> <span class='ocrx_word' id='word_1_382' title='bbox 2236 2284 2397 2347; x_wconf 88' lang='lat' dir='ltr'><strong><em>dicite</em></strong></span> <span class='ocrx_word' id='word_1_383' title='bbox 2413 2288 2584 2355; x_wconf 89' lang='lat' dir='ltr'><strong><em>nobis,</em></strong></span> <span class='ocrx_word' id='word_1_384' title='bbox 2600 2290 2643 2344; x_wconf 92' lang='lat' dir='ltr'><strong><em>si</em></strong></span> <span class='ocrx_word' id='word_1_385' title='bbox 2662 2289 2937 2346; x_wconf 90' lang='lat' dir='ltr'><strong><em>invenistis</em></strong></span> <span class='ocrx_word' id='word_1_386' title='bbox 2946 2306 3169 2362; x_wconf 89' lang='lat' dir='ltr'><strong><em>puerum</em></strong></span> <span class='ocrx_word' id='word_1_387' title='bbox 3180 2291 3316 2345; x_wconf 88' lang='lat' dir='ltr'><strong><em>sicut</em></strong></span> <span class='ocrx_word' id='word_1_388' title='bbox 3328 2290 3475 2345; x_wconf 87' lang='lat' dir='ltr'><strong><em>vobis</em></strong></span> <span class='ocrx_word' id='word_1_389' title='bbox 3491 2330 3494 2333; x_wconf 49' lang='grc' dir='ltr'>λ</span> 
     </span>
    </p>
   </div>
   <div class='ocr_carea' id='block_1_53' title="bbox 1899 2372 3472 2451">
    <p class='ocr_par' dir='ltr' id='par_1_53' title="bbox 1899 2372 3472 2451">
     <span class='ocr_line' id='line_1_53' title="bbox 1899 2372 3472 2451; baseline 0.004 -25"><span class='ocrx_word' id='word_1_390' title='bbox 1899 2372 2073 2442; x_wconf 84' lang='lat' dir='ltr'><strong><em>angeli</em></strong></span> <span class='ocrx_word' id='word_1_391' title='bbox 2102 2373 2420 2431; x_wconf 84' lang='lat' dir='ltr'><strong><em>indicarunt.</em></strong></span> <span class='ocrx_word' id='word_1_392' title='bbox 2449 2377 2531 2434; x_wconf 86' lang='lat' dir='ltr'><strong><em>Ad</em></strong></span> <span class='ocrx_word' id='word_1_393' title='bbox 2550 2379 2663 2435; x_wconf 69' lang='lat' dir='ltr'><strong><em>hare</em></strong></span> <span class='ocrx_word' id='word_1_394' title='bbox 2689 2380 2764 2434; x_wconf 92' lang='lat' dir='ltr'><strong><em>illi</em></strong></span> <span class='ocrx_word' id='word_1_395' title='bbox 2786 2380 3168 2451; x_wconf 86' lang='lat' dir='ltr'><strong><em>respondentes</em></strong></span> <span class='ocrx_word' id='word_1_396' title='bbox 3192 2380 3472 2435; x_wconf 86' lang='lat' dir='ltr'><strong><em>dixerunt:</em></strong></span> 
     </span>
    </p>
   </div>
   <div class='ocr_carea' id='block_1_54' title="bbox 1899 2462 3475 2541">
    <p class='ocr_par' dir='ltr' id='par_1_54' title="bbox 1899 2462 3475 2541">
     <span class='ocr_line' id='line_1_54' title="bbox 1899 2462 3475 2541; baseline 0.006 -26"><span class='ocrx_word' id='word_1_397' title='bbox 1899 2462 2237 2522; x_wconf 89' lang='lat' dir='ltr'><strong><em>lntroivimus</em></strong></span> <span class='ocrx_word' id='word_1_398' title='bbox 2288 2467 2341 2522; x_wconf 91' lang='lat' dir='ltr'><strong><em>in</em></strong></span> <span class='ocrx_word' id='word_1_399' title='bbox 2396 2469 2798 2526; x_wconf 83' lang='lat' dir='ltr'><strong><em>tabernaculum</em></strong></span> <span class='ocrx_word' id='word_1_400' title='bbox 2843 2472 2976 2541; x_wconf 89' lang='lat' dir='ltr'><strong><em>ejus,</em></strong></span> <span class='ocrx_word' id='word_1_401' title='bbox 3034 2471 3374 2526; x_wconf 86' lang='lat' dir='ltr'><strong><em>adoravimus</em></strong></span> <span class='ocrx_word' id='word_1_402' title='bbox 3423 2470 3475 2526; x_wconf 90' lang='lat' dir='ltr'><strong><em>in</em></strong></span> 
     </span>
    </p>
   </div>
   <div class='ocr_carea' id='block_1_55' title="bbox 1899 2551 3473 2630">
    <p class='ocr_par' dir='ltr' id='par_1_55' title="bbox 1899 2551 3473 2630">
     <span class='ocr_line' id='line_1_55' title="bbox 1899 2551 3473 2630; baseline 0.006 -25"><span class='ocrx_word' id='word_1_403' title='bbox 1899 2551 2074 2607; x_wconf 89' lang='lat' dir='ltr'><strong><em>locum</em></strong></span> <span class='ocrx_word' id='word_1_404' title='bbox 2125 2555 2216 2609; x_wconf 88' lang='lat' dir='ltr'><strong><em>ubi</em></strong></span> <span class='ocrx_word' id='word_1_405' title='bbox 2262 2563 2529 2613; x_wconf 89' lang='lat' dir='ltr'><strong><em>steterunt</em></strong></span> <span class='ocrx_word' id='word_1_406' title='bbox 2580 2559 2745 2629; x_wconf 88' lang='lat' dir='ltr'><strong><em>pedes</em></strong></span> <span class='ocrx_word' id='word_1_407' title='bbox 2773 2560 2907 2630; x_wconf 85' lang='lat' dir='ltr'><strong><em>ejus.</em></strong></span> <span class='ocrx_word' id='word_1_408' title='bbox 2939 2560 3101 2616; x_wconf 84' lang='lat' dir='ltr'><strong><em>Certe</em></strong></span> <span class='ocrx_word' id='word_1_409' title='bbox 3122 2560 3393 2630; x_wconf 86' lang='lat' dir='ltr'><strong><em>jacentem</em></strong></span> <span class='ocrx_word' id='word_1_410' title='bbox 3424 2561 3473 2615; x_wconf 90' lang='lat' dir='ltr'><strong><em>in</em></strong></span> 
     </span>
    </p>
   </div>
   <div class='ocr_carea' id='block_1_56' title="bbox 1898 2644 3474 2720">
    <p class='ocr_par' dir='ltr' id='par_1_56' title="bbox 1898 2644 3474 2720">
     <span class='ocr_line' id='line_1_56' title="bbox 1898 2644 3474 2720; baseline 0.007 -23"><span class='ocrx_word' id='word_1_411' title='bbox 1898 2644 2158 2714; x_wconf 82' lang='lat' dir='ltr'><strong><em>praesepio</em></strong></span> <span class='ocrx_word' id='word_1_412' title='bbox 2184 2645 2349 2701; x_wconf 79' lang='lat' dir='ltr'><strong><em>visuri</em></strong></span> <span class='ocrx_word' id='word_1_413' title='bbox 2376 2649 2705 2718; x_wconf 82' lang='lat' dir='ltr'><strong><em>perrexistis,</em></strong></span> <span class='ocrx_word' id='word_1_414' title='bbox 2731 2652 3001 2720; x_wconf 89' lang='lat' dir='ltr'><strong><em>quomodo</em></strong></span> <span class='ocrx_word' id='word_1_415' title='bbox 3021 2659 3255 2707; x_wconf 87' lang='lat' dir='ltr'><strong><em>stantem</em></strong></span> <span class='ocrx_word' id='word_1_416' title='bbox 3286 2668 3383 2708; x_wconf 86' lang='lat' dir='ltr'><strong><em>vos</em></strong></span> <span class='ocrx_word' id='word_1_417' title='bbox 3398 2652 3474 2707; x_wconf 63' lang='grc' dir='ltr'><strong><em>νίς</em></strong></span> 
     </span>
    </p>
   </div>
   <div class='ocr_carea' id='block_1_57' title="bbox 1895 2732 3473 2811">
    <p class='ocr_par' dir='ltr' id='par_1_57' title="bbox 1895 2732 3473 2811">
     <span class='ocr_line' id='line_1_57' title="bbox 1895 2732 3473 2811; baseline 0.006 -23"><span class='ocrx_word' id='word_1_418' title='bbox 1895 2732 2039 2790; x_wconf 90' lang='lat' dir='ltr'><strong><em>disse</em></strong></span> <span class='ocrx_word' id='word_1_419' title='bbox 2070 2737 2378 2793; x_wconf 88' lang='lat' dir='ltr'><strong><em>testamini:</em></strong></span> <span class='ocrx_word' id='word_1_420' title='bbox 2424 2737 2552 2807; x_wconf 89' lang='lat' dir='ltr'><strong><em>Nos,</em></strong></span> <span class='ocrx_word' id='word_1_421' title='bbox 2583 2741 2847 2811; x_wconf 89' lang='lat' dir='ltr'><strong><em>inquiunt,</em></strong></span> <span class='ocrx_word' id='word_1_422' title='bbox 2898 2742 3197 2807; x_wconf 85' lang='lat' dir='ltr'><strong><em>credentes,</em></strong></span> <span class='ocrx_word' id='word_1_423' title='bbox 3241 2751 3473 2798; x_wconf 82' lang='lat' dir='ltr'><strong><em>stantem</em></strong></span> 
     </span>
    </p>
   </div>
   <div class='ocr_carea' id='block_1_58' title="bbox 1897 2826 3473 2903">
    <p class='ocr_par' dir='ltr' id='par_1_58' title="bbox 1897 2826 3473 2903">
     <span class='ocr_line' id='line_1_58' title="bbox 1897 2826 3473 2903; baseline 0.007 -23"><span class='ocrx_word' id='word_1_424' title='bbox 1897 2826 2143 2895; x_wconf 86' lang='lat' dir='ltr'><strong><em>vidimus,</em></strong></span> <span class='ocrx_word' id='word_1_425' title='bbox 2176 2844 2285 2884; x_wconf 89' lang='lat' dir='ltr'><strong><em>non</em></strong></span> <span class='ocrx_word' id='word_1_426' title='bbox 2305 2827 2594 2899; x_wconf 89' lang='lat' dir='ltr'><strong><em>jacentem,</em></strong></span> <span class='ocrx_word' id='word_1_427' title='bbox 2627 2833 2911 2889; x_wconf 88' lang='lat' dir='ltr'><strong><em>incredulis</em></strong></span> <span class='ocrx_word' id='word_1_428' title='bbox 2939 2841 2994 2889; x_wconf 90' lang='lat' dir='ltr'><strong><em>et</em></strong></span> <span class='ocrx_word' id='word_1_429' title='bbox 3023 2832 3195 2889; x_wconf 88' lang='lat' dir='ltr'><strong><em>dubiis</em></strong></span> <span class='ocrx_word' id='word_1_430' title='bbox 3218 2833 3402 2903; x_wconf 89' lang='lat' dir='ltr'><strong><em>jacens</em></strong></span> <span class='ocrx_word' id='word_1_431' title='bbox 3422 2842 3473 2891; x_wconf 89' lang='lat' dir='ltr'><strong><em>et</em></strong></span> 
     </span>
    </p>
   </div>
   <div class='ocr_carea' id='block_1_59' title="bbox 1896 2917 3470 2992">
    <p class='ocr_par' dir='ltr' id='par_1_59' title="bbox 1896 2917 3470 2992">
     <span class='ocr_line' id='line_1_59' title="bbox 1896 2917 3470 2992; baseline 0.007 -22"><span class='ocrx_word' id='word_1_432' title='bbox 1896 2917 2087 2987; x_wconf 88' lang='lat' dir='ltr'><strong><em>pannis</em></strong></span> <span class='ocrx_word' id='word_1_433' title='bbox 2126 2920 2396 2976; x_wconf 88' lang='lat' dir='ltr'><strong><em>involutus</em></strong></span> <span class='ocrx_word' id='word_1_434' title='bbox 2436 2924 2756 2992; x_wconf 88' lang='lat' dir='ltr'><strong><em>ostenditur,</em></strong></span> <span class='ocrx_word' id='word_1_435' title='bbox 2785 2924 3125 2983; x_wconf 87' lang='lat' dir='ltr'><strong><em>credentibus</em></strong></span> <span class='ocrx_word' id='word_1_436' title='bbox 3150 2940 3244 2980; x_wconf 89' lang='lat' dir='ltr'><strong><em>rex</em></strong></span> <span class='ocrx_word' id='word_1_437' title='bbox 3288 2925 3470 2981; x_wconf 86' lang='lat' dir='ltr'><strong><em>diade-</em></strong></span> 
     </span>
    </p>
   </div>
   <div class='ocr_carea' id='block_1_60' title="bbox 1895 3007 3471 3086">
    <p class='ocr_par' dir='ltr' id='par_1_60' title="bbox 1895 3007 3471 3086">
     <span class='ocr_line' id='line_1_60' title="bbox 1895 3007 3471 3086; baseline 0.008 -25"><span class='ocrx_word' id='word_1_438' title='bbox 1895 3014 2071 3063; x_wconf 86' lang='lat' dir='ltr'><strong><em>matus</em></strong></span> <span class='ocrx_word' id='word_1_439' title='bbox 2090 3007 2506 3068; x_wconf 88' lang='lat' dir='ltr'><strong><em>demonstratur.</em></strong></span> <span class='ocrx_word' id='word_1_440' title='bbox 2541 3013 2782 3086; x_wconf 88' lang='lat' dir='ltr'><strong><em>Denique</em></strong></span> <span class='ocrx_word' id='word_1_441' title='bbox 2804 3022 3005 3071; x_wconf 87' lang='lat' dir='ltr'><strong><em>tantam</em></strong></span> <span class='ocrx_word' id='word_1_442' title='bbox 3046 3018 3471 3073; x_wconf 85' lang='lat' dir='ltr'><strong><em>coruscationcm</em></strong></span> 
     </span>
    </p>
   </div>
   <div class='ocr_carea' id='block_1_61' title="bbox 1894 3097 3470 3175">
    <p class='ocr_par' dir='ltr' id='par_1_61' title="bbox 1894 3097 3470 3175">
     <span class='ocr_line' id='line_1_61' title="bbox 1894 3097 3470 3175; baseline 0.007 -21"><span class='ocrx_word' id='word_1_443' title='bbox 1894 3098 2054 3168; x_wconf 85' lang='lat' dir='ltr'><strong><em>regiae</em></strong></span> <span class='ocrx_word' id='word_1_444' title='bbox 2082 3097 2197 3170; x_wconf 87' lang='lat' dir='ltr'><strong><em>ejus</em></strong></span> <span class='ocrx_word' id='word_1_445' title='bbox 2242 3101 2515 3171; x_wconf 85' lang='lat' dir='ltr'><strong><em>dignitatis</em></strong></span> <span class='ocrx_word' id='word_1_446' title='bbox 2552 3105 2877 3175; x_wconf 83' lang='lat' dir='ltr'><strong><em>aspeximus,</em></strong></span> <span class='ocrx_word' id='word_1_447' title='bbox 2918 3115 2978 3162; x_wconf 92' lang='lat' dir='ltr'><strong><em>ut</em></strong></span> <span class='ocrx_word' id='word_1_448' title='bbox 3022 3120 3129 3163; x_wconf 83' lang='lat' dir='ltr'><strong><em>non</em></strong></span> <span class='ocrx_word' id='word_1_449' title='bbox 3158 3107 3470 3165; x_wconf 80' lang='lat' dir='ltr'><strong><em>auderemus</em></strong></span> 
     </span>
    </p>
   </div>
   <div class='ocr_carea' id='block_1_62' title="bbox 196 3189 3469 3269">
    <p class='ocr_par' dir='ltr' id='par_1_62' title="bbox 196 3189 3469 3269">
     <span class='ocr_line' id='line_1_62' title="bbox 196 3189 3469 3269; baseline 0.002 -21"><span class='ocrx_word' id='word_1_450' title='bbox 196 3195 498 3265; x_wconf 86' lang='lat' dir='ltr'><strong><em>pellatione</em></strong></span> <span class='ocrx_word' id='word_1_451' title='bbox 538 3204 723 3252; x_wconf 89' lang='lat' dir='ltr'><strong><em>sancta</em></strong></span> <span class='ocrx_word' id='word_1_452' title='bbox 751 3198 1108 3268; x_wconf 80' lang='lat' dir='ltr'><strong><em>pulsaverint;</em></strong></span> <span class='ocrx_word' id='word_1_453' title='bbox 1139 3199 1184 3253; x_wconf 92' lang='lat' dir='ltr'><strong><em>si</em></strong></span> <span class='ocrx_word' id='word_1_454' title='bbox 1231 3196 1504 3268; x_wconf 76' lang='lat' dir='ltr'><strong><em>proiecisti</em></strong></span> <span class='ocrx_word' id='word_1_455' title='bbox 1544 3198 1611 3253; x_wconf 89' lang='lat' dir='ltr'><strong><em>de</em></strong></span> <span class='ocrx_word' id='word_1_456' title='bbox 1640 3214 1791 3255; x_wconf 89' lang='lat' dir='ltr'><strong><em>man-</em></strong></span> <span class='ocrx_word' id='word_1_457' title='bbox 1818 3202 1865 3268; x_wconf 72' lang='grc' dir='ltr'>α</span> <span class='ocrx_word' id='word_1_458' title='bbox 1895 3189 2069 3259; x_wconf 75' lang='lat' dir='ltr'><strong><em>ipsum</em></strong></span> <span class='ocrx_word' id='word_1_459' title='bbox 2097 3193 2343 3259; x_wconf 79' lang='lat' dir='ltr'><strong><em>adorare,</em></strong></span> <span class='ocrx_word' id='word_1_460' title='bbox 2369 3194 2463 3250; x_wconf 86' lang='lat' dir='ltr'><strong><em>sed</em></strong></span> <span class='ocrx_word' id='word_1_461' title='bbox 2490 3197 2715 3266; x_wconf 79' lang='lat' dir='ltr'><strong><em>vestigia</em></strong></span> <span class='ocrx_word' id='word_1_462' title='bbox 2743 3198 2830 3253; x_wconf 89' lang='lat' dir='ltr'><strong><em>illa</em></strong></span> <span class='ocrx_word' id='word_1_463' title='bbox 2861 3200 3221 3265; x_wconf 88' lang='lat' dir='ltr'><strong><em>adoravimus,</em></strong></span> <span class='ocrx_word' id='word_1_464' title='bbox 3255 3201 3309 3254; x_wconf 90' lang='lat' dir='ltr'><strong><em>in</em></strong></span> <span class='ocrx_word' id='word_1_465' title='bbox 3353 3201 3469 3269; x_wconf 83' lang='lat' dir='ltr'><strong><em>qui-</em></strong></span> 
     </span>
    </p>
   </div>
   <div class='ocr_carea' id='block_1_63' title="bbox 193 3284 1790 3358">
    <p class='ocr_par' dir='ltr' id='par_1_63' title="bbox 193 3284 1790 3358">
     <span class='ocr_line' id='line_1_63' title="bbox 193 3284 1790 3358; baseline 0.003 -18"><span class='ocrx_word' id='word_1_466' title='bbox 193 3286 510 3353; x_wconf 68' lang='lat' dir='ltr'><strong><em>suetudine,</em></strong></span> <span class='ocrx_word' id='word_1_467' title='bbox 535 3288 734 3357; x_wconf 80' lang='lat' dir='ltr'><strong><em>proﬁce</em></strong></span> <span class='ocrx_word' id='word_1_468' title='bbox 752 3287 821 3344; x_wconf 90' lang='lat' dir='ltr'><strong><em>de</em></strong></span> <span class='ocrx_word' id='word_1_469' title='bbox 845 3288 1152 3344; x_wconf 80' lang='lat' dir='ltr'><strong><em>devotione.</em></strong></span> <span class='ocrx_word' id='word_1_470' title='bbox 1200 3284 1425 3354; x_wconf 71' lang='lat' dir='ltr'><strong><em>Iuravit,</em></strong></span> <span class='ocrx_word' id='word_1_471' title='bbox 1458 3289 1649 3358; x_wconf 90' lang='lat' dir='ltr'><strong><em>inquit,</em></strong></span> <span class='ocrx_word' id='word_1_472' title='bbox 1681 3290 1790 3345; x_wconf 88' lang='lat' dir='ltr'><strong><em>Do-</em></strong></span> 
     </span>
    </p>
   </div>
   <div class='ocr_carea' id='block_1_64' title="bbox 194 3376 1790 3442">
    <p class='ocr_par' dir='ltr' id='par_1_64' title="bbox 194 3376 1790 3442">
     <span class='ocr_line' id='line_1_64' title="bbox 194 3376 1790 3442; baseline 0.003 -12"><span class='ocrx_word' id='word_1_473' title='bbox 194 3378 366 3442; x_wconf 88' lang='lat' dir='ltr'><strong><em>mino,</em></strong></span> <span class='ocrx_word' id='word_1_474' title='bbox 401 3384 460 3431; x_wconf 89' lang='lat' dir='ltr'><strong><em>et</em></strong></span> <span class='ocrx_word' id='word_1_475' title='bbox 478 3384 661 3431; x_wconf 86' lang='lat' dir='ltr'><strong><em>votum</em></strong></span> <span class='ocrx_word' id='word_1_476' title='bbox 688 3377 838 3434; x_wconf 86' lang='lat' dir='ltr'><strong><em>vovit</em></strong></span> <span class='ocrx_word' id='word_1_477' title='bbox 864 3378 976 3434; x_wconf 92' lang='lat' dir='ltr'><strong><em>Deo</em></strong></span> <span class='ocrx_word' id='word_1_478' title='bbox 996 3376 1181 3435; x_wconf 75' lang='lat' dir='ltr'><strong><em>Iacob.</em></strong></span> <span class='ocrx_word' id='word_1_479' title='bbox 1213 3378 1348 3434; x_wconf 85' lang='lat' dir='ltr'><strong><em>Audi</em></strong></span> <span class='ocrx_word' id='word_1_480' title='bbox 1377 3380 1790 3436; x_wconf 88' lang='lat' dir='ltr'><strong><em>sollicitudinem</em></strong></span> 
     </span>
    </p>
   </div>
   <div class='ocr_carea' id='block_1_65' title="bbox 193 3465 1790 3547">
    <p class='ocr_par' dir='ltr' id='par_1_65' title="bbox 193 3465 1790 3547">
     <span class='ocr_line' id='line_1_65' title="bbox 193 3465 1790 3547; baseline 0.009 -30"><span class='ocrx_word' id='word_1_481' title='bbox 193 3465 471 3529; x_wconf 85' lang='lat' dir='ltr'><strong><em>voventis,</em></strong></span> <span class='ocrx_word' id='word_1_482' title='bbox 525 3472 581 3521; x_wconf 92' lang='lat' dir='ltr'><strong><em>et</em></strong></span> <span class='ocrx_word' id='word_1_483' title='bbox 624 3468 697 3522; x_wconf 92' lang='lat' dir='ltr'><strong><em>ita</em></strong></span> <span class='ocrx_word' id='word_1_484' title='bbox 751 3467 966 3524; x_wconf 90' lang='lat' dir='ltr'><strong><em>demum</em></strong></span> <span class='ocrx_word' id='word_1_485' title='bbox 1022 3477 1075 3527; x_wconf 90' lang='lat' dir='ltr'><strong><em>te</em></strong></span> <span class='ocrx_word' id='word_1_486' title='bbox 1132 3474 1449 3547; x_wconf 88' lang='lat' dir='ltr'><strong><em>participem</em></strong></span> <span class='ocrx_word' id='word_1_487' title='bbox 1511 3474 1790 3545; x_wconf 89' lang='lat' dir='ltr'><strong><em>psallentis</em></strong></span> 
     </span>
    </p>
   </div>
   <div class='ocr_carea' id='block_1_66' title="bbox 193 3555 1790 3632">
    <p class='ocr_par' dir='ltr' id='par_1_66' title="bbox 193 3555 1790 3632">
     <span class='ocr_line' id='line_1_66' title="bbox 193 3555 1790 3632; baseline 0.008 -21"><span class='ocrx_word' id='word_1_488' title='bbox 193 3557 449 3613; x_wconf 88' lang='lat' dir='ltr'><strong><em>ostende.</em></strong></span> <span class='ocrx_word' id='word_1_489' title='bbox 475 3555 667 3614; x_wconf 87' lang='lat' dir='ltr'><strong><em>Postea</em></strong></span> <span class='ocrx_word' id='word_1_490' title='bbox 696 3561 838 3616; x_wconf 90' lang='lat' dir='ltr'><strong><em>enim</em></strong></span> <span class='ocrx_word' id='word_1_491' title='bbox 868 3577 1030 3632; x_wconf 89' lang='lat' dir='ltr'><strong><em>quam</em></strong></span> <span class='ocrx_word' id='word_1_492' title='bbox 1050 3570 1236 3620; x_wconf 87' lang='lat' dir='ltr'><strong><em>votum</em></strong></span> <span class='ocrx_word' id='word_1_493' title='bbox 1256 3566 1401 3621; x_wconf 89' lang='lat' dir='ltr'><strong><em>vovit</em></strong></span> <span class='ocrx_word' id='word_1_494' title='bbox 1423 3565 1553 3629; x_wconf 91' lang='lat' dir='ltr'><strong><em>Deo,</em></strong></span> <span class='ocrx_word' id='word_1_495' title='bbox 1583 3583 1693 3622; x_wconf 90' lang='lat' dir='ltr'><strong><em>non</em></strong></span> <span class='ocrx_word' id='word_1_496' title='bbox 1715 3569 1790 3625; x_wconf 90' lang='lat' dir='ltr'><strong><em>in-</em></strong></span> 
     </span>
    </p>
   </div>
   <div class='ocr_carea' id='block_1_67' title="bbox 191 3648 1786 3722">
    <p class='ocr_par' dir='ltr' id='par_1_67' title="bbox 191 3648 1786 3722">
     <span class='ocr_line' id='line_1_67' title="bbox 191 3648 1786 3722; baseline 0.008 -22"><span class='ocrx_word' id='word_1_497' title='bbox 191 3649 359 3703; x_wconf 85' lang='lat' dir='ltr'><strong><em>travit</em></strong></span> <span class='ocrx_word' id='word_1_498' title='bbox 379 3648 784 3706; x_wconf 84' lang='lat' dir='ltr'><strong><em>tabernaculum</em></strong></span> <span class='ocrx_word' id='word_1_499' title='bbox 813 3651 1003 3708; x_wconf 91' lang='lat' dir='ltr'><strong><em>domus</em></strong></span> <span class='ocrx_word' id='word_1_500' title='bbox 1027 3669 1154 3722; x_wconf 86' lang='lat' dir='ltr'><strong><em>suae,</em></strong></span> <span class='ocrx_word' id='word_1_501' title='bbox 1186 3669 1294 3710; x_wconf 90' lang='lat' dir='ltr'><strong><em>non</em></strong></span> <span class='ocrx_word' id='word_1_502' title='bbox 1322 3656 1561 3712; x_wconf 84' lang='lat' dir='ltr'><strong><em>ascendit</em></strong></span> <span class='ocrx_word' id='word_1_503' title='bbox 1588 3658 1786 3714; x_wconf 88' lang='lat' dir='ltr'><strong><em>lectum</em></strong></span> 
     </span>
    </p>
   </div>
   <div class='ocr_carea' id='block_1_68' title="bbox 191 3739 1785 3813">
    <p class='ocr_par' dir='ltr' id='par_1_68' title="bbox 191 3739 1785 3813">
     <span class='ocr_line' id='line_1_68' title="bbox 191 3739 1785 3813; baseline 0.009 -23"><span class='ocrx_word' id='word_1_504' title='bbox 191 3746 402 3792; x_wconf 87' lang='lat' dir='ltr'><strong><em>stratus</em></strong></span> <span class='ocrx_word' id='word_1_505' title='bbox 449 3739 557 3805; x_wconf 90' lang='lat' dir='ltr'><strong><em>sui,</em></strong></span> <span class='ocrx_word' id='word_1_506' title='bbox 584 3753 691 3794; x_wconf 87' lang='lat' dir='ltr'><strong><em>non</em></strong></span> <span class='ocrx_word' id='word_1_507' title='bbox 716 3740 865 3796; x_wconf 85' lang='lat' dir='ltr'><strong><em>dedit</em></strong></span> <span class='ocrx_word' id='word_1_508' title='bbox 894 3758 1140 3798; x_wconf 89' lang='lat' dir='ltr'><strong><em>somnum</em></strong></span> <span class='ocrx_word' id='word_1_509' title='bbox 1179 3745 1368 3813; x_wconf 90' lang='lat' dir='ltr'><strong><em>oculis,</em></strong></span> <span class='ocrx_word' id='word_1_510' title='bbox 1393 3760 1501 3802; x_wconf 89' lang='lat' dir='ltr'><strong><em>non</em></strong></span> <span class='ocrx_word' id='word_1_511' title='bbox 1524 3747 1785 3805; x_wconf 85' lang='lat' dir='ltr'><strong><em>dormita-</em></strong></span> 
     </span>
    </p>
   </div>
   <div class='ocr_carea' id='block_1_69' title="bbox 190 3828 1785 3899">
    <p class='ocr_par' dir='ltr' id='par_1_69' title="bbox 190 3828 1785 3899">
     <span class='ocr_line' id='line_1_69' title="bbox 190 3828 1785 3899; baseline 0.009 -18"><span class='ocrx_word' id='word_1_512' title='bbox 190 3828 401 3885; x_wconf 88' lang='lat' dir='ltr'><strong><em>tionem</em></strong></span> <span class='ocrx_word' id='word_1_513' title='bbox 434 3829 703 3899; x_wconf 87' lang='lat' dir='ltr'><strong><em>palpebris</em></strong></span> <span class='ocrx_word' id='word_1_514' title='bbox 726 3832 857 3897; x_wconf 88' lang='lat' dir='ltr'><strong><em>suis,</em></strong></span> <span class='ocrx_word' id='word_1_515' title='bbox 913 3832 1087 3889; x_wconf 89' lang='lat' dir='ltr'><strong><em>donec</em></strong></span> <span class='ocrx_word' id='word_1_516' title='bbox 1142 3834 1409 3891; x_wconf 90' lang='lat' dir='ltr'><strong><em>inveniret</em></strong></span> <span class='ocrx_word' id='word_1_517' title='bbox 1454 3838 1631 3893; x_wconf 85' lang='lat' dir='ltr'><strong><em>locmn</em></strong></span> <span class='ocrx_word' id='word_1_518' title='bbox 1678 3839 1785 3897; x_wconf 84' lang='lat' dir='ltr'><strong><em>Do-</em></strong></span> 
     </span>
    </p>
   </div>
   <div class='ocr_carea' id='block_1_70' title="bbox 187 3919 1784 3998">
    <p class='ocr_par' dir='ltr' id='par_1_70' title="bbox 187 3919 1784 3998">
     <span class='ocr_line' id='line_1_70' title="bbox 187 3919 1784 3998; baseline 0.006 -23"><span class='ocrx_word' id='word_1_519' title='bbox 187 3921 359 3987; x_wconf 87' lang='lat' dir='ltr'><strong><em>mino,</em></strong></span> <span class='ocrx_word' id='word_1_520' title='bbox 410 3919 815 3977; x_wconf 87' lang='lat' dir='ltr'><strong><em>tabernaculum</em></strong></span> <span class='ocrx_word' id='word_1_521' title='bbox 842 3921 956 3979; x_wconf 90' lang='lat' dir='ltr'><strong><em>Deo</em></strong></span> <span class='ocrx_word' id='word_1_522' title='bbox 984 3922 1171 3980; x_wconf 84' lang='lat' dir='ltr'><strong><em>Jacoh.</em></strong></span> <span class='ocrx_word' id='word_1_523' title='bbox 1220 3922 1536 3983; x_wconf 89' lang='lat' dir='ltr'><strong><em>Sollicitudo</em></strong></span> <span class='ocrx_word' id='word_1_524' title='bbox 1576 3927 1784 3998; x_wconf 86' lang='lat' dir='ltr'><strong><em>integra</em></strong></span> 
     </span>
    </p>
   </div>
   <div class='ocr_carea' id='block_1_71' title="bbox 187 4001 1780 4087">
    <p class='ocr_par' dir='ltr' id='par_1_71' title="bbox 187 4001 1780 4087">
     <span class='ocr_line' id='line_1_71' title="bbox 187 4001 1780 4087; baseline 0.006 -21"><span class='ocrx_word' id='word_1_525' title='bbox 187 4018 243 4066; x_wconf 90' lang='lat' dir='ltr'><strong><em>et</em></strong></span> <span class='ocrx_word' id='word_1_526' title='bbox 288 4010 541 4082; x_wconf 86' lang='lat' dir='ltr'><strong><em>perfecta</em></strong></span> <span class='ocrx_word' id='word_1_527' title='bbox 575 4010 762 4067; x_wconf 87' lang='lat' dir='ltr'><strong><em>tandiu</em></strong></span> <span class='ocrx_word' id='word_1_528' title='bbox 790 4021 875 4068; x_wconf 89' lang='lat' dir='ltr'><strong><em>est</em></strong></span> <span class='ocrx_word' id='word_1_529' title='bbox 921 4013 1035 4070; x_wconf 91' lang='lat' dir='ltr'><strong><em>Deo</em></strong></span> <span class='ocrx_word' id='word_1_530' title='bbox 1063 4030 1094 4070; x_wconf 92' lang='lat' dir='ltr'><strong><em>a</em></strong></span> <span class='ocrx_word' id='word_1_531' title='bbox 1121 4017 1471 4087; x_wconf 83' lang='lat' dir='ltr'><strong><em>promittente</em></strong></span> <span class='ocrx_word' id='word_1_532' title='bbox 1498 4001 1780 4087; x_wconf 76' lang='lat' dir='ltr'><strong><em>servanda,</em></strong></span> 
     </span>
    </p>
   </div>
   <div class='ocr_carea' id='block_1_72' title="bbox 187 4102 1782 4170">
    <p class='ocr_par' dir='ltr' id='par_1_72' title="bbox 187 4102 1782 4170">
     <span class='ocr_line' id='line_1_72' title="bbox 187 4102 1782 4170; baseline 0.008 -15"><span class='ocrx_word' id='word_1_533' title='bbox 187 4102 433 4170; x_wconf 87' lang='lat' dir='ltr'><strong><em>quandiu</em></strong></span> <span class='ocrx_word' id='word_1_534' title='bbox 483 4102 720 4159; x_wconf 82' lang='lat' dir='ltr'><strong><em>inveniat</em></strong></span> <span class='ocrx_word' id='word_1_535' title='bbox 757 4104 937 4161; x_wconf 91' lang='lat' dir='ltr'><strong><em>locum</em></strong></span> <span class='ocrx_word' id='word_1_536' title='bbox 973 4105 1223 4165; x_wconf 91' lang='lat' dir='ltr'><strong><em>Domino.</em></strong></span> <span class='ocrx_word' id='word_1_537' title='bbox 1274 4109 1530 4166; x_wconf 90' lang='lat' dir='ltr'><strong><em>Dominus</em></strong></span> <span class='ocrx_word' id='word_1_538' title='bbox 1550 4118 1782 4168; x_wconf 69' lang='lat' dir='ltr'><strong><em>aeternus</em></strong></span> 
     </span>
    </p>
   </div>
   <div class='ocr_carea' id='block_1_73' title="bbox 187 4190 1782 4269">
    <p class='ocr_par' dir='ltr' id='par_1_73' title="bbox 187 4190 1782 4269">
     <span class='ocr_line' id='line_1_73' title="bbox 187 4190 1782 4269; baseline 0.009 -25"><span class='ocrx_word' id='word_1_539' title='bbox 187 4198 285 4259; x_wconf 89' lang='lat' dir='ltr'><strong><em>est,</em></strong></span> <span class='ocrx_word' id='word_1_540' title='bbox 317 4199 380 4247; x_wconf 82' lang='lat' dir='ltr'><strong><em>et</em></strong></span> <span class='ocrx_word' id='word_1_541' title='bbox 428 4190 581 4249; x_wconf 89' lang='lat' dir='ltr'><strong><em>locus</em></strong></span> <span class='ocrx_word' id='word_1_542' title='bbox 616 4192 733 4263; x_wconf 90' lang='lat' dir='ltr'><strong><em>ejus</em></strong></span> <span class='ocrx_word' id='word_1_543' title='bbox 777 4196 1094 4266; x_wconf 88' lang='lat' dir='ltr'><strong><em>temporalis</em></strong></span> <span class='ocrx_word' id='word_1_544' title='bbox 1123 4213 1231 4254; x_wconf 90' lang='lat' dir='ltr'><strong><em>non</em></strong></span> <span class='ocrx_word' id='word_1_545' title='bbox 1277 4205 1458 4269; x_wconf 91' lang='lat' dir='ltr'><strong><em>potest</em></strong></span> <span class='ocrx_word' id='word_1_546' title='bbox 1478 4214 1615 4256; x_wconf 89' lang='lat' dir='ltr'><strong><em>esse.</em></strong></span> <span class='ocrx_word' id='word_1_547' title='bbox 1644 4201 1782 4268; x_wconf 86' lang='lat' dir='ltr'><strong><em>Quid</em></strong></span> 
     </span>
    </p>
   </div>
   <div class='ocr_carea' id='block_1_74' title="bbox 185 4284 1782 4359">
    <p class='ocr_par' dir='ltr' id='par_1_74' title="bbox 185 4284 1782 4359">
     <span class='ocr_line' id='line_1_74' title="bbox 185 4284 1782 4359; baseline 0.009 -22"><span class='ocrx_word' id='word_1_548' title='bbox 185 4284 487 4351; x_wconf 66' lang='lat' dir='ltr'><strong><em>quaerimus</em></strong></span> <span class='ocrx_word' id='word_1_549' title='bbox 516 4286 831 4356; x_wconf 89' lang='lat' dir='ltr'><strong><em>temporalia</em></strong></span> <span class='ocrx_word' id='word_1_550' title='bbox 860 4287 1000 4356; x_wconf 88' lang='lat' dir='ltr'><strong><em>loca,</em></strong></span> <span class='ocrx_word' id='word_1_551' title='bbox 1015 4289 1108 4359; x_wconf 91' lang='lat' dir='ltr'><strong><em>qui</em></strong></span> <span class='ocrx_word' id='word_1_552' title='bbox 1134 4298 1392 4346; x_wconf 87' lang='lat' dir='ltr'><strong><em>aeternum</em></strong></span> <span class='ocrx_word' id='word_1_553' title='bbox 1420 4290 1782 4351; x_wconf 87' lang='lat' dir='ltr'><strong><em>habitatorem</em></strong></span> 
     </span>
    </p>
   </div>
   <div class='ocr_carea' id='block_1_75' title="bbox 188 4372 1779 4452">
    <p class='ocr_par' dir='ltr' id='par_1_75' title="bbox 188 4372 1779 4452">
     <span class='ocr_line' id='line_1_75' title="bbox 188 4372 1779 4452; baseline 0.011 -27"><span class='ocrx_word' id='word_1_554' title='bbox 188 4372 555 4442; x_wconf 80' lang='lat' dir='ltr'><strong><em>inquirimus?</em></strong></span> <span class='ocrx_word' id='word_1_555' title='bbox 597 4375 656 4431; x_wconf 92' lang='lat' dir='ltr'><strong><em>Si</em></strong></span> <span class='ocrx_word' id='word_1_556' title='bbox 681 4393 813 4433; x_wconf 87' lang='lat' dir='ltr'><strong><em>vero</em></strong></span> <span class='ocrx_word' id='word_1_557' title='bbox 840 4387 1105 4438; x_wconf 64' lang='lat' dir='ltr'><strong><em>aeternum</em></strong></span> <span class='ocrx_word' id='word_1_558' title='bbox 1129 4389 1230 4438; x_wconf 89' lang='lat' dir='ltr'><strong><em>est.</em></strong></span> <span class='ocrx_word' id='word_1_559' title='bbox 1271 4381 1415 4452; x_wconf 91' lang='lat' dir='ltr'><strong><em>quod</em></strong></span> <span class='ocrx_word' id='word_1_560' title='bbox 1463 4385 1689 4441; x_wconf 89' lang='lat' dir='ltr'><strong><em>sollicite</em></strong></span> <span class='ocrx_word' id='word_1_561' title='bbox 1724 4396 1779 4443; x_wconf 90' lang='lat' dir='ltr'><strong><em>et</em></strong></span> 
     </span>
    </p>
   </div>
   <div class='ocr_carea' id='block_1_76' title="bbox 183 4462 1774 4543">
    <p class='ocr_par' dir='ltr' id='par_1_76' title="bbox 183 4462 1774 4543">
     <span class='ocr_line' id='line_1_76' title="bbox 183 4462 1774 4543; baseline 0.011 -28"><span class='ocrx_word' id='word_1_562' title='bbox 183 4462 479 4530; x_wconf 86' lang='lat' dir='ltr'><strong><em>vigilanter</em></strong></span> <span class='ocrx_word' id='word_1_563' title='bbox 522 4464 841 4534; x_wconf 87' lang='lat' dir='ltr'><strong><em>inquirimus</em></strong></span> <span class='ocrx_word' id='word_1_564' title='bbox 885 4477 1204 4540; x_wconf 88' lang='lat' dir='ltr'><strong><em>perpetuum</em></strong></span> <span class='ocrx_word' id='word_1_565' title='bbox 1233 4474 1635 4543; x_wconf 89' lang='lat' dir='ltr'><strong><em>comprobatur,</em></strong></span> <span class='ocrx_word' id='word_1_566' title='bbox 1667 4491 1774 4532; x_wconf 89' lang='lat' dir='ltr'><strong><em>non</em></strong></span> 
     </span>
    </p>
   </div>
   <div class='ocr_carea' id='block_1_77' title="bbox 1894 3279 3467 3358">
    <p class='ocr_par' dir='ltr' id='par_1_77' title="bbox 1894 3279 3467 3358">
     <span class='ocr_line' id='line_1_77' title="bbox 1894 3279 3467 3358; baseline 0.005 -24"><span class='ocrx_word' id='word_1_567' title='bbox 1894 3279 1995 3337; x_wconf 89' lang='lat' dir='ltr'><strong><em>bus</em></strong></span> <span class='ocrx_word' id='word_1_568' title='bbox 2019 3287 2283 3337; x_wconf 88' lang='lat' dir='ltr'><strong><em>steterunt</em></strong></span> <span class='ocrx_word' id='word_1_569' title='bbox 2307 3284 2472 3354; x_wconf 88' lang='lat' dir='ltr'><strong><em>pedes</em></strong></span> <span class='ocrx_word' id='word_1_570' title='bbox 2492 3285 2627 3354; x_wconf 87' lang='lat' dir='ltr'><strong><em>ejus.</em></strong></span> <span class='ocrx_word' id='word_1_571' title='bbox 2646 3285 2783 3353; x_wconf 89' lang='lat' dir='ltr'><strong><em>Quid</em></strong></span> <span class='ocrx_word' id='word_1_572' title='bbox 2804 3301 2931 3358; x_wconf 89' lang='lat' dir='ltr'><strong><em>ergo</em></strong></span> <span class='ocrx_word' id='word_1_573' title='bbox 2954 3297 3149 3344; x_wconf 89' lang='lat' dir='ltr'><strong><em>terram</em></strong></span> <span class='ocrx_word' id='word_1_574' title='bbox 3169 3290 3467 3345; x_wconf 76' lang='lat' dir='ltr'><strong><em>adorastist</em></strong></span> 
     </span>
    </p>
   </div>
   <div class='ocr_carea' id='block_1_78' title="bbox 1893 3366 3467 3447">
    <p class='ocr_par' dir='ltr' id='par_1_78' title="bbox 1893 3366 3467 3447">
     <span class='ocr_line' id='line_1_78' title="bbox 1893 3366 3467 3447; baseline 0.006 -23"><span class='ocrx_word' id='word_1_575' title='bbox 1893 3366 2134 3439; x_wconf 86' lang='lat' dir='ltr'><strong><em>Terram,</em></strong></span> <span class='ocrx_word' id='word_1_576' title='bbox 2165 3372 2429 3443; x_wconf 87' lang='lat' dir='ltr'><strong><em>inquiunt,</em></strong></span> <span class='ocrx_word' id='word_1_577' title='bbox 2456 3384 2695 3431; x_wconf 89' lang='lat' dir='ltr'><strong><em>sanctam</em></strong></span> <span class='ocrx_word' id='word_1_578' title='bbox 2733 3378 2978 3447; x_wconf 86' lang='lat' dir='ltr'><strong><em>corporis</em></strong></span> <span class='ocrx_word' id='word_1_579' title='bbox 3003 3376 3131 3433; x_wconf 75' lang='lat' dir='ltr'><strong><em>Iesu</em></strong></span> <span class='ocrx_word' id='word_1_580' title='bbox 3165 3378 3387 3446; x_wconf 84' lang='lat' dir='ltr'><strong><em>Christi,</em></strong></span> <span class='ocrx_word' id='word_1_581' title='bbox 3416 3382 3467 3434; x_wconf 93' lang='lat' dir='ltr'><strong><em>in</em></strong></span> 
     </span>
    </p>
   </div>
   <div class='ocr_carea' id='block_1_79' title="bbox 1889 3464 3465 3537">
    <p class='ocr_par' dir='ltr' id='par_1_79' title="bbox 1889 3464 3465 3537">
     <span class='ocr_line' id='line_1_79' title="bbox 1889 3464 3465 3537; baseline 0.006 -22"><span class='ocrx_word' id='word_1_582' title='bbox 1889 3474 1995 3532; x_wconf 90' lang='lat' dir='ltr'><strong><em>qua</em></strong></span> <span class='ocrx_word' id='word_1_583' title='bbox 2024 3468 2167 3516; x_wconf 89' lang='lat' dir='ltr'><strong><em>terra</em></strong></span> <span class='ocrx_word' id='word_1_584' title='bbox 2208 3464 2362 3519; x_wconf 91' lang='lat' dir='ltr'><strong><em>nobis</em></strong></span> <span class='ocrx_word' id='word_1_585' title='bbox 2398 3472 2524 3519; x_wconf 90' lang='lat' dir='ltr'><strong><em>sunt</em></strong></span> <span class='ocrx_word' id='word_1_586' title='bbox 2566 3473 2781 3521; x_wconf 87' lang='lat' dir='ltr'><strong><em>ostensa</em></strong></span> <span class='ocrx_word' id='word_1_587' title='bbox 2808 3468 3030 3537; x_wconf 72' lang='lat' dir='ltr'><strong><em>vestigia</em></strong></span> <span class='ocrx_word' id='word_1_588' title='bbox 3060 3469 3172 3535; x_wconf 90' lang='lat' dir='ltr'><strong><em>Dei,</em></strong></span> <span class='ocrx_word' id='word_1_589' title='bbox 3203 3470 3327 3524; x_wconf 90' lang='lat' dir='ltr'><strong><em>dum</em></strong></span> <span class='ocrx_word' id='word_1_590' title='bbox 3359 3472 3465 3525; x_wconf 64' lang='lat' dir='ltr'><strong><em>vir.</em></strong></span> 
     </span>
    </p>
   </div>
   <div class='ocr_carea' id='block_1_80' title="bbox 1888 3552 3463 3630">
    <p class='ocr_par' dir='ltr' id='par_1_80' title="bbox 1888 3552 3463 3630">
     <span class='ocr_line' id='line_1_80' title="bbox 1888 3552 3463 3630; baseline 0.007 -23"><span class='ocrx_word' id='word_1_591' title='bbox 1888 3554 2048 3622; x_wconf 87' lang='lat' dir='ltr'><strong><em>gineo</em></strong></span> <span class='ocrx_word' id='word_1_592' title='bbox 2093 3552 2207 3609; x_wconf 87' lang='lat' dir='ltr'><strong><em>fetu</em></strong></span> <span class='ocrx_word' id='word_1_593' title='bbox 2252 3553 2450 3610; x_wconf 89' lang='lat' dir='ltr'><strong><em>editum</em></strong></span> <span class='ocrx_word' id='word_1_594' title='bbox 2494 3556 2798 3613; x_wconf 84' lang='lat' dir='ltr'><strong><em>videremus</em></strong></span> <span class='ocrx_word' id='word_1_595' title='bbox 2845 3554 3118 3624; x_wconf 81' lang='lat' dir='ltr'><strong><em>infantem,</em></strong></span> <span class='ocrx_word' id='word_1_596' title='bbox 3163 3561 3248 3615; x_wconf 89' lang='lat' dir='ltr'><strong><em>cui</em></strong></span> <span class='ocrx_word' id='word_1_597' title='bbox 3293 3563 3463 3630; x_wconf 74' lang='lat' dir='ltr'><strong><em>angeli</em></strong></span> 
     </span>
    </p>
   </div>
   <div class='ocr_carea' id='block_1_81' title="bbox 1887 3646 3467 3722">
    <p class='ocr_par' dir='ltr' id='par_1_81' title="bbox 1887 3646 3467 3722">
     <span class='ocr_line' id='line_1_81' title="bbox 1887 3646 3467 3722; baseline 0.004 -19"><span class='ocrx_word' id='word_1_598' title='bbox 1887 3646 2083 3703; x_wconf 88' lang='lat' dir='ltr'><strong><em>choros</em></strong></span> <span class='ocrx_word' id='word_1_599' title='bbox 2111 3647 2395 3715; x_wconf 89' lang='lat' dir='ltr'><strong><em>ducebant,</em></strong></span> <span class='ocrx_word' id='word_1_600' title='bbox 2419 3649 2558 3706; x_wconf 82' lang='lat' dir='ltr'><strong><em>coelo</em></strong></span> <span class='ocrx_word' id='word_1_601' title='bbox 2588 3657 2847 3721; x_wconf 81' lang='lat' dir='ltr'><strong><em>terraeque</em></strong></span> <span class='ocrx_word' id='word_1_602' title='bbox 2874 3666 2971 3721; x_wconf 89' lang='lat' dir='ltr'><strong><em>per</em></strong></span> <span class='ocrx_word' id='word_1_603' title='bbox 2996 3665 3119 3706; x_wconf 89' lang='lat' dir='ltr'><strong><em>eum</em></strong></span> <span class='ocrx_word' id='word_1_604' title='bbox 3146 3664 3329 3722; x_wconf 87' lang='lat' dir='ltr'><strong><em>pacem</em></strong></span> <span class='ocrx_word' id='word_1_605' title='bbox 3353 3652 3467 3710; x_wconf 82' lang='lat' dir='ltr'><strong><em>fore</em></strong></span> 
     </span>
    </p>
   </div>
   <div class='ocr_carea' id='block_1_82' title="bbox 1887 3737 3462 3811">
    <p class='ocr_par' dir='ltr' id='par_1_82' title="bbox 1887 3737 3462 3811">
     <span class='ocr_line' id='line_1_82' title="bbox 1887 3737 3462 3811; baseline 0.003 -18"><span class='ocrx_word' id='word_1_606' title='bbox 1887 3745 2184 3795; x_wconf 75' lang='lat' dir='ltr'><strong><em>Cantantes.</em></strong></span> <span class='ocrx_word' id='word_1_607' title='bbox 2218 3737 2353 3796; x_wconf 79' lang='lat' dir='ltr'><strong><em>Huic</em></strong></span> <span class='ocrx_word' id='word_1_608' title='bbox 2379 3740 2605 3796; x_wconf 89' lang='lat' dir='ltr'><strong><em>dicimus</em></strong></span> <span class='ocrx_word' id='word_1_609' title='bbox 2625 3740 2863 3810; x_wconf 89' lang='lat' dir='ltr'><strong><em>quotidie</em></strong></span> <span class='ocrx_word' id='word_1_610' title='bbox 2889 3759 2900 3794; x_wconf 93' lang='lat'><strong>:</strong></span> <span class='ocrx_word' id='word_1_611' title='bbox 2927 3738 3184 3810; x_wconf 85' lang='lat' dir='ltr'><strong><em>Exsurge,</em></strong></span> <span class='ocrx_word' id='word_1_612' title='bbox 3217 3742 3462 3811; x_wconf 88' lang='lat' dir='ltr'><strong><em>Domine,</em></strong></span> 
     </span>
    </p>
   </div>
   <div class='ocr_carea' id='block_1_83' title="bbox 1884 3829 3461 3905">
    <p class='ocr_par' dir='ltr' id='par_1_83' title="bbox 1884 3829 3461 3905">
     <span class='ocr_line' id='line_1_83' title="bbox 1884 3829 3461 3905; baseline 0.003 -20"><span class='ocrx_word' id='word_1_613' title='bbox 1884 3830 1940 3885; x_wconf 90' lang='lat' dir='ltr'><strong><em>in</em></strong></span> <span class='ocrx_word' id='word_1_614' title='bbox 1968 3831 2209 3900; x_wconf 85' lang='lat' dir='ltr'><strong><em>requiem</em></strong></span> <span class='ocrx_word' id='word_1_615' title='bbox 2237 3838 2403 3886; x_wconf 90' lang='lat' dir='ltr'><strong><em>tuam.</em></strong></span> <span class='ocrx_word' id='word_1_616' title='bbox 2434 3829 2667 3901; x_wconf 84' lang='lat' dir='ltr'><strong><em>Requies</em></strong></span> <span class='ocrx_word' id='word_1_617' title='bbox 2688 3831 2783 3886; x_wconf 87' lang='lat' dir='ltr'><strong><em>Dei</em></strong></span> <span class='ocrx_word' id='word_1_618' title='bbox 2805 3832 2858 3886; x_wconf 90' lang='lat' dir='ltr'><strong><em>in</em></strong></span> <span class='ocrx_word' id='word_1_619' title='bbox 2880 3830 3006 3887; x_wconf 85' lang='lat' dir='ltr'><strong><em>Jesu</em></strong></span> <span class='ocrx_word' id='word_1_620' title='bbox 3027 3833 3243 3889; x_wconf 85' lang='lat' dir='ltr'><strong><em>evidens</em></strong></span> <span class='ocrx_word' id='word_1_621' title='bbox 3270 3843 3325 3890; x_wconf 90' lang='lat' dir='ltr'><strong><em>et</em></strong></span> <span class='ocrx_word' id='word_1_622' title='bbox 3344 3851 3461 3905; x_wconf 82' lang='lat' dir='ltr'><strong><em>spc-</em></strong></span> 
     </span>
    </p>
   </div>
   <div class='ocr_carea' id='block_1_84' title="bbox 1885 3922 3461 3992">
    <p class='ocr_par' dir='ltr' id='par_1_84' title="bbox 1885 3922 3461 3992">
     <span class='ocr_line' id='line_1_84' title="bbox 1885 3922 3461 3992; baseline 0.001 -15"><span class='ocrx_word' id='word_1_623' title='bbox 1885 3923 2034 3978; x_wconf 88' lang='lat' dir='ltr'><strong><em>cialis</em></strong></span> <span class='ocrx_word' id='word_1_624' title='bbox 2054 3930 2155 3988; x_wconf 85' lang='lat' dir='ltr'><strong><em>est,</em></strong></span> <span class='ocrx_word' id='word_1_625' title='bbox 2179 3922 2233 3977; x_wconf 91' lang='lat' dir='ltr'><strong><em>in</em></strong></span> <span class='ocrx_word' id='word_1_626' title='bbox 2262 3937 2370 3992; x_wconf 90' lang='lat' dir='ltr'><strong><em>quo</em></strong></span> <span class='ocrx_word' id='word_1_627' title='bbox 2394 3930 2477 3978; x_wconf 88' lang='lat' dir='ltr'><strong><em>est</em></strong></span> <span class='ocrx_word' id='word_1_628' title='bbox 2499 3938 2640 3990; x_wconf 88' lang='lat' dir='ltr'><strong><em>arca,</em></strong></span> <span class='ocrx_word' id='word_1_629' title='bbox 2668 3923 2719 3978; x_wconf 94' lang='lat' dir='ltr'><strong><em>id</em></strong></span> <span class='ocrx_word' id='word_1_630' title='bbox 2749 3931 2852 3991; x_wconf 92' lang='lat' dir='ltr'><strong><em>est,</em></strong></span> <span class='ocrx_word' id='word_1_631' title='bbox 2885 3938 3138 3979; x_wconf 87' lang='lat' dir='ltr'><strong><em>arcanum</em></strong></span> <span class='ocrx_word' id='word_1_632' title='bbox 3167 3926 3461 3981; x_wconf 78' lang='lat' dir='ltr'><strong><em>sanctiﬁca-</em></strong></span> 
     </span>
    </p>
   </div>
   <div class='ocr_carea' id='block_1_85' title="bbox 1885 4015 3460 4087">
    <p class='ocr_par' dir='ltr' id='par_1_85' title="bbox 1885 4015 3460 4087">
     <span class='ocr_line' id='line_1_85' title="bbox 1885 4015 3460 4087; baseline 0.004 -18"><span class='ocrx_word' id='word_1_633' title='bbox 1885 4015 2045 4070; x_wconf 84' lang='lat' dir='ltr'><strong><em>tionis</em></strong></span> <span class='ocrx_word' id='word_1_634' title='bbox 2072 4015 2205 4085; x_wconf 89' lang='lat' dir='ltr'><strong><em>ejus,</em></strong></span> <span class='ocrx_word' id='word_1_635' title='bbox 2237 4029 2337 4085; x_wconf 91' lang='lat' dir='ltr'><strong><em>per</em></strong></span> <span class='ocrx_word' id='word_1_636' title='bbox 2353 4029 2517 4085; x_wconf 91' lang='lat' dir='ltr'><strong><em>quem</em></strong></span> <span class='ocrx_word' id='word_1_637' title='bbox 2545 4017 2776 4086; x_wconf 79' lang='lat' dir='ltr'><strong><em>apostoli</em></strong></span> <span class='ocrx_word' id='word_1_638' title='bbox 2807 4025 2932 4072; x_wconf 90' lang='lat' dir='ltr'><strong><em>sunt</em></strong></span> <span class='ocrx_word' id='word_1_639' title='bbox 2960 4017 3130 4072; x_wconf 88' lang='lat' dir='ltr'><strong><em>induti</em></strong></span> <span class='ocrx_word' id='word_1_640' title='bbox 3153 4016 3378 4087; x_wconf 84' lang='lat' dir='ltr'><strong><em>justitia,</em></strong></span> <span class='ocrx_word' id='word_1_641' title='bbox 3407 4028 3460 4075; x_wconf 87' lang='lat' dir='ltr'><strong><em>et</em></strong></span> 
     </span>
    </p>
   </div>
   <div class='ocr_carea' id='block_1_86' title="bbox 1882 4107 3459 4180">
    <p class='ocr_par' dir='ltr' id='par_1_86' title="bbox 1882 4107 3459 4180">
     <span class='ocr_line' id='line_1_86' title="bbox 1882 4107 3459 4180; baseline 0.002 -19"><span class='ocrx_word' id='word_1_642' title='bbox 1882 4107 2051 4161; x_wconf 89' lang='lat' dir='ltr'><strong><em>sancti</em></strong></span> <span class='ocrx_word' id='word_1_643' title='bbox 2098 4118 2286 4162; x_wconf 89' lang='lat' dir='ltr'><strong><em>omnes</em></strong></span> <span class='ocrx_word' id='word_1_644' title='bbox 2332 4107 2600 4163; x_wconf 85' lang='lat' dir='ltr'><strong><em>exsultant</em></strong></span> <span class='ocrx_word' id='word_1_645' title='bbox 2648 4115 2872 4180; x_wconf 82' lang='lat' dir='ltr'><strong><em>prOpter</em></strong></span> <span class='ocrx_word' id='word_1_646' title='bbox 2898 4109 3064 4165; x_wconf 89' lang='lat' dir='ltr'><strong><em>David</em></strong></span> <span class='ocrx_word' id='word_1_647' title='bbox 3091 4124 3303 4165; x_wconf 85' lang='lat' dir='ltr'><strong><em>servum</em></strong></span> <span class='ocrx_word' id='word_1_648' title='bbox 3344 4110 3459 4175; x_wconf 89' lang='lat' dir='ltr'><strong><em>Dei,</em></strong></span> 
     </span>
    </p>
   </div>
   <div class='ocr_carea' id='block_1_87' title="bbox 1880 4195 3458 4270">
    <p class='ocr_par' dir='ltr' id='par_1_87' title="bbox 1880 4195 3458 4270">
     <span class='ocr_line' id='line_1_87' title="bbox 1880 4195 3458 4270; baseline 0.004 -19"><span class='ocrx_word' id='word_1_649' title='bbox 1880 4197 2007 4266; x_wconf 89' lang='lat' dir='ltr'><strong><em>quia</em></strong></span> <span class='ocrx_word' id='word_1_650' title='bbox 2032 4196 2099 4253; x_wconf 91' lang='lat' dir='ltr'><strong><em>de</em></strong></span> <span class='ocrx_word' id='word_1_651' title='bbox 2128 4195 2301 4253; x_wconf 85' lang='lat' dir='ltr'><strong><em>fructu</em></strong></span> <span class='ocrx_word' id='word_1_652' title='bbox 2327 4200 2527 4255; x_wconf 89' lang='lat' dir='ltr'><strong><em>ventris</em></strong></span> <span class='ocrx_word' id='word_1_653' title='bbox 2570 4200 2685 4270; x_wconf 89' lang='lat' dir='ltr'><strong><em>ejus</em></strong></span> <span class='ocrx_word' id='word_1_654' title='bbox 2711 4201 2891 4270; x_wconf 90' lang='lat' dir='ltr'><strong><em>posuit</em></strong></span> <span class='ocrx_word' id='word_1_655' title='bbox 2918 4199 3062 4255; x_wconf 89' lang='lat' dir='ltr'><strong><em>Deus</em></strong></span> <span class='ocrx_word' id='word_1_656' title='bbox 3088 4214 3251 4270; x_wconf 87' lang='lat' dir='ltr'><strong><em>super</em></strong></span> <span class='ocrx_word' id='word_1_657' title='bbox 3276 4201 3458 4257; x_wconf 90' lang='lat' dir='ltr'><strong><em>sedem</em></strong></span> 
     </span>
    </p>
   </div>
   <div class='ocr_carea' id='block_1_88' title="bbox 1878 4288 3456 4364">
    <p class='ocr_par' dir='ltr' id='par_1_88' title="bbox 1878 4288 3456 4364">
     <span class='ocr_line' id='line_1_88' title="bbox 1878 4288 3456 4364; baseline 0.002 -21"><span class='ocrx_word' id='word_1_658' title='bbox 1878 4301 2051 4355; x_wconf 89' lang='lat' dir='ltr'><strong><em>suam,</em></strong></span> <span class='ocrx_word' id='word_1_659' title='bbox 2099 4300 2198 4359; x_wconf 83' lang='lat' dir='ltr'><strong><em>per</em></strong></span> <span class='ocrx_word' id='word_1_660' title='bbox 2240 4300 2403 4358; x_wconf 89' lang='lat' dir='ltr'><strong><em>quem</em></strong></span> <span class='ocrx_word' id='word_1_661' title='bbox 2448 4288 2893 4364; x_wconf 62' lang='lat' dir='ltr'><strong><em>custodiuntﬁlii</em></strong></span> <span class='ocrx_word' id='word_1_662' title='bbox 2922 4289 3038 4359; x_wconf 89' lang='lat' dir='ltr'><strong><em>ejus</em></strong></span> <span class='ocrx_word' id='word_1_663' title='bbox 3077 4295 3456 4347; x_wconf 88' lang='lat' dir='ltr'><strong><em>testamentum</em></strong></span> 
     </span>
    </p>
   </div>
   <div class='ocr_carea' id='block_1_89' title="bbox 1876 4376 3455 4451">
    <p class='ocr_par' dir='ltr' id='par_1_89' title="bbox 1876 4376 3455 4451">
     <span class='ocr_line' id='line_1_89' title="bbox 1876 4376 3455 4451; baseline 0.001 -16"><span class='ocrx_word' id='word_1_664' title='bbox 1876 4377 1994 4447; x_wconf 88' lang='lat' dir='ltr'><strong><em>Dei,</em></strong></span> <span class='ocrx_word' id='word_1_665' title='bbox 2028 4379 2078 4435; x_wconf 89' lang='lat' dir='ltr'><strong><em>id</em></strong></span> <span class='ocrx_word' id='word_1_666' title='bbox 2106 4387 2206 4445; x_wconf 89' lang='lat' dir='ltr'><strong><em>est,</em></strong></span> <span class='ocrx_word' id='word_1_667' title='bbox 2239 4380 2468 4451; x_wconf 90' lang='lat' dir='ltr'><strong><em>apostoli</em></strong></span> <span class='ocrx_word' id='word_1_668' title='bbox 2496 4396 2563 4436; x_wconf 86' lang='lat' dir='ltr'><strong><em>ex</em></strong></span> <span class='ocrx_word' id='word_1_669' title='bbox 2592 4380 2793 4437; x_wconf 85' lang='lat' dir='ltr'><strong><em>femore</em></strong></span> <span class='ocrx_word' id='word_1_670' title='bbox 2840 4376 2989 4438; x_wconf 64' lang='lat' dir='ltr'><strong><em>ludat:</em></strong></span> <span class='ocrx_word' id='word_1_671' title='bbox 3015 4382 3307 4438; x_wconf 87' lang='lat' dir='ltr'><strong><em>secundum</em></strong></span> <span class='ocrx_word' id='word_1_672' title='bbox 3333 4399 3455 4439; x_wconf 64' lang='lat' dir='ltr'><strong><em>car~</em></strong></span> 
     </span>
    </p>
   </div>
   <div class='ocr_carea' id='block_1_90' title="bbox 1878 4470 3453 4540">
    <p class='ocr_par' dir='ltr' id='par_1_90' title="bbox 1878 4470 3453 4540">
     <span class='ocr_line' id='line_1_90' title="bbox 1878 4470 3453 4540; baseline 0 -13"><span class='ocrx_word' id='word_1_673' title='bbox 1878 4486 2000 4527; x_wconf 89' lang='lat' dir='ltr'><strong><em>nem</em></strong></span> <span class='ocrx_word' id='word_1_674' title='bbox 2037 4471 2334 4537; x_wconf 88' lang='lat' dir='ltr'><strong><em>venientes,</em></strong></span> <span class='ocrx_word' id='word_1_675' title='bbox 2365 4470 2456 4540; x_wconf 89' lang='lat' dir='ltr'><strong><em>qui</em></strong></span> <span class='ocrx_word' id='word_1_676' title='bbox 2496 4486 2603 4525; x_wconf 92' lang='lat' dir='ltr'><strong><em>non</em></strong></span> <span class='ocrx_word' id='word_1_677' title='bbox 2648 4471 2818 4526; x_wconf 89' lang='lat' dir='ltr'><strong><em>solum</em></strong></span> <span class='ocrx_word' id='word_1_678' title='bbox 2867 4471 3235 4528; x_wconf 87' lang='lat' dir='ltr'><strong><em>custodierunt</em></strong></span> <span class='ocrx_word' id='word_1_679' title='bbox 3288 4482 3453 4527; x_wconf 82' lang='lat' dir='ltr'><strong><em>testa-</em></strong></span> 
     </span>
    </p>
   </div>
   <div class='ocr_carea' id='block_1_91' title="bbox 182 4556 3454 4638">
    <p class='ocr_par' dir='ltr' id='par_1_91' title="bbox 182 4556 3454 4638">
     <span class='ocr_line' id='line_1_91' title="bbox 182 4556 3454 4638; baseline 0.004 -29"><span class='ocrx_word' id='word_1_680' title='bbox 182 4567 466 4609; x_wconf 83' lang='lat' dir='ltr'><strong><em>ccssamus</em></strong></span> <span class='ocrx_word' id='word_1_681' title='bbox 485 4556 850 4614; x_wconf 86' lang='lat' dir='ltr'><strong><em>strenuissime</em></strong></span> <span class='ocrx_word' id='word_1_682' title='bbox 877 4574 1135 4629; x_wconf 84' lang='lat' dir='ltr'><strong><em>quaerere,</em></strong></span> <span class='ocrx_word' id='word_1_683' title='bbox 1160 4577 1437 4634; x_wconf 90' lang='lat' dir='ltr'><strong><em>quousque</em></strong></span> <span class='ocrx_word' id='word_1_684' title='bbox 1462 4566 1608 4636; x_wconf 89' lang='lat' dir='ltr'><strong><em>quod</em></strong></span> <span class='ocrx_word' id='word_1_685' title='bbox 1632 4583 1779 4638; x_wconf 87' lang='lat' dir='ltr'><strong><em>quae-</em></strong></span> <span class='ocrx_word' id='word_1_686' title='bbox 1803 4559 1854 4619; x_wconf 86' lang='lat' dir='ltr'><strong><em>D</em></strong></span> <span class='ocrx_word' id='word_1_687' title='bbox 1880 4572 2118 4620; x_wconf 89' lang='lat' dir='ltr'><strong><em>mentum</em></strong></span> <span class='ocrx_word' id='word_1_688' title='bbox 2142 4564 2351 4621; x_wconf 88' lang='lat' dir='ltr'><strong><em>Domini</em></strong></span> <span class='ocrx_word' id='word_1_689' title='bbox 2375 4565 2543 4621; x_wconf 87' lang='lat' dir='ltr'><strong><em>nostri</em></strong></span> <span class='ocrx_word' id='word_1_690' title='bbox 2563 4564 2689 4621; x_wconf 84' lang='lat' dir='ltr'><strong><em>Jesu</em></strong></span> <span class='ocrx_word' id='word_1_691' title='bbox 2718 4563 2937 4632; x_wconf 89' lang='lat' dir='ltr'><strong><em>Christi,</em></strong></span> <span class='ocrx_word' id='word_1_692' title='bbox 2959 4564 3053 4621; x_wconf 90' lang='lat' dir='ltr'><strong><em>sed</em></strong></span> <span class='ocrx_word' id='word_1_693' title='bbox 3072 4573 3127 4620; x_wconf 91' lang='lat' dir='ltr'><strong><em>et</em></strong></span> <span class='ocrx_word' id='word_1_694' title='bbox 3146 4565 3454 4621; x_wconf 88' lang='lat' dir='ltr'><strong><em>testimonia</em></strong></span> 
     </span>
    </p>
   </div>
   <div class='ocr_carea' id='block_1_92' title="bbox 181 4641 1773 4723">
    <p class='ocr_par' dir='ltr' id='par_1_92' title="bbox 181 4641 1773 4723">
     <span class='ocr_line' id='line_1_92' title="bbox 181 4641 1773 4723; baseline 0.011 -28"><span class='ocrx_word' id='word_1_695' title='bbox 181 4641 352 4698; x_wconf 90' lang='lat' dir='ltr'><strong><em>rimus</em></strong></span> <span class='ocrx_word' id='word_1_696' title='bbox 382 4644 628 4701; x_wconf 88' lang='lat' dir='ltr'><strong><em>invenire</em></strong></span> <span class='ocrx_word' id='word_1_697' title='bbox 654 4661 977 4705; x_wconf 86' lang='lat' dir='ltr'><strong><em>mereamur.</em></strong></span> <span class='ocrx_word' id='word_1_698' title='bbox 1007 4649 1143 4717; x_wconf 87' lang='lat' dir='ltr'><strong><em>Quid</em></strong></span> <span class='ocrx_word' id='word_1_699' title='bbox 1174 4659 1352 4709; x_wconf 89' lang='lat' dir='ltr'><strong><em>tamen</em></strong></span> <span class='ocrx_word' id='word_1_700' title='bbox 1380 4655 1571 4723; x_wconf 70' lang='lat' dir='ltr'><strong><em>quaerit</em></strong></span> <span class='ocrx_word' id='word_1_701' title='bbox 1625 4655 1773 4714; x_wconf 88' lang='lat' dir='ltr'><strong><em>Psal-</em></strong></span> 
     </span>
    </p>
   </div>
   <div class='ocr_carea' id='block_1_93' title="bbox 182 4735 1770 4814">
    <p class='ocr_par' dir='ltr' id='par_1_93' title="bbox 182 4735 1770 4814">
     <span class='ocr_line' id='line_1_93' title="bbox 182 4735 1770 4814; baseline 0.011 -28"><span class='ocrx_word' id='word_1_702' title='bbox 182 4735 342 4789; x_wconf 88' lang='lat' dir='ltr'><strong><em>mista</em></strong></span> <span class='ocrx_word' id='word_1_703' title='bbox 366 4735 737 4793; x_wconf 87' lang='lat' dir='ltr'><strong><em>sanctissimus</em></strong></span> <span class='ocrx_word' id='word_1_704' title='bbox 751 4738 1044 4796; x_wconf 89' lang='lat' dir='ltr'><strong><em>videamus.</em></strong></span> <span class='ocrx_word' id='word_1_705' title='bbox 1069 4739 1289 4807; x_wconf 89' lang='lat' dir='ltr'><strong><em>Locum,</em></strong></span> <span class='ocrx_word' id='word_1_706' title='bbox 1323 4743 1514 4814; x_wconf 90' lang='lat' dir='ltr'><strong><em>inquit,</em></strong></span> <span class='ocrx_word' id='word_1_707' title='bbox 1537 4741 1628 4802; x_wconf 91' lang='lat' dir='ltr'><strong><em>ubi</em></strong></span> <span class='ocrx_word' id='word_1_708' title='bbox 1675 4748 1770 4804; x_wconf 88' lang='lat' dir='ltr'><strong><em>ha-</em></strong></span> 
     </span>
    </p>
   </div>
   <div class='ocr_carea' id='block_1_94' title="bbox 179 4824 1766 4908">
    <p class='ocr_par' dir='ltr' id='par_1_94' title="bbox 179 4824 1766 4908">
     <span class='ocr_line' id='line_1_94' title="bbox 179 4824 1766 4908; baseline 0.009 -29"><span class='ocrx_word' id='word_1_709' title='bbox 179 4824 316 4880; x_wconf 90' lang='lat' dir='ltr'><strong><em>bitet</em></strong></span> <span class='ocrx_word' id='word_1_710' title='bbox 337 4824 486 4881; x_wconf 88' lang='lat' dir='ltr'><strong><em>Deus</em></strong></span> <span class='ocrx_word' id='word_1_711' title='bbox 512 4824 697 4883; x_wconf 70' lang='lat' dir='ltr'><strong><em>Iacob.</em></strong></span> <span class='ocrx_word' id='word_1_712' title='bbox 719 4826 787 4883; x_wconf 86' lang='lat' dir='ltr'><strong><em>Et</em></strong></span> <span class='ocrx_word' id='word_1_713' title='bbox 813 4829 1010 4900; x_wconf 89' lang='lat' dir='ltr'><strong><em>adjecit</em></strong></span> <span class='ocrx_word' id='word_1_714' title='bbox 1034 4850 1046 4885; x_wconf 92' lang='lat'><strong>:</strong></span> <span class='ocrx_word' id='word_1_715' title='bbox 1071 4824 1647 4905; x_wconf 52' lang='lat' dir='ltr'><strong><em>Hanc&#39;habitationem,</em></strong></span> <span class='ocrx_word' id='word_1_716' title='bbox 1673 4840 1766 4908; x_wconf 89' lang='lat' dir='ltr'><strong><em>ait,</em></strong></span> 
     </span>
    </p>
   </div>
   <div class='ocr_carea' id='block_1_95' title="bbox 179 4916 1770 5003">
    <p class='ocr_par' dir='ltr' id='par_1_95' title="bbox 179 4916 1770 5003">
     <span class='ocr_line' id='line_1_95' title="bbox 179 4916 1770 5003; baseline 0.012 -33"><span class='ocrx_word' id='word_1_717' title='bbox 179 4916 487 4973; x_wconf 83' lang='lat' dir='ltr'><strong><em>audivimus</em></strong></span> <span class='ocrx_word' id='word_1_718' title='bbox 513 4919 565 4973; x_wconf 90' lang='lat' dir='ltr'><strong><em>in</em></strong></span> <span class='ocrx_word' id='word_1_719' title='bbox 597 4916 851 4990; x_wconf 85' lang='lat' dir='ltr'><strong><em>Ephrata.</em></strong></span> <span class='ocrx_word' id='word_1_720' title='bbox 881 4922 1180 4995; x_wconf 87' lang='lat' dir='ltr'><strong><em>Ephrateus</em></strong></span> <span class='ocrx_word' id='word_1_721' title='bbox 1225 4925 1459 4983; x_wconf 83' lang='lat' dir='ltr'><strong><em>Helcana</em></strong></span> <span class='ocrx_word' id='word_1_722' title='bbox 1489 4932 1582 4999; x_wconf 90' lang='lat' dir='ltr'><strong><em>qui</em></strong></span> <span class='ocrx_word' id='word_1_723' title='bbox 1609 4941 1770 5003; x_wconf 87' lang='lat' dir='ltr'><strong><em>caput</em></strong></span> 
     </span>
    </p>
   </div>
   <div class='ocr_carea' id='block_1_96' title="bbox 176 5009 1767 5091">
    <p class='ocr_par' dir='ltr' id='par_1_96' title="bbox 176 5009 1767 5091">
     <span class='ocr_line' id='line_1_96' title="bbox 176 5009 1767 5091; baseline 0.009 -29"><span class='ocrx_word' id='word_1_724' title='bbox 176 5009 448 5077; x_wconf 84' lang='lat' dir='ltr'><strong><em>regalium</em></strong></span> <span class='ocrx_word' id='word_1_725' title='bbox 471 5010 803 5068; x_wconf 85' lang='lat' dir='ltr'><strong><em>voluminum</em></strong></span> <span class='ocrx_word' id='word_1_726' title='bbox 825 5022 992 5082; x_wconf 88' lang='lat' dir='ltr'><strong><em>tenet,</em></strong></span> <span class='ocrx_word' id='word_1_727' title='bbox 1009 5024 1164 5087; x_wconf 89' lang='lat' dir='ltr'><strong><em>pater</em></strong></span> <span class='ocrx_word' id='word_1_728' title='bbox 1189 5026 1273 5073; x_wconf 90' lang='lat' dir='ltr'><strong><em>est</em></strong></span> <span class='ocrx_word' id='word_1_729' title='bbox 1294 5018 1575 5087; x_wconf 88' lang='lat' dir='ltr'><strong><em>Samuelis,</em></strong></span> <span class='ocrx_word' id='word_1_730' title='bbox 1593 5022 1644 5075; x_wconf 91' lang='lat' dir='ltr'><strong><em>in</em></strong></span> <span class='ocrx_word' id='word_1_731' title='bbox 1659 5037 1767 5091; x_wconf 89' lang='lat' dir='ltr'><strong><em>quo</em></strong></span> 
     </span>
    </p>
   </div>
   <div class='ocr_carea' id='block_1_97' title="bbox 175 5098 1765 5167">
    <p class='ocr_par' dir='ltr' id='par_1_97' title="bbox 175 5098 1765 5167">
     <span class='ocr_line' id='line_1_97' title="bbox 175 5098 1765 5167; baseline 0.009 -15"><span class='ocrx_word' id='word_1_732' title='bbox 175 5098 487 5155; x_wconf 88' lang='lat' dir='ltr'><strong><em>audivimus</em></strong></span> <span class='ocrx_word' id='word_1_733' title='bbox 533 5116 722 5157; x_wconf 87' lang='lat' dir='ltr'><strong><em>vocem</em></strong></span> <span class='ocrx_word' id='word_1_734' title='bbox 769 5103 976 5160; x_wconf 90' lang='lat' dir='ltr'><strong><em>Domini</em></strong></span> <span class='ocrx_word' id='word_1_735' title='bbox 1004 5107 1277 5164; x_wconf 89' lang='lat' dir='ltr'><strong><em>dicentis:</em></strong></span> <span class='ocrx_word' id='word_1_736' title='bbox 1324 5107 1595 5166; x_wconf 87' lang='lat' dir='ltr'><strong><em>Suscitabo</em></strong></span> <span class='ocrx_word' id='word_1_737' title='bbox 1640 5113 1765 5167; x_wconf 83' lang='lat' dir='ltr'><strong><em>mihi</em></strong></span> 
     </span>
    </p>
   </div>
   <div class='ocr_carea' id='block_1_98' title="bbox 172 5192 1762 5275">
    <p class='ocr_par' dir='ltr' id='par_1_98' title="bbox 172 5192 1762 5275">
     <span class='ocr_line' id='line_1_98' title="bbox 172 5192 1762 5275; baseline 0.009 -32"><span class='ocrx_word' id='word_1_738' title='bbox 172 5198 508 5247; x_wconf 85' lang='lat' dir='ltr'><strong><em>sacerdotem</em></strong></span> <span class='ocrx_word' id='word_1_739' title='bbox 533 5192 760 5263; x_wconf 82' lang='lat' dir='ltr'><strong><em>ﬁdelem,</em></strong></span> <span class='ocrx_word' id='word_1_740' title='bbox 784 5199 871 5269; x_wconf 85' lang='lat' dir='ltr'><strong><em>qui</em></strong></span> <span class='ocrx_word' id='word_1_741' title='bbox 893 5198 1051 5269; x_wconf 72' lang='lat' dir='ltr'><strong><em>juxta</em></strong></span> <span class='ocrx_word' id='word_1_742' title='bbox 1074 5216 1163 5254; x_wconf 90' lang='lat' dir='ltr'><strong><em>cor</em></strong></span> <span class='ocrx_word' id='word_1_743' title='bbox 1188 5217 1356 5255; x_wconf 87' lang='lat' dir='ltr'><strong><em>meum</em></strong></span> <span class='ocrx_word' id='word_1_744' title='bbox 1376 5204 1553 5257; x_wconf 88' lang='lat' dir='ltr'><strong><em>omnia</em></strong></span> <span class='ocrx_word' id='word_1_745' title='bbox 1579 5205 1762 5275; x_wconf 77' lang='lat' dir='ltr'><strong><em>faciat,</em></strong></span> 
     </span>
    </p>
   </div>
   <div class='ocr_carea' id='block_1_99' title="bbox 172 5283 1766 5355">
    <p class='ocr_par' dir='ltr' id='par_1_99' title="bbox 172 5283 1766 5355">
     <span class='ocr_line' id='line_1_99' title="bbox 172 5283 1766 5355; baseline 0.012 -22"><span class='ocrx_word' id='word_1_746' title='bbox 172 5290 226 5333; x_wconf 91' lang='lat' dir='ltr'><strong><em>et</em></strong></span> <span class='ocrx_word' id='word_1_747' title='bbox 249 5283 360 5352; x_wconf 83' lang='lat' dir='ltr'><strong><em>ipsi</em></strong></span> <span class='ocrx_word' id='word_1_748' title='bbox 385 5283 655 5355; x_wconf 69' lang='lat' dir='ltr'><strong><em>(edi/icabo</em></strong></span> <span class='ocrx_word' id='word_1_749' title='bbox 687 5287 912 5353; x_wconf 89' lang='lat' dir='ltr'><strong><em>domum,</em></strong></span> <span class='ocrx_word' id='word_1_750' title='bbox 955 5298 1006 5343; x_wconf 91' lang='lat' dir='ltr'><strong><em>et</em></strong></span> <span class='ocrx_word' id='word_1_751' title='bbox 1033 5291 1316 5346; x_wconf 88' lang='lat' dir='ltr'><strong><em>ambulabit</em></strong></span> <span class='ocrx_word' id='word_1_752' title='bbox 1360 5309 1535 5348; x_wconf 89' lang='lat' dir='ltr'><strong><em>coram</em></strong></span> <span class='ocrx_word' id='word_1_753' title='bbox 1564 5295 1766 5352; x_wconf 86' lang='lat' dir='ltr'><strong><em>Christo</em></strong></span> 
     </span>
    </p>
   </div>
   <div class='ocr_carea' id='block_1_100' title="bbox 171 5374 1766 5456">
    <p class='ocr_par' dir='ltr' id='par_1_100' title="bbox 171 5374 1766 5456">
     <span class='ocr_line' id='line_1_100' title="bbox 171 5374 1766 5456; baseline 0.011 -31"><span class='ocrx_word' id='word_1_754' title='bbox 171 5374 226 5426; x_wconf 80' lang='lat' dir='ltr'><strong><em>in</em></strong></span> <span class='ocrx_word' id='word_1_755' title='bbox 257 5382 519 5431; x_wconf 65' lang='lat' dir='ltr'><strong><em>internum</em></strong></span> <span class='ocrx_word' id='word_1_756' title='bbox 549 5376 593 5448; x_wconf 90' lang='grc' dir='ltr'><strong><em>(Ι</em></strong></span> <span class='ocrx_word' id='word_1_757' title='bbox 623 5376 749 5451; x_wconf 81' lang='lat' dir='ltr'><strong><em>Reg.</em></strong></span> <span class='ocrx_word' id='word_1_758' title='bbox 782 5380 863 5450; x_wconf 89' lang='grc' dir='ltr'>ιι).</span> <span class='ocrx_word' id='word_1_759' title='bbox 891 5380 1041 5437; x_wconf 81' lang='lat' dir='ltr'><strong><em>lianc</em></strong></span> <span class='ocrx_word' id='word_1_760' title='bbox 1078 5398 1206 5453; x_wconf 88' lang='lat' dir='ltr'><strong><em>ergo</em></strong></span> <span class='ocrx_word' id='word_1_761' title='bbox 1234 5400 1423 5440; x_wconf 87' lang='lat' dir='ltr'><strong><em>vocem</em></strong></span> <span class='ocrx_word' id='word_1_762' title='bbox 1450 5401 1610 5456; x_wconf 89' lang='lat' dir='ltr'><strong><em>quam</em></strong></span> <span class='ocrx_word' id='word_1_763' title='bbox 1639 5396 1766 5443; x_wconf 91' lang='lat' dir='ltr'><strong><em>tunc</em></strong></span> 
     </span>
    </p>
   </div>
   <div class='ocr_carea' id='block_1_101' title="bbox 170 5461 1767 5548">
    <p class='ocr_par' dir='ltr' id='par_1_101' title="bbox 170 5461 1767 5548">
     <span class='ocr_line' id='line_1_101' title="bbox 170 5461 1767 5548; baseline 0.012 -34"><span class='ocrx_word' id='word_1_764' title='bbox 170 5461 226 5514; x_wconf 88' lang='lat' dir='ltr'><strong><em>in</em></strong></span> <span class='ocrx_word' id='word_1_765' title='bbox 284 5461 564 5535; x_wconf 85' lang='lat' dir='ltr'><strong><em>Ephrateo</em></strong></span> <span class='ocrx_word' id='word_1_766' title='bbox 611 5467 925 5537; x_wconf 82' lang='lat' dir='ltr'><strong><em>audivimus,</em></strong></span> <span class='ocrx_word' id='word_1_767' title='bbox 980 5487 1125 5528; x_wconf 89' lang='lat' dir='ltr'><strong><em>nunc</em></strong></span> <span class='ocrx_word' id='word_1_768' title='bbox 1172 5473 1471 5530; x_wconf 89' lang='lat' dir='ltr'><strong><em>invenimus</em></strong></span> <span class='ocrx_word' id='word_1_769' title='bbox 1516 5475 1571 5531; x_wconf 92' lang='lat' dir='ltr'><strong><em>in</em></strong></span> <span class='ocrx_word' id='word_1_770' title='bbox 1621 5478 1767 5548; x_wconf 89' lang='lat' dir='ltr'><strong><em>cepis</em></strong></span> 
     </span>
    </p>
   </div>
   <div class='ocr_carea' id='block_1_102' title="bbox 167 5552 1763 5635">
    <p class='ocr_par' dir='ltr' id='par_1_102' title="bbox 167 5552 1763 5635">
     <span class='ocr_line' id='line_1_102' title="bbox 167 5552 1763 5635; baseline 0.011 -30"><span class='ocrx_word' id='word_1_771' title='bbox 167 5552 349 5619; x_wconf 65' lang='lat' dir='ltr'><strong><em>silvae,</em></strong></span> <span class='ocrx_word' id='word_1_772' title='bbox 402 5556 490 5612; x_wconf 92' lang='lat' dir='ltr'><strong><em>ubi</em></strong></span> <span class='ocrx_word' id='word_1_773' title='bbox 543 5566 789 5628; x_wconf 88' lang='lat' dir='ltr'><strong><em>pastores</em></strong></span> <span class='ocrx_word' id='word_1_774' title='bbox 815 5562 995 5618; x_wconf 88' lang='lat' dir='ltr'><strong><em>ovium</em></strong></span> <span class='ocrx_word' id='word_1_775' title='bbox 1023 5564 1198 5632; x_wconf 88' lang='lat' dir='ltr'><strong><em>angeli</em></strong></span> <span class='ocrx_word' id='word_1_776' title='bbox 1232 5564 1451 5621; x_wconf 89' lang='lat' dir='ltr'><strong><em>allocuti</em></strong></span> <span class='ocrx_word' id='word_1_777' title='bbox 1500 5575 1643 5635; x_wconf 90' lang='lat' dir='ltr'><strong><em>sunt,</em></strong></span> <span class='ocrx_word' id='word_1_778' title='bbox 1678 5568 1763 5623; x_wconf 89' lang='lat' dir='ltr'><strong><em>di-</em></strong></span> 
     </span>
    </p>
   </div>
   <div class='ocr_carea' id='block_1_103' title="bbox 166 5643 1764 5730">
    <p class='ocr_par' dir='ltr' id='par_1_103' title="bbox 166 5643 1764 5730">
     <span class='ocr_line' id='line_1_103' title="bbox 166 5643 1764 5730; baseline 0.011 -33"><span class='ocrx_word' id='word_1_779' title='bbox 166 5652 368 5700; x_wconf 77' lang='lat' dir='ltr'><strong><em>centes</em></strong></span> <span class='ocrx_word' id='word_1_780' title='bbox 396 5664 406 5700; x_wconf 90' lang='lat'><strong>:</strong></span> <span class='ocrx_word' id='word_1_781' title='bbox 440 5643 753 5706; x_wconf 84' lang='lat' dir='ltr'><strong><em>Nuntiantus</em></strong></span> <span class='ocrx_word' id='word_1_782' title='bbox 780 5652 916 5708; x_wconf 87' lang='lat' dir='ltr'><strong><em>vobis</em></strong></span> <span class='ocrx_word' id='word_1_783' title='bbox 937 5656 1177 5726; x_wconf 82' lang='lat' dir='ltr'><strong><em>gaudium</em></strong></span> <span class='ocrx_word' id='word_1_784' title='bbox 1200 5674 1460 5727; x_wconf 80' lang='lat' dir='ltr'><strong><em>magnum,</em></strong></span> <span class='ocrx_word' id='word_1_785' title='bbox 1503 5660 1639 5730; x_wconf 84' lang='lat' dir='ltr'><strong><em>quod</em></strong></span> <span class='ocrx_word' id='word_1_786' title='bbox 1666 5663 1764 5715; x_wconf 89' lang='lat' dir='ltr'><strong><em>erit</em></strong></span> 
     </span>
    </p>
   </div>
   <div class='ocr_carea' id='block_1_104' title="bbox 166 5735 1754 5819">
    <p class='ocr_par' dir='ltr' id='par_1_104' title="bbox 166 5735 1754 5819">
     <span class='ocr_line' id='line_1_104' title="bbox 166 5735 1754 5819; baseline 0.011 -31"><span class='ocrx_word' id='word_1_787' title='bbox 166 5735 318 5789; x_wconf 75' lang='lat' dir='ltr'><strong><em>omni</em></strong></span> <span class='ocrx_word' id='word_1_788' title='bbox 339 5736 549 5808; x_wconf 76' lang='lat' dir='ltr'><strong><em>populo,</em></strong></span> <span class='ocrx_word' id='word_1_789' title='bbox 573 5741 693 5811; x_wconf 83' lang='lat' dir='ltr'><strong><em>quia</em></strong></span> <span class='ocrx_word' id='word_1_790' title='bbox 721 5751 871 5798; x_wconf 89' lang='lat' dir='ltr'><strong><em>natus</em></strong></span> <span class='ocrx_word' id='word_1_791' title='bbox 901 5754 976 5798; x_wconf 83' lang='lat' dir='ltr'><strong><em>est</em></strong></span> <span class='ocrx_word' id='word_1_792' title='bbox 1024 5744 1159 5801; x_wconf 84' lang='lat' dir='ltr'><strong><em>vobis</em></strong></span> <span class='ocrx_word' id='word_1_793' title='bbox 1190 5747 1340 5803; x_wconf 85' lang='lat' dir='ltr'><strong><em>hodie</em></strong></span> <span class='ocrx_word' id='word_1_794' title='bbox 1370 5746 1637 5815; x_wconf 87' lang='lat' dir='ltr'><strong><em>Dominus,</em></strong></span> <span class='ocrx_word' id='word_1_795' title='bbox 1670 5752 1754 5819; x_wconf 80' lang='lat' dir='ltr'><strong><em>qui</em></strong></span> 
     </span>
    </p>
   </div>
   <div class='ocr_carea' id='block_1_105' title="bbox 1873 4656 3458 4728">
    <p class='ocr_par' dir='ltr' id='par_1_105' title="bbox 1873 4656 3458 4728">
     <span class='ocr_line' id='line_1_105' title="bbox 1873 4656 3458 4728; baseline 0.001 -16"><span class='ocrx_word' id='word_1_796' title='bbox 1873 4656 1990 4726; x_wconf 87' lang='lat' dir='ltr'><strong><em>ejus</em></strong></span> <span class='ocrx_word' id='word_1_797' title='bbox 2017 4672 2136 4728; x_wconf 71' lang='lat' dir='ltr'><strong><em>quae</em></strong></span> <span class='ocrx_word' id='word_1_798' title='bbox 2162 4656 2346 4714; x_wconf 90' lang='lat' dir='ltr'><strong><em>docuit</em></strong></span> <span class='ocrx_word' id='word_1_799' title='bbox 2372 4673 2484 4714; x_wconf 89' lang='lat' dir='ltr'><strong><em>eos.</em></strong></span> <span class='ocrx_word' id='word_1_800' title='bbox 2514 4658 2666 4715; x_wconf 83' lang='lat' dir='ltr'><strong><em>Nunc</em></strong></span> <span class='ocrx_word' id='word_1_801' title='bbox 2706 4657 2797 4713; x_wconf 84' lang='lat' dir='ltr'><strong><em>ﬁlii</em></strong></span> <span class='ocrx_word' id='word_1_802' title='bbox 2844 4673 3031 4714; x_wconf 88' lang='lat' dir='ltr'><strong><em>eorum</em></strong></span> <span class='ocrx_word' id='word_1_803' title='bbox 3076 4672 3246 4727; x_wconf 87' lang='lat' dir='ltr'><strong><em>usque</em></strong></span> <span class='ocrx_word' id='word_1_804' title='bbox 3293 4658 3458 4713; x_wconf 87' lang='lat' dir='ltr'><strong><em>hodie</em></strong></span> 
     </span>
    </p>
   </div>
   <div class='ocr_carea' id='block_1_106' title="bbox 1871 4746 3451 4819">
    <p class='ocr_par' dir='ltr' id='par_1_106' title="bbox 1871 4746 3451 4819">
     <span class='ocr_line' id='line_1_106' title="bbox 1871 4746 3451 4819; baseline 0.002 -18"><span class='ocrx_word' id='word_1_805' title='bbox 1871 4746 2063 4802; x_wconf 85' lang='lat' dir='ltr'><strong><em>sedent</em></strong></span> <span class='ocrx_word' id='word_1_806' title='bbox 2080 4762 2243 4819; x_wconf 89' lang='lat' dir='ltr'><strong><em>super</em></strong></span> <span class='ocrx_word' id='word_1_807' title='bbox 2268 4748 2451 4804; x_wconf 89' lang='lat' dir='ltr'><strong><em>sedem</em></strong></span> <span class='ocrx_word' id='word_1_808' title='bbox 2471 4765 2677 4812; x_wconf 87' lang='lat' dir='ltr'><strong><em>eorum,</em></strong></span> <span class='ocrx_word' id='word_1_809' title='bbox 2710 4749 2967 4803; x_wconf 86' lang='lat' dir='ltr'><strong><em>habentes</em></strong></span> <span class='ocrx_word' id='word_1_810' title='bbox 2999 4755 3055 4803; x_wconf 90' lang='lat' dir='ltr'><strong><em>et</em></strong></span> <span class='ocrx_word' id='word_1_811' title='bbox 3076 4748 3176 4819; x_wconf 85' lang='lat' dir='ltr'><strong><em>ipsi</em></strong></span> <span class='ocrx_word' id='word_1_812' title='bbox 3209 4749 3451 4804; x_wconf 87' lang='lat' dir='ltr'><strong><em>solvendi</em></strong></span> 
     </span>
    </p>
   </div>
   <div class='ocr_carea' id='block_1_107' title="bbox 1870 4837 3450 4910">
    <p class='ocr_par' dir='ltr' id='par_1_107' title="bbox 1870 4837 3450 4910">
     <span class='ocr_line' id='line_1_107' title="bbox 1870 4837 3450 4910; baseline 0.003 -18"><span class='ocrx_word' id='word_1_813' title='bbox 1870 4837 2177 4909; x_wconf 86' lang='lat' dir='ltr'><strong><em>ligandique</em></strong></span> <span class='ocrx_word' id='word_1_814' title='bbox 2222 4848 2565 4910; x_wconf 87' lang='lat' dir='ltr'><strong><em>potestatem.</em></strong></span> <span class='ocrx_word' id='word_1_815' title='bbox 2626 4840 2742 4895; x_wconf 83' lang='lat' dir='ltr'><strong><em>Hoc</em></strong></span> <span class='ocrx_word' id='word_1_816' title='bbox 2787 4847 2968 4895; x_wconf 90' lang='lat' dir='ltr'><strong><em>autem</em></strong></span> <span class='ocrx_word' id='word_1_817' title='bbox 3013 4840 3093 4895; x_wconf 89' lang='lat' dir='ltr'><strong><em>eis</em></strong></span> <span class='ocrx_word' id='word_1_818' title='bbox 3135 4855 3450 4897; x_wconf 87' lang='lat' dir='ltr'><strong><em>concessum</em></strong></span> 
     </span>
    </p>
   </div>
   <div class='ocr_carea' id='block_1_108' title="bbox 1871 4931 3453 5003">
    <p class='ocr_par' dir='ltr' id='par_1_108' title="bbox 1871 4931 3453 5003">
     <span class='ocr_line' id='line_1_108' title="bbox 1871 4931 3453 5003; baseline 0.003 -18"><span class='ocrx_word' id='word_1_819' title='bbox 1871 4938 1973 4999; x_wconf 88' lang='lat' dir='ltr'><strong><em>est,</em></strong></span> <span class='ocrx_word' id='word_1_820' title='bbox 2003 4931 2127 5001; x_wconf 84' lang='lat' dir='ltr'><strong><em>quia</em></strong></span> <span class='ocrx_word' id='word_1_821' title='bbox 2148 4932 2415 4988; x_wconf 88' lang='lat' dir='ltr'><strong><em>recusavit</em></strong></span> <span class='ocrx_word' id='word_1_822' title='bbox 2443 4931 2697 4987; x_wconf 87' lang='lat' dir='ltr'><strong><em>Dominus</em></strong></span> <span class='ocrx_word' id='word_1_823' title='bbox 2726 4931 3063 5003; x_wconf 83' lang='lat' dir='ltr'><strong><em>Synagogam</em></strong></span> <span class='ocrx_word' id='word_1_824' title='bbox 3106 4931 3372 5001; x_wconf 79' lang='lat' dir='ltr'><strong><em>falsitatis,</em></strong></span> <span class='ocrx_word' id='word_1_825' title='bbox 3396 4940 3453 4989; x_wconf 90' lang='lat' dir='ltr'><strong><em>et</em></strong></span> 
     </span>
    </p>
   </div>
   <div class='ocr_carea' id='block_1_109' title="bbox 1869 5022 3458 5094">
    <p class='ocr_par' dir='ltr' id='par_1_109' title="bbox 1869 5022 3458 5094">
     <span class='ocr_line' id='line_1_109' title="bbox 1869 5022 3458 5094; baseline 0.001 -16"><span class='ocrx_word' id='word_1_826' title='bbox 1869 5023 2031 5094; x_wconf 89' lang='lat' dir='ltr'><strong><em>elegit</em></strong></span> <span class='ocrx_word' id='word_1_827' title='bbox 2079 5024 2207 5080; x_wconf 91' lang='lat' dir='ltr'><strong><em>Sion</em></strong></span> <span class='ocrx_word' id='word_1_828' title='bbox 2256 5033 2516 5089; x_wconf 88' lang='lat' dir='ltr'><strong><em>sanctam,</em></strong></span> <span class='ocrx_word' id='word_1_829' title='bbox 2566 5024 2770 5079; x_wconf 86' lang='lat' dir='ltr'><strong><em>scilicet</em></strong></span> <span class='ocrx_word' id='word_1_830' title='bbox 2798 5022 2921 5079; x_wconf 84' lang='lat' dir='ltr'><strong><em>fidei</em></strong></span> <span class='ocrx_word' id='word_1_831' title='bbox 2944 5030 3107 5080; x_wconf 63' lang='lat' dir='ltr'><strong><em>rectae</em></strong></span> <span class='ocrx_word' id='word_1_832' title='bbox 3133 5022 3458 5092; x_wconf 76' lang='lat' dir='ltr'><strong><em>Ecclesium,</em></strong></span> 
     </span>
    </p>
   </div>
   <div class='ocr_carea' id='block_1_110' title="bbox 1867 5114 3448 5186">
    <p class='ocr_par' dir='ltr' id='par_1_110' title="bbox 1867 5114 3448 5186">
     <span class='ocr_line' id='line_1_110' title="bbox 1867 5114 3448 5186; baseline 0.003 -19"><span class='ocrx_word' id='word_1_833' title='bbox 1867 5128 2029 5184; x_wconf 88' lang='lat' dir='ltr'><strong><em>quam</em></strong></span> <span class='ocrx_word' id='word_1_834' title='bbox 2047 5114 2318 5185; x_wconf 61' lang='lat' dir='ltr'><strong><em>praeelegit</em></strong></span> <span class='ocrx_word' id='word_1_835' title='bbox 2337 5115 2587 5185; x_wconf 77' lang='lat' dir='ltr'><strong><em>praescius</em></strong></span> <span class='ocrx_word' id='word_1_836' title='bbox 2608 5115 2662 5169; x_wconf 92' lang='lat' dir='ltr'><strong><em>in</em></strong></span> <span class='ocrx_word' id='word_1_837' title='bbox 2688 5115 3075 5170; x_wconf 87' lang='lat' dir='ltr'><strong><em>habitationem</em></strong></span> <span class='ocrx_word' id='word_1_838' title='bbox 3096 5116 3233 5183; x_wconf 88' lang='lat' dir='ltr'><strong><em>sibi;</em></strong></span> <span class='ocrx_word' id='word_1_839' title='bbox 3265 5116 3319 5171; x_wconf 91' lang='lat' dir='ltr'><strong><em>in</em></strong></span> <span class='ocrx_word' id='word_1_840' title='bbox 3340 5131 3448 5186; x_wconf 86' lang='lat' dir='ltr'><strong><em>qua</em></strong></span> 
     </span>
    </p>
   </div>
   <div class='ocr_carea' id='block_1_111' title="bbox 1868 5206 3453 5279">
    <p class='ocr_par' dir='ltr' id='par_1_111' title="bbox 1868 5206 3453 5279">
     <span class='ocr_line' id='line_1_111' title="bbox 1868 5206 3453 5279; baseline 0 -18"><span class='ocrx_word' id='word_1_841' title='bbox 1868 5213 1951 5262; x_wconf 89' lang='lat' dir='ltr'><strong><em>est</em></strong></span> <span class='ocrx_word' id='word_1_842' title='bbox 1996 5206 2207 5277; x_wconf 85' lang='lat' dir='ltr'><strong><em>requies</em></strong></span> <span class='ocrx_word' id='word_1_843' title='bbox 2233 5206 2327 5261; x_wconf 88' lang='lat' dir='ltr'><strong><em>Dei</em></strong></span> <span class='ocrx_word' id='word_1_844' title='bbox 2354 5207 2407 5261; x_wconf 89' lang='lat' dir='ltr'><strong><em>in</em></strong></span> <span class='ocrx_word' id='word_1_845' title='bbox 2436 5207 2686 5263; x_wconf 60' lang='lat' dir='ltr'><strong><em>saeculum</em></strong></span> <span class='ocrx_word' id='word_1_846' title='bbox 2739 5207 2951 5275; x_wconf 70' lang='lat' dir='ltr'><strong><em>smculi;</em></strong></span> <span class='ocrx_word' id='word_1_847' title='bbox 3002 5210 3056 5264; x_wconf 89' lang='lat' dir='ltr'><strong><em>in</em></strong></span> <span class='ocrx_word' id='word_1_848' title='bbox 3084 5224 3188 5279; x_wconf 87' lang='lat' dir='ltr'><strong><em>qua</em></strong></span> <span class='ocrx_word' id='word_1_849' title='bbox 3219 5209 3453 5274; x_wconf 70' lang='lat' dir='ltr'><strong><em>habitat,</em></strong></span> 
     </span>
    </p>
   </div>
   <div class='ocr_carea' id='block_1_112' title="bbox 1867 5297 3449 5372">
    <p class='ocr_par' dir='ltr' id='par_1_112' title="bbox 1867 5297 3449 5372">
     <span class='ocr_line' id='line_1_112' title="bbox 1867 5297 3449 5372; baseline 0.001 -19"><span class='ocrx_word' id='word_1_850' title='bbox 1867 5299 2120 5370; x_wconf 84' lang='lat' dir='ltr'><strong><em>quoniam</em></strong></span> <span class='ocrx_word' id='word_1_851' title='bbox 2148 5297 2421 5370; x_wconf 89' lang='lat' dir='ltr'><strong><em>praeelegit</em></strong></span> <span class='ocrx_word' id='word_1_852' title='bbox 2448 5314 2599 5366; x_wconf 88' lang='lat' dir='ltr'><strong><em>eam;</em></strong></span> <span class='ocrx_word' id='word_1_853' title='bbox 2628 5300 2683 5355; x_wconf 91' lang='lat' dir='ltr'><strong><em>in</em></strong></span> <span class='ocrx_word' id='word_1_854' title='bbox 2713 5314 2818 5372; x_wconf 89' lang='lat' dir='ltr'><strong><em>qua</em></strong></span> <span class='ocrx_word' id='word_1_855' title='bbox 2838 5300 3013 5356; x_wconf 75' lang='lat' dir='ltr'><strong><em>viduze</em></strong></span> <span class='ocrx_word' id='word_1_856' title='bbox 3059 5300 3449 5356; x_wconf 88' lang='lat' dir='ltr'><strong><em>benedicentur</em></strong></span> 
     </span>
    </p>
   </div>
   <div class='ocr_carea' id='block_1_113' title="bbox 1867 5388 3443 5461">
    <p class='ocr_par' dir='ltr' id='par_1_113' title="bbox 1867 5388 3443 5461">
     <span class='ocr_line' id='line_1_113' title="bbox 1867 5388 3443 5461; baseline 0.001 -19"><span class='ocrx_word' id='word_1_857' title='bbox 1867 5388 1922 5444; x_wconf 88' lang='lat' dir='ltr'><strong><em>in</em></strong></span> <span class='ocrx_word' id='word_1_858' title='bbox 1950 5389 2228 5455; x_wconf 86' lang='lat' dir='ltr'><strong><em>castitate;</em></strong></span> <span class='ocrx_word' id='word_1_859' title='bbox 2259 5389 2313 5443; x_wconf 91' lang='lat' dir='ltr'><strong><em>in</em></strong></span> <span class='ocrx_word' id='word_1_860' title='bbox 2340 5403 2443 5458; x_wconf 90' lang='lat' dir='ltr'><strong><em>qua</em></strong></span> <span class='ocrx_word' id='word_1_861' title='bbox 2464 5403 2729 5461; x_wconf 90' lang='lat' dir='ltr'><strong><em>pauperes</em></strong></span> <span class='ocrx_word' id='word_1_862' title='bbox 2765 5388 3030 5446; x_wconf 82' lang='lat' dir='ltr'><strong><em>satiantur</em></strong></span> <span class='ocrx_word' id='word_1_863' title='bbox 3074 5389 3301 5459; x_wconf 89' lang='lat' dir='ltr'><strong><em>panibus</em></strong></span> <span class='ocrx_word' id='word_1_864' title='bbox 3338 5388 3443 5458; x_wconf 71' lang='lat' dir='ltr'><strong><em>pie~</em></strong></span> 
     </span>
    </p>
   </div>
   <div class='ocr_carea' id='block_1_114' title="bbox 1869 5474 3442 5548">
    <p class='ocr_par' dir='ltr' id='par_1_114' title="bbox 1869 5474 3442 5548">
     <span class='ocr_line' id='line_1_114' title="bbox 1869 5474 3442 5548; baseline -0.001 -15"><span class='ocrx_word' id='word_1_865' title='bbox 1869 5477 2020 5544; x_wconf 90' lang='lat' dir='ltr'><strong><em>tatis;</em></strong></span> <span class='ocrx_word' id='word_1_866' title='bbox 2052 5474 2105 5532; x_wconf 89' lang='lat' dir='ltr'><strong><em>in</em></strong></span> <span class='ocrx_word' id='word_1_867' title='bbox 2129 5491 2236 5547; x_wconf 88' lang='lat' dir='ltr'><strong><em>qua</em></strong></span> <span class='ocrx_word' id='word_1_868' title='bbox 2263 5477 2571 5534; x_wconf 75' lang='lat' dir='ltr'><strong><em>sacerdotes</em></strong></span> <span class='ocrx_word' id='word_1_869' title='bbox 2615 5478 2907 5535; x_wconf 87' lang='lat' dir='ltr'><strong><em>induuntur</em></strong></span> <span class='ocrx_word' id='word_1_870' title='bbox 2942 5478 3179 5548; x_wconf 61' lang='lat' dir='ltr'><strong><em>iustitia;</em></strong></span> <span class='ocrx_word' id='word_1_871' title='bbox 3236 5475 3290 5531; x_wconf 86' lang='lat' dir='ltr'><strong><em>in</em></strong></span> <span class='ocrx_word' id='word_1_872' title='bbox 3337 5492 3442 5547; x_wconf 87' lang='lat' dir='ltr'><strong><em>qua</em></strong></span> 
     </span>
    </p>
   </div>
   <div class='ocr_carea' id='block_1_115' title="bbox 1864 5565 3440 5637">
    <p class='ocr_par' dir='ltr' id='par_1_115' title="bbox 1864 5565 3440 5637">
     <span class='ocr_line' id='line_1_115' title="bbox 1864 5565 3440 5637; baseline 0.001 -13"><span class='ocrx_word' id='word_1_873' title='bbox 1864 5569 2036 5624; x_wconf 86' lang='lat' dir='ltr'><strong><em>sancti</em></strong></span> <span class='ocrx_word' id='word_1_874' title='bbox 2064 5568 2422 5625; x_wconf 86' lang='lat' dir='ltr'><strong><em>exsultatione</em></strong></span> <span class='ocrx_word' id='word_1_875' title='bbox 2446 5569 2744 5635; x_wconf 85' lang='lat' dir='ltr'><strong><em>exsultant;</em></strong></span> <span class='ocrx_word' id='word_1_876' title='bbox 2769 5570 2821 5624; x_wconf 87' lang='lat' dir='ltr'><strong><em>in</em></strong></span> <span class='ocrx_word' id='word_1_877' title='bbox 2860 5582 2964 5637; x_wconf 88' lang='lat' dir='ltr'><strong><em>qua</em></strong></span> <span class='ocrx_word' id='word_1_878' title='bbox 3012 5565 3333 5637; x_wconf 87' lang='lat' dir='ltr'><strong><em>productum</em></strong></span> <span class='ocrx_word' id='word_1_879' title='bbox 3362 5575 3440 5626; x_wconf 84' lang='lat' dir='ltr'><strong><em>est</em></strong></span> 
     </span>
    </p>
   </div>
   <div class='ocr_carea' id='block_1_116' title="bbox 1864 5657 3438 5729">
    <p class='ocr_par' dir='ltr' id='par_1_116' title="bbox 1864 5657 3438 5729">
     <span class='ocr_line' id='line_1_116' title="bbox 1864 5657 3438 5729; baseline -0.001 -15"><span class='ocrx_word' id='word_1_880' title='bbox 1864 5675 2050 5714; x_wconf 88' lang='lat' dir='ltr'><strong><em>cornu.</em></strong></span> <span class='ocrx_word' id='word_1_881' title='bbox 2083 5657 2207 5714; x_wconf 90' lang='lat' dir='ltr'><strong><em>Ideo</em></strong></span> <span class='ocrx_word' id='word_1_882' title='bbox 2232 5659 2301 5715; x_wconf 91' lang='lat' dir='ltr'><strong><em>sit</em></strong></span> <span class='ocrx_word' id='word_1_883' title='bbox 2324 5672 2545 5729; x_wconf 83' lang='lat' dir='ltr'><strong><em>regnum</em></strong></span> <span class='ocrx_word' id='word_1_884' title='bbox 2594 5658 2776 5714; x_wconf 87' lang='lat' dir='ltr'><strong><em>David.</em></strong></span> <span class='ocrx_word' id='word_1_885' title='bbox 2807 5658 2923 5729; x_wconf 83' lang='lat' dir='ltr'><strong><em>Ipsa</em></strong></span> <span class='ocrx_word' id='word_1_886' title='bbox 2946 5665 3027 5712; x_wconf 89' lang='lat' dir='ltr'><strong><em>est</em></strong></span> <span class='ocrx_word' id='word_1_887' title='bbox 3056 5657 3271 5713; x_wconf 87' lang='lat' dir='ltr'><strong><em>lucerna</em></strong></span> <span class='ocrx_word' id='word_1_888' title='bbox 3301 5673 3438 5729; x_wconf 70' lang='lat' dir='ltr'><strong><em>qum,</em></strong></span> 
     </span>
    </p>
   </div>
   <div class='ocr_carea' id='block_1_117' title="bbox 1863 5749 3434 5822">
    <p class='ocr_par' dir='ltr' id='par_1_117' title="bbox 1863 5749 3434 5822">
     <span class='ocr_line' id='line_1_117' title="bbox 1863 5749 3434 5822; baseline 0.002 -17"><span class='ocrx_word' id='word_1_889' title='bbox 1863 5766 2023 5822; x_wconf 85' lang='lat' dir='ltr'><strong><em>super</em></strong></span> <span class='ocrx_word' id='word_1_890' title='bbox 2046 5750 2367 5808; x_wconf 79' lang='lat' dir='ltr'><strong><em>candelabro</em></strong></span> <span class='ocrx_word' id='word_1_891' title='bbox 2389 5751 2581 5822; x_wconf 79' lang='lat' dir='ltr'><strong><em>posita,</em></strong></span> <span class='ocrx_word' id='word_1_892' title='bbox 2611 5750 2752 5806; x_wconf 84' lang='lat' dir='ltr'><strong><em>lucet</em></strong></span> <span class='ocrx_word' id='word_1_893' title='bbox 2780 5749 3025 5805; x_wconf 88' lang='lat' dir='ltr'><strong><em>omnibus</em></strong></span> <span class='ocrx_word' id='word_1_894' title='bbox 3073 5751 3163 5819; x_wconf 86' lang='lat' dir='ltr'><strong><em>qui</em></strong></span> <span class='ocrx_word' id='word_1_895' title='bbox 3194 5751 3246 5805; x_wconf 90' lang='lat' dir='ltr'><strong><em>in</em></strong></span> <span class='ocrx_word' id='word_1_896' title='bbox 3272 5751 3434 5809; x_wconf 83' lang='lat' dir='ltr'><strong><em>domo</em></strong></span> 
     </span>
    </p>
   </div>
  </div>
