3884 6184
435 265 538 322 535

1677 262 1942 318 ARNOBII
1981 261 2280 320 JUNIORIS

3581 270 3678 326 536

436 389 576 445 sunt,
602 377 651 434 id
675 385 775 443 est,
802 378 893 449 qui
919 377 973 431 in
999 375 1100 432 fide
1128 383 1252 431 sunt
1279 374 1403 430 Jesu
1432 372 1626 431 Christi
1661 395 1671 428 :
1707 385 1764 430 ut
1791 392 1822 430 e
1872 391 2000 431 con-
2028 381 2078 438 Α
2104 379 2348 433 extende.
2390 378 2466 434 Ibi
2526 380 2671 436 enim
2723 381 2995 437 mandavit
3038 383 3296 438 Dominus
3347 383 3678 440 benedictio-

435 471 598 525 trario
645 471 818 525 omnis
862 469 1086 525 assertio
1124 477 1318 538 praeter
1345 467 1483 522 hanc
1537 467 1677 522 lueet
1705 468 1920 536 quidem
1949 469 2002 522 in

437 562 629 622 verbis,
661 569 716 614 et
735 559 896 613 habet
913 559 1168 613 materias
1188 557 1586 612 acclamationis
1607 565 1661 612 et
1688 557 2002 612 admiratio-

435 651 811 715 nishumame;
839 649 954 714 sed,
985 649 1086 703 sub
1105 648 1284 703 modio
1313 649 1507 718 posita,
1533 663 1637 701 non
1667 649 1806 703 lucet
1827 649 1892 703 iis
1910 648 2002 717 qui

432 743 481 795 in
511 741 673 796 domo
701 747 845 804 sunt,
898 740 993 795 sed
1022 755 1157 810 quos
1205 740 1470 794 invenerit
1511 739 1698 794 subtus
1741 737 1998 793 modium.

433 831 630 886 Subtus
657 829 892 884 modium
920 831 1063 885 enim
1102 830 1320 898 degunt,
1349 830 1440 898 qui
1485 843 1787 883 mensuram
1843 835 2003 883 rectae

436 920 557 976 ﬁdei
592 928 814 976 utuntur
866 921 1152 986 inversam,
1183 921 1275 990 qui
1325 928 1448 974 sunt
1499 919 1696 974 inimici
1749 919 1997 984 lucernae,

429 1025 588 1079 quam
617 1009 848 1080 Spiritus
879 1017 1095 1064 sanctus
1133 1025 1232 1078 per
1259 1009 1530 1078 apostolos
1556 1010 1765 1078 paravit
1791 1006 2001 1064 Christo

428 1116 527 1155 suo
574 1100 800 1156 Domino
846 1108 1050 1156 nostro.
1095 1101 1342 1156 Inimicos
1381 1115 1508 1169 ergo
1537 1099 1652 1168 ejus
1681 1100 1850 1154 induit
1874 1116 2002 1155 con-

430 1189 636 1246 fusione
657 1191 1031 1256 anathematis,
1057 1198 1110 1244 et
1137 1206 1297 1260 super
1321 1189 1588 1245 Christum
1609 1189 1784 1245 ﬂoriet
1801 1192 2000 1246 sancti-

429 1281 605 1337 ticatio
635 1282 768 1349 ejus,
793 1297 890 1350 per
917 1281 1094 1339 omnia
1123 1282 1310 1336 saecula
1341 1281 1674 1336 saeculorum.
1703 1282 1888 1337 Amen.

906 1411 1216 1468 PSALMUS
1253 1412 1506 1468 CXXXII.

912 1522 1194 1578 Canticum
1221 1523 1498 1592 graduum.

499 1633 630 1689 Ecce
646 1652 799 1708 quam
819 1635 1004 1690 bonum
1025 1642 1074 1689 et
1093 1651 1243 1708 quam
1256 1635 1541 1706 jucundum
1563 1637 1794 1692 habitare
1812 1641 1998 1709 fratres

2106 482 2248 530 nem,
2279 476 2334 522 et
2366 477 2620 524 :eternam
2650 471 2815 526 vitam
2842 487 3010 542 usque
3037 472 3091 528 in
3120 473 3314 530 saecula
3343 474 3678 531 saeculorum.

2105 555 2294 612 Amen.

2561 627 2872 684 PSALMUS
2908 628 3186 685 CXXXIII.

2587 719 2862 775 Canticum
2901 723 3178 790 graduum.

2176 827 2309 883 Ecce
2336 847 2470 884 nunc
2494 831 2772 886 benedicite
2800 831 3045 897 Domino,
3069 849 3245 887 omnes
3267 834 3400 886 servi
3445 830 3689 888 Domini.

2106 914 2207 982 Qui
2227 920 2375 974 statis
2395 921 2449 974 in
2478 921 2628 976 domo
2651 921 2881 988 Domini,
2906 923 2961 974 in
2991 923 3140 975 atriis
3162 922 3342 976 domus
3371 921 3470 974 Dei
3492 923 3683 976 nostri.

2105 1006 2170 1062 In
2193 1008 2422 1064 noctibus
2445 1011 2674 1066 extollite
2693 1029 2877 1066 manus
2907 1019 3103 1067 vestras
3131 1013 3182 1066 in
3205 1021 3406 1078 sancta,
3453 1020 3504 1066 et
3531 1012 3686 1066 bene-

2104 1099 2256 1154 dicite
2282 1099 2522 1156 Domino.
2550 1101 2825 1156 Benedicat
2846 1103 3098 1158 Dominus
3121 1112 3168 1158 te
3185 1119 3249 1158 ea:
3279 1103 3430 1169 Sion,
3454 1105 3539 1175 qui
3564 1105 3685 1174 fecit

2103 1192 2281 1246 crelum
2308 1201 2356 1246 et
2385 1201 2594 1247 terram.

2661 1278 3093 1319 COIIENTARIUI.

2173 1373 2419 1430 Pervenit
2447 1377 2639 1444 gradus
2667 1377 2731 1432 ad
2759 1378 3094 1445 charitatem,
3119 1385 3173 1432 et
3187 1376 3276 1432 ubi
3296 1376 3546 1446 superius
3582 1377 3683 1431 iret

2102 1483 2210 1521 non
2240 1467 2460 1521 invenit.
2492 1467 2624 1521 Nam
2643 1468 2900 1536 quidquid
2921 1469 3027 1536 egit
3049 1476 3270 1536 quartus
3299 1467 3537 1524 decimus
3559 1480 3684 1534 gra.

2101 1558 2220 1623 dus,
2265 1559 2318 1612 in
2365 1559 2551 1627 quinto
2600 1559 2809 1614 decimo
2856 1556 3068 1629 proﬁcit
3119 1557 3549 1614 ascendentibus.
3605 1557 3685 1613 Ad

2101 1650 2415 1705 cbaritatem
2444 1651 2586 1704 enim
2615 1666 2645 1704 a
2677 1649 2940 1705 discordia
2969 1649 3275 1704 fraternitas
3297 1647 3467 1702 divisa
3495 1663 3685 1702 rever-

423 1726 477 1778 in
505 1726 692 1779 unum!
713 1724 856 1781 Sicut
879 1733 1191 1796 unguentum
1217 1728 1272 1779 in
1301 1727 1484 1797 capite,
1509 1728 1643 1798 quod
1665 1727 1922 1782 descendit
1939 1733 1994 1784 in
2027 1741 2072 1800 Β
2100 1740 2243 1806 titur,
2275 1747 2330 1794 ει
2370 1739 2502 1794 ﬁunt
2526 1755 2712 1795 omnes
2754 1740 2881 1794 boni
2905 1741 2997 1808 qui
3045 1739 3258 1794 fuerant
3296 1753 3486 1792 omnes
3519 1737 3679 1791 mali,

425 1817 674 1882 barbam,
723 1815 934 1870 barbam
977 1816 1186 1882 Aaron;
1236 1817 1370 1888 quod
1429 1817 1688 1871 descendit
1738 1819 1792 1872 in
1855 1837 2000 1874 oram

423 1909 706 1963 vestimenti
753 1909 883 1979 ejus.
929 1907 1076 1963 Sicut
1123 1926 1208 1964 ros
1249 1908 1480 1963 Hermon
1525 1911 1611 1980 qui
1651 1911 1907 1964 descendit
1943 1914 1998 1966 in

425 2007 649 2053 montem
671 1997 820 2054 Sion.
849 1999 1104 2064 Quoniam
1131 2002 1238 2055 illic
1261 2001 1524 2054 mandavit
1555 2000 1806 2056 Dominus
1849 2003 1998 2057 bene-

423 2090 716 2156 dictionem,
739 2101 789 2144 et
809 2093 964 2145 vitam
993 2107 1148 2163 usque
1176 2093 1229 2145 in
1259 2094 1520 2146 saeculum.

981 2193 1414 2236 COIIENTARIUM.

493 2281 548 2336 In
577 2281 749 2351 primo
769 2281 978 2336 cantico
999 2280 1254 2350 graduum
1287 2283 1444 2351 positi
1467 2282 1519 2336 in
1548 2282 1858 2352 captivitate
1885 2283 1995 2338 cla-

421 2387 628 2426 mamus
667 2370 984 2426 tribulantes
1031 2373 1098 2426 ad
1128 2372 1315 2438 Deum,
1345 2380 1400 2426 et
1433 2372 1650 2427 exaudit
1671 2388 1789 2427 nos.
1818 2372 1877 2427 In
1904 2389 1992 2429 se-

417 2461 593 2517 cundo
613 2461 780 2530 gradu
809 2460 877 2514 ad
904 2468 1115 2516 montes
1143 2461 1327 2516 oculos
1347 2461 1654 2526 levavimus,
1680 2462 1821 2517 unde
1848 2464 1994 2518 venit

417 2551 673 2605 auxilium
725 2551 954 2616 Domini,
985 2567 1092 2620 quo
1135 2551 1465 2605 custodimur
1518 2551 1585 2606 ab
1633 2553 1780 2606 omni
1827 2552 1987 2608 malo.

417 2639 599 2696 Tertio
628 2639 790 2708 gradu
813 2639 1159 2694 ascendentes
1176 2640 1418 2695 venimus
1437 2640 1503 2695 ad
1523 2640 1738 2695 domum
1760 2641 1987 2697 Domini.

416 2731 677 2795 Quartum
725 2729 946 2798 gradum
997 2729 1249 2798 aggressi,
1299 2731 1483 2786 oculos
1527 2745 1662 2799 quos
1690 2730 1755 2784 ad
1783 2739 1992 2787 montes

415 2820 800 2887 levaveramus,
827 2829 953 2877 tunc
981 2822 1275 2877 Ievavimus
1306 2822 1372 2878 ad
1401 2823 1587 2878 cmlos.
1619 2823 1677 2878 In
1697 2825 1884 2893 quinto
1905 2825 1989 2879 in—

416 2912 660 2967 venimus
709 2913 1109 2982 persecutiones
1165 2912 1469 2977 hominum,
1519 2923 1575 2968 et
1627 2912 1990 2969 defensionem

416 3004 531 3060 Dei.
565 3004 620 3059 In
673 3013 827 3060 sexto
876 3005 1156 3059 haereticos
1181 3003 1510 3059 declinantes
1550 3004 1604 3058 in
1645 3003 1986 3073 obligatione,

2103 1830 2259 1886 Modo
2287 1831 2446 1885 dicite
2480 1830 2628 1896 mihi,
2653 1829 2782 1901 quid
2809 1829 3136 1886 convenistis
3175 1842 3362 1884 omnes
3405 1827 3460 1881 in
3511 1840 3684 1882 unum

2099 1938 2215 1989 vos,
2256 1923 2346 1994 qui
2375 1922 2568 1977 fratres
2603 1922 2978 1988 nominamini,
3007 1929 3100 1975 aut
3127 1919 3267 1974 unde
3304 1919 3433 1974 estis
3461 1934 3683 1983 omnes,

2099 2012 2310 2080 fratres,
2351 2013 2633 2069 ostendite.
2671 2013 2748 2068 De
2784 2029 2912 2077 uno,
2951 2013 3143 2082 inquit,
3169 2010 3327 2065 Patre
3351 2009 3599 2072 Christo,
3634 2018 3684 2064 et

2098 2105 2166 2161 de
2211 2121 2315 2160 una
2359 2113 2533 2160 matre
2577 2104 2838 2160 Ecclesia.
2883 2104 3009 2160 Ideo
3052 2117 3180 2173 ergo
3225 2103 3584 2158 convenimus
3632 2103 3686 2158 in

2096 2200 2280 2262 imum,
2311 2197 2434 2264 quia
2461 2211 2562 2251 nos
2588 2210 2772 2251 servos
2799 2195 3112 2264 agnovimus
3137 2194 3366 2249 Domini.
3389 2193 3564 2247 Datur
3587 2209 3684 2248 no~

2095 2287 2178 2342 bis
2206 2301 2538 2356 responsum,
2568 2292 2622 2340 et
2648 2285 2841 2340 dicitur
2869 2303 2881 2337 :
2913 2283 3067 2340 Nunc
3099 2296 3226 2351 ergo
3253 2282 3376 2352 quia
3410 2283 3466 2336 in
3509 2298 3684 2338 unum

2096 2378 2420 2435 convenistis
2447 2393 2651 2443 omnes,
2677 2377 2978 2432 benedicite
3007 2377 3307 2441 Dominum,
3339 2389 3554 2440 omnes,
3607 2376 3685 2429 in~

2094 2469 2228 2538 quit,
2259 2468 2398 2523 servi
2421 2466 2649 2522 Domini.
2682 2464 2748 2521 Et
2774 2467 2898 2537 quia
2926 2473 3106 2536 potest
3130 2465 3252 2530 dici,
3282 2480 3471 2520 omnes
3495 2465 3685 2519 homi-

2095 2573 2190 2614 nes
2223 2558 2363 2613 servi
2390 2557 2602 2612 Domini
2629 2564 2770 2622 sunt,
2809 2556 3086 2626 respondit
3123 2573 3135 2608 :
3168 2554 3280 2623 Ego
3322 2555 3474 2610 vobis
3501 2557 3684 2611 servis

2093 2648 2233 2714 dico,
2263 2647 2354 2716 qui
2379 2647 2531 2702 statis
2552 2647 2604 2701 in
2633 2646 2794 2702 domo
2814 2645 3046 2708 Domini,
3070 2645 3161 2716 qui
3189 2645 3459 2700 meruistis
3488 2645 3684 2714 ingre-

2092 2740 2146 2795 di
2167 2739 2403 2804 domum,
2434 2739 2486 2792 in
2514 2752 2621 2809 qua
2647 2736 2933 2807 requiescit
2961 2736 3102 2791 Deus
3141 2750 3263 2791 cum
3301 2734 3489 2790 amicis
3539 2736 3678 2799 suis,

2092 2839 2148 2886 et
2173 2829 2419 2900 epulatur
2454 2843 2574 2883 cum
2614 2826 2869 2896 apoStoIis
2897 2825 3020 2882 suis.
3072 2823 3185 2880 Soli
3212 2837 3341 2893 ergo
3373 2825 3410 2878 ii
3439 2825 3680 2880 benedi-

2093 2927 2218 2978 cent
2240 2920 2542 2986 Dominum,
2593 2919 2684 2988 Qui
2724 2919 2868 2973 intus
2911 2917 2967 2972 in
3008 2914 3169 2972 domo
3210 2915 3382 2970 sunt?
3411 2914 3557 2980 Non,
3595 2916 3681 2969 in-

2091 3014 2225 3082 quit,
2253 3010 2352 3066 soli
2374 3009 2495 3080 ipsi,
2523 3008 2617 3064 sed
2637 3015 2692 3063 et
2717 3007 2752 3061 ii
2774 3007 2862 3076 qui
2891 3005 3066 3061 adhuc
3085 3005 3138 3059 in
3167 3005 3316 3059 atriis
3337 3003 3532 3058 domus
3554 3021 3680 3060 con-

415 3097 656 3168 praecipit
686 3096 943 3152 Dominus
971 3095 1128 3149 tradi.
1161 3094 1218 3149 In
1247 3095 1475 3164 septimo
1499 3095 1686 3164 gradu,
1741 3093 1866 3150 facti
1903 3110 1992 3150 su—
2017 3105 2064 3170 c
2093 3103 2304 3158 sistunt.
2336 3100 2405 3155 Et
2429 3116 2546 3165 vos,
2577 3114 2610 3154 ο
2638 3097 3026 3161 catechumeni,
3052 3103 3107 3151 et
3133 3110 3248 3162 vos,
3280 3094 3471 3164 inquit,
3503 3096 3607 3164 qui
3628 3096 3679 3150 in

414 3204 533 3243 Inus
557 3188 816 3253 laetantes,
839 3187 929 3256 qui
950 3186 1218 3242 fueramus
1246 3193 1372 3241 ante
1396 3185 1687 3257 plorantes.
1717 3184 1778 3241 In
1798 3192 1990 3242 octavo

413 3277 600 3347 gradu,
647 3275 1001 3332 aediﬁcantem
1039 3277 1256 3332 domum
1283 3284 1545 3342 sanetam,
1594 3293 1698 3330 non
1724 3275 1991 3330 habentem

414 3366 671 3422 maculam
715 3382 873 3439 neque
911 3383 1094 3437 rugam
1127 3365 1342 3439 (Ephes.
1382 3366 1437 3436 v)
1458 3406 1472 3430 ,
1505 3366 1802 3421 invenimus
1835 3364 1990 3420 Chri-

413 3465 574 3512 stum.
605 3457 662 3512 In
711 3472 856 3513 nono
882 3457 1051 3526 gradu
1080 3457 1306 3512 vidimus
1327 3457 1576 3511 timentes
1602 3456 1902 3524 Dominum,
1934 3464 1990 3513 et

413 3547 746 3604 ambulantes
775 3548 830 3602 in
858 3548 958 3602 viis
983 3547 1116 3616 ejus.
1140 3546 1196 3600 In
1225 3546 1434 3601 decimo
1453 3546 1622 3614 gradu
1641 3547 1784 3616 passi
1805 3562 1990 3603 sumus

415 3654 640 3712 pugnas,
671 3641 798 3695 etin
819 3638 1087 3708 adjutorio
1115 3637 1210 3691 Dei
1237 3636 1513 3691 victoriam
1533 3637 1790 3705 cepimus.
1811 3635 1870 3691 In
1897 3653 1991 3692 un-

413 3730 622 3785 decimo
650 3728 817 3798 gradu
845 3735 1046 3782 tantam
1075 3726 1498 3783 misericordiam
1547 3725 1645 3781 Dei
1672 3727 1986 3795 invenimus,

417 3829 476 3877 ut
519 3835 617 3892 per
645 3822 814 3891 ipsam
838 3819 1219 3874 redimeremur
1246 3818 1313 3874 ab
1341 3817 1586 3873 omnibus
1626 3818 1991 3888 iniquitatibus

415 3913 630 3968 nostris.
663 3912 720 3967 In
747 3911 1065 3967 duodecimo
1085 3909 1254 3979 gradu
1299 3910 1596 3965 invenimus
1623 3917 1990 3981 contemptum

413 4001 618 4069 mundi,
667 4002 719 4057 in
747 4013 856 4072 quo
907 4016 1015 4057 non
1059 4001 1326 4056 exaltatur
1346 4016 1442 4057 cor
1461 4009 1719 4057 nostrum.
1751 4001 1810 4056 In
1831 4004 1989 4059 tertio

413 4097 623 4152 decimo
649 4094 816 4164 gradu
845 4092 989 4148 illum
1036 4107 1196 4163 quem
1250 4095 1305 4149 in
1351 4092 1586 4164 Ephrata
1630 4093 1984 4168 audieramus,

414 4189 713 4244 invenimus
740 4188 794 4242 in
828 4186 1030 4257 campis
1057 4187 1219 4242 silvae.
1252 4187 1327 4242 lbi
1358 4188 1658 4243 invenimus
1682 4186 1874 4242 Filium
1894 4185 1990 4241 Dei

415 4295 538 4336 eum
565 4280 762 4335 sanctis
790 4279 899 4335 suis
945 4279 1302 4334 exsultatione
1325 4278 1700 4333 exsultantem.
1727 4276 1814 4332 Ibi
1833 4291 1989 4347 para-

417 4380 525 4426 tam
552 4371 821 4426 lucernam
842 4371 1053 4441 plenam
1075 4370 1196 4423 oleo
1225 4369 1436 4432 lmtitize,
1469 4368 1771 4424 vincentem
1793 4368 1988 4424 obscu-

412 4464 626 4518 ritatem
652 4461 854 4527 mundi,
885 4468 944 4514 ut
991 4459 1082 4528 qui
1122 4466 1275 4513 erant
1295 4458 1528 4512 tenebris
1550 4458 1859 4526 urgentibus
1879 4457 1986 4513 dis-

411 4555 596 4624 iuncti,
646 4560 700 4608 et
729 4567 825 4622 per
851 4540 1254 4606 aedificationem
1308 4547 1550 4618 superba
1579 4549 1738 4603 turris
1766 4564 1796 4603 a
1821 4564 1880 4603 se
1906 4549 1987 4602 in-

411 4645 583 4698 vicem
603 4642 854 4713 separati,
886 4655 1025 4696 nunc
1046 4653 1234 4694 omnes
1261 4639 1584 4694 conveniant
1611 4640 1666 4693 in
1713 4654 1896 4703 unum,
1927 4648 1986 4692 ut

412 4734 541 4788 illud
585 4734 784 4788 malum
821 4731 1099 4788 consilium
1149 4729 1242 4785 Dei
1271 4729 1495 4785 consilio
1523 4729 1842 4798 probaretur
1868 4743 1986 4784 esse

411 4833 728 4879 correctum.
752 4822 951 4878 Videns
971 4831 1185 4876 sanctus
1206 4821 1452 4891 Spiritus,
1476 4820 1823 4874 exclamavit:
1849 4819 1986 4875 Ecce

412 4931 571 4987 quam
613 4918 815 4971 bonum
844 4924 895 4971 et
947 4931 1106 4984 quam
1132 4913 1420 4984 jucundum
1447 4913 1689 4968 habitare
1718 4911 1907 4967 fratres
1933 4913 1985 4967 in

414 5007 602 5061 unum!
628 5006 836 5059 Habent
863 5006 1003 5060 enim
1029 5012 1353 5072 unguentum
1378 5003 1696 5068 chrismatis,
1729 5001 1872 5070 quod
1895 5002 1987 5056 de-

411 5097 621 5153 scendit
647 5096 715 5151 de
737 5096 912 5166 capite
939 5097 992 5151 in
1019 5096 1260 5161 barbam,
1292 5096 1394 5150 hoc
1421 5103 1522 5160 est,
1554 5094 1621 5149 de
1672 5093 1884 5149 Christo
1933 5095 1985 5147 in

412 5187 716 5243 virtutibus.
732 5185 880 5242 Sicut
900 5186 1040 5241 enim
1053 5187 1229 5256 capilli
1243 5186 1496 5256 capitiset
1515 5185 1693 5239 barba:
1715 5191 1986 5252 unguento

414 5281 778 5345 infunduntur,
835 5280 914 5335 sic
961 5279 1183 5333 virtutes
1235 5294 1443 5344 omnes,
1474 5293 1592 5346 quae
1633 5284 1819 5332 contra
1859 5274 1986 5329 vitia

412 5375 684 5429 luctantur
708 5370 967 5441 quotidie,
998 5375 1056 5424 ut
1083 5369 1296 5425 vincere
1323 5370 1552 5432 valeant,
1583 5366 1782 5422 Christi
1809 5366 1985 5421 infun-

412 5464 612 5519 duntur
630 5463 846 5518 auxilio.
877 5461 1013 5516 Nota
1039 5469 1214 5514 tamen
1235 5458 1550 5513 Chrismatis
1578 5464 1908 5512 sacramenta
1932 5456 1983 5509 in

415 5563 687 5622 unguento
713 5554 920 5624 capitis,
947 5561 998 5606 et
1027 5565 1207 5607 rorem
1232 5550 1468 5604 Hermon
1498 5549 1908 5604 descendentem
1932 5546 1984 5599 in

417 5655 651 5702 montem
705 5646 852 5714 Sion,
919 5647 984 5701 ad
1048 5645 1207 5701 fontis
1272 5643 1469 5698 undam
1535 5653 1682 5710 aqua:
1739 5639 1985 5710 perennis

2091 3192 2242 3247 atriis
2265 3191 2454 3246 domus
2474 3189 2569 3244 Dei
2595 3189 2762 3245 nostri
2783 3188 2956 3253 statis,
2978 3195 3034 3242 et
3060 3187 3202 3242 intus
3220 3185 3424 3254 ingredi
3455 3201 3572 3240 non
3595 3201 3679 3240 au-

2087 3283 2244 3349 detis,
2275 3289 2330 3338 et
2355 3296 2452 3337 vos
2491 3279 2649 3335 simul
2675 3279 2918 3335 extollite
2959 3293 3148 3333 manus
3183 3285 3391 3332 vestras
3422 3277 3579 3334 intus
3617 3278 3673 3332 in

2088 3382 2272 3434 saneta
2294 3381 2622 3438 sanctorum,
2655 3381 2710 3428 et
2740 3372 2898 3427 simul
2937 3370 3239 3426 benedieite
3275 3368 3596 3435 Dominum,
3629 3371 3678 3424 in

2091 3465 2286 3523 vexillo
2332 3467 2506 3522 crucis
2545 3465 2784 3521 levantes
2831 3454 3043 3519 sanctas
3090 3477 3299 3527 manus,
3339 3462 3460 3516 sine
3502 3463 3591 3517 ira
3629 3470 3679 3518 et

2087 3557 2472 3629 disceptatione
2497 3558 2549 3612 in
2571 3564 2729 3612 nocte
2756 3555 2913 3625 hujus
2941 3553 3138 3619 szeculi',
3161 3561 3415 3623 tanquam
3444 3553 3679 3608 lumina~

2088 3649 2169 3703 ria
2209 3648 2467 3713 lucentes,
2516 3655 2574 3702 ut
2619 3661 2716 3717 per
2759 3661 2859 3701 vos
2903 3643 3250 3700 benedicatur
3294 3639 3563 3698 Dominus
3610 3659 3680 3699 ex

2089 3736 2240 3801 Sion,
2265 3737 2358 3806 qui
2385 3735 2509 3791 fecit
2528 3736 2722 3791 caelum
2751 3742 2808 3790 et
2833 3741 3051 3799 terram,
3079 3734 3170 3802 qui
3198 3740 3386 3802 regnat
3415 3731 3470 3786 in
3494 3747 3677 3788 saecu-

2089 3827 2138 3881 la
2166 3827 2501 3882 saeculorum.
2533 3825 2744 3880 Amen.’

2549 3912 2858 3971 PSALMUS
2895 3909 3173 3968 CXXXIV.

2758 4003 3002 4058 Alleluia.

2163 4097 2395 4150 Laudate
2420 4111 2605 4150 nomen
2633 4093 2866 4158 Domini,
2897 4092 3125 4157 laudate,
3164 4092 3326 4156 servi,
3363 4088 3675 4144 Dominum.

2092 4185 2192 4251 Qui
2218 4187 2367 4240 statis
2387 4187 2442 4239 in
2471 4184 2621 4238 domo
2641 4182 2871 4246 Domini,
2903 4183 2957 4236 in
2984 4182 3132 4235 atriis
3154 4181 3332 4235 domus
3357 4177 3450 4232 Dei
3480 4180 3679 4234 nostri.

2090 4276 2326 4330 Laudate
2364 4273 2643 4328 Dominum
2682 4274 2803 4345 quia
2831 4271 2990 4326 bonus
3018 4269 3292 4334 Dominus,
3342 4266 3554 4338 psallite
3585 4284 3680 4320 no-

2089 4370 2215 4422 mini
2243 4367 2352 4437 ejus
2380 4367 2619 4438 quoniam
2657 4380 2830 4418 suave.
2881 4360 3136 4427 Quoniam
3172 4359 3336 4428 Iacob
3377 4359 3534 4429 elegit
3580 4358 3681 4410 sibi

2013 4465 2063 4524 D
2092 4459 2359 4523 Dominus,
2402 4455 2570 4511 Israel
2617 4456 2671 4508 in
2712 4454 3082 4524 possessionem
3117 4451 3235 4505 sibi.
3282 4447 3418 4512 Quia
3453 4464 3554 4518 ego
3587 4465 3680 4501 co-

2089 4552 2238 4622 gnovi
2275 4549 2410 4620 quod
2438 4563 2654 4619 magnus
2685 4555 2760 4600 est
2784 4544 3055 4608 Dominus,
3100 4552 3149 4596 et
3178 4540 3318 4594 Deus
3348 4547 3527 4594 noster
3568 4553 3682 4609 pra!

2091 4637 2323 4696 omnibus
2345 4639 2462 4692 diis.
2497 4638 2683 4690 Omnia
2720 4650 3028 4708 quotcunque
3067 4632 3225 4687 voluit
3263 4630 3518 4686 Dominus
3553 4631 3682 4700 fecit

2087 4733 2143 4785 in
2171 4730 2295 4784 coelo
2322 4729 2442 4783 etin
2471 4735 2626 4789 terra,
2656 4727 2710 4780 in
2738 4727 2869 4779 mari
2891 4726 3008 4778 etin
3025 4721 3256 4777 omnibus
3278 4721 3491 4792 abyssis.
3523 4719 3679 4772 Edu-

2091 4838 2209 4876 cens
2229 4818 2384 4874 nubes
2413 4817 2476 4871 ab
2501 4828 2730 4872 extremo
2753 4825 2921 4879 tet-rte,
2959 4816 3166 4885 fulgura
3194 4815 3250 4866 in
3271 4814 3492 4883 pluviam
3526 4813 3678 4881 fecit.

2095 4910 2196 4976 Qui
2222 4909 2466 4982 produxit
2503 4916 2674 4962 ventos
2715 4908 2778 4961 de
2824 4907 3076 4962 thesauris
3121 4906 3249 4969 suis,
3299 4905 3382 4975 qui
3418 4903 3682 4973 percussit

2089 5002 2429 5074 primogenita
2475 4997 2724 5070 1Egypti,
2773 4997 2837 5050 ab
2875 4998 3077 5050 homine
3103 5013 3260 5067 usque
3288 4995 3356 5048 ad
3383 5010 3562 5064 pecus.
3601 4991 3676 5045 Et

2087 5094 2228 5147 misit
2253 5094 2403 5163 signa
2429 5097 2479 5143 et
2507 5089 2742 5159 prodigia
2762 5089 2817 5141 in
2845 5087 3011 5141 medio
3034 5088 3125 5148 tui,
3162 5085 3412 5155 Afggpte,
3443 5085 3493 5136 in
3525 5082 3680 5135 Pha-

2085 5201 2300 5240 raonem
2321 5193 2371 5237 et
2408 5183 2463 5236 in
2492 5198 2665 5236 omnes
2691 5197 2862 5234 servos
2891 5179 3021 5249 ejus.
3073 5176 3174 5241 Qui
3215 5178 3462 5247 percussit
3486 5185 3678 5244 gentes

2086 5275 2294 5334 multas,
2325 5280 2374 5325 et
2395 5270 2581 5324 occidit
2603 5286 2748 5340 reges
2771 5271 2945 5340 fortes.
2969 5265 3109 5321 Seon
3138 5281 3315 5336 regem
3342 5263 3679 5316 Amori-hmo-

2089 5382 2222 5429 rum,
2254 5374 2301 5418 et
2331 5364 2409 5434 0g
2431 5379 2598 5433 regem
2621 5361 2818 5426 Busan,
2838 5369 2886 5413 et
2906 5358 3081 5413 omnia
3107 5373 3266 5428 regna
3295 5353 3566 5408 Chanaan.
3607 5354 3678 5406 Et

2091 5457 2231 5510 dedit
2254 5465 2443 5508 terram
2481 5469 2655 5507 eorum
2687 5451 3059 5512 hazreditatem,
3103 5448 3450 5502 hwreditatcm
3489 5442 3679 5498 Israel

2093 5546 2278 5617 populo
2299 5562 2410 5600 suo.
2441 5544 2682 5606 Domine,
2713 5558 2895 5596 nomen
2920 5547 3060 5592 tuum
3085 5538 3142 5592 in
3166 5545 3408 5592 internum
3431 5551 3447 5597 ;
3481 5529 3679 5586 Domi-

2098 5654 2178 5701 ne,
2211 5635 2502 5691 memoriale
2525 5645 2662 5689 tuum
2692 5635 2743 5686 in
2786 5630 3162 5702 generationem
3186 5637 3236 5682 et
3264 5621 3673 5700 generationem.
