3884 6184
190 321 274 382 δω
1053 314 1518 372 COMMENTARII
1557 314 1624 369 IN
1662 312 1988 370 PSALMOS.
2034 313 2222 371 PSAL.
2263 316 2516 373 CXXXV.

3317 312 3422 370 538

191 441 308 506 Quia
324 432 566 508 judicabit
588 429 838 485 Dominus
858 430 1100 500 pOpulum
1120 447 1287 495 suum,
1311 439 1359 484 et
1379 431 1434 484 in
1455 431 1611 484 servis
1631 430 1739 483 suis
1767 431 1818 490 Α
1843 430 2046 486 scilicet
2072 433 2293 488 consilia
2320 441 2650 504 respuentes,
2673 439 2729 488 et
2749 431 2842 487 Dei
2864 429 3084 487 consilia
3105 431 3424 500 amplecteno

190 526 536 603 deprecabitur.
567 523 860 578 Simulacra
885 523 1112 593 gentium
1146 533 1416 592 argentum
1453 533 1504 577 et
1531 539 1734 589 aurum,

191 639 331 693 opera
365 633 602 678 manuum
626 615 909 668 hominum.
943 611 1016 667 0s
1057 613 1249 667 habent
1293 622 1345 668 et
1381 630 1485 668 non
1525 614 1740 686 loquen-

193 725 279 778 tur,
302 710 464 766 oculos
485 707 668 761 habent
690 715 739 760 et
757 722 862 758 non
883 703 1142 759 videbunt.
1172 706 1334 759 Aures
1350 704 1538 760 habent
1559 713 1609 759 et
1635 723 1740 760 non

193 809 396 868 audient,
422 819 579 875 neque
605 801 742 856 enim
779 809 854 854 est
874 801 1085 870 spiritus
1110 801 1163 854 in
1189 816 1278 854 ore
1299 802 1546 870 ipsorum.
1579 800 1742 856 Simi-

194 902 254 954 les
279 899 373 953 illis
396 897 525 967 ﬁant
544 895 628 965 qui
652 892 850 964 faciunt
872 908 953 956 ea,
996 899 1047 944 et
1073 906 1248 944 omnes
1284 893 1367 962 qui
1393 893 1662 962 confidunt
1687 894 1742 947 in

195 995 274 1048 eis.
302 991 488 1044 Domus
511 986 700 1049 Israel,
729 984 1008 1038 benedicite
1042 981 1298 1046 Domino;
1331 973 1512 1038 domus
1541 986 1740 1050 Aaron,

195 1082 443 1150 benedicite
467 1078 719 1142 Domino;
747 1074 944 1129 Domus
984 1073 1128 1137 Levi,
1161 1073 1443 1127 benedicite
1483 1072 1740 1138 Domino;

193 1177 266 1248 qui
301 1173 474 1228 timetis
494 1169 793 1232 Dominum,
839 1164 1122 1219 benedicite
1159 1163 1401 1218 Domino.
1432 1162 1742 1218 Benedictus

194 1265 416 1321 Dominus
443 1277 508 1315 ea:
529 1259 660 1314 Sion
687 1259 772 1328 qui
802 1255 998 1309 habitat
1030 1257 1084 1308 in
1109 1253 1422 1308 Jerusalem.

685 1360 693 1386 ¹’
733 1361 1168 1403 (ΣΟΙΙΕΝΤΔΙΠΙΠΙ.

251 1444 390 1500 Scala
417 1441 516 1498 ista
553 1439 706 1508 cujus
733 1443 894 1506 caput
917 1435 1170 1506 pertingit
1209 1435 1262 1488 in
1293 1435 1487 1489 omium
1516 1431 1745 1503 quinde-

195 1539 282 1594 cim
303 1533 488 1604 gradus
531 1531 696 1586 habet
723 1529 776 1581 in
803 1527 1040 1595 quinque
1068 1525 1219 1581 libris
1247 1524 1435 1596 Moysi,
1485 1532 1541 1580 et
1569 1524 1622 1577 in
1651 1523 1746 1579 de-

195 1644 292 1684 cem
316 1623 588 1696 pneceptis
617 1619 785 1687 legis:
809 1618 882 1672 ibi
911 1617 1045 1687 lapis
1072 1616 1140 1670 ad
1169 1624 1331 1685 caput
1357 1614 1524 1671 Jacoh
1551 1622 1746 1670 unctus

193 1725 276 1783 est,
302 1716 381 1770 hic
407 1714 575 1784 ipsum
606 1715 767 1778 caput
793 1715 1010 1762 unctum
1039 1706 1106 1760 ad
1134 1721 1226 1761 ros
1252 1705 1488 1761 Hermon
1509 1705 1747 1760 destina-

1820 532 1938 579 -tes.
1971 524 2088 594 Ipse
2115 527 2258 580 enim
2287 526 2465 581 omnia
2493 539 2824 595 qumcunqne
2853 523 3021 578 voluit
3049 523 3173 578 fecit
3201 523 3253 576 in
3283 522 3422 577 cmlo

1838 623 1894 669 et
1923 615 1976 668 in
2004 623 2163 680 terra,
2196 616 2251 669 in
2280 615 2416 670 mari
2437 624 2492 669 et
2511 616 2564 668 in
2593 615 2816 686 abyssis.
2846 613 2966 683 Ipse
2996 615 3150 668 nobis
3170 612 3425 682 produxit

1838 705 2008 762 nubes
2035 706 2103 760 ab
2130 707 2384 760 extremis
2411 714 2588 771 teme,
2620 706 2673 759 id
2699 712 2800 770 est,
2847 705 3005 760 linem
3035 704 3292 760 facientes
3315 713 3426 758 ter-

1839 794 1982 849 renis
2011 797 2482 865 occupationibus;
2505 796 2604 850 hos
2632 796 2796 850 veluti
2824 795 2992 854 nubes
3019 795 3239 849 exhibet
3265 795 3423 848 mun-

1839 884 1909 940 do
1935 903 1947 938 :
1974 894 2196 955 propter
2217 885 2359 954 quod
2399 894 2454 940 et
2481 885 2687 953 fulgura
2717 886 2770 939 in
2799 886 3032 955 pluviam
3063 885 3206 948 fecit,
3239 885 3290 940 id
3318 893 3420 950 est,

1841 985 1900 1031 ut
1926 977 1980 1030 in
2010 977 2133 1045 igne
2158 974 2401 1046 lulgurco
2439 975 2724 1031 interﬁciat
2754 976 3043 1041 inimicum,
3070 982 3124 1030 et
3143 975 3279 1029 unda
3307 975 3427 1044 plu-

1840 1069 1942 1123 vim
1969 1069 2151 1123 abluat
2178 1078 2540 1138 peccatorem.
2589 1066 2658 1120 Et
2685 1067 2805 1136 quis
2832 1067 2937 1122 hoc
2970 1066 3140 1121 facit?
3186 1066 3276 1120 Ille
3311 1067 3424 1120 sine

1841 1161 2022 1226 dubio,
2052 1161 2144 1229 qui
2172 1160 2417 1231 producit
2446 1168 2633 1215 ventos
2667 1159 2736 1214 de
2764 1159 3030 1214 thesauris
3069 1159 3199 1221 suis,
3230 1159 3281 1212 id
3320 1165 3422 1220 est,

1843 1252 2118 1320 apostolos
2140 1251 2206 1306 de
2230 1251 2474 1306 sensibus
2503 1250 2631 1304 suis.
2661 1248 2810 1304 Sicut
2837 1249 2978 1304 enim
3003 1249 3152 1303 venti
3181 1247 3423 1310 navibus,

1841 1342 1913 1396 ita
1945 1341 2174 1410 apostoli
2201 1340 2496 1395 animabus.
2529 1340 2714 1395 Ventis
2741 1336 3009 1400 ﬂantibus,
3042 1353 3204 1391 naves
3231 1338 3298 1392 ad
3327 1337 3444 1391 de-'

1843 1433 2074 1488 siderata
2102 1434 2446 1503 pertingunt;
2477 1439 2534 1486 et
2560 1430 2818 1501 apostolis
2845 1429 3276 1499 prmdicantibus,
3309 1429 3424 1481 ani-

1844 1537 1944 1576 mm
1963 1523 2030 1577 ad
2049 1513 2318 1576 Christum
2346 1509 2439 1590 qui
2467 1527 2552 1575 est
2577 1534 2706 1574 vere
2728 1527 2935 1589 portus,
2961 1518 3300 1588 perveniunt.
3325 1516 3424 1581 Qui

1845 1611 2110 1681 percussit
2155 1610 2510 1681 primogenita
2541 1609 2594 1662 in
2624 1623 2784 1663 cruce
2828 1607 3056 1676 positus,
3105 1613 3155 1661 et
3201 1607 3271 1659 ita
3303 1621 3426 1674 per-

1845 1701 2028 1766 cussit,
2056 1708 2116 1755 ut
2141 1716 2248 1755 non
2275 1699 2498 1766 homini,
2534 1714 2641 1753 non
2662 1696 2856 1768 pecudi
2885 1695 3130 1752 crederet
3155 1709 3272 1749 esse
3297 1709 3426 1762 par-

194 1818 288 1863 tum
311 1814 404 1872 est,
424 1820 528 1859 non
558 1803 628 1858 ad
655 1815 814 1856 omne
843 1813 932 1855 ros
959 1797 1213 1853 Hermon.
1248 1797 1359 1852 Bos
1380 1798 1522 1852 enim
1546 1798 1744 1852 montis
1772 1787 1821 1846 B
1846 1791 2094 1847 cendum.
2164 1790 2432 1860 Quidquid
2498 1790 2641 1844 enim
2706 1787 3017 1858 Egyptium
3082 1793 3196 1852 est,
3271 1785 3427 1842 simul

195 1915 276 1969 per
299 1897 565 1952 circuitum
597 1893 760 1947 habet
785 1890 1106 1954 descensus;
1148 1903 1248 1943 nos
1275 1887 1342 1943 ad
1371 1888 1500 1943 illud
1540 1904 1632 1943 ros
1658 1897 1744 1942 at-

194 1989 432 2057 tingimus,
455 1984 601 2055 quod
627 1981 904 2038 descendit
931 1980 984 2034 in
1006 1987 1244 2033 montem
1272 1978 1422 2045 Sion,
1447 1980 1623 2034 solum
1647 1979 1746 2033 hu-

194 2081 263 2151 jus
286 2081 412 2136 roris
449 2077 654 2133 fontem
680 2082 803 2145 post
842 2079 1173 2141 unguentum
1220 2071 1523 2126 chrismatis
1561 2072 1744 2140 requi-

193 2181 365 2234 rentes,
394 2170 481 2240 qui
509 2169 563 2223 in
611 2173 850 2221 montem
879 2162 1030 2228 Sion,
1076 2161 1129 2216 id
1167 2170 1269 2224 est,
1315 2162 1367 2216 in
1409 2161 1746 2216 altitudinem

192 2266 304 2321 situs
355 2260 602 2317 Ecclesiae
653 2256 870 2328 proﬂuit
916 2255 1086 2320 venis,
1134 2262 1190 2308 et
1235 2254 1306 2308 ita
1339 2253 1655 2308 Trinitatem
1691 2254 1747 2308 in

193 2373 280 2412 una
314 2354 511 2432 Deitate
547 2350 848 2421 conjungit,
890 2354 950 2402 ut
995 2354 1051 2402 et
1094 2354 1204 2401 tres
1254 2359 1379 2400 vere
1415 2344 1588 2399 dicam
1629 2359 1748 2399 esse

193 2463 440 2519 personas,
465 2454 518 2500 et
547 2459 717 2499 unam
743 2455 872 2497 vere
899 2439 1074 2495 dicam
1115 2452 1233 2492 esse
1260 2436 1630 2491 substantiam.
1658 2435 1749 2491 Sic

194 2542 313 2595 enim
339 2538 575 2593 laudatur
611 2550 641 2588 a
669 2533 840 2589 servis
868 2529 1146 2586 Dominus.
1178 2526 1267 2582 Sic
1295 2540 1491 2581 nomen
1512 2524 1627 2594 ejus
1652 2540 1747 2580 ve-

194 2645 242 2686 re
264 2628 510 2684 laudabile
535 2625 883 2697 praedicatur,
927 2636 1046 2676 cum
1090 2620 1144 2673 in
1185 2617 1446 2672 Trinitate
1469 2616 1663 2680 unitas,
1695 2622 1752 2670 et

193 2725 238 2778 in
267 2723 455 2777 unitate
493 2719 748 2774 Trinitas
776 2731 871 2772 ore
897 2714 1110 2778 dicitur,
1160 2718 1216 2766 et
1255 2717 1474 2780 pectore
1501 2709 1749 2764 contine-

195 2823 300 2869 tur:
331 2824 448 2870 tunc
473 2811 769 2868 asserimus
795 2807 1048 2878 quoniam
1074 2806 1250 2860 bonus
1283 2811 1338 2858 et
1384 2802 1644 2871 benignus
1670 2809 1753 2856 est

198 2905 446 2970 Dominus;
468 2918 595 2957 nam
611 2901 658 2956 si
679 2899 781 2954 sibi
796 2897 1056 2966 majorem
1075 2901 1283 2964 partem
1304 2893 1527 2948 Deitatis
1545 2891 1754 2947 dicatur

203 2997 336 3050 Pater
361 3008 651 3055 assumere,
681 2998 774 3045 aut
799 2988 1022 3058 gradum
1049 2986 1151 3041 sibi
1177 2999 1338 3054 supra
1365 2983 1557 3038 Filium
1576 2981 1753 3037 homi-

1847 1899 1970 1938 cum
2029 1883 2271 1952 principe
2339 1880 2558 1952 Egypti
2622 1879 2871 1933 ﬂuctibus
2926 1877 3184 1946 mergitur
3205 1915 3220 1941 ,
3289 1876 3428 1946 perit

1847 1989 1969 2030 cum
2009 1973 2310 2036 Pharaone.
2353 1981 2408 2028 et
2453 1988 2574 2028 cum
2620 1973 2867 2028 omnibus
2911 1971 3079 2026 servis
3125 1970 3258 2040 ejus.
3295 1968 3427 2024 Cum

1848 2079 1978 2135 ergo
2031 2073 2252 2120 ventum
2298 2070 2441 2119 esset
2505 2062 2574 2116 ad
2623 2076 2816 2131 aquam
2864 2075 2983 2131 qum
3040 2060 3195 2114 nobis
3247 2056 3434 2112 salutis

1846 2157 1990 2210 viam
2019 2154 2247 2225 aperuit,
2276 2160 2330 2208 et
2360 2168 2548 2208 omnes
2573 2153 2665 2221 qui
2695 2167 2794 2207 nos
2822 2152 3280 2222 persequebantur
3299 2164 3432 2218 ope-

1849 2244 1973 2306 ruit,
2008 2253 2135 2298 tunc
2161 2241 2394 2298 confessi
2417 2255 2603 2296 sumus
2624 2255 2818 2294 nomen
2841 2239 3050 2294 Domini
3071 2239 3124 2291 in
3151 2245 3429 2303 :eternum,

1848 2343 1904 2390 et
1929 2335 2260 2403 suscepimus
2293 2331 2605 2387 memoriale
2633 2330 2770 2400 ejus,
2801 2337 2859 2384 ut
2886 2329 2956 2384 sit
2983 2329 3036 2382 in
3065 2327 3222 2382 nobis
3250 2327 3304 2381 iu
3331 2341 3430 2380 sm-

1847 2427 2024 2482 culum
2053 2425 2231 2480 szeculi
2267 2423 2545 2478 credentes
2571 2431 2850 2476 venturum
2889 2419 3168 2490 judicium,
3211 2419 3263 2472 in
3310 2432 3420 2486 quo
3521 2429 3524 2437 ‘

1849 2526 1970 2574 ‘cum
1995 2517 2314 2586 judicaverit
2344 2516 2492 2569 vivos
2519 2521 2574 2569 et
2601 2520 2862 2575 mortuos,
2907 2513 2959 2565 in
3000 2511 3130 2565 solis
3157 2510 3267 2564 suis
3295 2523 3426 2564 con-

1849 2610 2109 2664 solabitur
2152 2608 2344 2662 servis.
2377 2606 2566 2660 Melior
2605 2603 2746 2659 enim
2777 2602 2850 2656 ibi
2878 2601 3177 2655 invenietur
3198 2598 3432 2654 fornica-

1850 2708 1937 2755 tor
1963 2698 2315 2761 Christianus,
2335 2711 2494 2765 quam
2510 2694 2837 2749 castissimus
2867 2691 3165 2746 idololatra.
3195 2688 3427 2744 Simula-

1851 2807 1941 2847 cra
1969 2791 2110 2845 enim
2142 2790 2196 2844 in
2224 2789 2418 2858 quibus
2461 2800 2612 2856 spem
2657 2785 2862 2848 habuit,
2907 2783 3156 2837 habentia
3195 2782 3434 2837 membra

1852 2882 2032 2937 omnia
2061 2881 2176 2935 sine
2221 2893 2401 2943 sensu,
2449 2885 2505 2931 et
2551 2890 2766 2945 capsam
2813 2874 2930 2928 sine
2969 2873 3180 2942 spiritu.
3226 2869 3434 2926 Similes

1854 2971 1960 3026 illis
1986 2965 2145 3026 erunt
2171 2968 2502 3024 confidentes
2529 2966 2583 3019 in
2627 2965 2724 3027 eis,
2776 2963 2830 3017 id
2869 2970 2970 3027 est,
3001 2961 3160 3017 simili
3195 2960 3435 3016 incendio

203 3090 272 3143 nis
295 3088 568 3150 vindicare,
602 3101 715 3139 non
744 3089 803 3136 ut
828 3082 1001 3136 bonus
1033 3077 1298 3142 laudatur,
1328 3075 1423 3130 sed
1451 3083 1508 3128 ut
1529 3074 1756 3128 aemulus
1789 3143 1823 3150 Δ
1854 3060 2248 3125 conﬂabuntur,
2276 3075 2382 3113 non
2411 3058 2543 3111 utin
2579 3055 2848 3125 aliquibus
2878 3054 3061 3109 formis
3088 3052 3436 3118 deducantur,

203 3141 584 3253 biésbhematué.
619 3177 761 3232 Nihil
791 3187 918 3242 ergo
946 3173 999 3227 in
1020 3170 1132 3226 Deo
1152 3169 1325 3238 majus
1345 3176 1445 3233 εει,
1473 3167 1598 3236 quia
1617 3180 1755 3220 ιιιιη-
1778 3143 1825 3206 C
1857 3151 1953 3206 sed
1991 3158 2051 3205 ut
2094 3159 2298 3204 mterno
2344 3152 2728 3202 consumantur
2765 3143 3027 3198 incendio.
3079 3141 3205 3197 Sola
3251 3141 3438 3196 domus

1857 3242 1877 3253 -
2002 3241 2061 3253 ..
2147 3239 2197 3253 ..
2345 3238 2356 3250 .
2809 3232 2985 3253 nu”.
3035 3231 3197 3253 ,χω-λ
3258 3231 3306 3253 ε,.
3343 3237 3416 3253 ,,,.

203 3288 342 3343 quam
365 3273 589 3328 senescit
620 3269 800 3323 Pater.
832 3265 973 3320 Nihil
1000 3263 1177 3318 minus
1204 3261 1257 3314 in
1287 3259 1444 3325 Filio,
1461 3258 1585 3327 quia
1613 3272 1752 3311 nun-

205 3378 340 3432 quam
368 3364 572 3418 crescit.
608 3359 713 3415 Ubi
740 3358 883 3413 enim
910 3354 1086 3423 majus
1128 3351 1328 3421 aliquid
1355 3357 1410 3405 et
1448 3350 1621 3404 minus
1649 3354 1751 3415 est,

205 3462 250 3508 et
272 3454 446 3523 majori
466 3453 738 3508 defectum
763 3448 999 3502 minatur
1034 3441 1408 3513 grandzevitas,
1439 3446 1495 3495 et
1531 3439 1759 3509 pollice-

205 3554 278 3598 tur
315 3554 435 3600 tetas
481 3543 677 3600 minori
719 3539 1039 3612 profectum.
1080 3536 1174 3591 His
1212 3533 1465 3603 gradibus
1509 3531 1759 3586 divinitas

139 3620 147 3630 ’
205 3644 351 3704 caret,
387 3637 508 3707 quia
553 3649 666 3689 non
711 3639 794 3686 est
836 3628 980 3684 Deus
1025 3633 1324 3697 temporum
1372 3621 1660 3693 posterior.
1700 3618 1759 3674 Si

207 3730 326 3782 enim
347 3737 574 3800 tempora
605 3725 788 3794 aliqua
809 3729 933 3776 ante
959 3719 1131 3774 Deum
1157 3717 1394 3781 fuerunt,
1417 3713 1618 3769 faciunt
1637 3726 1760 3766 eum

207 3821 436 3890 majorem
462 3821 552 3890 qui
574 3818 739 3872 Pater
765 3821 849 3871 est
869 3820 924 3868 et
949 3811 1212 3866 minorem
1233 3824 1355 3864 eum
1375 3807 1467 3877 qui
1486 3805 1672 3860 Filius.
1703 3803 1761 3859 Si

208 3926 322 3968 vero
341 3920 458 3968 ante
483 3911 668 3968 omnia
694 3907 925 3976 genitus,

207 4004 292 4056 tuit
315 4003 680 4060 necessitatem
709 4000 1006 4068 imponere,
1038 3993 1162 4062 quia
1192 3998 1251 4046 ut
1279 3997 1421 4046 esset
1442 3995 1655 4058 tempus
1693 3986 1761 4040 ab

208 4107 263 4147 eo
287 4095 496 4164 sumpsit
518 4090 819 4149 exordium.
849 4086 942 4141 Sic
966 4097 1096 4151 ergo
1125 4083 1243 4136 laus
1278 4078 1490 4134 Domini
1527 4076 1764 4131 celebra-

209 4190 296 4249 tur,
317 4185 367 4239 in
391 4200 492 4254 qua
516 4181 677 4238 laude
704 4177 1002 4234 canendum
1044 4181 1146 4239 est,
1177 4169 1434 4242 quoniam
1460 4165 1627 4222 Jacoh
1647 4165 1760 4220 ele-

207 4273 269 4338 git
291 4273 382 4328 sibi
407 4253 685 4328 Dominus.
717 4267 889 4331 Hunc,
929 4264 1121 4334 inquit,
1153 4261 1334 4330 elegit,
1378 4259 1467 4328 qui
1506 4253 1761 4326 supplan-

208 4370 271 4417 tat
293 4364 664 4435 voluptuosum
691 4357 993 4420 consilium,
1030 4355 1247 4409 ethunc
1273 4351 1435 4404 habet
1463 4348 1515 4401 in
1544 4361 1760 4416 posses—

208 4454 404 4519 sionem,
427 4455 518 4526 qui
540 4451 743 4508 mundo
773 4448 936 4504 corde
963 4445 1143 4501 studet
1174 4442 1343 4496 Deum
1374 4439 1572 4494 videre.
1607 4436 1759 4491 Sicut

1855 3241 2021 3296 Israel
2048 3241 2102 3294 in
2147 3239 2229 3294 his
2268 3238 2360 3307 qui
2389 3236 2588 3292 mundo
2617 3234 2780 3290 corde
2809 3232 2990 3286 vident
3034 3231 3224 3292 Deum,
3258 3231 3306 3284 id
3339 3237 3440 3294 est,

1858 3331 1914 3385 in
1961 3328 2221 3400 apostolis
2257 3325 2474 3380 fundata
2522 3326 2634 3394 ipsa
2672 3323 3002 3386 liberabitur,
3048 3322 3100 3376 in
3131 3337 3233 3392 qua
3279 3321 3439 3376 domo

1857 3419 2125 3476 benedicit
2152 3418 2330 3471 Aaron
2360 3416 2415 3469 111
2453 3413 2838 3477 sacerdotibus,
2870 3421 2924 3466 et
2952 3411 3080 3474 Levi
3104 3412 3158 3465 in
3185 3411 3442 3465 ministris

1857 3525 1980 3566 cum
2006 3509 2091 3564 his
2115 3507 2206 3576 qui
2229 3506 2419 3560 timent
2446 3503 2753 3567 Dominum,
2796 3501 2848 3555 id
2877 3509 2978 3566 est,
3009 3515 3130 3555 cum
3159 3501 3305 3554 omni
3349 3516 3442 3570 po—

1857 3603 1986 3674 pulo
2013 3600 2335 3664 Christiano,
2363 3597 2458 3668 qui
2483 3597 2535 3650 in
2555 3593 2778 3650 canticis
2804 3591 3072 3647 Davidicis
3097 3591 3282 3660 psallit
3309 3590 3443 3644 alle-

1860 3694 1990 3759 luia,
2020 3689 2350 3747 benedicens
2394 3685 2681 3740 Dominum
2725 3699 2790 3738 ex
2834 3680 2984 3747 Sion,
3024 3681 3116 3750 qui
3161 3679 3364 3734 habitat
3393 3680 3443 3736 in

1858 3783 2174 3840 Jerusalem.
2225 3781 2378 3836 Illam
2423 3786 2705 3834 venturam
2744 3775 2812 3829 de
2859 3773 3027 3839 caelis,
3071 3773 3349 3843 prophetis
3391 3780 3445 3828 et

957 3862 1635 3972 {gggggm'ineguaqmm
1664 3910 1764 3965 ρο.
1860 3876 2120 3948 apostolis
2140 3871 2582 3972 concionaptibus
2608 3867 2891 3932 credimus,
2918 3867 2970 3920 in
2999 3880 3104 3968 qua
3124 3871 3314 3934 regnat
3343 3862 3445 3972 Pa-

1861 3978 1943 4024 ter
1969 3982 2090 4024 cum
2118 3965 2254 4021 Filio
2299 3972 2355 4019 et
2390 3961 2592 4033 Spiritu
2619 3967 2806 4016 sancto
2835 3973 2932 4028 per
2971 3957 3219 4012 universa
3249 3954 3442 4010 saecula

1860 4057 2200 4114 saeculorum.
2233 4054 2423 4108 Amen.

2355 4139 2669 4198 PSALMUS
2707 4137 2965 4193 CXXXV.

2394 4233 2641 4298 Alleluia,
2680 4230 2911 4285 alleluia.

1947 4329 2275 4400 Conﬁtemini
2323 4324 2548 4379 Domino
2595 4322 2837 4393 quoniam
2893 4317 3072 4380 bonus,
3119 4316 3360 4388 quoniam
3395 4315 3446 4372 in

1868 4434 2116 4480 (eternum
2141 4416 2494 4476 misericordia
2541 4415 2671 4486 ejus.
2698 4409 3029 4482 Conﬁtemini
3071 4405 3178 4460 Deo
3219 4405 3446 4470 deorum,

209 4543 328 4598 enim
363 4501 523 4600 1330b
561 4542 936 4613 supplantator
981 4535 1193 4596 dicitur,
1244 4532 1322 4586 sic
1375 4527 1540 4584 Israel
1579 4526 1763 4581 videns
1794 4503 1842 4562 ι)
1866 4517 2126 4589 quoniam.
2154 4509 2486 4582 Con/itemini
2529 4506 2754 4561 Domino
2795 4503 3136 4566 dominorum,
3186 4501 3446 4613 quoniam.

210 4629 370 4687 Deum.
400 4635 547 4690 Tunc
574 4631 853 4702 cognoscit
901 4627 1045 4698 quod
1094 4637 1317 4692 magnus
1362 4627 1444 4675 est
1485 4618 1761 4680 Dominus,

210 4737 312 4778 cum
337 4726 575 4781 habuerit
598 4720 1004 4778 mundissimum
1028 4724 1236 4787 pectus.
1262 4710 1416 4778 Quod
1433 4709 1478 4764 si
1504 4705 1763 4761 mundum

210 4826 302 4866 non
321 4813 488 4880 luerit,
515 4826 766 4881 magnum
792 4809 866 4864 illi
893 4807 1105 4861 videtur
1132 4805 1236 4858 hoc
1279 4799 1529 4855 saeculum
1548 4836 1562 4860 ,
1595 4803 1649 4849 et
1674 4801 1766 4848 aut

211 4916 440 4972 personas
479 4905 779 4965 mirabitur,
813 4907 906 4954 aut
932 4893 1358 4968 pulchritudines
1399 4889 1612 4944 illicitas
1653 4894 1767 4940 stu-

211 4993 354 5061 pebit.
381 4995 511 5050 Cum
535 5008 662 5049 vero
702 4989 930 5045 mundus
957 4986 1117 5040 fuerit
1145 4984 1373 5046 animus,
1407 4978 1538 5033 nihil
1561 4974 1766 5046 judicat

212 5083 568 5149 admirandum,
596 5084 694 5138 nisi
723 5081 895 5136 solum
923 5078 1112 5141 Deum,
1143 5083 1198 5129 et
1217 5075 1360 5127 hunc
1386 5083 1496 5141 pra:
1518 5066 1766 5123 omnibus

211 5173 298 5227 diis
322 5175 659 5230 admirabitur
685 5171 871 5226 Deum.
904 5165 1186 5234 Quomodo
1215 5178 1326 5233 prae
1353 5159 1602 5216 omnibus
1630 5156 1765 5227 diis?

211 5261 390 5319 Cautus
415 5271 656 5321 cantator
699 5261 955 5316 ausculta.
982 5257 1070 5310 Dii
1117 5255 1342 5328 gentium
1387 5248 1667 5308 dmmonia,
1711 5244 1766 5298 hi

213 5355 372 5410 mirari
400 5374 493 5412 nos
513 5357 696 5412 volunt
714 5350 1138 5426 pulchritudines
1154 5347 1440 5418 perituras,
1471 5340 1618 5396 verbi
1640 5354 1768 5393 cau-

213 5461 281 5512 53.
307 5452 356 5505 in
378 5451 603 5516 moeniis,
636 5450 686 5503 in
714 5446 979 5519 personis,
1023 5444 1074 5497 in
1105 5440 1289 5509 gloriis
1320 5435 1522 5500 mundi,
1555 5434 1608 5486 in
1637 5446 1766 5486 con-

213 5541 526 5608 cupiscentiis
555 5541 804 5609 fugitivis.
851 5537 985 5593 Cum
1033 5549 1162 5603 ergo
1209 5546 1319 5603 pra:
1349 5527 1598 5583 omnibus
1625 5526 1768 5579 hunc

215 5624 364 5684 Deum
399 5641 632 5686 nostrum
657 5640 855 5686 mterna
886 5627 1039 5683 nobis
1081 5621 1452 5679 ostendentem
1483 5614 1764 5685 amplecti-

211 5731 340 5786 .mm‘.
369 5729 489 5777 tunc
506 5738 625 5776 eum
650 5738 756 5793 pm
784 5718 1033 5778 omnibus
1053 5716 1152 5772 diis
1180 5716 1525 5772 honoramus,
1555 5709 1767 5762 illorum

1868 4608 1969 4674 Qui
2022 4607 2143 4680 fecit
2168 4601 2425 4659 mirabilia
2472 4598 2860 4670 magna'solus,
2905 4593 3166 4666 quoniam.
3201 4589 3302 4653 Qui
3332 4591 3447 4661 fecit

1866 4699 2019 4754 caelos
2046 4698 2101 4751 in
2121 4694 2400 4754 intellectu,
2425 4691 2685 4763 quoniam.
2719 4683 2817 4749 Qui
2837 4684 3058 4754 ﬁrmavit
3087 4690 3275 4735 terram
3301 4696 3450 4750 super

1867 4807 2052 4860 aquas,
2080 4787 2340 4858 quoniam.
2370 4781 2470 4846 Qui
2501 4782 2620 4852 fecit
2644 4778 2922 4832 luminaria
2951 4791 3159 4846 magna,
3186 4776 3446 4845 quoniam.

1870 4880 2042 4937 Solem
2063 4881 2118 4932 in
2132 4883 2432 4948 potestatem
2457 4871 2577 4932 diei,
2602 4869 2862 4940 quoniam.
2897 4864 3102 4917 Lunam
3133 4872 3181 4917 et
3204 4864 3378 4918 stellas
3401 4865 3452 4916 in

1872 4981 2173 5044 potestatem
2201 4968 2385 5029 noctis,
2426 4962 2690 5034 quoniam.
2725 4956 2825 5021 Qui
2870 4957 3116 5028 percussit
3167 4954 3452 5027 Egyptum

1869 5082 1985 5121 cum
2031 5059 2386 5135 primogenitis
2439 5069 2633 5118 eorum,
2682 5051 2944 5123 quoniam.
2986 5047 3049 5101 In
3077 5065 3234 5102 manu
3263 5048 3451 5118 potenti

1871 5167 1919 5211 et
1941 5154 2150 5208 brachio
2177 5149 2394 5211 excelso,
2428 5143 2688 5217 quoniam.
2720 5139 2820 5203 Qui
2865 5139 3034 5192 divisit
3060 5155 3202 5192 mare
3225 5136 3451 5189 Rubrum

1871 5251 1927 5303 in
1951 5247 2246 5306 divisiones,
2279 5240 2540 5312 quoniam.
2586 5234 2656 5288 Et
2683 5233 2860 5287 eduxit
2891 5231 3060 5286 Israel
3109 5248 3198 5301 per
3232 5228 3451 5282 medium

1871 5339 2002 5408 ejus,
2035 5335 2295 5408 quoniam.
2331 5328 2398 5382 Et
2425 5327 2647 5382 excussit
2669 5323 3001 5376 Pharaonem
3015 5331 3063 5374 et
3085 5322 3313 5374 virtutem
3343 5321 3453 5387 ejus

1870 5406 1925 5482 in
1950 5406 2082 5481 mari
2113 5421 2306 5485 Rubro,
2337 5418 2602 5491 quoniam.
2636 5411 2735 5480 Qui
2767 5412 3000 5465 traduxit
3045 5406 3284 5478 populum
3309 5422 3452 5458 suum

1873 5537 1964 5591 per
1992 5518 2267 5579 desertum,
2296 5512 2557 5585 quoniam.
2603 5505 2702 5570 Qui
2732 5504 2980 5575 percussit
3027 5515 3172 5569 reges
3216 5513 3449 5565 magnos,
3483 5540 3489 5547 .

1874 5610 2136 5682 quoniam.
2159 5605 2228 5659 Et
2249 5603 2435 5659 occidit
2465 5615 2606 5671 reges
2636 5599 2814 5668 fortes,
2841 5591 3099 5664 quoniam.
3129 5586 3266 5641 Seou
3286 5602 3454 5654 regem

1879 5701 2309 5762 Amorrha‘orum,
2349 5695 2616 5768 quoniam.
2675 5687 2741 5740 Et
2774 5683 2853 5755 0g
2896 5697 3060 5752 regem
3093 5679 3293 5746 Busan,
3331 5694 3456 5746 quo-
