3926 6176
433 255 535 308 559

1753 237 2018 293 ΛΒΧΟΒΠ
2059 235 2357 292 JUNlURlS

3519 232 3608 286 530

435 357 591 421 niam.
623 365 694 420 Et
720 363 859 419 dedit
885 372 1071 418 terrant
1115 376 1290 415 eorum
1320 355 1692 418 litereditutem,
1739 353 1997 424 quoniam.
2034 352 2081 410 Α
2107 348 2421 418 Quicunque
2474 346 2614 400 enim
2662 342 2853 397 viderit
2906 342 3060 396 Deum
3107 342 3155 394 in
3199 340 3381 396 Christo
3407 345 3609 401 mundani

439 456 805 510 Hereditatem
833 453 1000 506 Israel
1044 467 1187 504 servo
1217 465 1327 513 suo,
1373 447 1635 519 quoniam.
1671 442 1806 507 Quia
1833 444 1886 496 in
1927 441 2017 493 ltu-

438 546 651 599 militate
675 552 852 598 nostra
873 556 1066 594 memor
1086 541 1182 610 fuit
1205 538 1390 600 nostri,
1415 535 1677 607 quoniam.
1709 531 1779 585 Et
1803 530 2020 585 redemit

439 652 531 690 nos
551 634 614 688 ab
658 633 879 686 inimicis
902 631 1110 692 nostris,
1143 627 1406 699 quoniam.
1442 622 1543 688 Qui
1571 624 1662 676 dat
1687 638 1858 676 escam
1877 621 2019 674 omni

440 725 602 784 carni,
626 722 889 793 quoniam.
915 717 1244 787 Confitemini
1272 714 1402 781 Deo,
1433 713 1566 777 cazli,
1596 712 1857 783 quoniam.
1882 708 2019 764 Con-

441 814 654 884 ﬁtemini
702 810 927 864 Domino
969 808 1314 871 dominorum,
1375 803 1618 875 quoniam
1669 802 1726 855 in
1772 810 2020 856 azternum

439 902 794 960 misericordia
823 901 954 972 ejus.

1023 981 1457 1024 COMMENTARIUI.

513 1085 772 1140 Venimus
799 1082 866 1137 ad
895 1081 1109 1136 alleluia
1137 1079 1281 1149 quod
1307 1077 1504 1148 duplex
1532 1075 1803 1140 scribitur,
1832 1074 1885 1128 in
1912 1087 2021 1142 quo

444 1176 569 1230 illud
601 1174 906 1237 considero,
935 1170 1079 1240 quod
1108 1184 1208 1224 nec
1235 1185 1362 1224 caro
1407 1169 1523 1224 sine
1552 1166 1748 1230 anima,
1777 1179 1880 1218 nec
1907 1162 2023 1217 ani-

445 1283 528 1321 ma
552 1267 668 1321 sine
697 1279 858 1319 carne
883 1261 1084 1331 poterit
1110 1260 1336 1314 Domino
1363 1255 1627 1313 conﬁteri.
1658 1254 1777 1308 Duo
1807 1267 1935 1321 ergo
1967 1253 2022 1308 in

445 1371 609 1410 Illllllll
657 1354 764 1407 duo
813 1351 1025 1405 alleluia
1071 1349 1378 1412 decantent,
1410 1355 1470 1402 ut
1505 1347 1633 1401 dum
1672 1351 1798 1399 sunt
1834 1343 1888 1396 in
1915 1357 2024 1396 uno

444 1447 564 1500 rita:
593 1443 753 1513 hujus
782 1441 1031 1506 transitu,
1061 1437 1349 1495 conﬁtendi
1401 1437 1643 1492 ordinem
1670 1442 1909 1498 teneant,
1939 1431 2024 1486 di-

446 1545 531 1590 cat
575 1549 701 1589 caro
747 1533 962 1587 alleluia
989 1547 1165 1596 suum,
1195 1529 1336 1584 dicat
1391 1528 1566 1581 anima
1613 1541 1788 1581 suum.
1819 1522 2027 1592 Duplex

446 1627 607 1680 homo
634 1634 736 1690 est,
769 1625 968 1694 duplex
1007 1622 1220 1677 alleluia
1268 1628 1372 1676 est.
1419 1618 1656 1687 Uterque
1696 1615 2026 1672 conﬁtemini

2117 440 2474 494 conciliantem
2495 431 2795 503 sibi(|lCor.
2819 433 2893 503 ν),
2914 433 3074 487 Israel
3095 432 3275 497 factus,
3297 443 3460 503 utpote
3479 435 3613 492 Deum

2117 531 2320 595 videns,
2374 529 2618 584 educitur
2662 529 2730 581 de
2785 533 2926 579 terra
2972 523 3184 595 )Egypﬁ
3218 540 3366 594 quam
3399 531 3618 595 percussit

2118 623 2392 678 Dominus.
2421 620 2489 675 Et
2507 617 2776 690 quomodo
2797 617 3042 688 ejicitur?
3062 616 3118 670 ln
3139 632 3308 682 manu,
3326 617 3496 686 inquit,
3520 619 3620 675 forti

2117 724 2174 771 et
2199 713 2420 770 brachio
2447 711 2680 768 excelso.
2712 709 2908 777 Utique
2955 709 3009 762 in
3047 708 3315 763 altitudine
3347 709 3503 763 crucis
3535 710 3625 764 ele-

2115 815 2243 864 vato
2266 805 2507 870 brachio,
2550 818 2658 872 quo
2686 801 2922 856 excussit
2951 798 3275 852 Pharaonem
3300 807 3351 853 et
3377 801 3628 855 exercitum

2119 898 2254 968 ejus,
2279 897 2330 952 id
2359 902 2461 961 est,
2491 895 2544 949 in
2593 895 2808 964 abysso,
2837 891 2928 946 ubi
2953 898 3164 945 ueterum
3191 891 3408 945 tenebras
3431 907 3630 946 commo-

2118 996 2307 1044 rantur
2325 988 2378 1042 in
2399 985 2539 1040 sinu.
2566 983 2633 1038 Et
2662 982 2955 1038 transducit
2982 980 3232 1051 populum
3253 996 3394 1035 suum
3417 981 3466 1034 in
3483 980 3632 1036 deser-

2121 1086 2253 1144 tum,
2281 1077 2528 1133 videlicet
2555 1075 2622 1130 ad
2665 1073 2947 1128 consilium
2974 1074 3042 1127 ab
3076 1072 3314 1127 omnibus
3339 1072 3470 1127 curis
3493 1089 3632 1127 saecu-

2123 1170 2326 1225 laribus
2354 1169 2588 1222 alienum
2621 1185 2633 1218 :
2659 1166 2730 1220 ibi
2747 1175 2803 1219 et
2829 1164 3008 1218 educit
3034 1178 3226 1231 aquam
3252 1162 3314 1216 de
3342 1169 3478 1231 petra
3497 1163 3633 1232 rupis,

2123 1268 2179 1315 et
2206 1259 2437 1330 percutit
2465 1258 2724 1312 adversus
2751 1270 2874 1310 eum
2915 1262 3149 1308 armatas
3173 1262 3350 1322 gentes
3387 1254 3571 1318 multas,
3597 1255 3635 1308 id

2126 1357 2227 1415 est,
2250 1349 2606 1419 cogitationes
2632 1346 2862 1415 iniquas,
2893 1353 2949 1400 et
2966 1358 3120 1413 rcges
3144 1346 3322 1409 fortes,
3345 1343 3394 1398 id
3416 1352 3504 1407 est,
3523 1345 3639 1414 prin-

2125 1440 2272 1510 cipes
2300 1437 2442 1492 aeris
2463 1435 2622 1505 hujus
2648 1435 2852 1489 mundi.
2884 1433 2951 1487 Et
2978 1434 3121 1489 Seon
3151 1448 3326 1502 regem
3350 1432 3642 1488 Amorrhaio-

2125 1543 2264 1584 rum.
2294 1526 2635 1582 Amorrhzeos
2681 1523 2944 1579 llebraico
2990 1538 3240 1578 sermone
3287 1531 3544 1577 extraneos
3582 1522 3644 1576 in-

2129 1626 2515 1689 terpretantur.
2539 1616 2737 1684 Regem
2759 1629 2887 1683 ergo
2917 1613 3365 1677 Amorrhrcorum,
3391 1612 3438 1667 id
3463 1619 3550 1672 est,
3575 1627 3648 1665 ex-

447 1717 694 1781 Domino,
736 1716 910 1784 primo
932 1715 1187 1783 quoniam
1224 1712 1416 1776 bonus,
1448 1717 1504 1764 et
1531 1716 1717 1778 postea
1745 1707 1887 1762 bona
1916 1705 2030 1760 fue-
2057 1712 2105 1773 Β
2132 1719 2458 1775 traneorum,
2496 1708 2749 1763 interficit
2773 1707 3049 1762 Dominus.
3076 1706 3144 1760 Et
3169 1720 3344 1774 regem
3371 1705 3541 1759 Basan.
3568 1703 3649 1757 Ba—

449 1809 518 1862 rit
544 1806 811 1863 confessio
840 1803 959 1858 fidei
982 1810 1200 1857 nostrae.
1223 1800 1373 1854 Tunc
1393 1800 1635 1854 dicamus
1658 1815 1670 1850 :
1697 1796 1755 1850 In
1776 1796 2028 1850 szceulnm

450 1895 817 1952 misericordia
845 1893 979 1963 ejus.
1013 1892 1126 1947 Non
1159 1899 1339 1962 potest
1378 1889 1553 1960 perire
1596 1888 1862 1943 confessio
1892 1885 2026 1955 ejus,

451 1989 543 2058 qui
568 1988 622 2040 in
653 1987 757 2039 isto
784 1983 978 2038 sarculo
1006 1997 1104 2037 sua
1139 1982 1346 2046 delicta,
1367 1989 1604 2035 accusat.
1635 1977 1876 2032 Inveniet
1916 1977 2033 2030 sine

450 2078 612 2132 dubio
638 2077 895 2145 pietatem
923 2073 1039 2138 Dei,
1071 2072 1163 2141 qui
1202 2087 1354 2126 suam
1375 2071 1425 2124 ei
1451 2069 1844 2124 confessionem
1872 2068 2032 2123 obtu-

451 2169 572 2223 lerit
613 2168 706 2222 :si
757 2167 998 2236 quotidie
1045 2165 1276 2234 accipiat
1322 2161 1718 2219 confessionem
1770 2168 2030 2226 nostram,

450 2259 690 2329 quotidie
716 2274 866 2313 suam
901 2258 1057 2312 nobis
1086 2257 1382 2311 bonitatem
1413 2254 1669 2323 impartit.
1702 2251 1769 2306 Et
1793 2252 1840 2306 si
1864 2266 1961 2306 nos
1981 2251 2035 2304 in

453 2350 756 2406 confitendo
785 2366 891 2404 non
920 2347 1246 2412 deﬁciamus,
1276 2345 1546 2415 quomodo
1574 2344 1663 2398 ille
1690 2345 1744 2397 in
1773 2343 2036 2397 miseren-

453 2442 522 2496 do
550 2441 818 2497 cessabit?
856 2439 1222 2500 Peccavimus,
1252 2453 1448 2506 negare
1479 2452 1584 2491 non
1607 2449 1910 2506 possumus,
1942 2433 2039 2486 ha-

454 2531 641 2586 bemus
669 2531 832 2584 multa
863 2537 1101 2599 peccata.
1134 2529 1303 2582 Aliter
1330 2528 1408 2582 eis
1438 2542 1546 2580 non
1586 2525 1906 2588 carebimus,
1938 2523 2040 2577 nisi

455 2623 697 2693 quotidie
752 2630 810 2675 ut
849 2621 1004 2675 nobis
1029 2621 1368 2674 dimittantur
1419 2619 1702 2672 Dominum
1732 2630 2037 2671 exoremus.

455 2712 732 2780 Siquidem
759 2710 876 2778 ejus
918 2709 1162 2764 doctrina
1191 2709 1279 2771 sit,
1311 2707 1527 2760 Dimitte
1575 2705 1722 2760 nobis
1751 2703 1922 2758 debita
1946 2720 2043 2758 no-

457 2811 564 2854 stra
593 2799 807 2871 (Matth.
840 2799 935 2867 γι).
961 2797 1327 2852 Cuntiteamur
1369 2813 1466 2850 nos
1493 2796 1762 2851 debitores
1788 2789 2042 2856 debitori,

459 2905 582 2943 nam
611 2899 668 2944 et
695 2906 793 2943 nos
819 2891 1091 2944 debitores
1133 2904 1316 2944 sumus
1344 2888 1476 2950 Deo,
1509 2897 1565 2942 et
1593 2889 1733 2942 Deus
1767 2895 1856 2943 est
1889 2886 2044 2942 nobis

459 2981 692 3035 debitor.
727 2980 997 3048 Rogemus
1025 2995 1092 3033 ne
1119 2980 1396 3047 exigamur
1430 2977 1574 3047 quod
1619 2978 1898 3032 debemus.
1931 2977 2042 3032 Ro-

2129 1817 2227 1858 san
2263 1799 2585 1871 profundum
2620 1799 2830 1854 Hebrmi
2866 1799 3070 1853 dicunt.
3103 1797 3173 1852 Et
3198 1813 3372 1866 regem
3399 1813 3515 1866 ergo
3552 1813 3652 1866 pro-

2130 1891 2300 1959 fundi,
2331 1892 2424 1961 qui
2452 1907 2551 1946 nos
2577 1891 2644 1945 de
2671 1890 3037 1959 superioribus
3077 1889 3148 1944 ad
3178 1888 3419 1944 inferiora
3449 1888 3549 1943 vult
3579 1888 3655 1942 dus

2128 1998 2273 2049 cere,
2295 1983 2514 2038 ethunc
2539 1982 2790 2036 interﬁcit
2817 1979 3086 2047 Christus,
3110 1989 3168 2035 et
3198 1981 3374 2035 omnia
3399 1995 3545 2049 regna
3568 1979 3666 2048 ejus

2131 2076 2224 2144 qui
2250 2082 2334 2130 est
2361 2075 2547 2128 irrisor
2573 2073 2854 2140 interﬁcit;
2885 2073 3052 2129 Cbam
3079 2074 3224 2128 enim
3270 2073 3448 2127 irrisor
3473 2071 3662 2140 exponi-

2133 2173 2238 2220 tur.
2265 2164 2406 2234 Ergo
2427 2180 2548 2220 cum
2569 2165 2669 2220 hos
2693 2180 2881 2220 omnes
2901 2164 3232 2220 interfecerit
3253 2165 3404 2220 nobis
3427 2162 3663 2226 Dominus,

2133 2261 2260 2309 tunc
2285 2253 2378 2308 dat
2405 2261 2602 2308 terram
2631 2269 2841 2318 eorum,
2885 2253 2939 2307 id
2984 2261 3084 2321 est,
3117 2270 3345 2324 corpora
3397 2263 3580 2315 nostra,
3620 2252 3664 2306 in

2141 2342 2334 2412 quibus
2363 2341 2439 2396 illi
2465 2342 2779 2411 regnabant,
2803 2342 2896 2397 dat
2919 2357 3038 2397 eam
3059 2343 3218 2398 nobis
3237 2344 3288 2398 in
3309 2342 3667 2398 hatrcditatem:

2136 2433 2184 2489 si
2210 2442 2390 2489 tamen
2427 2435 2552 2490 facti
2591 2434 2753 2489 Israel
2776 2435 2944 2490 Deum
2973 2435 3156 2490 videre
3199 2451 3296 2506 per
3322 2435 3487 2499 ﬁdem,
3515 2445 3670 2491 etnon

2136 2543 2238 2597 per
2261 2527 2495 2597 speciem
2526 2529 2825 2598 cupiamus.
2857 2527 3047 2582 Videat
3073 2536 3200 2598 post
3222 2529 3334 2584 hmc
3363 2516 3672 2584 humilitatem

2139 2626 2398 2684 nostram,
2429 2627 2484 2673 et
2505 2619 2695 2673 liberet
2724 2634 2823 2673 nos
2842 2618 2911 2673 de
2936 2633 3099 2674 manu
3120 2621 3360 2675 omnium
3382 2621 3673 2675 inimicorum

2139 2716 2467 2764 nostrorum.
2491 2708 2580 2764 Sic
2601 2705 2744 2764 enim
2765 2717 2820 2764 et
2850 2709 2903 2763 in
2926 2710 3032 2764 alio
3059 2710 3270 2780 psalmo
3293 2711 3386 2776 ait,
3413 2712 3496 2782 qui
3515 2711 3675 2764 libera-

2142 2807 2255 2855 tum
2284 2815 2343 2855 se
2373 2815 2492 2856 esse
2517 2801 2752 2856 cantavit
2783 2819 2796 2854 :
2831 2799 3146 2856 Humiliatus
3192 2819 3324 2865 sum,
3366 2804 3542 2872 inquit,
3567 2813 3608 2856 et
3623 2803 3676 2854 ti-

2143 2891 2336 2946 beravit
2362 2909 2445 2946 me
2475 2891 2590 2962 (Ps.
2624 2891 2787 2961 cm).
2807 2892 3093 2948 Videamus
3122 2895 3208 2950 isti
3229 2897 3334 2956 duo
3361 2895 3584 2950 versiculi
3605 2893 3677 2962 qui

2143 2992 2448 3053 supersunt,
2480 2999 2586 3054 quo
2615 2985 2909 3040 intendant.
2942 2985 3042 3052 Qui
3065 2986 3156 3040 dat
3186 3004 3362 3042 escam
3386 2989 3518 3042 omni
3539 2987 3677 3040 carni.

456 3086 645 3139 gemus
674 3087 741 3124 ne
770 3069 957 3124 reddat
984 3069 1127 3138 quod
1149 3069 1328 3123 debet.
1353 3069 1443 3123 Vze
1471 3083 1598 3137 ergo
1629 3068 1801 3134 nobis,
1827 3068 1873 3122 si
1899 3066 2044 3136 quod
2069 3070 2116 3134 C
2146 3073 2214 3129 Et
2238 3073 2566 3130 conﬁtemini
2619 3075 2730 3131 Deo
2760 3077 2902 3141 coeli,
2929 3078 3080 3145 quasi
3108 3079 3198 3145 qui
3230 3069 3371 3133 dicat
3403 3097 3415 3131 :
3445 3077 3584 3141 lei,
3618 3082 3680 3129 tc-

458 3161 719 3216 debemus
740 3161 1000 3228 exegerit.
1035 3160 1172 3213 Nihil
1202 3159 1354 3224 dicis,
1384 3159 1539 3228 quasi
1566 3173 1672 3213 non
1701 3157 1845 3213 Deus
1872 3157 2044 3212 omni-

463 3263 675 3322 potens,
718 3263 771 3306 et
812 3267 975 3320 regna
1013 3252 1273 3307 caelorum
1301 3251 1494 3306 debeat
1519 3267 1638 3320 qua:
1664 3251 1927 3321 promisit.
1953 3250 2047 3305 Va:

463 3345 634 3408 nobis,
662 3348 705 3398 si
735 3344 878 3413 quod
899 3344 1058 3398 debet
1087 3343 1394 3398 reddiderit.
1427 3342 1626 3397 Verum
1652 3344 1776 3412 quia
1798 3343 1918 3413 pius
1941 3349 2042 3408 est,

463 3446 519 3490 et
551 3437 689 3491 Deus
715 3436 936 3490 deorum
987 3445 1088 3500 est,
1121 3443 1177 3490 et
1220 3435 1478 3490 Dominus
1503 3435 1864 3500 dominorum,
1895 3436 2049 3506 quasi

459 3529 557 3596 qui
587 3529 716 3582 nihil
748 3528 948 3596 indiget
967 3527 1235 3595 rogandus
1250 3535 1333 3580 est
1353 3534 1410 3580 ut
1430 3526 1683 3580 dimittat.
1707 3525 1850 3580 Sane
1879 3535 1934 3580 tu
1955 3526 2048 3594 qui

460 3620 885 3674 misericordiam
915 3619 1140 3687 flagitas,
1187 3619 1326 3673 scias
1352 3618 1479 3686 quia
1509 3633 1615 3672 non
1656 3617 1914 3682 invenies,
1948 3617 2050 3672 nisi

467 3719 624 3764 recta:
661 3711 780 3763 ﬁdei
832 3710 994 3764 fueris
1041 3709 1380 3764 confessione
1432 3708 1736 3764 decoratus.
1781 3707 2051 3764 Conﬁtere

469 3817 598 3870 ergo
632 3803 772 3856 hunc
800 3818 918 3856 esse
947 3801 1115 3855 Deum
1140 3809 1310 3866 tuum,
1337 3801 1428 3869 qui
1457 3800 1581 3855 fecit
1599 3801 1766 3856 cmlos
1814 3801 1865 3855 in
1890 3801 2050 3855 intel-

471 3890 610 3946 lectu
646 3901 849 3954 nostro,
882 3901 940 3945 ut
968 3892 1199 3960 ipsorum
1229 3891 1385 3945 nobis
1423 3891 1571 3944 solus
1599 3891 1937 3961 pulchrescat
1963 3906 2052 3945 as-

473 3991 691 4052 pectus;
723 3982 814 4051 qui
862 3981 1098 4036 fundavit
1126 3989 1321 4035 terram
1365 3995 1530 4050 super
1557 3994 1740 4049 aquas,
1773 3988 1833 4034 ut
1859 3995 2054 4050 corpus

473 4080 713 4126 nostrum
743 4070 883 4125 unda
913 4071 1048 4126 sacri
1096 4071 1431 4140 baptismatis
1474 4071 1756 4135 abluatur;
1787 4071 1878 4137 qui
1927 4071 2054 4126 fecit

471 4163 752 4217 luminaria
781 4163 886 4217 duo
916 4147 1107 4230 magna
1137 4162 1302 4225 solus,
1330 4177 1496 4216 unum
1527 4162 1579 4216 in
1619 4161 1706 4216 die
1729 4162 1851 4216 novi
1873 4160 2056 4215 Testa-

472 4255 654 4319 mcnti,
684 4255 830 4324 quod
882 4256 1023 4310 sicut
1051 4257 1131 4310 sol
1177 4255 1353 4310 radiat
1401 4256 1454 4310 in
1512 4255 1712 4309 lumine
1750 4255 2051 4324 agentibus,

471 4345 613 4399 aliud
655 4347 705 4399 in
737 4353 893 4399 nocte
917 4345 1132 4414 judaica
1161 4345 1621 4400 conversantibus.
1653 4343 1712 4398 In
1743 4357 1883 4400 novo
1911 4345 2055 4399 enim

475 4445 660 4502 aperte
688 4435 831 4504 quod
885 4437 1095 4502 legitur,
1129 4437 1265 4489 sicut
1293 4437 1344 4489 in
1373 4437 1459 4490 die
1489 4437 1540 4489 in
1570 4437 1682 4504 ipsa
1709 4436 1886 4491 littera
1924 4452 2050 4507 per-
2080 4439 2133 4499 D

473 4525 731 4579 lustratur
758 4541 788 4579 a
817 4523 1050 4589 Christo,
1082 4525 1173 4593 qui
1216 4532 1298 4578 est
1324 4524 1417 4579 Sol
1442 4541 1602 4579 verus
1618 4525 1854 4592 justitite.
1883 4526 1939 4581 In
1961 4543 2055 4583 ve-

475 4617 570 4670 teri
601 4625 782 4671 autem
811 4617 910 4671 sub
936 4618 1128 4670 litterae
1168 4617 1420 4684 tegmine,
1444 4617 1597 4684 quasi
1641 4617 1692 4670 in
1726 4625 1882 4672 nocte
1909 4618 2056 4687 posi-

473 4715 606 4769 ttun,
655 4723 683 4760 a
712 4707 857 4772 luna,
891 4708 941 4760 id
971 4715 1071 4772 est,
1105 4709 1174 4760 ab
1203 4706 1442 4761 Ecclesia
1491 4706 1888 4773 manifestatur;
1941 4710 2052 4778 ipsa

471 4799 616 4853 enim
663 4807 747 4853 est
797 4799 922 4853 luna
951 4815 1070 4870 qum
1106 4801 1298 4854 crescit
1347 4800 1400 4854 in
1441 4801 1659 4866 sanctis,
1711 4801 1972 4857 decrescit
2000 4804 2054 4857 in

479 4892 871 4960 peccatoribus,
926 4892 1066 4947 lucet
1113 4893 1165 4946 in
1209 4893 1446 4946 tenebris
1490 4893 1800 4961 ignorantia:
1845 4895 2052 4962 positis,

476 4981 639 5035 habet
685 4990 739 5034 et
781 4982 962 5036 stellas
999 4983 1051 5036 in
1080 4983 1330 5050 gradibus
1356 4985 1486 5039 suis.
1533 4983 1704 5038 Aliter
1730 4985 1872 5039 enim
1915 4987 2058 5041 lucet

475 5073 530 5126 in
573 5071 845 5140 episcopo,
877 5073 1034 5127 aliter
1063 5073 1114 5126 in
1143 5075 1476 5145 presbytero,
1509 5076 1664 5130 aliter
1706 5075 1758 5130 in
1801 5076 2050 5141 diacono,

476 5170 536 5217 et
559 5162 608 5215 in
632 5162 840 5217 czctcris
873 5162 1100 5228 clericis,
1147 5165 1197 5216 in
1225 5166 1417 5232 quibus
1439 5166 1754 5235 pratdimtur
1775 5165 2050 5232 Dominus,

473 5253 567 5322 qui
598 5252 858 5323 percussit
886 5251 1175 5322 Egyptnm
1223 5269 1343 5308 cum
1388 5257 1670 5324 primitivis
1710 5272 1917 5322 eorum,
1951 5266 2059 5312 ter-

474 5359 588 5397 ram
631 5345 833 5399 scilicet
859 5345 1325 5413 superstitionibus
1354 5347 1565 5416 plenam
1605 5364 1725 5402 cum
1754 5348 2053 5415 daemoniis,

473 5435 569 5501 qui
625 5435 676 5488 in
724 5450 787 5488 ea
831 5434 1030 5504 degunt
1068 5436 1199 5504 :qui
1252 5435 1371 5489 idco
1402 5439 1742 5506 primogeniti
1785 5439 2053 5500 dicuntur,

476 5524 601 5589 quia
632 5525 809 5578 nullus
838 5525 1099 5579 vetustior
1128 5535 1218 5578 aut
1247 5525 1393 5593 prior
1425 5527 1473 5578 in
1506 5536 1729 5596 peccato
1759 5527 2049 5583 danuoniis.

479 5614 681 5675 Quibus
711 5616 1006 5694 percussis,
1028 5616 1267 5670 educitur
1316 5616 1478 5671 Israel
1523 5617 1586 5671 de
1626 5620 1800 5673 mcdio
1848 5636 2050 5675 eorum.

2146 3176 2258 3222 stes
2301 3167 2430 3222 estis
2456 3167 2582 3236 quia
2624 3167 2798 3223 omnis
2843 3184 2970 3222 caro
2999 3168 3206 3233 alitum,
3239 3169 3521 3233 hominum,
3553 3181 3682 3236 pecu-

2145 3255 2295 3322 dum,
2325 3263 2486 3326 atque
2513 3257 2813 3326 repentium
2857 3273 2887 3311 a
2918 3257 3030 3312 Deo
3057 3259 3296 3328 pascitur
3328 3277 3339 3311 :
3371 3259 3469 3313 hoc
3495 3256 3684 3312 conﬁtc-

2147 3345 2280 3400 mini
2307 3361 2422 3410 vos,
2451 3361 2484 3400 ο
2505 3345 2645 3410 caeli,
2677 3345 2963 3401 Dominum
3010 3347 3139 3402 dare
3167 3362 3348 3412 escam
3373 3348 3511 3401 omni
3537 3345 3687 3406 carni;

2148 3444 2242 3490 aut
2271 3449 2364 3490 vos
2392 3435 2659 3499 homines,
2690 3435 2858 3490 Deum
2887 3436 3008 3490 εωιί
3038 3437 3243 3492 credite
3271 3452 3478 3492 creasse
3507 3435 3688 3489 univcr-

2147 3543 2228 3594 sa,
2255 3538 2312 3584 et
2334 3544 2553 3600 pascere
2579 3531 2779 3595 omnia,
2809 3544 2926 3598 qua:
2963 3530 3374 3584 anathemabilis
3407 3529 3689 3584 Maniclueus

2149 3623 2437 3689 denegans,
2473 3637 2689 3677 carnem
2714 3637 2928 3677 omnem
2957 3621 3171 3676 diabolo
3199 3623 3329 3677 dicit
3351 3630 3558 3676 auctore
3583 3632 3692 3672 con-

2149 3720 2313 3776 stare,
2362 3721 2417 3767 et
2443 3712 2560 3782 ejus
2597 3713 2894 3768 ministerio
2939 3712 3004 3766 ad
3049 3711 3428 3782 pinguedinem
3475 3707 3692 3777 saginari.

2151 3803 2262 3856 Nos
2285 3809 2464 3859 autem
2516 3802 2869 3858 conﬁteantur
2900 3803 3041 3857 hunc
3085 3802 3256 3857 Deum
3304 3819 3423 3858 esse
3450 3801 3582 3866 omli,
3621 3797 3696 3866 qui

2151 3895 2244 3950 dat
2269 3908 2447 3949 escam
2501 3895 2647 3949 omni
2695 3895 2873 3959 carni;
2905 3901 2960 3949 et
2988 3895 3125 3949 sicut
3165 3895 3270 3949 iste
3323 3894 3552 3964 psalmus
3577 3890 3698 3952 fecit,

2152 3989 2225 4044 ita
2253 3988 2528 4050 faciamus,
2562 3996 2620 4043 ut
2649 4003 2746 4058 per
2773 3987 2980 4055 singula
3022 3989 3181 4042 verba
3231 3987 3574 4043 confessionis
3620 3997 3699 4036 no-

2153 4088 2277 4135 stra:
2316 4090 2633 4134 cantemus:
2668 4078 2931 4144 Quoniam
2977 4079 3029 4133 in
3067 4081 3322 4134 saeculum
3369 4075 3702 4134 misericordia

2153 4173 2288 4241 ejus,
2322 4172 2375 4226 id
2402 4183 2505 4235 est,
2532 4171 2630 4224 Dei
2661 4171 2828 4226 nostri
2857 4169 3050 4236 Patris,
3083 4179 3139 4226 et
3166 4171 3307 4238 Filii,
3340 4173 3430 4242 qui
3460 4178 3633 4238 regnat
3657 4167 3700 4219 in

2153 4265 2356 4318 unitate
2383 4263 2624 4327 Deitatis,
2652 4271 2776 4316 ante
2799 4264 2997 4328 omnia,
3029 4272 3078 4319 et
3111 4279 3270 4328 nunc,
3321 4272 3380 4320 et
3405 4276 3624 4331 semper,
3650 4267 3696 4311 et

2153 4371 2254 4426 per
2272 4355 2452 4409 omnia
2481 4354 2672 4409 scccula
2697 4353 3032 4408 saeculorum.
3068 4353 3259 4408 Amen.

2631 4485 2708 4542 PS
2718 4484 2850 4540 ΑΒΜ
2861 4486 2944 4541 US
2981 4485 3259 4542 CXXXVI.

2587 4599 2810 4655 Alleluia
2850 4600 3086 4669 psalmus
3121 4598 3308 4653 David.

2231 4710 2400 4781 Super
2423 4711 2636 4780 ﬂumina
2669 4709 2970 4780 Babylonis,
2997 4710 3104 4764 illic
3151 4711 3381 4764 sedimus
3408 4720 3456 4764 et
3481 4709 3707 4778 ﬁnimus,

2159 4801 2278 4855 dum
2308 4801 2690 4855 recordaremur
2710 4802 2802 4861 tui,
2828 4799 2975 4854 Sion.
3004 4799 3068 4854 In
3092 4801 3335 4854 salicibus
3358 4804 3412 4854 in
3436 4801 3594 4853 medio
3615 4797 3712 4867 ejus

2160 4891 2514 4960 suspendimus
2542 4907 2740 4960 organa
2763 4900 2958 4944 nostra.
2994 4887 3128 4953 Quia
3166 4892 3271 4944 illic
3297 4893 3715 4961 interrogarenmt

2159 4996 2254 5033 nos
2275 4981 2358 5050 qui
2381 4981 2606 5048 captiros
2630 4979 2883 5032 duxerunt
2904 4997 3018 5045 nos,
3047 4980 3197 5034 verba
3225 4983 3538 5034 cantionum.
3563 4978 3626 5030 Et
3643 4975 3715 5047 qui

2159 5058 2480 5124 ubduaferunt
2530 5087 2644 5131 nos,
2690 5071 2929 5143 hymnum
2975 5081 3182 5126 cantate
3229 5072 3374 5128 nobis
3419 5075 3481 5127 de
3521 5069 3714 5124 canticis

2162 5163 2312 5217 Sion.
2347 5161 2613 5227 Quomodo
2653 5162 2977 5217 cantabimus
3001 5166 3255 5218 canticum
3285 5164 3496 5218 Domini
3523 5165 3573 5217 in
3595 5172 3716 5214 terra

2160 5254 2366 5307 aliena?
2389 5253 2449 5308 Si
2479 5253 2665 5306 oblitus
2697 5254 2840 5324 {uero
2869 5255 2961 5318 tui,
2985 5252 3293 5319 Jerusalem,
3323 5253 3560 5308 oblivioni
3585 5252 3718 5304 detur

2162 5345 2371 5399 dextera
2397 5362 2529 5398 mea.
2561 5345 2836 5398 Adhwreat
2873 5346 3049 5416 lingua
3074 5363 3188 5400 mea
3221 5345 3453 5418 faucibus
3486 5345 3627 5406 meis,
3679 5337 3721 5393 si

2161 5453 2265 5490 non
2289 5437 2566 5491 meminero
2597 5437 2688 5489 tui.
2736 5435 2796 5490 Si
2841 5454 2942 5490 non
2973 5456 3283 5508 proposuero
3325 5436 3613 5492 Jerusalem
3672 5434 3720 5484 in

2165 5530 2417 5599 principio
2445 5530 2638 5582 (milia:
2665 5545 2806 5582 metu.
2841 5529 3040 5583 Memor
3067 5541 3195 5592 esto.
3227 5531 3476 5592 Domine,
3508 5529 3719 5596 ﬁliorum

2168 5619 2353 5681 Edam,
2394 5622 2443 5672 in
2475 5621 2556 5675 die
2581 5619 2885 5675 Jerusalem.
2925 5620 3020 5685 Qui
3044 5623 3219 5678 dicunt
3249 5642 3263 5677 .'
3293 5621 3590 5677 Exinunite,
3622 5618 3722 5671 exi-
