3926 6176
174 303 277 359 511

1060 302 1531 360 COMMENTARII
1569 302 1636 357 IN
1673 298 2006 358 PSALMOS.
2049 300 2240 359 PSAL.
2282 299 2579 357 CXXXVII.

3366 303 3474 359 5.52

172 416 378 481 uanite,
408 431 569 484 usque
588 414 660 471 ad
688 414 1083 486 fundamentum
1110 417 1165 471 in
1194 432 1275 472 ea.
1311 415 1454 470 Filia
1494 414 1778 484 Babylonis
1806 417 1857 477 Δ
1881 431 2035 470 suam
2062 416 2381 472 charitatem
2427 415 2725 483 infuderat;
2759 416 2793 471 ii
2822 415 3049 472 invicem
3078 430 3259 471 secum
3287 428 3471 487 agunt,

170 509 395 572 misera,
425 507 602 563 beatus
630 511 717 580 qui
752 507 998 563 retribuet
1040 507 1131 564 tibi
1176 508 1566 564 retributionem
1611 517 1773 572 tuoin,

167 611 336 664 quam
360 597 643 653 retribuisti
660 597 829 654 nobis.
852 597 1047 653 Beatus
1062 599 1147 670 qui
1171 597 1357 655 tenebit
1376 607 1429 653 et
1443 598 1626 654 allidet
1644 615 1773 670 par-

170 686 323 742 vulos
347 703 471 743 suos
502 688 574 742 ad
599 697 821 760 petram.

766 794 1185 839 COIIENTANUH
1195 819 1208 834 ο

240 868 491 943 Babylon
519 871 766 928 confusio
796 873 1206 944 interpretatur,
1234 879 1291 927 et
1315 871 1491 943 prima
1527 871 1775 930 confusio

179 978 291 1018 non
314 962 438 1031 fuit,
462 964 564 1019 nisi
586 965 641 1019 in
658 965 977 1036 parentibus
996 964 1197 1021 nostris
1214 964 1509 1022 secundum
1528 979 1771 1032 carnem,

173 1054 226 1110 id
252 1063 363 1121 est,
392 1056 449 1110 in
493 1056 664 1112 Adam
695 1064 752 1112 et
777 1056 833 1111 in
862 1056 1089 1112 muliere
1115 1055 1252 1127 ejus.
1295 1055 1356 1111 In
1395 1056 1528 1127 ipsis
1554 1071 1655 1112 nos
1680 1071 1772 1112 se-

172 1147 352 1203 dimus
372 1157 429 1204 et
452 1146 718 1215 ﬁevimus,
749 1164 1033 1221 quousque
1058 1150 1271 1205 veniret
1296 1150 1387 1219 qui
1420 1158 1520 1204 nos
1545 1148 1615 1205 de
1639 1164 1772 1220 cap—

173 1238 387 1294 tivitate
431 1239 634 1295 diaboli
677 1246 735 1296 et
775 1239 1147 1295 ministrorum
1192 1239 1312 1309 ejus
1358 1238 1615 1295 auferret.
1645 1238 1773 1296 Haec

172 1328 393 1396 quidem
421 1344 544 1385 cum
572 1329 820 1397 dicimus,
852 1346 960 1386 non
988 1328 1213 1386 facimus
1239 1329 1609 1401 praejudieium
1638 1345 1770 1401 pro-

173 1418 353 1489 phetae
380 1420 694 1490 praedicenti
723 1420 1065 1493 Assyriorum
1090 1421 1299 1477 rabiem
1339 1429 1396 1477 et
1433 1420 1769 1477 barbaricam

172 1509 535 1579 ferocitatem,
565 1526 681 1581 qua,
700 1513 899 1584 captivi
928 1511 1158 1568 ducendi
1204 1520 1380 1568 erant.
1415 1509 1640 1567 Factum
1662 1520 1769 1580 est,

172 1610 228 1658 et
266 1601 416 1659 ducti
456 1604 509 1658 in
539 1603 911 1675 Babyloniam,
942 1612 999 1660 et
1023 1604 1204 1660 omnia
1228 1618 1349 1673 quae
1396 1601 1660 1659 Jeremias
1683 1604 1770 1660 vir

170 1701 395 1749 sanctus
421 1695 656 1766 scripsit.
682 1694 849 1752 Nobis
876 1704 1058 1751 tamen
1084 1694 1303 1765 quando
1329 1695 1625 1765 captivitas
1641 1709 1769 1750 eve-

1876 505 2123 587 dicentes
2155 525 2169 561 :
2199 504 2507 573 Exinanite,
2549 507 2824 564 exinanito
2852 524 3019 579 usque
3058 508 3127 564 ad
3156 508 3472 564 fundamen-

1878 607 2012 665 tum,
2040 599 2096 655 id
2121 608 2225 665 est,
2262 615 2434 670 usque
2481 599 2549 657 ad
2601 599 2761 657 ﬁdem
2807 617 2995 658 eorum
3044 601 3355 672 pertingite,
3404 617 3473 658 ne

1876 689 2069 744 iterum
2112 688 2379 746 aediﬁcent
2424 698 2595 746 turres
2642 692 2963 764 fortitudinis
3005 708 3039 746 α
3090 692 3226 763 facie
3271 692 3469 747 inimici

1876 779 2048 851 (Psal.
2080 791 2194 852 LX).
2224 781 2383 847 Veni,
2414 782 2605 848 beate;
2636 783 2777 849 veni,
2810 782 3034 837 Domine
3077 781 3206 837 Jesu
3231 782 3465 847 Christe,

1872 870 1997 924 veni
2036 870 2378 926 invisibiliter
2418 879 2608 927 contra
2655 872 2969 941 invisibiles,
3013 880 3069 927 et
3104 874 3341 928 retribue
3389 874 3468 929 eis

1872 963 2283 1020 retributionem
2328 979 2488 1034 quam
2535 965 2899 1021 retribuerunt
2938 965 3125 1031 nobis;
3167 973 3222 1020 et
3243 974 3385 1030 tene,
3414 974 3468 1021 et

1873 1054 2052 1121 aliide,
2084 1071 2191 1110 non
2240 1056 2414 1111 solum
2462 1056 2611 1126 ipsos
2653 1056 2943 1112 bellatores
2980 1058 3243 1127 gigantes,
3274 1058 3369 1112 sed
3412 1066 3467 1113 et

1871 1144 2126 1214 parvulos
2171 1160 2361 1201 eorum
2403 1146 2472 1200 ad
2512 1154 2720 1217 petram
2769 1156 2935 1213 tuam,
2965 1163 3126 1218 supra
3154 1163 3316 1217 quam
3348 1148 3467 1203 fun-

1871 1232 2010 1288 dasti
2038 1232 2354 1302 Ecclesiam,
2388 1235 2460 1291 ita
2489 1244 2547 1292 ut
2572 1252 2683 1291 non
2702 1237 2876 1293 solum
2900 1239 3127 1294 crimina
3154 1237 3244 1293 illa
3273 1239 3465 1308 ingen-

1871 1321 1964 1389 tia,
2007 1323 2104 1380 sed
2144 1325 2309 1380 etiam
2353 1326 2656 1397 parvulum,
2699 1336 2756 1384 et
2800 1328 2944 1397 quod
2991 1330 3166 1384 minus
3215 1331 3465 1387 omnibus

1868 1415 2108 1487 peccatis
2135 1430 2255 1472 esse
2284 1417 2512 1485 videtur,
2544 1419 2708 1474 etiam
2733 1420 2838 1474 hoc
2863 1419 3154 1476 mortiﬁces
3182 1421 3233 1475 in
3263 1421 3419 1477 nobis
3444 1439 3458 1476 :

1869 1506 2007 1563 dans
2032 1507 2190 1565 nobis
2216 1510 2442 1565 consilia
2469 1526 2539 1565 ne
2566 1519 2785 1581 peccata
2804 1552 2820 1577 ,
2849 1513 3030 1567 statim
3060 1512 3151 1567 uhi
3196 1524 3319 1567 nata
3345 1512 3461 1569 fue-

1867 1599 1995 1665 rint,
2025 1599 2307 1657 allidamus
2334 1600 2403 1656 ad
2439 1609 2683 1672 petram;
2723 1609 2780 1657 et
2831 1602 3019 1658 eadem
3059 1619 3305 1659 crescere
3350 1619 3459 1661 non

1868 1690 2127 1756 sinamus,
2158 1708 2231 1762 ne
2252 1693 2379 1748 dum
2399 1695 2688 1761 creverint,
2718 1695 2911 1751 iterato
2937 1696 3093 1751 nobis
3119 1697 3457 1753 barbaricum

171 1784 248 1837 nit
269 1792 644 1855 peccatorum,
675 1802 948 1843 cessamus
969 1788 1039 1842 ab
1058 1786 1207 1842 omni
1233 1801 1334 1843 usu
1366 1787 1462 1842 illo
1480 1785 1763 1857 psallendi.
1800 1779 1842 1839 Β
1870 1790 2150 1851 generent.
2180 1782 2464 1841 Faciemus
2504 1785 2638 1851 hzec,
2677 1785 2724 1840 si
2765 1785 2878 1855 ipse
2902 1786 2994 1854 qui
3032 1794 3115 1842 est
3158 1787 3328 1842 virtus
3356 1803 3458 1841 no-

170 1874 396 1932 Conﬁtsi
437 1879 581 1933 enim
624 1893 828 1947 sumus,
865 1886 920 1935 et
963 1879 1258 1951 Babylonia
1300 1878 1514 1934 obsidet
1562 1893 1679 1943 nos,
1710 1886 1769 1934 et

168 1980 277 2019 non
305 1975 397 2022 est
442 1967 597 2024 nobis
624 1966 818 2023 ﬁducia
848 1968 1128 2039 aperiendi
1162 1985 1225 2025 os
1265 1967 1321 2023 in
1372 1968 1619 2024 laudibus
1646 1964 1764 2024 Dei.

168 2056 242 2112 Ibi
269 2060 658 2129 snspendimus
685 2074 888 2131 organa
914 2069 1104 2117 nostra
1135 2075 1299 2132 super
1334 2059 1554 2116 ﬁumina
1585 2061 1766 2134 Baby-

169 2148 328 2216 lonis,
360 2165 525 2221 super
543 2151 847 2208 alluentias
882 2151 1201 2208 facinorum.
1234 2152 1312 2209 Ibi
1339 2161 1464 2209 sunt
1491 2153 1683 2209 salices
1710 2154 1766 2208 in

168 2241 351 2297 medio
382 2240 682 2310 ﬂuminum,
714 2244 946 2313 virgulta
993 2259 1115 2314 quae
1143 2243 1211 2299 ad
1239 2243 1513 2313 ligandum
1540 2244 1763 2312 faciunt,

168 2332 309 2387 unde
338 2333 580 2402 ligantur
622 2334 762 2391 vites
796 2334 1105 2391 fructiferae.
1142 2332 1190 2390 0
1214 2335 1460 2402 Domine,
1491 2335 1766 2407 disrumpe

167 2423 383 2480 vincula
415 2434 620 2493 nostra,
651 2434 713 2482 ut
738 2428 1006 2498 possimus
1044 2428 1277 2483 hostiam
1331 2429 1430 2484 tibi
1482 2429 1655 2484 laudis
1683 2428 1766 2485 of-

169 2514 332 2579 ferre,
380 2515 507 2585 quia
553 2516 663 2572 illic
695 2518 1163 2589 interrogaverunt
1209 2536 1347 2587 nos,
1391 2521 1482 2591 qui
1523 2521 1765 2591 captivos

167 2602 442 2675 duxerunt
469 2622 587 2672 nos,
620 2608 783 2663 verba
825 2608 1157 2675 cantionum,
1189 2619 1261 2665 et‘
1286 2612 1378 2680 qui
1423 2610 1765 2667 abduxerunt

167 2709 293 2761 nos,
342 2694 627 2767 hymnum.
659 2696 981 2768 Aperiamus
1008 2699 1195 2755 oculos
1220 2700 1439 2767 mentis,
1469 2708 1526 2755 et
1553 2700 1763 2757 videbi-

166 2799 281 2840 mus
307 2786 475 2842 nobis
517 2786 789 2846 daemones
813 2789 1133 2846 insultantes
1176 2799 1299 2861 post
1342 2799 1652 2862 peccatum,
1706 2799 1764 2850 et

167 2877 314 2944 quasi
350 2876 412 2932 in
453 2878 540 2933 his
568 2879 745 2935 verbis
772 2879 1178 2935 insultationum
1207 2895 1423 2936 suarum
1471 2897 1634 2938 voces
1661 2882 1759 2939 ad-

169 2966 362 3024 bibere
391 2986 404 3022 :
430 2967 660 3026 Cantate
685 2972 824 3027 sicut
843 2972 1120 3039 solebatis,
1140 2972 1355 3043 psallite
1376 2975 1514 3029 sicut
1539 2975 1760 3030 solitum

167 3063 312 3119 vobis
346 3073 489 3119 erat.
523 3065 618 3121 llis
641 3082 742 3122 nos
767 3067 953 3123 miseri
991 3067 1077 3123 vel
1106 3068 1153 3122 si
1195 3068 1350 3124 nobis
1395 3068 1761 3126 delet-ﬁentes
1816 3135 1819 3138 ν

168 3157 353 3213 oculos
381 3158 747 3226 ostendamus,
777 3160 826 3215 si
865 3174 1027 3216 voces
1048 3159 1292 3231 proferre
1312 3176 1420 3215 non
1447 3176 1751 3230 possumus.
1781 3142 1827 3204 ο

171 3247 399 3304 Videant
442 3266 542 3307 nos
587 3252 883 3322 plorantes,
926 3254 972 3308 si
1001 3268 1111 3309 non
1152 3261 1380 3325 possunt
1425 3269 1525 3309 nos
1572 3254 1761 3312 audire

167 3348 451 3397 cantantes
502 3360 517 3397 :
569 3343 683 3399 Illic
712 3385 728 3412 ,
784 3346 961 3415 inquit
990 3378 1033 3413 ,ι
1063 3347 1299 3402 sedimus
1366 3355 1423 3402 et
1490 3346 1756 3405 ﬁevimus.

170 3427 449 3487 Plorernus
492 3441 749 3503 quantum
777 3450 1081 3507 possumus,
1125 3446 1185 3493 ut
1232 3436 1543 3494 ﬂuminibus
1579 3438 1757 3511 lacry-

169 3536 376 3577 marum
433 3533 741 3580 nostrarum
789 3523 1008 3581 ﬁumina
1067 3527 1364 3600 Babylonia
1421 3544 1754 3599 superemus.

168 3609 437 3683 Suspensa
465 3623 591 3669 sunt
617 3616 761 3671 enim
788 3632 990 3687 organa
1026 3626 1210 3674 nostra
1230 3659 1245 3685 ,
1275 3619 1471 3675 defecit
1497 3636 1600 3676 vox
1628 3635 1760 3691 gau-

169 3703 254 3771 dii,
282 3715 345 3762 et
386 3723 495 3763 non
537 3724 822 3779 possumus
867 3719 1086 3767 cantare
1129 3713 1397 3768 canticum
1446 3713 1675 3768 Domino
1703 3714 1759 3769 in

171 3803 302 3852 terra
336 3798 518 3854 aliena
547 3800 726 3870 positi.
753 3801 939 3857 Aliena
968 3803 1112 3858 enim
1136 3819 1167 3857 a
1189 3803 1300 3858 Deo
1329 3804 1466 3860 facta
1494 3813 1619 3861 sunt
1645 3823 1761 3863 cor-

170 3904 292 3959 pora
321 3900 531 3960 nostra,
562 3909 662 3964 per
688 3909 785 3949 eos
804 3894 897 3964 qui
921 3895 1163 3965 captivos
1205 3895 1476 3951 deerunt
1498 3913 1616 3952 nos.
1648 3898 1758 3955 Ve.

170 3984 275 4039 aiat
295 3984 459 4040 nobis
483 3985 536 4041 in
564 3994 800 4041 mentem
830 3994 1003 4042 mater
1031 3995 1216 4042 nostra
1242 3984 1558 4054 Jerusalem,
1589 3988 1759 4046 dulcis

171 4074 219 4128 in
244 4077 518 4142 castitate,
550 4093 684 4147 pura
714 4078 767 4132 in
797 4078 1160 4148 simplicitate,
1194 4078 1328 4136 lenis
1365 4079 1418 4135 in
1456 4083 1757 4151 correptio-

171 4180 252 4232 ne,
277 4167 485 4222 munda
531 4167 591 4228 in
628 4170 1056 4225 conversatione.
1088 4169 1376 4226 Videamus
1411 4171 1592 4226 animo
1629 4173 1759 4242 quid

171 4259 511 4327 perdidimus,
542 4260 671 4330 quid
698 4260 1018 4327 invenimus,
1047 4270 1102 4317 et
1129 4262 1270 4317 inler
1291 4262 1553 4335 lacrymas
1579 4264 1760 4320 excla-

173 4365 395 4413 memus,
440 4350 722 4408 dicentes:
752 4350 809 4408 Si
839 4353 1038 4408 oblitus
1079 4352 1233 4409 luero
1281 4354 1388 4421 tui,
1437 4352 1753 4421 Jerusalem,

172 4438 424 4496 oblivioni
450 4441 610 4497 detur
653 4442 875 4497 dextera
911 4458 1051 4498 mea.
1085 4443 1367 4499 Adhmreat
1412 4445 1591 4514 lingua
1634 4460 1755 4501 mea

173 4532 365 4598 gutturi
391 4548 536 4599 meo,
556 4533 602 4588 si
621 4548 731 4587 non
760 4534 1055 4590 meminero
1087 4535 1180 4590 tui.
1211 4534 1328 4591 Non
1356 4508 1575 4592 habebit
1604 4538 1756 4607 prin-
1781 4508 1834 4567 θ

174 4610 365 4691 cipium
395 4623 578 4678 laetitia
607 4639 751 4691 mea,
781 4623 885 4679 nisi
925 4624 992 4679 ad
1023 4632 1076 4679 te
1100 4624 1332 4681 rediero.
1364 4623 1432 4680 Et
1466 4626 1548 4681 his
1573 4626 1748 4691 dictis,

174 4714 425 4781 mugitum
453 4713 544 4769 imi
571 4715 768 4783 cordis,
815 4716 1181 4785 gemitumque
1221 4716 1525 4782 reddentes,
1553 4718 1754 4775 clame-

174 4818 284 4860 mus
309 4804 378 4861 ad
406 4806 572 4861 Deum
608 4807 850 4863 dicentes
875 4825 887 4861 :
918 4807 1210 4873 Memento,
1241 4808 1486 4874 Domine,
1520 4808 1752 4866 ﬁliorum

173 4889 442 4979 Edom,/id
471 4905 572 4963 est,
615 4896 848 4953 ﬁliorum
891 4897 1055 4955 Esau.
1104 4898 1310 4954 Inimici
1361 4900 1435 4955 tui
1480 4908 1622 4967 sunt,
1658 4903 1750 4971 qui

175 4983 568 5045 insurrexerunt
595 5004 759 5060 super
800 5006 919 5046 nos.
951 4989 1077 5046 Haec
1103 5005 1192 5046 res
1230 4991 1383 5046 nobis
1421 4993 1751 5049 consolatio-

175 5091 287 5134 nem
314 5080 538 5150 praebet,
569 5081 695 5152 quia
722 5081 814 5151 qui
838 5097 938 5136 nos
967 5082 1210 5153 captivos
1232 5082 1527 5147 duxerunt,
1562 5090 1619 5138 tu
1660 5098 1755 5140 eos

176 5180 439 5239 nunquam
476 5172 729 5228 dilexisti.
760 5172 927 5229 Jacob
956 5189 1171 5245 semper
1212 5175 1477 5244 dilexisti,
1510 5183 1565 5232 et
1609 5173 1754 5230 Esau

173 5259 290 5317 odio
317 5251 546 5319 habuisti
571 5283 583 5317 :
609 5265 662 5320 id
690 5262 795 5332 est,’
822 5280 1008 5322 servos
1036 5273 1157 5321 tuos
1182 5268 1354 5337 diligis
1384 5268 1435 5323 in
1464 5270 1641 5339 specie
1662 5267 1755 5323 Ja-

174 5349 270 5405 cob
295 5367 452 5423 quem
473 5354 724 5421 dilexisti,
756 5363 813 5410 et
842 5354 980 5412 ﬁlios
1007 5356 1176 5412 Edom
1207 5358 1467 5414 exhorres
1490 5360 1542 5414 in
1571 5361 1752 5430 specie

174 5436 306 5497 Esau
326 5459 486 5515 quem
519 5445 793 5503 horruisti.
823 5445 962 5504 Ecce
990 5447 1027 5502 ii
1055 5462 1191 5519 quos
1221 5449 1381 5505 odisti
1409 5458 1463 5506 et
1488 5450 1624 5517 odis,
1656 5467 1746 5506 su-

177 5545 266 5600 per
304 5549 394 5593 eos
421 5552 557 5608 quos
601 5537 836 5596 dilexisti
878 5548 935 5596 et
978 5537 1154 5609 diligis
1197 5547 1441 5610 regnant.
1483 5540 1741 5613 Exsurge,

178 5618 405 5692 Domine,
448 5643 654 5684 memor
681 5638 798 5685 esto
839 5630 1126 5702 impietatis
1171 5647 1379 5697 eorum,
1427 5634 1618 5702 quibus
1663 5635 1743 5691 di-

176 5720 295 5767 cunt
330 5717 426 5775 sibi
465 5718 692 5776 invicem
738 5719 803 5777 dc
836 5718 1129 5777 Jerusalem
1180 5731 1289 5785 tua.
1331 5738 1447 5791 qua)
1497 5723 1548 5778 in
1589 5727 1741 5783 nobis

1868 1878 2000 1942 stra,
2028 1877 2139 1931 suis
2166 1876 2241 1931 ita
2269 1877 2412 1932 veris
2430 1885 2639 1933 mentes
2663 1876 2788 1947 ﬁget
2815 1877 3213 1934 deﬁnitionibus
3234 1882 3454 1948 nostris,

1869 1967 2146 2038 cuspidem
2174 1968 2351 2024 crucis
2378 1984 2507 2036 sum,
2539 1976 2600 2025 ut
2644 1971 2916 2040 quomodo
2956 1971 3025 2026 ad
3070 1987 3170 2027 nos
3196 1988 3459 2043 pervene-

1868 2059 1979 2114 rint
2015 2068 2383 2129 suggerentes,
2435 2060 2825 2118 confundentes
2869 2062 3180 2118 abscedant.
3227 2063 3284 2119 Si
3311 2066 3456 2120 enim

1868 2152 1936 2206 ad
1977 2160 2182 2208 statuas
2224 2167 2411 2222 regum
2455 2168 2624 2209 :ereas
2663 2154 3030 2223 confugientes
3072 2167 3457 2228 persequentes

1867 2244 2104 2299 evadunt
2130 2244 2282 2314 (Cod.
2313 2246 2402 2299 lib.
2449 2262 2485 2311 ι,
2519 2246 2555 2300 l.
2596 2248 2772 2311 unica,
2807 2247 2872 2301 de
2901 2248 2980 2302 Itis
3016 2250 3102 2320 qui
3142 2250 3212 2303 ad
3255 2258 3456 2305 statuas

1866 2334 2195 2404 confugiunt,
2218 2334 2279 2403 π.
2304 2335 2367 2389 de
2387 2334 2587 2402 Poenis;
2618 2336 2656 2390 ι.
2680 2335 3012 2408 Capitolium,
3043 2338 3070 2411 §
3096 2339 3165 2393 ad
3189 2338 3455 2409 Statuas),

1864 2433 2069 2493 quanto
2097 2427 2269 2495 magis
2297 2426 2366 2481 ad
2411 2442 2626 2482 crucem
2673 2426 3045 2497 confugientes
3088 2427 3300 2485 Domini
3326 2428 3454 2485 Jesu

1866 2514 2085 2580 Christi,
2117 2531 2149 2571 a
2179 2517 2290 2572 suis
2336 2517 2658 2573 adversariis
2703 2520 2876 2574 teneri
2916 2535 3025 2575 non
3068 2528 3312 2590 possunt,
3358 2522 3452 2576 sed

1866 2623 1965 2679 per
1991 2609 2165 2678 ipsum
2192 2610 2384 2678 magis,
2408 2612 2502 2680 qui
2538 2611 2668 2667 vicit
2696 2612 2749 2666 in
2786 2625 2965 2679 cruce,
2998 2621 3052 2668 ct
3080 2614 3179 2683 ipsi
3218 2613 3452 2670 victores

1863 2702 2118 2760 existunt.
2150 2703 2258 2775 Ipsi
2279 2705 2452 2775 gloria
2481 2705 2536 2761 in
2563 2706 2758 2761 stccula
2785 2706 3119 2762 smculorum.
3151 2705 3341 2761 Amen.

2318 2832 2541 2896 PSALM
2551 2840 2633 2897 US
2669 2840 2972 2900 CXXXVII.

2361 2952 2603 3011 Psalmus
2632 2954 2732 3025 ipsi
2760 2953 2947 3009 David.

1935 3065 2227 3138 Conﬁtebor
2256 3068 2366 3134 tibi,
2389 3067 2629 3135 Domine,
2658 3070 2714 3123 in
2742 3077 2848 3123 toto
2876 3068 3030 3122 corde
3056 3083 3189 3131 meo,
3210 3066 3449 3138 quoniam

1860 3158 2053 3212 audisti
2080 3160 2256 3213 omnia
2282 3158 2435 3214 verba
2465 3160 2573 3214 oris
2600 3161 2719 3214 mei.
2754 3158 2819 3212 In
2849 3166 3121 3229 conspectu
3149 3158 3448 3230 angelorum

1860 3248 2086 3319 psallam
2122 3247 2232 3315 tibi,
2274 3249 2503 3304 adorabo
2548 3251 2620 3304 ad
2664 3251 2906 3321 templum
2942 3259 3178 3304 sanctum
3206 3259 3369 3315 tuum,
3401 3257 3450 3303 et

1861 3341 2146 3413 conﬁtebor
2171 3343 2369 3396 nomini
2409 3352 2512 3396 tuo.
2548 3341 2718 3413 Super
2743 3342 3100 3397 misericordia
3136 3350 3228 3395 tua
3275 3350 3323 3395 et
3363 3358 3450 3395 ve-

1861 3433 2016 3487 ritate
2045 3442 2164 3497 tua,
2195 3434 2439 3504 quoniam
2478 3433 2826 3503 magni/icasti
2873 3449 3026 3502 super
3062 3449 3212 3486 omne
3260 3448 3447 3486 nomen

1859 3531 2092 3578 sanctum
2124 3533 2281 3579 tuum.
2317 3524 2382 3578 In
2407 3541 2706 3597 quacunque
2725 3526 2807 3579 die
2834 3527 3128 3580 invocarem
3158 3534 3225 3592 te,
3256 3516 3448 3579 ueloci-

1861 3624 1940 3671 ter
1967 3617 2157 3670 emaudi
2194 3633 2296 3683 me,
2327 3617 2698 3687 multiplicabis
2735 3618 2801 3674 in,
2819 3618 2995 3670 anima
3043 3632 3159 3670 mea
3186 3617 3442 3669 virtutem.

1860 3707 2225 3779 Conﬁteantur
2256 3708 2364 3774 tibi,
2406 3708 2656 3775 Domine,
2706 3724 2882 3763 omnes
2919 3725 3064 3779 reges
3112 3717 3284 3773 teme,
3326 3708 3448 3779 quia

1860 3801 2138 3854 audierunt
2165 3802 2341 3855 omnia
2368 3799 2520 3855 verba
2544 3801 2651 3854 oris
2687 3802 2779 3854 tui.
2805 3799 2875 3853 Et
2902 3807 3112 3853 cantent
3135 3800 3191 3852 in
3214 3800 3308 3854 viis
3336 3797 3447 3852 Do-

1860 3891 2022 3954 mini,
2072 3892 2316 3963 quoniam
2360 3908 2551 3963 magna
2589 3899 2668 3946 est
2713 3892 2880 3963 gloria
2924 3889 3155 3946 Domini.
3189 3886 3447 3954 Quoniam

1859 3980 2093 4035 excelsus
2117 3979 2373 4035 Dominus
2411 3991 2460 4035 et
2489 3982 2705 4036 humilia
2730 3983 2967 4052 respicit,
2997 3990 3047 4036 et
3084 3981 3193 4035 alta
3221 3998 3255 4035 a
3295 3982 3446 4052 longe

1859 4071 2141 4141 cognoscit.
2177 4069 2237 4125 Si
2266 4070 2593 4127 ambularem
2629 4074 2684 4127 in
2714 4074 2884 4127 medio
2913 4073 3278 4138 tribulationis,
3320 4074 3445 4126 viri-

1859 4158 2041 4231 ﬁcabis
2068 4177 2168 4228 me,
2197 4171 2248 4215 et
2272 4179 2430 4235 super
2464 4165 2599 4218 iram
2641 4166 2965 4219 inimicorum
3004 4182 3235 4220 meorum
3262 4176 3444 4220 exten-

1861 4252 1985 4308 disti
2010 4270 2219 4309 manum
2252 4263 2420 4319 tuam,
2462 4265 2512 4310 et
2554 4256 2751 4310 salvum
2796 4273 2878 4310 me
2916 4259 3038 4328 fecit
3081 4257 3296 4311 dextera
3333 4267 3442 4310 tua.

1859 4344 2115 4401 Dominus
2142 4345 2387 4401 retribuet
2409 4365 2503 4419 pro
2530 4364 2637 4413 me;
2670 4347 2913 4412 Domine,
2961 4349 3319 4403 misericordia
3355 4359 3443 4404 tua

1860 4439 1916 4493 in
1954 4439 2217 4505 clnculum,
2251 4456 2409 4512 opera
2434 4457 2678 4495 manuum
2708 4449 2909 4495 tuarum
2944 4458 3007 4495 ne
3034 4440 3307 4513 despicias.

2425 4592 2859 4634 COIIIENTARIUH.

1928 4710 2184 4768 Conﬁteri
2212 4712 2266 4768 in
2296 4720 2410 4769 toto
2448 4713 2612 4769 corde
2640 4713 2729 4768 ille
2755 4728 2815 4768 se
2859 4711 3178 4781 comprobat
3204 4709 3438 4777 Christo,

1854 4803 1948 4871 qui
1978 4810 2119 4859 totas
2146 4801 2430 4859 duodecim
2454 4804 2642 4858 uncias
2668 4803 2846 4858 cordis
2873 4803 2955 4856 sui
3003 4801 3104 4872 ipsi
3142 4801 3438 4868 tradiderit,

1855 4895 2228 4971 etxsuperﬁuis
2256 4911 2321 4952 ac
2347 4897 2652 4952 labentibus
2679 4897 2840 4952 rebus
2867 4897 3067 4951 nullam
3096 4912 3207 4953 sua:
3245 4901 3439 4956 mentis

1853 4988 2183 5044 concesserit
2209 4996 2438 5059 partem.
2466 4987 2635 5057 Hujus
2653 4987 2919 5044 confessio
2941 4990 3186 5059 pervenit
3211 4990 3278 5045 ad
3305 4990 3440 5047 divi~

1856 5096 1984 5134 num
2013 5079 2272 5134 auditum.
2305 5078 2373 5133 Et
2410 5080 2502 5148 qui
2548 5095 2683 5149 pure
2726 5079 2784 5135 in
2827 5089 3117 5151 conspectu
3162 5082 3438 5140 hominum

1853 5171 1967 5228 Deo
1994 5172 2180 5228 laudes
2206 5172 2507 5236 obtulerat,
2534 5172 2719 5243 incipit
2744 5180 2869 5244 post
2895 5172 3285 5245 depositionem
3314 5191 3437 5231 cor-

1851 5266 2002 5337 poris
2031 5264 2083 5319 in
2132 5272 2424 5334 conspectu
2469 5264 2701 5337 psallere
2736 5265 3080 5335 angelorum,
3112 5274 3168 5321 et
3212 5265 3436 5321 adorare

1853 5355 2110 5426 templum
2138 5362 2402 5421 sanctum,
2435 5354 2485 5410 id
2506 5363 2605 5421 est,
2635 5355 2920 5412 Dominum
2939 5354 3119 5412 Jesum
3141 5355 3432 5421 Christum,

1849 5451 1905 5504 in
1927 5465 2025 5520 quo
2053 5429 2318 5520 plenitudo
2346 5447 2571 5503 Deitatis
2597 5447 2870 5505 inhabitat.
2902 5449 3203 5505 Conﬁtetur
3230 5449 3433 5508 nomini

1852 5520 1988 5613 ejus,
2030 5541 2154 5611 quia
2181 5542 2236 5595 in
2274 5543 2481 5598 nomine
2505 5542 2631 5598 Jesu
2660 5560 2811 5599 omne
2847 5560 2981 5615 genu
3009 5543 3251 5611 ﬂectitur,
3281 5546 3432 5596 cale-

1850 5634 2022 5696 stium,
2079 5633 2401 5692 terrestrium
2447 5644 2498 5688 et
2536 5635 2862 5707 infernarum
2910 5634 3130 5705 (Philip.
3165 5633 3245 5703 ιι).
3293 5632 3431 5700 Quid

1855 5722 2139 5782 conﬁtetur
2194 5725 2394 5790 nomini
2441 5728 2671 5782 sancto?
2718 5723 3176 5792 Misericordiam,
3224 5725 3427 5794 inquit,
