3884 6184
483 327 587 382 5ξῦ

1800 313 2065 372 ARNOBII
2105 310 2404 370 JUNIORIS

3641 323 3744 380 5M

483 450 650 506 tuam,
680 447 734 494 et
763 439 1040 496 veritatem
1079 448 1243 496 tuam.
1275 440 1412 495 Nihil
1439 437 1580 493 aliud
1626 434 1912 492 conﬁtetur
1936 432 2051 486 ani-
2081 434 2126 491 Α
2159 429 2452 484 habitavere
2482 432 2534 483 in
2563 434 2806 488 extremis
2833 436 3013 491 maris.
3049 435 3253 492 Etenim
3281 438 3406 492 illuc
3446 456 3632 494 manus
3659 453 3740 495 tua

485 548 572 585 ma
602 532 710 586 Deo
739 533 790 585 in
814 539 1103 601 conspectu
1133 531 1465 598 angelorum,
1495 527 1595 581 nisi
1636 524 2055 580 miscricordiam

484 637 589 687 qua
630 619 936 687 redemptus
964 628 1063 683 est,
1095 628 1149 673 et
1194 633 1300 686 qua
1347 617 1585 672 eruditus
1631 623 1713 670 est
1751 614 2054 668 veritatem.

483 712 651 776 Quam
679 710 996 764 veritatem?
1025 710 1172 764 Hanc
1191 711 1306 764 sine
1330 709 1512 773 dubio,
1544 708 1595 761 in
1624 722 1728 776 qua
1753 703 2060 773 magnifica-

481 810 593 854 tum
624 811 705 855 est
731 817 891 869 super
922 801 1104 855 omnia
1149 816 1346 855 nomen
1389 799 1504 868 ejus
1543 805 1806 852 sanctum.
1857 793 2058 848 Nomen

482 890 625 944 enim
653 900 734 945 est
762 892 863 946 hoc
889 891 1024 962 quod
1060 900 1135 945 est
1162 907 1314 961 super
1346 906 1496 943 omne
1537 904 1720 942 nomen
1753 883 1941 957 (Phil.,
1974 883 2052 952 ιι).

485 979 772 1034 Videamus
801 996 942 1034 nunc
983 996 1089 1049 quo
1127 981 1313 1034 ordine
1344 979 1409 1033 ad
1437 980 1540 1034 hoc
1567 977 1736 1048 possit
1765 975 1970 1044 attingi.
2002 975 2058 1028 In

481 1084 816 1139 quacunque,
842 1071 1030 1139 inquit,
1055 1071 1140 1124 die
1164 1071 1480 1125 invocavero
1503 1078 1574 1136 te,
1591 1068 1849 1124 velociter
1867 1067 2059 1122 exaudi

483 1176 586 1215 me.
619 1160 686 1214 Et
711 1163 832 1230 quia
863 1177 960 1231 per
985 1161 1343 1216 inﬁrmitatem
1370 1176 1523 1215 suam
1554 1160 1808 1214 diminuta
1831 1166 1913 1212 est
1940 1158 2058 1229 ani-

483 1265 570 1304 ma
601 1265 748 1314 mea,
782 1259 839 1304 tu
860 1252 1151 1320 multiplica
1177 1267 1295 1306 eam
1327 1252 1377 1304 in
1410 1252 1605 1304 virtute
1632 1258 1742 1303 tua.
1773 1248 1887 1302 Non
1916 1249 2057 1302 enim

480 1341 921 1410 poteritseipsam
935 1356 1124 1395 eruere
1144 1342 1317 1394 anima
1340 1341 1407 1394 de
1429 1339 1734 1408 muscipulis
1756 1339 2055 1402 occultatis,

479 1439 534 1484 et
556 1430 622 1484 de
649 1429 814 1486 foveis
841 1431 1013 1495 caecis,
1047 1431 1098 1484 in
1129 1432 1322 1502 quibus
1351 1440 1575 1499 regnant
1602 1430 1732 1484 vitia
1761 1445 1921 1498 super
1941 1444 2054 1496 eos,

480 1520 569 1586 qui
616 1520 919 1575 inciderunt
963 1535 1126 1589 super
1153 1521 1248 1575 eis.
1288 1517 1358 1574 Ut
1389 1535 1518 1589 ergo
1552 1518 1792 1575 dominio
1808 1519 2057 1573 vitiorum

480 1615 790 1683 eripiantur,
844 1615 897 1668 in
943 1615 1140 1669 virtute
1185 1613 1397 1669 Domini
1442 1611 1806 1674 conﬁdamus,
1850 1620 1907 1667 ut
1947 1613 2060 1682 ipse

482 1704 799 1773 multiplicet
839 1705 1068 1758 animam
1113 1713 1350 1757 nostram
1398 1705 1451 1757 in
1493 1703 1848 1757 virtute.sua.
1879 1700 2058 1756 Conli-

2161 519 2370 572 deducet
2396 537 2494 583 me,
2518 522 2779 577 ettenebit
2817 541 2898 578 me
2923 526 3136 581 dextera
3163 537 3274 582 tua.
3310 528 3375 582 Et
3405 531 3522 584 dixi
3553 548 3571 584 :
3608 530 3741 586 For-

2158 610 2295 663 sitan
2323 609 2540 666 tenebra:
2566 614 2931 669 conculcabunt
2960 634 3057 682 me,
3081 626 3132 671 et
3155 635 3262 673 n01:
3289 620 3605 674 illuminatio
3635 639 3744 674 mea

2157 699 2213 752 in
2242 698 2436 754 deliciis
2464 703 2610 755 meis.
2638 700 2770 765 Quia
2801 704 3023 760 tenebrae
3043 722 3144 760 non
3173 707 3589 762 obscurabuntur
3617 727 3650 761 a
3679 721 3742 774 te,

2157 799 2208 842 et
2235 806 2339 844 nos:
2367 791 2497 844 sicut
2525 792 2633 847 dies
2661 793 3056 860 illuminabitur,
3082 799 3213 850 sicut
3259 797 3478 853 tenebris
3507 799 3645 868 ejus,
3675 800 3745 852 ita

2158 889 2208 933 et
2233 880 2400 936 lumen
2429 881 2557 951 ejus.
2593 881 2727 947 Quia
2773 893 2827 938 tu
2863 886 3134 956 possedisti
3176 905 3323 943 renes
3369 906 3532 955 meos,
3570 906 3745 942 susce-

2159 969 2283 1038 pisti
2305 987 2387 1023 me
2409 971 2472 1024 de
2498 972 2641 1026 tltero
2668 976 2851 1029 matris
2879 992 3024 1030 meat.
3057 976 3350 1046 Conﬁtebor
3377 980 3467 1032 tibi
3498 981 3744 1052 quoniam

2160 1062 2455 1118 terribiliter
2499 1067 2865 1135 magnificatus
2916 1085 2991 1134 es,
3043 1068 3304 1124 mirabilia
3349 1087 3511 1140 opera
3541 1080 3657 1130 tua.
3697 1080 3743 1123 et

2157 1153 2332 1206 anima
2361 1171 2473 1208 mea
2517 1164 2786 1226 cognoscet
2833 1159 3006 1212 nimis.
3038 1157 3160 1212 Non
3212 1167 3288 1213 est
3327 1160 3648 1214 occultatum
3690 1178 3744 1214 os

2157 1259 2323 1296 meum
2350 1261 2382 1296 a
2427 1252 2477 1298 te
2503 1246 2635 1314 quod
2672 1248 2838 1316 fecisti
2874 1249 2929 1300 in
2959 1250 3184 1315 occulto,
3208 1259 3258 1303 et
3300 1251 3598 1304 substantia
3636 1269 3743 1306 mea

2156 1335 2212 1386 in
2265 1335 2598 1402 inferioribus
2645 1343 2815 1390 terrae.
2873 1335 3235 1409 Imperfectum
3285 1357 3453 1394 meum
3508 1341 3742 1394 viderunt

2158 1423 2290 1477 oculi
2319 1425 2412 1486 tui,
2445 1431 2493 1476 et
2520 1426 2572 1478 in
2603 1424 2732 1479 libro
2763 1434 2847 1480 tuo
2875 1443 3049 1481 omnes
3077 1429 3385 1495 scribentur;
3403 1430 3516 1483 dies
3545 1432 3741 1501 forum-

2159 1511 2346 1566 buntur
2373 1521 2422 1566 et
2450 1530 2597 1568 nemo
2623 1517 2679 1568 in
2716 1517 2808 1570 eis.
2833 1515 2966 1570 Mihi
3003 1526 3174 1572 autem
3213 1520 3369 1573 nimis
3409 1521 3744 1590 honoriﬁcati

2159 1612 2278 1655 sunt
2305 1604 2460 1656 amici
2484 1605 2577 1668 tui,
2600 1603 2760 1670 Dens,
2785 1608 2940 1660 nimis
2965 1610 3290 1680 confortatus
3316 1618 3394 1664 est
3417 1613 3744 1680 principatus

2160 1707 2359 1745 eorum.
2391 1691 2744 1749 Dinumerabo
2782 1712 2888 1762 eos,
2921 1707 2972 1751 et
3003 1714 3157 1768 super
3185 1716 3398 1754 arenam
3426 1702 3748 1772 multiplica-

495 1801 710 1848 [cantur
753 1794 868 1858 tibi,
918 1794 1160 1858 nomine,
1205 1808 1393 1848 omnes
1441 1807 1594 1860 reges
1636 1798 1812 1855 term,
1863 1792 1914 1846 id
1953 1801 2054 1858 εει,
2088 1792 2134 1850 Β
2161 1783 2366 1850 buntur,
2394 1787 2665 1840 exsurrexi
2692 1795 2741 1840 et
2777 1789 2946 1842 adhuc
2987 1807 3099 1844 sum
3140 1799 3319 1845 tecum.
3367 1792 3427 1848 Si
3467 1795 3745 1861 occideris,

482 1898 673 1938 omnes
701 1882 927 1952 apostoli
954 1882 1111 1950 :quia
1143 1882 1368 1935 terrenis
1393 1881 1754 1950 voluptatibus
1776 1880 2058 1948 imperant,

482 1985 636 2039 reges
667 1979 820 2025 terra:
846 1971 952 2025 hoc
991 1970 1109 2024 loco
1147 1970 1274 2024 dicti
1320 1978 1441 2024 sunt
1481 1970 1601 2040 ipsi,
1641 1970 1734 2038 qui
1781 1969 2061 2024 audierunt

482 2061 646 2115 verba
691 2075 760 2115 ex
806 2074 900 2115 ore
944 2067 1053 2124 tuo,
1083 2059 1306 2113 Domine
1333 2058 1459 2113 Jesu
1499 2056 1728 2113 Christe.
1765 2057 1868 2127 Ipsi
1896 2058 2059 2112 etiam

479 2157 701 2206 cantent
730 2151 783 2204 in
812 2149 1034 2204 canticis
1059 2149 1284 2203 Domino
1313 2149 1597 2204 canticum.
1624 2148 1764 2202 Duas
1787 2163 1873 2203 res
1893 2149 2054 2214 canit,

481 2240 638 2294 unius
665 2240 831 2309 partis
857 2239 1155 2302 victoriam,
1188 2239 1405 2292 alterius
1432 2237 1805 2308 perditionem.
1829 2237 2061 2293 Cantent

477 2346 625 2402 ergo,
656 2333 780 2401 quia
809 2345 999 2400 magna
1022 2339 1106 2385 est
1141 2330 1308 2398 gloria
1333 2329 1562 2394 Domini,
1593 2329 1808 2397 quando
1854 2328 1908 2381 in
1938 2329 2059 2385 altis

480 2425 654 2479 crucis
681 2423 943 2488 habitans,
975 2420 1213 2490 respexit
1258 2420 1476 2473 humilia
1514 2417 1827 2482 inferorum,
1867 2424 1923 2472 et
1949 2417 2056 2472 alta

479 2514 544 2569 de
573 2514 730 2582 longe
757 2513 1028 2582 cognovit.
1058 2511 1250 2567 Postea
1273 2511 1414 2566 enim
1435 2511 1569 2564 vidit
1596 2512 1794 2566 inferos
1821 2518 1876 2566 et
1900 2511 2058 2578 longe

480 2605 650 2659 factus
677 2613 780 2671 est,
812 2621 920 2659 non
967 2605 1140 2659 solum
1188 2619 1217 2658 a
1252 2604 1420 2669 ctelis,
1452 2602 1546 2658 sed
1589 2603 1658 2657 ab
1705 2604 1817 2673 ipsa
1863 2611 2006 2657 terra
2038 2621 2053 2656 :

480 2695 654 2766 abyssi
684 2694 947 2764 profunda
971 2694 1302 2750 descendens
1327 2693 1503 2757 scidit,
1545 2702 1602 2749 et
1644 2695 1767 2763 quia
1805 2693 1928 2748 inde
1971 2709 2049 2749 re-

480 2792 775 2838 verteretur
815 2785 882 2839 ad
928 2800 1169 2854 superos,
1212 2791 1268 2838 et
1311 2783 1435 2854 quia
1465 2798 1495 2836 a
1523 2783 1764 2852 superbis
1791 2790 2058 2837 remearet

481 2877 548 2930 ad
577 2877 760 2932 ccelos.
792 2875 882 2931 Sic
924 2891 1053 2945 ergo
1094 2877 1200 2928 alta
1226 2874 1294 2929 de
1342 2876 1497 2942 longe
1535 2875 1801 2943 cognovit,
1842 2873 2056 2942 quando

481 2967 814 3021 ambulantes
844 2979 940 3020 nos
965 2967 1019 3020 in
1058 2963 1235 3020 medio
1271 2965 1630 3019 tribulationis
1665 2962 1934 3020 viviﬁcare
1971 2964 2054 3019 di-

479 3065 672 3129 gnatus
701 3065 781 3112 est
807 3056 1090 3121 visitando,
1115 3065 1170 3110 et
1189 3071 1350 3125 super
1368 3055 1474 3110 iras
1495 3055 1829 3110 inimicorum
1849 3062 2056 3110 nostro-

2160 1870 2321 1937 Deus,
2343 1881 2664 1942 peccatores;
2685 1877 2780 1930 viri
2805 1881 3132 1949 sanguinum,
3155 1881 3411 1936 declinate
3430 1900 3465 1936 a
3485 1900 3592 1937 me.
3618 1882 3746 1947 Quia

2159 1959 2332 2015 dicitis
2373 1963 2428 2016 in
2454 1965 2764 2034 cogitatione
2799 1982 2816 2019 :
2850 1967 3121 2038 Accipiunt
3145 1971 3200 2022 in
3237 1972 3465 2025 uanitate
3511 1973 3746 2027 civitates

2157 2065 2297 2103 suas.
2331 2049 2522 2106 Nonne
2546 2055 2630 2124 qui
2651 2053 2869 2108 oderunt
2899 2064 2967 2120 te,
2993 2056 3228 2125 Domine,
3251 2060 3484 2129 oderam,
3515 2071 3572 2116 et
3598 2080 3738 2134 super

2156 2144 2392 2199 inimicos
2420 2155 2532 2201 tuos
2563 2146 2919 2203 tabescebam?
2949 2149 3188 2222 Perfecto
3215 2152 3333 2207 odio
3361 2154 3582 2208 oderam
3613 2156 3746 2219 illos,

2156 2236 2357 2290 inimici
2399 2239 2522 2306 {acti
2550 2247 2667 2292 sunt
2695 2241 2840 2294 mihi.
2875 2241 3050 2297 Proba
3085 2260 3186 2310 me,
3221 2243 3356 2300 Deus
3374 2285 3390 2308 ,
3416 2254 3468 2300 et
3494 2249 3641 2304 scito
3668 2266 3749 2304 cor

2157 2341 2359 2391 meum;
2388 2329 2654 2400 interroga
2699 2347 2780 2384 me
2824 2341 2874 2384 et
2914 2348 3162 2402 cognosce
3209 2337 3419 2390 semitas
3456 2353 3641 2392 meas.
3683 2339 3747 2393 Et

2156 2415 2272 2469 vide
2298 2415 2343 2470 si
2371 2417 2454 2470 uia
2497 2418 2787 2490 iniquitatis
2815 2421 2869 2475 in
2910 2438 2993 2475 me
3021 2432 3124 2489 est,
3163 2432 3214 2478 et
3240 2425 3405 2479 deduc
3430 2443 3517 2481 me
3567 2430 3634 2482 in
3671 2430 3746 2484 via

2157 2516 2371 2562 aeterna.

2720 2597 3152 2640 COHIENTARIUU.

2227 2689 2470 2756 Domine,
2502 2695 2743 2763 probasti
2770 2709 2886 2762 me,
2927 2698 3142 2766 quando
3170 2698 3237 2753 ad
3284 2699 3528 2755 militiam
3587 2710 3733 2757 tuam

2156 2784 2388 2837 accessi:
2419 2793 2475 2839 et
2501 2787 2796 2854 cognovisti
2826 2803 2910 2842 me
2931 2789 3155 2844 militem
3185 2800 3330 2844 tuum
3373 2807 3493 2847 esse
3518 2795 3742 2862 quando

2155 2876 2404 2945 pugnavi.
2437 2877 2570 2944 Quis
2594 2886 2772 2934 autem
2801 2881 2872 2933 sit
2886 2880 3039 2934 miles
3060 2881 3153 2936 Dei
3176 2881 3376 2937 iudicat
3393 2883 3743 2940 beatissimus

2155 2966 2368 3034 Paulus,
2381 2981 2513 3023 cum
2543 2969 2689 3024 illum
2719 2972 2982 3039 approbat
3007 2971 3099 3026 Dei
3134 2986 3253 3029 esse
3280 2973 3526 3040 militem,
3559 2977 3658 3044 qui
3683 2993 3740 3032 se

2156 3074 2187 3113 a
2239 3059 2468 3128 negotiis
2520 3059 2862 3116 szecularibus
2909 3062 3067 3117 tollit.
3111 3063 3308 3118 Verum
3357 3065 3631 3132 quoniam
3674 3066 3738 3120 de

480 3165 599 3204 rum
628 3147 868 3204 extendit
909 3162 1098 3202 manus
1142 3162 1294 3211 suas,
1338 3147 1510 3201 crucis
1553 3146 1848 3216 patibulum
1876 3146 2054 3216 perle-
2082 3143 2128 3206 C
2158 3149 2449 3204 moralibus
2477 3157 2612 3219 pene
2637 3151 2884 3206 omnibus
2921 3152 3140 3222 psalmis
3185 3153 3513 3210 instituimus
3543 3157 3738 3228 mysti-

479 3237 666 3303 rendo,
695 3237 908 3306 quando
934 3237 1159 3292 salvavit
1201 3252 1300 3291 nos
1325 3237 1543 3291 dextera
1590 3235 1725 3305 ejus.
1770 3234 1874 3306 Ipsi
1919 3237 2054 3292 dici-

481 3345 616 3392 mus,
651 3329 893 3393 Domine,
924 3329 1159 3383 retribue
1183 3334 1402 3399 pmpter
1422 3344 1526 3383 me.
1555 3327 1779 3399 Propter
1799 3345 1885 3384 me
1913 3330 2054 3384 enim

479 3427 534 3474 et
577 3427 733 3472 natus
762 3427 816 3472 et
840 3433 1026 3488 passus
1055 3433 1133 3483 es,
1168 3419 1414 3484 Domine;
1458 3418 1818 3474 misericordia
1863 3426 1956 3473 tua
2000 3419 2055 3474 in

477 3519 757 3565 aeternum.
789 3510 903 3565 Non
950 3511 1091 3565 enim
1138 3511 1420 3580 temporali
1460 3526 1559 3565 nos
1599 3510 1859 3566 beneﬁcio
1898 3511 2056 3566 rede-

475 3603 636 3667 misti,
666 3602 761 3656 sed
783 3605 985 3657 aiterno
1023 3601 1222 3656 auxilio
1251 3609 1356 3656 tua:
1381 3601 1760 3657 misericordiae
1792 3601 2049 3657 liberasti.

476 3691 649 3762 Opera
678 3708 929 3747 manuum
959 3700 1167 3746 tuarum
1191 3707 1299 3747 non
1327 3693 1566 3748 omittas.
1596 3691 1771 3762 Opera
1798 3706 2054 3748 manuum

479 3794 690 3840 tuarum
711 3800 913 3848 sumus,
936 3785 1061 3853 quia
1087 3783 1294 3839 factura
1317 3791 1408 3838 tua
1429 3799 1642 3838 sumus:
1667 3791 1722 3838 et
1747 3784 1869 3853 quia
1890 3799 2055 3854 opera

479 3890 733 3928 manuum
762 3882 970 3927 tuarum
999 3889 1096 3943 per
1123 3889 1286 3943 opera
1315 3884 1568 3927 manuum
1598 3881 1900 3928 nostrarum
1935 3873 2054 3930 fue-

480 3975 601 4022 rant
648 3967 998 4035 interempta,
1048 3981 1236 4020 manus
1282 3972 1386 4019 tua:
1431 3980 1530 4034 pro
1579 3965 1814 4034 peccatis
1860 3967 2056 4021 nostris

478 4056 622 4112 cruci
652 4054 824 4110 afﬁxa:
851 4063 994 4120 sunt,
1027 4063 1086 4110 ut
1113 4070 1278 4125 opera
1307 4070 1402 4109 sua
1429 4070 1549 4124 quae
1569 4069 1666 4124 per
1692 4055 1894 4123 lignum
1921 4070 2054 4110 con-

476 4149 816 4220 cupiscentiae
845 4149 1132 4218 perierant,
1178 4148 1306 4216 ipsa:
1334 4161 1520 4201 manus
1542 4160 1661 4214 qua:
1689 4154 1816 4200 tunc
1841 4161 2057 4201 creave-

477 4245 617 4302 rant,
650 4237 776 4306 ipsze
805 4253 945 4292 nunc
974 4252 1072 4306 per
1096 4236 1270 4290 crucis
1295 4235 1494 4303 lignum
1523 4235 1713 4289 iterum
1741 4239 2056 4304 repararent

479 4330 529 4383 in
557 4330 808 4399 passione
849 4329 1058 4383 Domini
1109 4327 1278 4381 nostri
1318 4324 1446 4380 Jesu
1484 4325 1700 4390 Christi,
1723 4308 1823 4393 'qui
1870 4332 2056 4392 regnat

477 4435 597 4475 cum
627 4419 785 4475 Patre
813 4428 868 4474 et
912 4419 1111 4488 Spiritu
1151 4426 1356 4481 sancto,
1385 4433 1482 4486 per
1509 4417 1685 4473 omnia
1731 4416 1922 4472 smcula
1947 4432 2053 4471 sm-

478 4514 743 4570 culorum.
778 4512 966 4566 Amen.

925 4600 1238 4657 PSALMUS
1263 4599 1589 4655 CXXXVIII.

898 4692 954 4747 ln
989 4690 1146 4746 ﬁnem
1177 4691 1410 4762 psalmus
1441 4689 1624 4744 David.

546 4786 784 4852 Domine,
815 4783 1041 4856 probasti
1063 4799 1141 4836 me
1167 4791 1215 4836 et
1235 4781 1518 4853 cognovisti
1546 4796 1656 4845 me,
1689 4787 1742 4831 tu
1771 4780 2052 4850 cognovisti

479 4879 752 4931 sessionem
779 4892 945 4930 meam
984 4883 1031 4928 et
1061 4874 1481 4927 resurrectionem
1520 4887 1708 4924 meam.
1743 4869 2052 4923 Intellexisti

478 4967 812 5035 cogitationes
833 4982 972 5018 meas
1001 4964 1065 5018 de
1097 4963 1263 5033 longe,
1303 4964 1539 5016 semitam
1580 4977 1745 5014 meam
1773 4969 1822 5013 et
1851 4962 2052 5031 funicu-

479 5056 584 5108 lum
612 5071 777 5108 meum
805 5057 1140 5126 investigasti.
1169 5054 1232 5106 Et
1261 5071 1436 5108 omnes
1459 5056 1568 5108 vias
1588 5071 1730 5107 meas
1750 5052 2050 5122 prwoidisti,

478 5150 598 5220 quia
628 5163 729 5200 non
754 5155 829 5200 est
855 5164 1016 5200 sermo
1053 5149 1108 5200 in
1156 5147 1332 5217 lingua
1367 5164 1502 5201 mea.
1534 5145 1686 5210 Ecce,
1719 5144 1958 5209 Domine,
1999 5153 2053 5197 tu

478 5238 759 5309 cognovisti
787 5238 960 5290 omnia
988 5237 1263 5290 novissima
1292 5245 1341 5289 et
1361 5238 1590 5307 antiqua,
1615 5245 1667 5288 tu
1694 5236 1931 5305 formasti
1951 5251 2048 5298 me,

479 5338 526 5382 et
547 5329 764 5398 posuisti
794 5343 946 5396 super
969 5343 1047 5379 me
1075 5343 1282 5378 manum
1318 5336 1479 5379 tuam.
1523 5325 1784 5378 Mirabilis
1812 5327 1950 5395 facta
1978 5331 2053 5376 est

478 5421 693 5476 scientia
723 5427 808 5472 tua
837 5435 900 5472 ea:
931 5420 1361 5488 me:confortata
1380 5428 1478 5485 est,
1525 5427 1575 5472 et
1614 5435 1715 5472 non
1763 5427 1937 5488 potero
1983 5415 2051 5468 ad

476 5530 610 5566 eam.
643 5508 755 5575 Quo
779 5509 862 5564 ibo
891 5528 922 5563 a
950 5511 1133 5582 spiritu
1161 5517 1271 5571 tuo,
1301 5519 1348 5562 et
1374 5527 1472 5581 quo
1500 5527 1531 5561 a
1554 5509 1686 5580 facie
1715 5516 1801 5560 tua
1823 5505 2053 5578 fugiam?

481 5607 539 5658 Si
569 5604 842 5659 ascendam
889 5604 944 5657 in
985 5603 1180 5667 coelum,
1216 5611 1266 5655 tu
1296 5601 1401 5654 illic
1447 5617 1498 5654 es
1512 5617 1530 5664 ;
1569 5601 1616 5652 si
1662 5598 1970 5652 descendere
2000 5598 2052 5649 in

477 5695 753 5761 infernum,
787 5695 926 5748 ades.
957 5695 1015 5749 Si
1045 5709 1306 5761 sumpsero
1333 5708 1528 5764 pennas
1559 5706 1698 5743 meas
1729 5688 1975 5754 diluculo,
2007 5697 2052 5740 et

2155 3254 2297 3305 cum,
2329 3253 2472 3295 nunc
2497 3241 2552 3294 in
2580 3239 2743 3296 Petro
2780 3242 3025 3312 apostolo
3071 3241 3404 3298 declaremus
3452 3243 3730 3300 effectum.

2156 3328 2400 3392 Domine,
2429 3330 2669 3399 probasti
2695 3343 2812 3396 me;
2861 3345 2947 3386 me
2975 3332 3191 3401 quando
3212 3334 3446 3398 vocasti,
3479 3337 3735 3402 cognovi-

2155 3419 2253 3484 sti;
2283 3420 2611 3488 cognovisti,
2653 3421 2866 3488 quando
2907 3421 3225 3490 praasumpsi
3266 3429 3322 3475 et
3360 3437 3522 3476 ausus
3551 3422 3634 3477 fui
3663 3423 3735 3478 di-

2155 3524 2282 3564 cere
2327 3527 2340 3561 :
2378 3507 2602 3564 Etiamsi
2630 3525 2710 3563 me
2737 3519 2970 3580 oporteat
3001 3512 3132 3564 mori
3172 3519 3329 3564 tecum
3349 3550 3364 3575 ,
3394 3528 3501 3566 non
3548 3521 3606 3566 te
3644 3530 3728 3566 ne-

2154 3599 2284 3669 gabo
2310 3597 2494 3670 ('Matt.
2543 3612 2666 3653 xxv:
2684 3598 2723 3668 ).
2759 3597 2838 3652 Tu
2867 3605 3048 3654 autem
3074 3600 3372 3668 cognovisti
3410 3615 3617 3655 omnes
3643 3616 3729 3656 co-

2153 3688 2439 3756 gitationes
2464 3703 2614 3744 meas
2640 3689 2798 3757 longe
2833 3697 3119 3758 antequam
3165 3704 3258 3744 eas
3285 3690 3612 3758 cogitarem.
3641 3689 3732 3744 Se-

2153 3780 2337 3834 mitam
2381 3794 2561 3835 meam
2601 3785 2658 3834 et
2699 3779 3051 3835 directionem
3079 3793 3253 3834 meam
3281 3779 3644 3848 investigasti,
3680 3788 3728 3833 et

2154 3884 2341 3926 omnes
2369 3870 2482 3924 vias
2507 3884 2657 3924 meas
2684 3869 2972 3939 prtevidisti
3003 3879 3059 3924 et
3087 3870 3345 3939 probasti,
3377 3879 3433 3924 et
3461 3871 3597 3940 quia
3630 3887 3730 3924 non

2154 3969 2270 4016 erat
2293 3962 2447 4017 dolus
2476 3963 2528 4016 in
2569 3963 2746 4030 lingua
2773 3978 2893 4017 mea
2935 3977 3056 4018 cum
3085 3962 3317 4017 dicerem
3350 3981 3363 4014 :
3397 3961 3630 4017 Etiamsi
3656 3979 3730 4015 me

2155 4063 2410 4122 oporteret
2433 4054 2563 4107 mori
2593 4060 2775 4118 tecum,
2815 4069 2918 4107 non
2949 4061 2995 4106 te
3036 4050 3230 4124 negabo
3256 4051 3428 4123 (Ibid.
3449 4053 3490 4122 ).
3521 4051 3609 4106 Tu
3637 4067 3729 4106 au-

2153 4150 2266 4198 tem
2295 4141 2536 4198 lonnasti
2561 4157 2668 4208 me,
2691 4151 2745 4198 et
2765 4142 2988 4212 posuisti
3017 4157 3183 4210 super
3209 4155 3297 4195 me
3325 4155 3544 4194 manum
3562 4149 3727 4194 tuam.

2154 4233 2400 4289 Firmasti
2430 4250 2515 4289 me
2541 4234 2608 4289 de
2637 4242 2726 4288 tua
2753 4235 3084 4305 praescientia
3114 4232 3258 4302 quod
3287 4247 3460 4287 essem
3506 4240 3726 4301 negatu-

2153 4340 2263 4387 rus,
2294 4331 2349 4379 et
2375 4325 2600 4394 posuisti
2624 4340 2838 4378 manum
2868 4333 3011 4378 tuam
3042 4339 3205 4392 super
3225 4340 3330 4388 me,
3359 4331 3418 4377 ut
3447 4332 3730 4392 peccatum

2154 4412 2401 4484 lacrymm
2427 4423 2801 4483 sequerentur.
2835 4413 3091 4468 Mirabilis
3121 4412 3259 4466 facta
3282 4421 3362 4468 est
3391 4411 3727 4481 prmscientia

2075 4506 2127 4566 ι)
2156 4510 2263 4566 tua,
2293 4520 2362 4560 ex
2387 4519 2472 4558 me
2500 4503 2799 4558 confortttta
2830 4510 2929 4570 est,
2964 4519 3070 4558 non
3101 4512 3292 4573 potero
3339 4503 3407 4557 ad
3457 4518 3601 4566 eam,
3634 4516 3725 4557 co-

2154 4601 2310 4650 natus
2330 4611 2447 4650 sum
2478 4611 2583 4650 non
2616 4609 2831 4663 negare,
2858 4597 3077 4665 promisi
3109 4610 3191 4650 me
3211 4597 3373 4649 etiam
3400 4597 3538 4649 mori
3557 4595 3725 4662 magis

2153 4686 2368 4753 eligere,
2401 4701 2568 4753 quam
2592 4687 2838 4753 negantis
2877 4686 3077 4740 crimen
3121 4686 3414 4750 incurrere,
3449 4685 3546 4738 sed
3594 4699 3723 4753 prae~

2152 4774 2372 4828 scientia
2403 4781 2490 4828 tua
2522 4775 2593 4827 ita
2622 4773 2918 4828 confortata
2949 4783 3056 4839 est,
3089 4782 3147 4826 ut
3174 4789 3282 4828 non
3325 4775 3618 4843 potuissem
3659 4771 3722 4825 ad

2151 4881 2288 4920 eam.
2320 4865 2456 4932 Quid
2485 4883 2627 4920 nunc
2656 4865 2882 4919 faciam?
2911 4865 3108 4933 Negavi
3140 4865 3423 4919 Dominum
3468 4872 3520 4919 et
3547 4865 3718 4930 magi-

2151 4967 2349 5024 strum;
2381 4973 2499 5022 nec,
2532 4966 2590 5012 ut
2617 4957 2834 5027 quidam
2865 4958 3169 5026 opinantur,
3201 4957 3472 5011 hominem
3500 4954 3717 5023 negavi;

2152 5063 2252 5118 ego
2275 5049 2420 5104 illum
2449 5049 2637 5117 negavi
2665 5049 2752 5102 cui
2775 5047 2884 5102 dixi
2918 5065 2930 5101 :
2966 5047 3040 5101 Tu
3069 5064 3123 5101 es
3153 5045 3389 5101 Christus
3432 5045 3593 5100 Filius
3623 5042 3724 5096 Dei

2145 5138 2484 5209 Matth.xw);
2530 5139 2679 5192 illum
2703 5137 2894 5205 negavi
2921 5152 3082 5207 quem
3111 5136 3336 5206 pedibus
3365 5135 3714 5190 ambulantem

2154 5246 2317 5299 super
2363 5229 2533 5283 undas
2570 5237 2825 5296 expertus
2870 5243 3019 5291 sum,
3073 5227 3220 5280 illum
3264 5242 3427 5296 quem
3454 5239 3581 5280 voce
3610 5222 3716 5277 vidi

2153 5323 2267 5376 sola
2296 5328 2573 5376 vocantem
2594 5328 2837 5374 mortuos
2863 5319 2930 5374 de
2955 5319 3220 5389 sepulcro,
3253 5319 3399 5373 illum
3419 5332 3567 5388 quem
3602 5330 3715 5370 om-

2154 5412 2218 5466 lis
2246 5411 2549 5481 patentibus
2576 5409 2681 5463 vidi
2711 5424 2831 5464 cum
2863 5409 3044 5478 Moyse
3084 5417 3138 5462 et
3169 5407 3303 5473 Elia,
3337 5417 3392 5462 et
3417 5421 3594 5462 vocem
3626 5421 3716 5458 su-

2155 5518 2250 5570 per
2269 5516 2389 5554 eum
2421 5499 2594 5554 Patris
2621 5499 2686 5554 de
2707 5499 2844 5554 ccelo
2871 5517 2883 5552 :
2921 5498 3024 5552 Hic
3049 5508 3125 5552 est
3169 5497 3339 5552 Filius
3367 5513 3517 5560 meus,
3547 5497 3714 5564 ipsum

2155 5594 2328 5646 audite
2359 5591 2378 5662 (
2408 5589 2558 5643 Matt.
2591 5589 2760 5658 xvii);
2793 5590 2940 5644 illum
2965 5588 3055 5657 qui
3091 5603 3264 5644 calces
3305 5596 3445 5644 tactu
3475 5600 3563 5640 suo
3588 5585 3712 5636 illu-

2157 5684 2393 5749 minavit,
2425 5683 2513 5752 qui
2544 5681 2705 5736 verbo
2744 5681 2984 5750 leprosos
3011 5679 3304 5745 mandavit,
3327 5680 3412 5748 qui
3446 5678 3585 5746 jussu
3616 5675 3727 5727 dse—
