3884 6184
137 367 222 423 ms
947 353 1414 414 COMMENTARII
1454 352 1519 408 IN
1557 331 1888 406 PSALMOS.
1933 350 2122 406 PSAL.
2167 349 2487 408 CXXXVIII.

3258 354 3359 412 566

136 479 290 535 monia
318 472 532 544 expulit,
561 479 612 526 et
631 469 828 524 multas
856 469 1082 522 virtutes
1105 483 1213 522 suae
1242 466 1467 520 Deitatis
1499 473 1676 518 osten-
1702 463 1751 521 Α
1779 469 1939 528 atque
1977 461 2245 538 dicentem
2301 481 2312 514 :
2359 461 2477 528 Quo
2509 461 2597 515 ibo
2626 477 2656 514 a
2707 461 2898 532 spiritu
2944 471 3056 530 tuo,
3104 473 3157 520 et
3194 481 3302 536 quo
3331 486 3359 524 a

133 572 214 624 dit.
243 565 368 633 Quid
396 577 532 616 nunc
565 560 804 622 facimus,
854 557 1186 612 Novatiane?
1237 555 1509 626 perdimus
1537 569 1667 623 apo-

134 659 302 714 stolum
325 653 558 715 Petrum,
589 666 652 702 an
684 649 973 717 recipimus
1015 654 1374 701 revertentem
1408 645 1474 698 ad
1515 644 1674 698 Chri-

133 750 286 805 stum?
312 745 440 800 Ecce
467 743 710 796 Christus
739 755 861 794 eum
892 739 1114 807 recepit,
1151 745 1204 791 tu
1236 736 1404 805 ejicis.
1438 735 1543 790 Sed
1565 736 1676 790 cla-

134 849 225 893 mat
246 844 419 892 contra
449 843 500 887 te
531 831 763 886 Paulus:
797 829 857 885 Si
900 827 1042 882 Deus
1064 828 1324 898 jnstiﬁcat
1345 866 1362 890 ,
1403 834 1462 879 tu
1509 840 1676 894 quare

135 928 407 982 condemnas
436 922 618 994 (Rom.
650 920 818 991 VIII)?
863 918 1007 974 Dicis
1052 925 1200 972 certe
1247 916 1530 986 haptizatis
1569 929 1675 968 non

135 1021 302 1073 debere
331 1013 708 1085 pmnitentibus
733 1009 1024 1064 subveniri.
1059 1007 1196 1064 Ecce
1227 1007 1474 1077 apostolo
1503 1005 1678 1076 poeni-

137 1110 245 1165 teizti
278 1106 614 1169 succurritur,
641 1103 733 1172 qui
757 1110 840 1156 est
873 1101 1248 1171 episcoporum
1277 1100 1589 1168 episcopus;
1622 1104 1678 1152 et

137 1200 278 1268 major
303 1197 493 1266 gradus
522 1195 763 1248 redditur
811 1193 1075 1262 ploranti,
1116 1207 1276 1262 quam
1307 1191 1571 1245 sublatus
1595 1197 1678 1244 est

136 1288 401 1356 deneganti.
422 1285 579 1353 Quod
601 1293 660 1339 ut
681 1285 924 1349 doceam,
951 1284 1080 1337 illud
1104 1283 1351 1347 ostendo,
1377 1282 1521 1351 quod
1551 1281 1676 1335 nul-

139 1383 200 1436 lus
223 1380 572 1451 apostolorum
601 1393 798 1433 nomen
827 1377 1058 1447 pastoris
1086 1376 1314 1445 accepit.
1346 1375 1505 1430 Solus
1534 1376 1676 1429 enim

139 1473 352 1528 Dominus
389 1469 544 1526 Jesus
588 1469 836 1526 Christus
881 1469 1137 1523 dicebat:
1183 1467 1296 1538 Ego
1347 1484 1460 1522 sum
1499 1476 1678 1538 pastor

137 1564 299 1629 bonus;
326 1573 376 1618 et
403 1563 595 1618 iterum
633 1562 783 1626 :Me,
830 1562 1023 1630 inquit,
1069 1569 1348 1631 sequuntur
1389 1577 1502 1613 oves
1548 1575 1678 1613 meae

137 1656 307 1728 (Joan.
335 1671 385 1710 ι.
409 1657 446 1726 ).
472 1654 589 1710 Hoc
617 1669 745 1723 ergo
775 1668 970 1708 nomen
1000 1660 1265 1716 sanctum,
1301 1659 1356 1706 et
1378 1651 1546 1722 ipsius
1573 1666 1675 1704 no-

136 1749 264 1802 minis
286 1755 603 1818 potestatem
653 1753 778 1817 post
823 1744 1276 1801 resurrectionem
1320 1758 1474 1798 suam
1514 1740 1676 1796 Petro

1779 553 1916 607 facie
1937 562 2025 607 tua
2059 554 2291 623 fugiam?
2312 555 2436 610 Scio
2457 555 2580 623 quia
2611 564 2667 608 tu
2696 571 2754 610 es
2774 555 3020 612 Christus
3049 557 3214 614 Filius
3243 559 3358 624 Dei,

1778 658 1940 712 quam
1969 645 2247 699 scientiam
2278 661 2378 698 non
2422 646 2548 699 mihi
2579 647 2817 701 reuelauit
2859 663 2982 702 caro
3029 659 3081 702 et
3127 654 3360 720 sanguis,

1777 737 1872 790 sed
1899 735 2061 790 Pater
2104 747 2217 791 tuus
2259 740 2342 809 qui
2372 739 2426 790 in
2466 738 2603 792 caelis
2641 750 2718 792 est
2739 738 2953 810 (Matth.
2979 743 3108 811 ινι).
3127 740 3246 807 Quo
3274 742 3362 797 fu-

1777 827 1959 896 giam?
1987 829 2077 898 qui
2110 837 2163 883 te
2190 829 2362 882 Deum
2395 831 2521 884 novi
2557 837 2613 884 et
2655 831 3082 900 omnipotentem
3117 834 3346 902 agnovi:

1778 920 1823 974 si
1852 921 1904 974 in
1934 922 2102 975 cmlos
2148 923 2440 977 ascendero
2484 931 2540 976 tu
2570 923 2679 978 illic
2722 939 2808 990 es;
2851 925 2896 978 si
2936 925 3265 981 descendero
3306 929 3358 983 in

1780 1009 2069 1074 infernum,
2102 1010 2248 1065 ades.
2283 1010 2359 1064 Ibi
2387 1013 2528 1066 enim
2561 1028 2655 1082 per
2702 1014 3007 1083 passionem
3055 1017 3358 1085 specialiter

1778 1100 2137 1171 descendisti,
2174 1102 2263 1155 ubi
2309 1117 2405 1171 per
2454 1104 2748 1172 potentiam
2788 1113 2956 1171 tuam,
2999 1105 3134 1161 sicut
3163 1107 3359 1177 ubique

1779 1191 2102 1258 generaliter
2123 1201 2318 1262 prtele
2339 1209 2418 1248 es.
2449 1192 2505 1247 Si
2534 1210 2812 1264 sumpsero
2834 1212 3036 1266 pennas
3061 1213 3209 1252 meas
3238 1207 3360 1252 ante

1781 1280 1972 1334 lucem.
2007 1279 2218 1336 Pennas
2249 1283 2353 1337 hoc
2382 1283 2501 1338 loco
2545 1300 2645 1354 pro
2685 1286 3101 1354 cogitationibus
3148 1289 3321 1357 posuit
3345 1331 3360 1354 ,

1778 1387 1896 1442 quae
1935 1375 2219 1442 repentino
2232 1375 2412 1428 volatu
2443 1377 2639 1446 ubique
2667 1386 2810 1444 sunt,
2842 1379 2894 1432 in
2929 1379 3088 1444 coelo,
3113 1379 3165 1434 in
3194 1389 3359 1445 terra,

1778 1463 1831 1517 in
1862 1464 2073 1535 abysso,
2106 1474 2160 1519 et
2189 1466 2493 1536 ubicunque
2540 1466 2733 1522 ﬁniunt
2761 1470 2952 1524 maria.
2997 1469 3052 1524 Si
3098 1486 3246 1540 ergo,
3281 1473 3361 1525 in-

1777 1555 1910 1624 quit,
1944 1563 2000 1610 et
2028 1556 2079 1608 in
2124 1556 2296 1610 lucem
2329 1559 2738 1614 resurrectionis
2781 1570 2885 1614 tum
2915 1561 3103 1616 vadam
3134 1563 3360 1617 ubicun-

1779 1662 1887 1717 que
1929 1648 2372 1703 inaceessibilitas
2411 1649 2552 1704 solet
2571 1649 2853 1718 fugitivum
2896 1651 3224 1708 abscondere
3258 1672 3270 1706 :
3304 1662 3360 1707 ut

1779 1739 1906 1795 illuc
1933 1741 2012 1796 ire
2039 1741 2259 1810 possim,
2292 1757 2484 1796 manus
2511 1750 2601 1796 tua
2621 1742 2849 1798 deducet
2877 1759 2985 1810 me,
3025 1753 3080 1799 et
3106 1747 3260 1814 quasi
3285 1746 3362 1800 fu-

137 1841 377 1914 pmoitenti
423 1841 711 1906 concessit,
759 1847 816 1894 et
861 1845 1086 1909 negatus
1127 1837 1370 1906 negatori
1409 1850 1508 1890 suo
1537 1835 1678 1889 hanc
1707 1833 1753 1893 B
1779 1833 2001 1900 gitivum
2049 1833 2254 1887 tenebit
2297 1849 2384 1888 me
2442 1833 2664 1889 dextera
2708 1842 2819 1890 tua.
2870 1834 3010 1890 Ante
3050 1837 3223 1892 lucem
3253 1839 3360 1903 hic,

136 1949 265 2003 quam
292 1934 429 1989 solus
456 1933 664 1997 habuit,
695 1932 880 1987 tribuit
908 1937 1230 2002 potestatem
1255 1947 1267 1983 :
1294 1935 1352 1984 ut
1376 1943 1483 1983 non
1504 1926 1679 1982 solum

135 2037 436 2093 recuperasse
462 2024 612 2094 quod
633 2024 905 2089 amiserat,
937 2024 1274 2093 probaretur,
1302 2036 1488 2076 verum
1516 2019 1680 2074 etiam

137 2121 179 2167 et
196 2114 343 2169 multo
373 2114 605 2185 amplius
631 2113 965 2186 paenitendo,
1012 2128 1174 2182 quam
1222 2112 1468 2181 negando
1495 2110 1678 2182 perdi-

134 2205 275 2272 derat,
305 2207 614 2276 acquisisse.
644 2205 759 2262 Hoc
791 2206 1045 2274 magister
1071 2206 1246 2261 bonus
1271 2204 1326 2259 in
1353 2204 1526 2259 electo
1555 2222 1567 2256 :
1598 2202 1679 2256 di-

135 2297 331 2366 scipulus
357 2297 553 2353 Christi
583 2298 631 2352 si
658 2297 868 2366 integro
899 2296 1080 2351 animo
1125 2302 1349 2367 peccet,
1380 2301 1596 2366 oportet
1622 2300 1680 2348 ut

136 2399 317 2456 renuat;
347 2390 416 2444 ita
458 2391 672 2458 integro
720 2389 901 2443 animo
942 2388 1236 2459 pmniteat,
1277 2375 1592 2443 si'evenerit
1622 2393 1680 2439 ut

137 2480 388 2551 delinquat.
420 2482 527 2538 Nec
557 2481 666 2537 sibi
697 2496 892 2535 noxam
931 2481 1245 2550 permittere
1273 2479 1432 2534 debet
1462 2485 1520 2533 ut
1562 2493 1680 2533 cre-

135 2583 244 2642 scat,
270 2585 319 2629 et
337 2591 450 2645 qua:
487 2582 645 2629 tanto
692 2574 850 2630 citius
875 2573 1141 2641 vincitur;
1189 2580 1395 2642 quanto
1439 2581 1495 2628 et
1523 2572 1680 2627 citius

137 2676 439 2736 repugnatur.
471 2666 639 2724 Certe
667 2666 842 2722 omnis
871 2668 1126 2721 sanctitas
1153 2667 1218 2721 ad
1248 2667 1416 2721 Deum
1441 2666 1605 2731 ducit,
1626 2672 1683 2720 et

138 2772 269 2812 omne
296 2769 563 2829 peccatum
600 2758 666 2813 ad
713 2759 1013 2825 diabolum;
1045 2766 1100 2812 et
1128 2758 1226 2812 sub
1268 2757 1496 2811 Domino
1536 2757 1680 2812 bono

138 2850 304 2918 positi,
347 2851 620 2920 quomodo
671 2849 938 2905 credimus
976 2848 1132 2903 nobis
1166 2847 1572 2918 possibilitatem
1615 2846 1682 2901 ad

138 2941 365 2997 diabolum
394 2944 550 2998 eundi
583 2957 919 3006 concessam,
953 2950 1006 2997 et
1038 2941 1346 2996 revertendi
1400 2939 1467 2994 ad
1501 2939 1684 2995 Domi-

134 3047 240 3085 num
269 3032 616 3102 denegatam?
659 3031 809 3088 Addo
859 3031 1042 3086 aliud:
1075 3039 1222 3087 certe
1265 3031 1538 3086 hominem
1587 3045 1685 3102 per

140 3133 374 3190 peccatum
403 3141 432 3179 a
461 3143 518 3182 se
558 3126 820 3180 recedere
866 3125 1008 3179 Deus
1046 3141 1153 3179 non
1181 3124 1314 3189 vult,
1347 3131 1401 3178 et
1429 3131 1682 3193 peccato-

1780 1935 1908 1980 ante
1936 1928 2384 1982 resurrectionem
2413 1929 2592 1998 posuit
2626 1928 2940 1984 Salvatoris.
2971 1927 3106 1996 Quia
3128 1931 3180 1984 in
3210 1939 3363 1985 tene-

1779 2019 1891 2074 bris
1920 2018 2019 2074 fuit
2047 2035 2208 2076 omne
2236 2022 2488 2076 saeculum
2513 2023 2733 2092 jacente
2757 2024 2986 2079 Domino
3017 2026 3069 2080 in
3092 2026 3360 2095 sepulcro,

1780 2110 1834 2166 in
1863 2127 1971 2181 quo
2001 2121 2244 2182 tempore
2264 2115 2580 2184 paenitentia
2622 2115 2765 2172 Petri
2805 2119 3038 2187 apostoli
3081 2121 3358 2187 agebatur,

1781 2202 1832 2256 in
1859 2217 1962 2272 qua
1999 2203 2161 2258 etiam
2190 2203 2301 2259 dixi
2344 2222 2358 2258 :
2400 2205 2648 2260 Forsitan
2691 2209 2925 2263 tenebrae
2970 2210 3362 2266 conculcabunt

1779 2310 1885 2350 me.
1919 2295 1988 2349 Et
2017 2297 2188 2352 tribus
2227 2298 2602 2366 negationibus
2627 2300 2738 2355 suis
2764 2307 2871 2356 tres
2909 2301 3151 2370 fugarum
3179 2311 3364 2372 partes

1781 2387 1992 2442 clausas
2021 2403 2160 2454 esse,
2191 2391 2236 2443 si
2263 2389 2335 2443 ibi
2373 2389 2608 2458 fugeret,
2641 2392 2993 2458 memorabat,
3027 2393 3081 2448 in
3105 2395 3262 2458 caelo,
3307 2397 3361 2450 in

1782 2478 1991 2534 inferno
2017 2487 2072 2534 et
2103 2480 2156 2534 in
2197 2482 2487 2551 postremis
2517 2483 2702 2538 maris.
2737 2482 2877 2553 Ergo
2907 2485 3140 2540 tenebrae
3165 2501 3363 2555 negare

1781 2577 1924 2634 sunt,
1957 2579 2012 2624 et
2036 2571 2218 2640 fugere
2247 2572 2585 2628 conculcatio
2617 2574 2980 2629 tenebrarum.
3011 2575 3124 2631 Hoc
3146 2577 3360 2643 timens,

1781 2675 1850 2714 ne
1879 2661 1947 2716 ab
1967 2661 2046 2715 eis
2073 2661 2493 2732 comprehensus
2514 2704 2529 2728 ,
2579 2664 2647 2718 ab
2676 2664 2805 2734 ipsis
2836 2667 3072 2722 tenebris
3117 2669 3374 2724 calcare?

1784 2758 1888 2817 tur,
1920 2753 2069 2820 quasi
2095 2753 2330 2808 tenebris
2357 2742 2668 2822 subjectus,
2689 2758 2946 2826 operibus
2972 2767 3115 2814 esset
3153 2759 3363 2814 deditus

1783 2844 2148 2910 tenebrarum,
2180 2845 2380 2901 habeas
2406 2855 2615 2903 reatum
2643 2865 2959 2920 perennem,
3003 2852 3160 2923 juges
3188 2854 3364 2925 lacry—

1783 2951 1920 3002 mas,
1951 2937 2166 2992 dolores
2188 2945 2438 2994 mternos.
2469 2938 2585 2995 Hoc
2613 2941 2757 2996 enim
2787 2943 2950 2998 modo
2978 2945 3366 3000 conculcantur

1787 3028 2022 3083 tenebrae
2051 3029 2241 3085 mortis
2271 3029 2458 3098 hujus,
2488 3046 2594 3102 qua
2623 3033 2982 3102 corporaliter
3000 3035 3279 3090 morimur.
3311 3035 3366 3090 Si

1768 3135 1918 3194 ,vero
1949 3120 2212 3187 moriens,
2265 3121 2457 3191 inquit,
2508 3138 2618 3178 non
2665 3125 3024 3181 conculcabor
3051 3142 3082 3180 a
3113 3128 3366 3206 tenebris,

140 3228 227 3267 rem
248 3215 305 3270 ad
331 3232 385 3272 se
405 3219 596 3273 venire
629 3217 770 3271 Deus
794 3216 921 3270 γυιι,
945 3215 1001 3270 Si
1034 3215 1162 3270 illud
1191 3216 1367 3286 ροιυῑι
1396 3216 1510 3269 ﬁeri
1537 3214 1682 3284 quod
1709 3199 1754 3260 C
1787 3209 1880 3264 sed
1923 3209 1992 3264 ad
2028 3210 2250 3267 delicias
2296 3222 2607 3268 sanctorum
2638 3216 2864 3284 attingo,
2899 3232 3007 3272 nox
3035 3217 3150 3288 ipsa
3182 3201 3370 3274 mortis

140 3301 251 3360 Deus
274 3323 372 3362 non
400 3309 527 3374 vult,
559 3316 770 3378 quanto
799 3308 967 3375 magis
996 3307 1100 3362 hoc
1145 3307 1344 3376 poterit
1393 3305 1508 3359 fieri
1537 3303 1684 3373 quod

141 3393 250 3450 Deus
271 3397 408 3451 vult?
435 3397 559 3452 Ideo
597 3397 831 3467 denique
861 3396 1117 3465 cogitatio
1167 3396 1374 3465 peccati
1405 3411 1511 3449 non
1541 3403 1624 3449 est
1651 3407 1683 3447 a

141 3485 227 3542 Deo
251 3491 497 3558 prohibita
525 3505 635 3560 per
656 3499 930 3556 naturam,
963 3489 1055 3544 sed
1091 3504 1188 3558 per
1226 3488 1508 3558 imperium
1552 3500 1686 3556 pra:-

139 3588 391 3648 ceptorum,
420 3591 476 3637 ut
499 3583 708 3637 laboris
734 3583 785 3636 ei
812 3596 988 3652 pugna
1019 3581 1380 3646 incumbente,
1405 3579 1682 3650 pnemium

139 3667 189 3722 de
212 3674 479 3729 certamine
505 3673 845 3744 proveniret.
891 3673 1072 3742 Voluit
1122 3673 1265 3728 enim
1295 3671 1438 3726 Deus
1481 3669 1684 3725 homini

139 3763 283 3830 operis
320 3763 693 3836 fatigationem
735 3765 1058 3834 relinquere,
1110 3780 1178 3819 ne
1219 3765 1273 3818 in
1303 3764 1482 3834 aliqua
1518 3762 1687 3817 detri-

140 3857 276 3910 menti
305 3869 451 3927 parte
481 3858 770 3928 prmmium
814 3857 1116 3928 impediret.
1147 3857 1293 3911 Duos
1323 3864 1472 3911 certe
1516 3855 1686 3910 bono-

143 3959 235 3998 rum
260 3957 307 4002 et
332 3949 589 4005 malorum
614 3948 845 4020 populos
873 3963 994 4004 esse
1023 3963 1182 4002 nemo
1212 3956 1296 4002 est
1319 3947 1412 4016 qui
1438 3947 1682 4001 nesciat:

143 4035 284 4093 bonos
307 4041 522 4098 dicimus
551 4041 855 4103 credentes,
907 4049 963 4095 et
991 4041 1258 4110 pessimos
1300 4055 1408 4094 non
1457 4039 1686 4094 creden-

145 4133 235 4194 tes;
263 4146 358 4186 non
401 4133 684 4188 credentes
725 4146 844 4186 esse
872 4133 971 4187 sub
1013 4131 1249 4197 diabolo,
1302 4139 1357 4185 et
1404 4129 1686 4185 credentes

143 4233 238 4276 esse
273 4226 362 4280 sub
403 4226 532 4281 Deo.
585 4225 776 4294 Magna
813 4225 1124 4296 prtedicatio
1165 4235 1275 4291 tua,
1309 4240 1342 4280 ο
1364 4225 1680 4290 Novatiane,

143 4311 214 4377 qui
232 4327 424 4370 servum
463 4317 666 4372 diaboli
695 4319 762 4373 ad
793 4326 845 4372 te
875 4331 1054 4382 vocas,
1101 4324 1160 4371 et
1197 4332 1412 4372 servum
1444 4316 1536 4370 Dei
1568 4331 1597 4369 a
1630 4324 1684 4370 te

142 4404 358 4471 repellis:
389 4411 539 4477 quasi
569 4410 663 4479 qui
695 4410 826 4464 velis
854 4409 1019 4463 Deum
1048 4409 1244 4463 lucrari
1271 4407 1416 4477 quod
1452 4423 1558 4462 non
1588 4407 1685 4460 ha-

143 4489 232 4558 bet,
255 4503 304 4550 et
329 4500 550 4567 perdere
591 4499 740 4569 quod
788 4500 966 4554 habet.
997 4498 1114 4554 Iluc
1143 4498 1379 4568 adjicias
1426 4505 1480 4552 et
1532 4497 1678 4563 illud,

1785 3301 2106 3357 illuminatio
2133 3302 2237 3358 erit
2259 3302 2311 3356 in
2339 3303 2545 3359 deliciis
2574 3309 2725 3360 meis.
2759 3306 2835 3362 Ibi
2863 3309 3005 3362 enim
3047 3311 3256 3364 habebo
3289 3311 3369 3364 lu-

1783 3409 1900 3449 cem
1931 3410 2105 3449 meam
2133 3394 2404 3451 Christum
2435 3413 2611 3472 meum
2635 3439 2651 3463 ,
2683 3400 2775 3466 qui
2805 3415 2911 3454 non
2954 3402 3156 3470 patitur
3183 3403 3369 3456 obscu~

1782 3487 1996 3540 ritatem
2048 3487 2425 3551 tenebrarum,
2468 3488 2519 3541 in
2560 3487 2714 3555 cujus
2767 3498 3060 3561 conspectu
3122 3507 3230 3547 nox
3293 3493 3367 3546 si-

1783 3587 1881 3633 cut
1902 3579 2016 3633 dies
2045 3577 2448 3633 illuminabitur.
2473 3578 2624 3636 Sicut
2664 3579 2898 3634 tenebrae
2927 3581 3064 3650 ejus,
3093 3582 3166 3635 ita
3203 3591 3257 3636 et
3288 3584 3367 3636 lu-

1783 3685 1906 3724 men
1932 3669 2067 3738 ejus.
2096 3669 2209 3724 IIoc
2227 3679 2415 3748 contra
2446 3669 2793 3724 Manichmum
2823 3673 2914 3742 qui
2948 3673 3109 3737 dicit,
3147 3673 3370 3729 alterius

1783 3762 2040 3832 principis
2064 3771 2189 3817 sunt
2218 3763 2472 3827 tenebrze,
2505 3763 2727 3817 alterius
2755 3765 3009 3835 principis
3039 3765 3129 3820 lux
3157 3774 3258 3822 est.
3290 3767 3366 3822 De
3455 3817 3462 3824 .

1787 3862 1971 3908 nostro
1995 3862 2175 3909 autem
2204 3853 2316 3909 Deo
2337 3863 2393 3910 et
2419 3863 2698 3909 cantamus
2735 3862 2790 3910 et
2825 3856 3114 3924 credimus,
3144 3858 3268 3928 quia
3299 3859 3374 3912 si-

1783 3957 1876 4000 cut
1898 3946 2132 4000 tenebrze
2161 3946 2279 4016 ejus
2310 3956 2455 4008 sunt,
2487 3948 2558 4001 ita
2587 3954 2643 4001 et
2691 3948 2868 4003 lumen
2897 3949 3014 4019 ejus
3053 3959 3155 4006 est.
3207 3951 3372 4006 Tene.

1784 4036 1893 4090 bne
1919 4037 2062 4090 enim
2092 4053 2199 4092 non
2243 4039 2493 4092 omnibus
2536 4040 2796 4094 creaturis
2829 4040 3115 4096 obscurum
3148 4041 3370 4097 faciunt.

1786 4127 2060 4197 Siquidem
2084 4137 2138 4182 et
2169 4127 2293 4182 ἴθι-ω
2325 4144 2462 4197 pene
2491 4145 2698 4191 omnes,
2731 4131 2826 4184 sed
2849 4140 2904 4186 et
2941 4141 3103 4186 carne
3131 4133 3369 4187 noctium

1785 4219 1987 4274 nullum
2012 4219 2285 4288 patiuntur
2305 4219 2620 4285 obscurum;
2651 4220 2746 4275 sed
2793 4229 2847 4274 et
2872 4236 2997 4276 aves
3037 4222 3221 4276 multa:
3248 4232 3382 4276 sunt.

1785 4327 1902 4381 qua:
1932 4312 1982 4366 in
2014 4312 2260 4366 noctibus
2287 4311 2485 4366 volant.
2524 4310 2674 4367 Unde
2694 4312 2952 4368 docemur
2971 4322 3220 4370 naturam
3243 4332 3372 4371 ocu-

1786 4405 1867 4460 los
1897 4413 2110 4459 nostros
2135 4420 2164 4458 a
2187 4404 2444 4459 Creatore
2474 4405 2613 4460 hanc
2641 4420 2760 4460 esse
2782 4407 3019 4472 sortitos,
3054 4416 3112 4461 ut
3136 4407 3189 4462 in
3223 4417 3372 4463 tene-

1785 4499 1897 4555 bris
1909 4499 2088 4552 videre
2114 4513 2219 4552 non
2237 4499 2461 4568 possint;
2482 4498 2622 4553 Deus
2641 4499 2785 4554 enim
2829 4499 2895 4553 ad
2928 4499 3168 4568 requiem
3202 4500 3373 4554 homi-

142 4586 256 4652 quod
281 4560 440 4657 possit
464 4560 874 4646 Deus-mortuos
901 4592 1185 4657 suscitare,
1219 4560 1276 4645 et
1303 4589 1544 4644 infirmos
1572 4591 1680 4644 sal-
1709 4560 1764 4621 Β
1789 4606 1914 4643 num
1936 4595 2124 4644 noctes
2154 4589 2402 4654 instituit,
2433 4597 2491 4643 ut
2530 4591 2894 4659 generationis
2934 4591 3181 4644 humanae
3207 4591 3373 4659 quieti

144 4688 245 4733 vare
268 4697 364 4737 non
392 4685 578 4754 possit.
613 4684 747 4737 Nam
773 4684 1031 4738 increduli
1075 4685 1273 4738 mortui
1303 4693 1445 4750 sunt,
1479 4693 1532 4738 et
1569 4700 1686 4738 cre-

141 4765 332 4837 dentes,
379 4774 501 4829 Iicet
539 4783 856 4846 peccatores
903 4775 1029 4838 sint,
1063 4775 1248 4830 vivunt
1287 4776 1339 4829 in
1375 4775 1687 4830 inﬁrmitate

141 4871 234 4914 sua.
265 4861 325 4920 Et
348 4866 390 4920 si
430 4865 680 4923 Salvator
701 4875 885 4922 noster
914 4868 1092 4934 habet,
1146 4868 1310 4922 immo
1351 4869 1475 4936 quia
1523 4867 1688 4922 habet

141 4955 352 5018 peritiam
394 4969 637 5015 mortuos
677 4961 992 5026 suseitandi,
1043 4961 1316 5029 quomodo
1367 4977 1472 5014 non
1527 4960 1688 5015 habet

142 5056 433 5119 Qumcunque
459 5051 657 5106 fuerint
682 5053 1020 5107 infirmitates
1057 5051 1316 5107 curandi?
1344 5051 1422 5104 Ex
1453 5061 1684 5122 utroque

144 5129 282 5190 latere
308 5139 701 5210 blasphematur
729 5144 881 5198 vobis
899 5183 913 5207 ,
945 5142 1451 5214 qui‘pmnitentibus
1482 5144 1685 5211 negatis

143 5221 376 5284 effectum.
400 5231 454 5286 Si
485 5234 626 5288 enim
659 5250 816 5304 posse
844 5251 965 5290 eum
987 5235 1193 5290 docetis
1215 5233 1551 5288 infirmitates
1571 5234 1687 5287 ani-

143 5327 224 5399 ma:
248 5334 441 5387 curare,
486 5325 579 5379 sed
624 5327 785 5391 nolle,
837 5326 1056 5395 impium
1107 5326 1357 5394 arguitis;
1390 5325 1434 5378 si
1469 5325 1604 5380 velle
1632 5332 1688 5379 et

143 5419 230 5461 non
259 5427 403 5480 posse
430 5433 552 5472 eum
577 5418 798 5474 forsitan
829 5419 1090 5481 dixeritis,
1125 5435 1153 5472 a
1187 5419 1394 5474 Deitate
1437 5418 1684 5473 excludi-

146 5496 231 5552 tis:
259 5512 308 5557 et
335 5517 508 5562 manet
528 5511 680 5565 vobis
709 5527 774 5565 ex
805 5520 1034 5580 utroque
1071 5511 1238 5565 latere
1276 5510 1679 5575 condemnatio,

144 5599 245 5643 cum
297 5599 492 5664 negatis
539 5598 750 5655 familia:
798 5601 892 5655 Dei
923 5602 1165 5670 pereunti
1216 5617 1376 5672 posse
1423 5602 1681 5656 succurri.

144 5674 383 5741 Hactenus
416 5705 530 5744 cum
569 5691 865 5748 Novatiano
913 5693 1012 5747 sim
1061 5695 1288 5747 locutus.
1335 5691 1688 5747 Revertamnr

145 5769 199 5823 ad
232 5780 512 5844 “P051010!!!
561 5787 906 5853 poeniteutem
932 5826 947 5852 ,
992 5800 1044 5840 et
1092 5784 1306 5841 flentem
1351 5787 1685 5842 amarissime

1788 4681 1959 4751 possit
1980 4695 2098 4735 esse
2119 4681 2441 4736 consultum.
2475 4681 2646 4751 Ipsius
2671 4695 2801 4749 ergo
2837 4689 2961 4736 sunt
2995 4682 3248 4744 tenebras,
3281 4698 3374 4736 cu-

1783 4771 1873 4839 jus
1899 4781 1981 4826 est
2020 4771 2130 4836 lux,
2176 4772 2321 4840 quod
2359 4771 2682 4826 Mauichmus
2727 4778 2904 4838 negat.
2949 4771 3065 4840 Ipse
3094 4780 3176 4826 est
3213 4772 3375 4825 etiam

1790 4861 2016 4916 Creator
2045 4877 2331 4932 corporum
2369 4869 2695 4922 nostrorum,
2729 4869 2916 4915 contra
2945 4861 3088 4929 quod
3132 4862 3376 4931 suscipit,

1792 4955 1877 5010 cui
1913 4955 1962 5008 in
1999 4955 2250 5025 prmsenti
2287 4955 2553 5024 paenitens
2593 4952 2786 5009 Petrus
2815 4955 2890 5008 ait
2923 4971 2935 5007 :
2978 4953 3059 5009 Tu
3093 4956 3377 5025 possedisti

1792 5063 1948 5103 renes
1973 5063 2143 5114 meos,
2185 5048 2276 5116 qui
2305 5045 2585 5116 suscepisti
2608 5061 2694 5100 me
2723 5061 2791 5100 ex
2820 5054 2973 5102 utero
3003 5048 3190 5102 matris
3221 5063 3374 5102 mem.

1792 5143 1942 5198 Sicut
1970 5143 2024 5196 in
2047 5157 2142 5197 ore
2191 5141 2316 5195 dum
2347 5141 2618 5210 loquimur
2639 5147 2694 5194 et
2727 5141 2781 5194 in
2822 5145 2987 5209 opere
3040 5142 3222 5212 aliquo
3252 5141 3376 5196 dum

1793 5249 2102 5304 operamur,
2151 5232 2328 5288 cordis
2390 5233 2560 5286 nostri
2618 5233 2850 5300 cogitata
2896 5233 3256 5297 ostendimus;
3305 5233 3377 5289 ita

1791 5324 1934 5392 quod
1965 5325 2016 5377 in
2039 5323 2203 5378 corde
2228 5323 2545 5391 cogitamus,
2569 5330 2859 5392 antequam
2888 5323 3117 5378 dicendo
3140 5323 3223 5376 vel
3251 5337 3368 5391 0pc-

1793 5415 1964 5470 rando
2005 5413 2288 5484 pandatur,
2316 5428 2346 5466 a
2376 5415 2595 5468 renibus
2633 5413 2885 5481 gignitur,
2918 5412 3207 5468 secundum
3249 5411 3378 5465 illud

1790 5507 1934 5577 quod
1966 5506 2016 5560 in
2060 5505 2168 5560 alio
2198 5504 2405 5574 psalmo
2449 5503 2674 5558 dicimus
2702 5503 2833 5566 Deo,
2877 5503 3022 5571 quod
3059 5517 3166 5569 non
3203 5501 3378 5554 solum

1790 5598 1975 5663 corda,
2006 5595 2100 5652 sed
2122 5604 2177 5651 et
2195 5610 2352 5650 renes
2372 5603 2659 5651 scrutetur.
2705 5593 2840 5658 Cum
2871 5607 2999 5660 ergo
3037 5590 3167 5645 dicit
3206 5591 3379 5660 paeni-

1792 5700 1907 5746 tens
1931 5690 2040 5744 Deo
2074 5707 2086 5741 :
2124 5687 2388 5755 Quoniam
2432 5697 2487 5742 tu
2518 5684 2803 5757 possedisti
2833 5697 2992 5738 renes
3033 5697 3203 5746 meos,
3252 5679 3381 5736 dicit

1790 5784 1838 5838 ei
1871 5801 1883 5836 :
1917 5781 2050 5848 Quia
2083 5781 2156 5836 ita
2185 5781 2280 5836 tibi
2314 5781 2364 5835 in
2392 5796 2477 5836 me
2505 5779 2632 5834 nihil
2655 5775 2926 5834 occultum
2945 5782 3045 5842 est,
3072 5781 3129 5828 ut
3160 5788 3266 5830 non
3288 5789 3379 5829 so-
