3884 6184
525 347 624 401 εἴη

527 481 635 534 inm
665 478 897 549 cogitata
938 493 1056 549 qum
1100 477 1310 534 suntin
1351 478 1515 533 corde
1546 477 1873 545 consideres,
1919 479 2016 535 sed
2056 490 2111 535 et

523 573 805 642 Cogitanda
851 586 969 640 quac
1026 579 1151 626 sunt
1194 571 1249 625 in
1304 570 1522 625 renibus
1563 585 1792 637 cernas,
1852 579 1943 640 tu,
2003 573 2109 627 Do-

525 664 688 728 mine,
719 663 809 731 qui
831 661 1111 731 suscepisti
1133 675 1219 716 me
1248 676 1315 716 ex
1345 667 1500 715 utero
1530 660 1718 717 matris
1761 677 1913 728 mea},
1948 663 2020 717 ita
2050 671 2109 717 ut

522 753 777 823 quidquid
798 754 865 808 ab
884 760 1006 809 ortu
1040 768 1162 808 meo
1183 751 1465 808 semisonis
1498 752 1845 808 halhutientis
1873 753 2111 810 infantia:

521 845 698 900 verbis
719 845 920 914 aliquid
943 843 1081 900 forte
1121 843 1339 915 peccavi
1373 858 1687 913 cognoscas.
1724 842 1902 898 Etiam
1930 845 1985 899 in
2005 845 2111 902 hoc

521 934 803 1002 confiteor,
843 937 970 1005 quia
1011 935 1320 990 terribiliter
1344 934 1473 988 mihi
1505 934 1817 990 mirificatus
1844 951 1940 991 es:
1974 936 2109 991 mira

524 1042 690 1097 opera
714 1035 804 1104 tua
826 1041 947 1095 qua:
969 1024 1137 1080 oculis
1150 1025 1285 1079 meis
1305 1023 1434 1088 vidi,
1450 1032 1505 1079 et
1526 1032 1579 1079 te
1600 1038 1872 1091 exercere,
1886 1024 2112 1080 Domine

523 1116 654 1172 Jesu
668 1115 901 1183 Christe,
919 1116 1166 1185 cognovi,
1182 1123 1237 1170 et
1263 1114 1441 1169 anima
1461 1129 1578 1169 mea
1595 1114 1745 1169 novit
1771 1114 1946 1169 nimis.
1963 1115 2113 1170 Intus

522 1208 577 1262 in
602 1224 687 1263 me
703 1214 784 1263 est
811 1206 956 1276 quod
970 1206 1188 1273 credidi,
1205 1221 1311 1261 non
1335 1205 1388 1259 in
1401 1204 1684 1275 superﬁcie
1694 1206 2002 1271 verborum,
2018 1205 2111 1260 sed

522 1299 668 1353 intus
698 1299 750 1352 in
775 1297 1071 1353 visceribus
1099 1297 1310 1363 animae,
1341 1295 1487 1365 quod
1514 1296 1587 1350 ita
1615 1310 1735 1351 esse
1763 1296 1859 1350 tibi
1888 1312 1999 1350 non
2027 1303 2111 1351 est

522 1388 811 1441 occultum.
871 1385 1146 1455 Siquidem
1188 1386 1284 1442 tibi
1326 1387 1596 1442 occultum
1638 1402 1744 1441 non
1781 1395 1890 1453 est,
1925 1402 2023 1442 nec
2049 1402 2112 1442 os

521 1493 732 1544 meum,
760 1478 812 1533 id
841 1488 953 1542 est,
981 1473 1163 1533 ossu'm
1190 1492 1387 1544 meum,
1420 1477 1563 1547 quod
1591 1476 1763 1533 fecisti
1793 1478 1846 1532 in
1871 1478 2103 1534 occulto.

521 1569 579 1624 Si
608 1584 736 1640 ergo
768 1585 866 1625 nec
909 1586 971 1625 os
999 1562 1324 1624 meum'tihi
1364 1567 1635 1623 occultum
1678 1576 1762 1624 est
1803 1568 1947 1640 quod
1993 1582 2113 1624 esse

523 1660 838 1715 naturaliter
863 1659 1113 1725 voluisti,
1163 1658 1293 1729 quid
1337 1658 1442 1714 erit
1486 1666 1610 1713 ante
1659 1665 1711 1714 te
1757 1658 2026 1714 occultum
2056 1658 2111 1713 in

523 1754 685 1809 corde
725 1754 869 1824 quod
908 1753 1239 1807 manifestari
1272 1751 1513 1821 jussisti?
1540 1750 1623 1807 Ad
1650 1751 1843 1806 altiora
1865 1751 2112 1806 ducimur

524 1861 645 1902 cum
673 1847 740 1901 de
769 1847 980 1901 ossibus
1007 1852 1063 1900 et
1089 1842 1386 1899 substantia
1418 1856 1539 1912 qure
1568 1842 1623 1895 in
1652 1839 1994 1896 inferioribus
2028 1849 2111 1896 est

525 1945 680 1991 terrae
726 1944 1040 1991 tractamus.
1091 1933 1281 2002 Agitur
1324 1932 1469 1986 enim
1516 1931 1622 1986 hoc
1649 1930 1771 1987 loco
1809 1930 1955 2000 quod
1997 1930 2111 1986 dies

524 2029 933 2086 resurrectionis
979 2027 1299 2083 advenerit:
1333 2023 1666 2094 Ubicunque,
1716 2024 1920 2094 inquit,
1952 2025 2113 2081 fuerit

524 2136 586 2176 os
613 2135 819 2189 meum,
850 2126 904 2176 et
947 2120 1253 2188 ubicunque
1299 2118 1354 2172 in
1397 2114 1742 2172 inferioribus
1771 2123 1926 2172 terra:
1952 2115 2112 2173 fuerit

524 2212 819 2268 substantia
845 2226 994 2275 mea,
1040 2209 1414 2280 imperfectum
1459 2222 1637 2264 meum
1676 2207 1934 2264 videbunt
1970 2209 2113 2265 oculi

524 2305 620 2360 tui.
645 2303 1015 2375 imperfectum
1037 2318 1215 2359 meum
1239 2317 1428 2358 carens
1455 2315 1670 2367 nervos,
1700 2314 1890 2356 carens
1909 2309 2107 2367 cutem,

523 2397 766 2466 spiritum
788 2412 895 2450 non
915 2396 1137 2462 habens,
1168 2395 1274 2450 hoc
1286 2393 1544 2449 videbunt
1558 2392 1699 2449 oculi
1719 2392 1816 2460 tui,
1846 2393 1971 2463 quia
1993 2392 2113 2449 solo

523 2498 742 2559 aspectu
764 2488 1037 2543 oculorum
1073 2496 1286 2541 tuorum
1310 2492 1579 2554 exsurget.
1622 2483 1683 2539 In
1710 2484 1848 2540 libro
1869 2483 2013 2540 enim
2033 2498 2112 2539 re-

522 2580 868 2637 surrectionis
888 2595 1076 2635 omnes
1090 2579 1337 2633 homines
1362 2578 1454 2647 qui
1475 2577 1586 2633 nati
1606 2585 1749 2643 sunt,
1764 2591 1955 2633 omnes
1974 2576 2110 2632 scri-

522 2676 740 2738 buntur,
771 2680 1037 2745 quotquot
1074 2671 1139 2725 ad
1169 2670 1311 2726 diem
1350 2668 1742 2736 formabuntur,
1784 2677 1840 2725 et
1869 2684 2027 2724 nemo
2057 2668 2112 2724 in

523 2765 603 2820 eis
630 2763 724 2833 qui
753 2765 826 2818 ibi
854 2763 1085 2832 scriptus
1112 2777 1221 2816 non
1264 2760 1352 2816 sit.
1401 2758 1461 2814 In
1508 2773 1617 2829 quo
1661 2759 1799 2815 libro
1844 2760 1975 2815 mihi
2002 2774 2113 2815 non

522 2862 650 2910 sunt
676 2855 729 2908 in
755 2868 942 2909 amore
970 2852 1108 2907 etin
1143 2851 1403 2916 honore,
1436 2850 1539 2904 nisi
1587 2849 1745 2904 amici
1793 2849 1897 2915 tui,
1946 2848 2107 2905 Deus.

510 2944 694 3013 Nimis
721 2945 862 3000 enim
891 2941 1180 3000 confortati
1200 2948 1325 2996 sunt
1342 2939 1674 3010 principatus
1700 2953 1910 2994 eorum.
1935 2936 2114 3010 Siqui-

524 3037 647 3093 dem
665 3036 953 3108 partieipes
973 3048 1067 3089 eos
1087 3032 1164 3087 tui
1185 3047 1303 3088 esse
1321 3030 1509 3086 aeterni
1529 3030 1738 3100 imperii
1758 3030 2108 3101 repromittis,

525 3143 626 3186 nec
651 3135 711 3182 ut
740 3125 977 3181 haeretici
1004 3122 1206 3190 dicunt,
1232 3137 1338 3177 non
1366 3120 1550 3176 debuit
1570 3119 1798 3176 mundus
1820 3120 2113 3176 subsistere

525 3234 622 3290 per
649 3231 771 3273 eum
801 3216 893 3287 qui
932 3213 1187 3286 praescius
1214 3218 1332 3267 erat
1356 3210 1606 3267 homines
1632 3224 1731 3282 per
1760 3219 1985 3281 peccata
2013 3225 2108 3266 sua

524 3319 580 3366 ot
605 3309 809 3365 scelera
838 3307 905 3362 ad
932 3314 1189 3362 aeternum
1218 3304 1479 3374 gehennae
1507 3303 1808 3359 incendium
1837 3302 2111 3369 destinan-

523 3399 641 3456 dos.
675 3398 732 3455 Si
762 3400 835 3454 ita
864 3397 1066 3469 putatis
1111 3394 1361 3451 debuisse
1410 3392 1559 3458 ﬁeri,
1608 3393 1913 3451 consultum
1941 3393 2113 3463 magis

523 3493 631 3550 reis
662 3491 915 3562 iudicatis
940 3504 1064 3546 esse
1092 3502 1255 3558 quam
1294 3487 1514 3543 sanctis.
1547 3485 1604 3542 Si
1633 3486 1778 3542 enim
1817 3484 2051 3541 mundus
2078 3500 2110 3540 a

523 3601 621 3641 suo
650 3583 838 3638 fuisset
866 3580 1091 3637 transitu
1128 3585 1432 3643 revocatus,
1464 3577 1641 3631 nullus
1680 3575 1868 3632 fuisset
1893 3582 2110 3631 sancto-

523 3691 644 3731 rum
671 3670 940 3744 particeps
977 3670 1149 3739 regni.
1203 3667 1269 3721 Et
1294 3667 1418 3721 dum
1448 3666 1833 3738 providebatur
1858 3666 2016 3721 malis
2041 3678 2112 3722 ne

523 3768 593 3822 ad
622 3766 898 3821 interitum
926 3762 1270 3824 devenircnt,
1302 3758 1694 3829 impediebatur
1736 3757 1894 3814 bonis
1939 3772 2007 3813 ne
2042 3756 2113 3812 ad

521 3857 749 3927 gloriam
779 3853 1153 3925 pervenirent;
1184 3857 1241 3905 et
1278 3856 1337 3903 ut
1379 3864 1488 3903 non
1528 3848 1766 3919 perirent
1792 3862 1891 3919 pro
1916 3846 2111 3902 merito

525 3958 623 4005 Suo
650 3946 810 4015 mali,
842 3946 985 4000 hanc
1022 3942 1151 3999 boni
1188 3940 1522 4011 accipiebant
1549 3939 1898 4001 sententiam,
1929 3950 1999 3992 ne
2025 3936 2113 3992 vel

525 4034 877 4113 temporalem
904 4036 1095 4092 rvitam
1141 4033 1478 4103 susciperent
1499 4073 1515 4099 ,
1569 4030 1762 4102 quibus
1819 4028 2113 4086 debebatur

524 4141 747 4189 acterna.
778 4128 889 4185 Nos
916 4134 1098 4183 autem
1124 4139 1246 4181 cum
1272 4122 1537 4195 propheta
1564 4121 1887 4191 gaudeamus
1912 4120 1967 4175 in
1986 4135 2111 4176 san-

523 4223 626 4280 ctis
654 4222 782 4290 Dei,
813 4229 869 4277 et
907 4235 1030 4276 cum
1073 4217 1336 4290 Apostolo
1364 4215 1537 4285 dignis
1577 4213 1872 4269 honoribus
1908 4213 2113 4268 amicos

523 4314 737 4371 Domini
763 4311 1130 4377 recordemur,
1156 4322 1387 4379 quorum
1426 4315 1607 4363 tantus
1634 4313 1718 4362 est
1745 4320 2022 4373 numerus,
2052 4311 2113 4360 ut

521 4420 685 4476 super
705 4417 925 4459 arenam
954 4399 1291 4470 multiplicati
1316 4412 1437 4453 esse
1467 4403 1777 4452 noscantur.
1803 4395 1943 4462 Quid
1968 4410 2112 4450 nune

520 4498 568 4555 si
596 4496 792 4553 occidit
827 4494 1086 4550 Dominus
1112 4491 1459 4561 peccatores?
1485 4487 1694 4545 Occidit
1727 4487 2027 4553 Neronem,
2056 4496 2112 4543 et

518 4598 646 4663 post
672 4603 793 4645 eum
822 4600 1009 4642 omnes
1036 4584 1181 4640 viros
1225 4579 1593 4650 sanguinarios
1637 4579 1731 4648 qui
1757 4586 1974 4633 sanctos
2000 4577 2110 4633 Do-

519 4683 654 4739 mini
675 4679 1005 4737 occiderunt.
1028 4673 1086 4732 Si
1109 4680 1370 4738 vestrum,
1387 4684 1421 4726 o
1442 4668 1707 4725 haeretici!
1731 4667 1874 4723 Deus
1891 4675 2108 4724 secutus

521 4783 665 4831 esset
685 4772 987 4837 consilium,
1014 4784 1081 4825 ne
1100 4766 1339 4840 perirent
1360 4763 1501 4819 Nero
1522 4769 1615 4817 aut
1634 4760 2108 4824 Diocletianus,vel

519 4867 703 4923 ceteri
732 4862 1101 4921 interlectores
1129 4868 1455 4922 sanctorum,
1485 4871 1594 4910 non
1614 4852 1828 4910 fecisset
1856 4867 1957 4908 nec
1973 4866 2102 4922 apo-

519 4958 712 5020 stolos,
764 4971 864 5012 nec
898 4962 1162 5027 martyres
1188 4951 1357 5016 nasci,
1383 4956 1632 5018 essetque
1652 4960 1751 5017 par
1767 4945 2024 5015 judicium
2055 4944 2109 4998 in

523 5048 737 5117 injustis
762 5053 817 5099 et
831 5045 1017 5114 justis,
1042 5053 1096 5099 et
1124 5046 1312 5099 omnes
1333 5055 1438 5096 una
1458 5037 1796 5110 prmveniens
1822 5034 2108 5098 sententia,

524 5153 624 5211 per
648 5150 807 5206 quam
836 5134 993 5190 simul
1019 5148 1206 5189 omnes
1232 5132 1542 5186 viderentur
1581 5135 1708 5183 ante
1746 5125 1921 5197 puniti
1947 5140 2111 5196 quam

523 5231 656 5286 nati.
704 5226 810 5284 Sed
834 5241 964 5291 vos,
1011 5240 1045 5281 ο
1072 5225 1173 5281 viri
1202 5221 1548 5292 sanguinum!
1581 5220 1848 5276 declinate
1874 5234 1905 5274 a
1933 5218 2106 5284 nobis,

521 5323 615 5396 qui
637 5320 813 5376 dicitis
831 5317 958 5388 quia
984 5317 1036 5372 in
1056 5330 1252 5371 vanum
1273 5313 1580 5384 acceperint
1601 5312 1847 5369 homines
1868 5310 2112 5367 civitates

523 5428 683 5478 suas,
713 5410 820 5466 hoc
846 5415 955 5473 est,
1003 5407 1121 5462 sine
1146 5420 1309 5460 causa
1354 5412 1480 5459 sunt
1524 5402 1781 5459 mortales
1807 5401 2012 5467 effecti,
2055 5407 2113 5455 et

524 5505 706 5562 omnia
735 5519 857 5560 cum
885 5500 1084 5558 mundo
1111 5505 1360 5571 pereunt,
1384 5506 1439 5553 et
1462 5497 1577 5567 ipsa
1604 5495 1858 5567 perditio.
1890 5492 2008 5549 Non
2031 5493 2105 5547 ita

524 5586 638 5665 est,
677 5611 867 5653 omnes
894 5595 947 5651 in
989 5595 1128 5653 libro
1155 5591 1336 5661 scripti
1367 5597 1509 5645 sunt.
1555 5587 1757 5643 Omnes
1799 5594 2104 5654 resurgunt,

525 5689 620 5745 sed
662 5689 780 5744 aliis
823 5688 1037 5745 dabitur
1062 5686 1191 5742 odor
1237 5684 1356 5739 vim
1392 5683 1447 5736 in
1487 5683 1643 5736 vitam
1670 5687 1946 5743 aeternam,
1990 5678 2109 5732 aliis

527 5783 656 5837 odor
683 5782 863 5835 mortis
904 5781 956 5834 in
996 5788 1208 5834 mortem
1252 5773 1322 5847 (ll
1362 5771 1482 5829 Cor.
1528 5772 1597 5841 ιι)
1639 5779 1984 5841 perpetuam,
2018 5767 2108 5822 ubi

1765 330 1771 340 '
1863 344 2132 402 armum!
2167 345 2467 407 JUNIORIS

2141 467 2187 521 Α
2215 459 2506 516 deveniunt
2534 462 2587 516 hi
2616 461 2684 517 de
2710 463 2903 534 quibus
2930 464 3125 523 dicitur
3150 487 3162 523 :
3194 468 3376 527 Nonne
3417 474 3503 542 qui
3548 483 3595 530 te
3636 479 3741 533 ode-

2211 560 2353 618 runt,
2387 554 2545 620 Deus,
2578 554 2703 610 odio
2727 555 2920 623 habui,
2952 567 3008 613 et
3032 573 3193 629 super
3219 562 3456 617 inimicos
3483 574 3595 621 tuos
3620 567 3740 623 tabe-

2210 643 2459 698 scebam?
2487 642 2614 701 Haec
2639 643 2831 702 Petrus
2857 647 2911 701 in
2940 645 3178 704 Ecclesia
3206 651 3453 722 loquitur,
3476 663 3529 709 et
3543 653 3741 714 Ecclesia

2212 735 2266 788 in
2296 733 2460 790 Petro
2488 736 2843 805 pronuntiat:
2872 735 3140 807 Perfecto,
3186 741 3372 811 inquit,
3403 743 3521 800 odio
3560 745 3741 802 oderam

2211 824 2358 892 illos;
2391 825 2592 882 inimici
2618 824 2744 883 facti
2772 835 2897 882 sunt
2923 829 3082 897 mihi;
3114 838 3171 887 et
3197 831 3334 896 ideo,
3366 833 3449 889 his
3474 836 3744 893 anathema-

2212 916 2387 972 tizatis
2406 934 2419 971 :
2436 914 2611 973 Proba
2633 933 2737 985 me,
2767 918 2957 989 inquit,
2980 920 3227 989 Domine,
3250 932 3303 980 et
3323 925 3455 981 scito
3474 941 3563 982 cor
3578 943 3742 997 meum,

2210 1008 2339 1078 quid
2365 1007 2433 1064 de
2460 1017 2514 1064 te
2538 1009 2786 1077 sentiam,
2816 1010 2946 1081 quid
2972 1012 3041 1067 de
3068 1021 3122 1068 te
3143 1015 3356 1070 credam
3377 1015 3630 1087 interroga
3654 1035 3744 1085 me,

2212 1108 2269 1155 et
2294 1099 2431 1155 scito
2464 1100 2682 1155 semitas
2715 1114 2884 1167 meas,
2915 1102 2987 1157 sit
3013 1103 3109 1158 tibi
3138 1105 3441 1161 sollicitudo
3466 1108 3530 1162 de
3547 1106 3743 1165 Ecclesia

2212 1197 2332 1257 tua,
2364 1198 2419 1245 et
2442 1190 2512 1247 de
2540 1190 2729 1248 ovibus
2758 1193 2891 1259 tuis,
2923 1201 2980 1249 et
3009 1194 3129 1250 vide
3155 1196 3200 1250 si
3229 1196 3314 1251 via
3344 1197 3623 1267 iniquitatis
3651 1202 3743 1255 dia-

2211 1281 2369 1337 bolus
2395 1287 2508 1348 est,
2537 1281 2629 1354 qui
2657 1297 2717 1338 se
2743 1283 2810 1337 ad
2838 1283 3221 1341 ambulandum
3251 1286 3305 1342 in
3333 1302 3397 1342 ea
3426 1288 3475 1343 in
3503 1289 3743 1346 incredulis

2213 1378 2269 1428 et
2295 1372 2562 1429 haereticis
2590 1373 2795 1443 prabet
2823 1391 2837 1427 :
2868 1371 3020 1442 Vide,
3045 1376 3236 1446 inquit,
3262 1378 3315 1431 in
3346 1374 3585 1449 pupulum
3607 1388 3742 1447 tuum,

2213 1480 2283 1521 ne
2309 1467 2379 1521 sit
2426 1466 2620 1536 aliquis
2647 1466 2703 1522 in
2751 1482 2861 1538 quo
2903 1468 2992 1523 via
3038 1468 3336 1540 iniquitatis
3381 1471 3481 1525 iter
3521 1473 3744 1528 erroribus

2211 1560 2479 1631 pricbeat;
2509 1565 2566 1615 et
2593 1559 2883 1616 excludens
2907 1561 3049 1616 viam
3077 1562 3392 1633 iniquitatis,
3428 1563 3587 1619 deduc
3611 1580 3683 1619 me
3704 1566 3744 1619 in

2214 1653 2352 1708 viam
2380 1661 2658 1718 aeternam,
2683 1662 2743 1708 ut
2768 1661 2940 1724 porta:
2965 1656 3153 1711 mortis
3181 1662 3237 1712 et
3267 1655 3422 1711 inferi
3450 1672 3550 1711 non
3576 1670 3743 1727 prava.

2215 1744 2361 1799 leant
2387 1745 2535 1812 mihi,
2567 1745 2861 1802 secundum
2911 1746 3135 1802 verbum
3181 1756 3335 1803 tuum
3382 1746 3592 1818 (Matth.
3631 1757 3744 1813 xvi),

2142 1822 2188 1885 B
2214 1833 2437 1889 Domine
2463 1833 2590 1890 Jesu
2609 1832 2842 1903 Christe,
2866 1837 2959 1906 qui
2978 1851 3172 1907 regnas
3192 1854 3318 1892 eum
3341 1838 3495 1895 Patre
3513 1845 3564 1894 et
3583 1837 3747 1909 Spiritu

2212 1933 2401 1981 sancto
2430 1925 2486 1980 in
2514 1926 2710 1981 smeula
2738 1927 3081 1982 saeculorum.
3114 1925 3308 1982 Amen.

2679 2034 2996 2093 PSALMUS
3042 2034 3334 2093 CXXXIX.

2628 2127 2688 2183 In
2725 2126 2884 2184 linem
2921 2127 3159 2200 psalmus
3196 2125 3386 2184 David.

2283 2229 2445 2303 Eripe
2478 2248 2592 2298 me,
2634 2228 2873 2298 Domine,
2906 2230 2970 2285 ab
3002 2230 3208 2285 homine
3237 2233 3413 2296 malo;
3435 2248 3466 2285 α
3493 2233 3587 2288 viro
3610 2234 3745 2305 iniquo

2212 2323 2352 2393 eripe
2374 2339 2472 2377 me.
2499 2320 2599 2387 Qui
2618 2322 2970 2394 cogitaverunt
2995 2322 3302 2393 iniquitates
3322 2326 3376 2376 in
3395 2324 3555 2389 corde,
3579 2332 3671 2379 tota
3684 2325 3747 2377 die

2213 2413 2586 2469 constituebant
2623 2414 2825 2485 prwlia.
2854 2412 3114 2467 Acuerunt
3140 2411 3350 2485 linguas
3378 2426 3493 2468 suas
3527 2416 3643 2468 sicut
3662 2429 3747 2467 ser-

2213 2514 2409 2576 pentes,
2438 2520 2683 2559 venenum
2706 2504 2940 2575 aspidum
2961 2502 3051 2557 sub
3072 2501 3225 2557 labiis
3246 2521 3442 2559 eorum.
3466 2503 3654 2559 Custodi
3670 2518 3747 2567 me,

2213 2592 2466 2661 Domine,
2497 2595 2563 2648 de
2591 2609 2749 2648 manu
2777 2595 3088 2665 peccatoris,
3120 2602 3170 2647 et
3197 2594 3266 2647 ab
3298 2593 3574 2650 hominibus
3596 2594 3749 2666 iniquis

2214 2687 2354 2757 eripe
2378 2701 2477 2740 me.
2518 2682 2618 2751 Qui
2663 2686 3014 2756 cogitaverunt
3049 2686 3393 2757 supplantare
3419 2703 3606 2759 gressus
3622 2701 3747 2751 meos,

2215 2775 2593 2832 absconderant
2633 2774 2837 2848 superbi
2869 2775 3107 2847 laqueum
3134 2777 3287 2830 mihi.
3350 2775 3421 2830 Et
3447 2780 3582 2850 funes
3603 2783 3749 2830 exten-

2215 2868 2403 2923 derunt
2447 2870 2502 2923 in
2544 2868 2810 2941 laqueum,
2835 2869 2993 2941 juxta
3036 2869 3137 2922 iter
3176 2869 3485 2924 seandalum
3523 2874 3750 2941 posuerunt

2216 2960 2360 3014 mihi.
2385 2958 2512 3015 Dixi
2530 2957 2789 3015 Domino:
2811 2957 2951 3015 Deus
2975 2972 3117 3014 meus
3138 2976 3193 3014 es
3216 2969 3268 3014 tu
3295 2979 3311 3027 ;
3334 2960 3537 3026 exaudi,
3556 2958 3751 3023 Domine,

2214 3040 2385 3106 mecm
2407 3050 2778 3122 deprecationis
2805 3066 2950 3105 meat.
2991 3047 3230 3125 Domine,
3264 3048 3507 3116 Domine,
3532 3052 3668 3105 virtus
3683 3066 3751 3103 sa-

2214 3142 2335 3201 lutis
2362 3160 2505 3211 mete,
2537 3143 2849 3201 obumbrasti
2876 3160 3030 3217 super
3066 3152 3221 3215 caput
3248 3158 3423 3200 meum
3448 3146 3500 3199 in
3537 3144 3609 3198 die
3639 3141 3745 3196 belli.

2216 3238 2342 3296 Non
2372 3231 2548 3295 tradas
2577 3256 2686 3303 me,
2719 3238 2967 3300 Domine,
2998 3255 3031 3292 a
3057 3237 3321 3296 desiderio
3364 3256 3474 3294 meo
3500 3236 3745 3311 peccatori:

2215 3332 2562 3403 cogitaverunt
2581 3340 2763 3384 contra
2782 3346 2881 3391 me,
2901 3345 2965 3383 ne
2983 3328 3317 3401 derelinquas
3339 3323 3745 3401 me,nefortcexal-

2214 3432 2400 3477 tentur.
2433 3422 2598 3494 Caput
2618 3421 2861 3474 circuitus
2885 3434 3086 3482 eorum,
3112 3417 3266 3474 labor
3294 3420 3541 3475 labiorum
3565 3419 3745 3488 ipsorum

2213 3513 2407 3584 aperiet
2430 3528 2535 3566 eos.
2553 3508 2752 3566 Cadent
2779 3525 2932 3580 super
2950 3522 3035 3564 eos
3064 3510 3352 3577 carbones;
3379 3511 3434 3564 in
3459 3511 3613 3582 ignem
3643 3504 3744 3575 deji—

2214 3606 2315 3660 cies
2343 3621 2428 3659 eos
2445 3620 2463 3658 :
2483 3605 2539 3657 in
2566 3601 2788 3658 miseriis
2818 3618 2920 3657 non
2943 3599 3237 3655 subsistent.
3273 3600 3372 3657 Vir
3396 3600 3640 3673 linguosus
3670 3611 3746 3649 non

2215 3696 2466 3768 dirigetur
2486 3695 2541 3749 in
2572 3701 2731 3760 terra,
2761 3694 2924 3748 virum
2950 3691 3201 3763 injustam
3236 3691 3383 3746 mala
3407 3692 3597 3762 capient
3622 3689 3667 3741 in
3689 3686 3746 3737 in-

2215 3790 2386 3842 teritu.
2427 3785 2652 3858 Cognovi
2679 3786 2800 3857 quia
2842 3785 2998 3856 faciet
3036 3781 3292 3839 Dominus
3314 3783 3564 3855 judicium
3599 3777 3747 3847 inapis.

2213 3889 2264 3934 et
2308 3878 2586 3934 vindictam
2637 3888 2935 3950 pauperum.
2995 3873 3364 3931 Verumtamen
3413 3876 3539 3948 justi
3580 3870 3748 3940 conﬁte-

2215 3972 2404 4026 buntur
2437 3969 2636 4025 nomini
2665 3979 2770 4035 tuo,
2797 3976 2848 4022 et
2874 3964 3179 4022 habitabant
3206 3968 3337 4023 recti
3376 3960 3491 4021 cum
3514 3964 3637 4020 vultu
3668 3970 3744 4014 tuo.

2137 3194 2184 3256 Ο

2790 4096 3228 4138 ΟΟΗΜΕΝΤΔΚΙΙΞΙ.

2284 4201 2594 4258 Cavendum
2614 4209 2697 4257 est
2719 4215 2791 4256 ne
2821 4197 3036 4269 quando
3055 4203 3250 4254 seus’us
3270 4206 3460 4254 noster
3476 4196 3592 4252 illuc
3608 4190 3748 4248 vadat.

2214 4293 2306 4350 ubi
2325 4293 2559 4363 genuino
2578 4298 2731 4347 motu
2751 4290 2870 4345 laus
2888 4296 3153 4345 creatum
3173 4289 3442 4345 consistit.
3466 4285 3621 4341 Malus
3639 4280 3749 4336 enim

2214 4403 2312 4459 per
2337 4393 2640 4456 creaturam
2685 4398 2786 4440 nec
2828 4383 2944 4453 ipse
2982 4389 3067 4438 est
3109 4381 3380 4438 diabolus.
3422 4379 3571 4448 Quod
3604 4375 3643 4431 si
3679 4386 3751 4442 per

2214 4486 2464 4534 naturam
2490 4484 2590 4532 nec
2609 4474 2856 4531 diabolus
2878 4474 3053 4528 malus
3076 4480 3178 4539 est,
3208 4480 3416 4541 quanto
3442 4468 3602 4539 magis
3625 4465 3751 4519 homo

2139 4571 2190 4633 D
2214 4571 2386 4627 malus
2411 4569 2619 4639 agendo
2647 4582 2758 4623 non
2784 4564 3055 4622 nascendo
3077 4563 3433 4635 probabitur?
3467 4559 3591 4616 Nam
3616 4553 3752 4613 omnis

2210 4674 2399 4719 natura
2429 4676 2565 4732 opus
2588 4666 2670 4714 est
2696 4658 2813 4715 Dei.
2835 4654 3007 4712 Omne
3032 4662 3215 4710 autem
3242 4659 3526 4725 peccatum
3551 4661 3671 4718 opus
3691 4649 3751 4697 est

2207 4751 2614 4823 contemptoris,
2637 4748 2783 4819 quod
2803 4755 2857 4803 et
2877 4747 3051 4817 ipsum
3071 4753 3357 4817 peccatum
3376 4758 3484 4800 non
3502 4740 3579 4797 sui
3599 4744 3750 4793 natura

2209 4845 2409 4901 malum
2437 4852 2539 4899 est.
2566 4841 2762 4895 Malum
2793 4838 2935 4894 enim
2957 4834 3086 4892 illud
3106 4850 3213 4890 non
3242 4832 3375 4890 facit
3400 4833 3511 4888 sola
3531 4823 3750 4899 operatiO.

2209 4937 2305 4995 sed
2334 4932 2727 5007 prtevaricatio.
2757 4929 3024 4998 Quoniam
3055 4925 3329 4998 prohibita
3357 4923 3484 4980 dum
3519 4922 3751 4990 geruntur.

2217 5037 2274 5086 et
2311 5028 2429 5097 ejus
2454 5025 2548 5096 qui
2574 5021 2844 5095 prohibuit
2879 5019 3083 5089 judicio
3110 5016 3449 5073 destinantur
3470 5012 3586 5075 im,
3614 5007 3751 5097 incre-

2214 5119 2709 5193 patadamnantur.
2741 5112 2984 5182 Denique
3011 5119 3068 5167 et
3093 5110 3208 5179 ipsa
3234 5106 3506 5178 prohibita
3532 5111 3583 5159 et
3604 5096 3749 5193 inbo-

2213 5184 2303 5267 nis
2323 5219 2380 5266 et
2397 5210 2451 5265 in
2474 5207 2630 5262 malis
2648 5204 2811 5260 rebus
2828 5216 2981 5258 reum
3000 5199 3203 5256 faciunt
3220 5201 3625 5269 perpetrantem.
3645 5184 3748 5240 Nam

2213 5300 2565 5360 homicidium
2589 5311 2858 5354 summum
2888 5293 3085 5348 malum
3113 5292 3166 5347 in
3192 5286 3516 5351 hominibus,
3545 5289 3596 5338 et
3616 5278 3746 5334 misc-

2212 5394 2441 5451 ricordia
2468 5405 2737 5448 summum
2758 5389 2961 5444 bonum
2981 5385 3189 5441 obtinet
3206 5383 3402 5448 locum,
3425 5375 3562 5450 quod
3582 5380 3747 5428 utrum-

2211 5504 2318 5560 que
2343 5494 2568 5545 vocatur
2594 5485 2649 5539 in
2674 5482 2899 5540 crimen.
2931 5478 3065 5533 Nam
3090 5485 3146 5532 et
3170 5475 3301 5531 Cain
3327 5487 3424 5529 cur
3458 5461 3697 5560 occiderit.
3722 5472 3744 5507 ει

2211 5556 2349 5635 faeie
2395 5577 2490 5632 Dei
2536 5574 2843 5646 projicitur;
2892 5580 2949 5627 et
2993 5568 3121 5625 Saul
3147 5584 3243 5625 cur
3285 5580 3397 5621 non
3432 5556 3690 5618 occiderit.
3721 5564 3745 5600 ει

2214 5684 2382 5740 regno
2410 5666 2729 5724 excluditur.
2763 5663 2872 5718 Ista
2918 5662 3058 5717 forte
3101 5657 3241 5731 apud
3264 5663 3477 5712 veteres
3510 5649 3642 5706 dicas
3660 5654 3741 5742 po'

2217 5764 2382 5818 tuisse
2426 5769 2705 5823 constare;
2736 5769 2879 5810 nunc
2907 5768 3035 5809 vero
3065 5752 3116 5807 in
3145 5747 3329 5821 quavis
3369 5753 3585 5818 persona
3609 5746 3739 5789 mue-
