3884 6184
154 349 257 407 559

1061 342 1530 403 COMMENTARII
1567 344 1636 401 1N
1674 343 2006 402 PSALMOS.
2047 345 2240 403 PSAL.
2283 345 2588 407 CXXXIX“

3337 349 3443 403 530

154 462 383 521 ricordia
422 460 688 533 probatur
713 474 832 517 esse
854 460 1091 526 virtutis,
1119 474 1243 515 cum
1271 476 1303 516 e
1326 468 1513 516 contra
1541 460 1740 515 docca-
1769 463 1822 521 A
1846 475 2006 530 quam
2031 461 2262 532 benigna
2290 461 2603 533 simplicitas
2628 460 2772 517 circa
2794 459 3078 532 justitiam.
3108 459 3304 518 Occide
3324 462 3441 518 lue-

153 572 268 613 mus
293 556 511 627 gravius
538 555 715 625 puniri
734 554 965 624 spiritali
988 568 1129 608 nunc
1146 551 1372 621 judicio,
1394 566 1554 621 quam
1580 560 1740 606 antea

151 646 320 718 puniti
346 653 474 700 sunt
499 644 682 700 ferro:
710 657 835 698 nam
861 644 1005 698 ferro
1039 641 1246 697 tollitur
1265 641 1376 696 vita
1414 649 1474 695 ut
1511 641 1739 695 multum

150 738 536 811 quinquaginta
579 752 877 801 annorum;
919 720 1279 790 anathematis
1306 741 1484 788 autem
1514 733 1658 788 caede
1686 740 1743 789 et

152 832 254 886 vita
273 838 481 886 mterna
499 828 745 899 eripitur,
768 836 825 885 et
846 842 994 883 mors
1013 835 1273 898 perpetua
1295 827 1582 895 irrogatur.
1606 824 1739 880 Eum

154 932 327 979 autem
348 923 443 994 qui
468 921 772 992 pepercerit
798 920 1169 976 haeresiarchis
1189 927 1284 974 aut
1304 918 1741 990 pnedicatoribus

154 1012 416 1076 falsitatis,
449 1021 635 1069 etnon
657 1027 754 1068 eos
780 1012 959 1080 gladio
988 1009 1113 1066 ﬁdei
1134 1026 1246 1065 sua:
1263 1009 1609 1080 jugulaverit,
1635 1009 1740 1063 hoc

154 1106 197 1160 ei
224 1104 446 1160 evenire
485 1103 629 1174 quod
669 1104 847 1158 evenit
876 1102 1024 1158 Sauli
1050 1103 1172 1173 quis
1197 1102 1471 1169 ambigat?
1501 1100 1609 1155 Aut
1646 1101 1740 1169 qui

152 1194 573 1252 misericordiam
600 1210 753 1249 suam
780 1194 1052 1263 putaverit
1096 1208 1155 1249 se
1202 1193 1255 1247 in
1303 1192 1739 1261 hieresi'perma-

156 1286 403 1341 neutibus
426 1286 705 1349 exhibere,
736 1285 858 1353 quis
886 1291 1045 1352 neget
1090 1283 1252 1338 simili
1296 1281 1459 1337 modo
1501 1296 1531 1335 a
1572 1294 1741 1349 regno
1770 1314 1791 1333 ,ι

156 1376 240 1431 Dei
271 1376 510 1441 excludi,
557 1375 697 1430 sicut
741 1374 868 1429 Saul
911 1389 942 1429 a
989 1388 1156 1443 regno
1202 1373 1437 1427 humano
1481 1372 1741 1442 probatur

154 1468 432 1524 exclusus?
461 1466 591 1534 Quis
618 1474 799 1521 autem
827 1466 1037 1522 dubitet
1070 1465 1201 1520 Cain
1240 1480 1368 1525 esse,
1403 1462 1736 1533 participem,

153 1560 237 1628 qui
258 1557 470 1627 justum
500 1573 596 1628 per
633 1557 887 1612 invidiam
930 1572 1096 1611 ausus
1142 1556 1302 1611 fuerit
1346 1554 1740 1610 condemnare?

154 1648 426 1718 Siquidem
450 1648 740 1704 auctoritas
759 1648 1041 1718 apostolici
1059 1647 1323 1703 sermonis
1343 1645 1575 1715 afﬁrmet
1595 1645 1741 1715 quod

150 1743 314 1797 omnis
334 1743 427 1814 qui
444 1742 554 1796 odit
583 1743 798 1813 fratrem
826 1755 974 1796 suum
1002 1739 1261 1795 homicida
1289 1740 1358 1793 sit
1379 1738 1430 1811 (l
1451 1738 1610 1793 Joan.
1634 1737 1734 1810 ni).

1842 554 2062 619 retices,
2092 562 2150 609 et
2183 554 2397 610 Domini
2426 555 2505 609 tui
2532 554 2759 625 spiritali
2784 553 2966 623 gladio
2989 552 3229 610 interﬁce
3257 555 3440 609 inimi-

1842 658 1955 699 cos.
1988 643 2125 712 Quid
2154 645 2301 699 enim
2326 644 2530 700 faciunt
2558 645 2760 699 inimici
2790 644 2916 711 Dei,
2948 645 3000 699 id
3030 654 3143 709 est,
3177 644 3438 701 immundi

1841 734 2093 805 spiritus?
2122 735 2321 790 Volunt
2356 735 2644 791 excludere
2670 735 2738 790 de
2767 735 2966 805 templo
3002 752 3100 791 suo
3129 736 3435 802 Dominum,

1842 826 1897 881 id
1926 835 2037 891 est,
2069 826 2328 898 Spiritum
2351 834 2616 882 sanctum.
2644 825 2712 881 Et
2737 827 2836 896 ipsi
2865 827 2938 881 ibi
2964 828 3151 882 volunt
3172 828 3434 895 habitare,

1841 916 1895 971 id
1915 925 2016 983 est,
2040 917 2094 971 in
2118 925 2189 975 te.
2222 917 2501 989 Templum
2512 917 2611 971 Dei
2630 928 2688 972 tu
2707 932 2785 972 es.
2816 916 2882 971 Et
2899 917 3030 986 quid
3047 929 3310 973 conantur
3329 921 3434 974 hic-

1841 1012 2029 1067 retici?
2056 1011 2256 1066 Volunt
2273 1011 2563 1067 excludere
2590 1027 2620 1065 a
2652 1019 2706 1066 te
2725 1009 3004 1065 veritatem
3029 1050 3044 1074 ,
3068 1019 3124 1065 et
3144 1010 3197 1064 in
3221 1019 3274 1065 te
3295 1011 3435 1065 intus

1839 1097 2105 1156 fallaciam
2133 1101 2403 1156 claudere.
2435 1098 2630 1156 Occide
2671 1109 2961 1170 utrosque,
3007 1109 3063 1156 et
3104 1102 3436 1156 assertiones

1839 1189 2002 1245 falsas
2038 1191 2425 1246 assertionibus
2462 1193 2605 1247 veris
2640 1206 2925 1261 exsupera,
2950 1199 3112 1261 atque
3137 1193 3437 1259 suggestio-

1841 1299 1940 1339 nes
1964 1283 2266 1339 dmmonum
2295 1284 2486 1339 divina:
2515 1284 2648 1353 legis
2692 1284 2974 1339 sententiis
3021 1283 3195 1339 vince.
3238 1283 3436 1339 Verum

1840 1375 1966 1446 quia
1993 1374 2256 1430 dmmonia
2290 1375 2506 1445 jejuniis
2544 1383 2599 1430 et
2634 1376 2969 1431 orationibus
3008 1376 3249 1444 superari
3275 1391 3437 1446 posse

1841 1466 2094 1534 didicisti,
2118 1475 2245 1523 tene
2265 1468 2510 1524 ordinem
2532 1468 2677 1533 belli,
2700 1469 2841 1524 sicut
2860 1477 2915 1523 te
2936 1464 3169 1537 praesens
3196 1469 3434 1539 psalmus

1842 1559 2049 1615 edocet.
2101 1560 2511 1616 Absconderunt
2558 1560 2702 1615 enim
2749 1560 2968 1631 superbi
3010 1560 3232 1630 laqueos
3277 1560 3431 1614 milii.

1841 1649 2019 1717 Quare
2063 1650 2315 1721 superbi?
2360 1649 2493 1717 Quia
2540 1658 2941 1720 contemptores
2991 1650 3106 1704 Dei.
3151 1650 3433 1717 Quomodo

1840 1741 2269 1798 absconderant?
2290 1740 2512 1796 Faciunt
2532 1741 2686 1796 dulce
2706 1741 2873 1795 videri
2894 1741 3038 1809 quod
3060 1755 3303 1795 amarum
3325 1751 3429 1802 est,

156 1833 307 1888 Libra
339 1847 474 1902 ergo
498 1832 627 1903 justi
653 1832 837 1902 jndicii
865 1832 1060 1901 aequali
1089 1832 1242 1888 lance
1268 1846 1553 1902 perpensa,
1577 1839 1634 1885 et
1654 1846 1747 1886 no-
1775 1835 1823 1895 B
1847 1841 1904 1889 et
1926 1833 2181 1888 aestimari
2208 1833 2408 1888 bonum
2437 1833 2578 1902 quod
2608 1832 2808 1886 malum
2833 1841 2934 1887 est.
2968 1831 3036 1885 Et
3078 1831 3230 1886 funes
3260 1840 3434 1885 teten-

153 1932 367 1979 centern
396 1923 524 1978 dum
554 1920 825 1994 interﬁcit,
858 1930 915 1977 et
944 1922 1138 1977 liberat
1165 1922 1527 1988 innocentem,
1561 1928 1746 1975 osten-

151 2015 223 2069 dit
248 2024 306 2071 et
335 2015 763 2070 misericordiam
792 2013 1045 2082 injustam
1066 2012 1121 2067 in
1144 2012 1330 2082 impio,
1354 2019 1409 2067 et
1430 2013 1520 2082 pio
1542 2010 1745 2067 «edem

150 2107 445 2162 crudeliter
472 2107 783 2175 irrogatam.
831 2104 966 2160 Cum
1007 2119 1137 2174 ergo
1178 2104 1423 2172 arguitur
1462 2102 1661 2159 factum
1688 2103 1745 2158 in

153 2201 348 2271 impio,
384 2200 528 2254 Deus
554 2205 891 2268 contemptus
934 2197 1256 2263 ostenditur,
1286 2197 1339 2250 in
1368 2211 1478 2267 quo
1507 2210 1615 2250 non
1642 2210 1744 2266 pro

134 2291 412 2362 qualitate
459 2290 679 2345 humani
724 2289 935 2359 operis,
967 2288 1060 2343 sed
1102 2303 1202 2358 pro
1229 2286 1552 2342 auctoritate
1577 2287 1744 2341 divini

152 2382 383 2453 imperii,
415 2395 535 2450 quin
563 2389 687 2435 sunt
714 2387 1042 2450 perpetrata,
1074 2379 1119 2434 si
1150 2385 1276 2434 sunt
1303 2377 1595 2447 prohibita,
1621 2377 1794 2447 jurev

150 2472 502 2538 damnantur;
534 2474 577 2527 si
601 2473 749 2542 jussa
777 2479 919 2539 sunt,
938 2471 1062 2541 jure
1089 2470 1394 2525 laudantur.
1418 2468 1552 2525 Nam
1571 2470 1746 2525 homi-

150 2565 349 2620 cidium
382 2564 436 2618 in
466 2562 599 2617 Abel
653 2562 888 2628 malum,
938 2563 993 2616 in
1039 2559 1257 2616 Goliath
1302 2561 1502 2616 bonum
1543 2568 1643 2616 est.
1678 2559 1746 2615 Et

150 2655 490 2712 mendacium
520 2655 574 2709 in
602 2653 789 2709 Iudith
813 2654 1015 2708 bonum
1035 2695 1050 2720 ,
1081 2660 1273 2709 contra
1301 2652 1602 2708 Susannam
1630 2666 1746 2706 ma-

148 2746 249 2801 lum
280 2754 392 2802 est.
418 2743 485 2799 Et
513 2760 642 2800 usus
668 2743 905 2814 conjugii
933 2744 986 2799 iu
1015 2743 1334 2813 conjugibus
1361 2745 1535 2799 bonus
1563 2751 1664 2806 est,
1689 2744 1744 2798 in

151 2837 414 2893 adulteris
440 2836 614 2891 malus
635 2842 736 2891 est.
761 2834 830 2889 Et
856 2835 1051 2890 astutia
1078 2836 1386 2905 serpentina
1415 2842 1602 2890 contra
1630 2849 1747 2889 ma-

150 2929 226 2985 los
250 2931 402 2985 bona
431 2937 547 2992 est,
586 2936 773 2983 contra
812 2927 987 2983 bonos
1013 2927 1154 2981 mala
1191 2933 1291 2981 est.
1324 2924 1393 2979 Et
1420 2940 1581 2981 omne
1608 2940 1746 2996 opus

151 3023 312 3078 etiam
342 3028 588 3076 sanctum
619 3018 964 3089 praesumptio
992 3018 1194 3074 crimen
1223 3024 1333 3083 est,
1374 3017 1583 3072 etiamsi
1627 3031 1746 3087 my-

152 3113 329 3168 steriis
352 3112 481 3182 ipsis
500 3111 745 3166 videatur
764 3117 1025 3181 aptatum.
1044 3108 1181 3176 Quid
1202 3110 1345 3165 enim
1367 3117 1475 3163 tam
1496 3116 1744 3164 sanctum

1845 1926 2040 1981 derunt
2061 1927 2115 1981 in
2136 1925 2434 1996 muscipula
2454 1925 2677 1996 pedibus
2696 1925 2851 1983 meis.
2881 1924 2957 1979 De
2985 1924 3210 1994 pedibus
3240 1925 3435 1978 mentis

1843 2017 2125 2072 evidenter
2151 2017 2450 2082 instrueris,
2476 2016 2677 2085 quibus
2702 2018 2861 2073 funes
2886 2026 3018 2072 sunt
3033 2024 3200 2070 tensae
3222 2033 3237 2069 :
3260 2031 3436 2070 asser-

1841 2109 2019 2164 tiones
2037 2108 2409 2164 haereticorum
2454 2122 2575 2162 cum
2598 2106 2920 2178 syllogismis
2938 2106 3151 2161 vincula
3174 2115 3436 2162 conantur
3509 2098 3519 2111 ’

1843 2192 2119 2255 innectere
2157 2199 2429 2268 gressibus
2471 2198 2706 2264 sanctis,
2755 2205 2813 2251 ut
2852 2198 3137 2252 videantur
3183 2199 3279 2252 tibi
3310 2214 3433 2253 vera

1842 2305 1962 2346 esse
1995 2304 2113 2359 qua:
2145 2287 2275 2342 falsa
2315 2296 2459 2342 sunt.
2489 2286 2668 2342 Funes
2695 2288 2857 2341 etiam
2897 2294 3024 2341 sunt
3063 2288 3435 2356 suggestiones

1841 2378 2165 2448 daemonum,
2196 2380 2387 2450 quibus
2425 2380 2518 2451 qui
2546 2379 2882 2435 consenserit
2909 2379 3163 2449 ligabitur
3210 2380 3277 2434 ab
3303 2380 3383 2433 eis
3418 2398 3454 2451 ε,

1841 2474 2003 2531 Juxta
2042 2475 2319 2540 semitam,
2349 2474 2551 2542 inquit,
2594 2473 2905 2529 scandalum
2953 2480 3251 2542 posuerunt
3280 2472 3431 2537 milii.

1844 2566 2103 2622 Semitam
2151 2564 2444 2620 ambulanti
2491 2564 2755 2620 castitatis
2803 2562 3036 2619 occurrit
3065 2562 3434 2618 fornicationis

1843 2658 2107 2714 stimulus.
2140 2656 2399 2713 Semitam
2448 2656 2685 2712 veritatis
2734 2655 2883 2710 eunti
2932 2655 3165 2710 occurrit
3208 2655 3433 2709 assertio

1842 2747 2106 2805 falsitatis.
2140 2748 2276 2816 Quid
2306 2748 2373 2802 ad
2416 2748 2565 2803 haec?
2593 2746 2778 2802 Clama
2811 2763 2823 2799 :
2854 2745 3153 2812 Ohumbra,
3189 2745 3431 2809 Domine,

1844 2856 2007 2912 super
2034 2848 2197 2911 caput
2224 2852 2403 2894 meum
2433 2838 2485 2893 in
2515 2835 2602 2893 die
2627 2837 2783 2901 belli;
2833 2845 2888 2891 tu
2937 2837 3067 2891 mihi
3115 2844 3233 2890 esto
3281 2835 3434 2905 galea

1845 2941 2032 3002 tegens
2061 2939 2242 3004 caput,
2273 2939 2332 2986 ut
2359 2947 2466 2987 non
2496 2929 2677 2985 tradar
2701 2931 2751 2984 in
2782 2928 3045 2985 desiderio
3068 2937 3432 3000 peccatorum.

1845 3022 2229 3095 Cogitaverunt
2253 3024 2395 3079 enim
2417 3007 2699 3077 adversum
2736 3034 2843 3075 me.
2876 3018 2992 3075 Non
3019 3021 3201 3075 tradas
3229 3034 3335 3083 me,
3369 3032 3437 3073 ne

1846 3130 2079 3185 unquam
2102 3111 2427 3170 exaltcntur.
2444 3107 2619 3180 Caput
2648 3110 2910 3165 circuitus
2928 3123 3141 3176 eorum,
3165 3108 3259 3164 sed
3288 3109 3438 3165 labor

153 3220 309 3277 quam
339 3203 775 3260 communionem
802 3200 1000 3257 Christi
1037 3201 1352 3271 percipere?
1380 3199 1447 3255 Et
1473 3199 1600 3270 quid
1630 3208 1739 3255 tam
1767 3195 1813 3257 C
1842 3204 2109 3261 labiorum
2135 3221 2319 3261 eorum
2342 3206 2546 3276 operiat
2571 3220 2682 3270 eos,
2707 3212 2767 3259 ut
2787 3202 2853 3258 de
2880 3202 2990 3257 suis
3017 3201 3232 3256 sibimet
3259 3214 3435 3254 asser-

151 3298 395 3369 iniquum
423 3309 585 3364 quam
613 3295 657 3349 si
686 3309 794 3348 non
813 3295 1115 3364 baptizatus
1133 3293 1377 3348 eamdem
1396 3294 1609 3348 sumat?
1636 3292 1744 3347 Aut

155 3388 275 3457 quid
305 3395 420 3442 tam
449 3385 810 3455 magniﬁcum,
839 3398 1003 3454 quam
1032 3394 1371 3440 sacramenta
1398 3382 1578 3438 divina
1607 3397 1740 3437 con-

155 3476 353 3534 iicere?
380 3475 452 3530 Et
475 3476 605 3546 quid
632 3485 742 3530 tam
770 3475 1129 3545 perniciosum
1169 3488 1331 3543 quam
1369 3474 1414 3527 si
1442 3486 1505 3528 ea
1533 3473 1581 3527 is
1607 3486 1742 3527 con-

158 3570 298 3624 liciat
322 3566 419 3637 qui
448 3567 651 3621 nullum
696 3565 859 3621 officii
905 3565 1129 3634 gradum
1177 3563 1419 3634 accepit?
1448 3563 1583 3619 Data
1611 3576 1742 3632 ergo

156 3663 438 3719 occasione
464 3661 710 3730 sapienti,
733 3658 953 3716 fecimus
973 3676 1040 3714 ex
1061 3659 1208 3714 omni
1231 3666 1383 3729 parte
1402 3654 1743 3712 manifestum

122 3788 133 3801 ο
158 3771 315 3812 omne
343 3755 547 3810 malum
576 3769 681 3809 non
710 3769 848 3819 esse,
872 3753 973 3808 uisi
994 3751 1139 3821 quod
1163 3750 1278 3807 fieri
1298 3750 1548 3822 prohibet
1569 3747 1741 3804 Deus:

161 3861 258 3903 nec
280 3847 506 3912 bonum,
540 3845 639 3901 nisi
665 3845 808 3915 quod
839 3844 951 3900 fieri
979 3843 1235 3914 praecepit
1261 3843 1421 3897 Deus.
1452 3840 1588 3896 Cum
1615 3855 1745 3910 ergo

163 3940 246 3994 vel
270 3937 542 4009 prohibita
572 3936 962 4008 perpetraverit
988 3936 1181 4001 homo,
1210 3934 1298 3990 vel
1319 3933 1469 4004 jussa
1498 3942 1744 3988 contem-

164 4032 349 4100 pserit,
382 4029 527 4084 actio
546 4041 668 4083 eum
690 4025 855 4082 efficit
873 4026 1090 4081 malum.
1116 4024 1184 4080 Et
1206 4025 1328 4081 ideo
1346 4040 1470 4081 cum
1490 4024 1742 4080 dixisset:

165 4114 324 4188 Eripe
349 4118 468 4185 ine,
500 4116 755 4184 Domine,
787 4117 855 4172 ab
890 4116 1110 4173 homine
1144 4116 1319 4182 malo;
1359 4114 1601 4170 actiones
1629 4113 1747 4184 ejus

167 4208 367 4263 militia:
392 4207 660 4279 exposuit,
691 4215 750 4262 ut
776 4207 947 4262 malos
973 4207 1217 4262 homines
1245 4221 1352 4261 non
1380 4213 1587 4260 natura:
1614 4222 1747 4277 qua-

168 4298 315 4366 litas,
339 4299 434 4355 sed
459 4298 836 4369 operationum
858 4298 1094 4367 nequitia
1117 4295 1437 4352 manifestet.
1464 4295 1552 4351 Ait
1571 4297 1743 4351 enim:

169 4387 395 4445 Domine
411 4430 427 4456 ,
472 4390 644 4445 libera
671 4404 758 4445 me
785 4389 855 4444 ab
881 4390 965 4443 his
998 4389 1089 4457 qui
1118 4389 1490 4459 cogitaverunt
1516 4387 1748 4443 malitias

172 4480 225 4535 in
260 4481 433 4536 corde.
474 4478 665 4536 Cessat
691 4481 1052 4550 generationis
1088 4480 1385 4548 accusatio,
1428 4480 1520 4535 ubi
1546 4481 1749 4548 cogita-

1848 3298 2084 3352 tionibus
2113 3297 2500 3353 convincantur
2525 3315 2536 3351 :
2562 3296 2709 3351 verbi
2740 3296 2931 3364 gratia,
2961 3294 3145 3349 dicunt
3173 3293 3435 3347 daemonia
3512 3320 3515 3327 ι

1844 3389 2274 3458 suggestionibus
2294 3389 2404 3443 suis
2428 3406 2441 3441 :
2466 3387 2648 3443 Dulcis
2669 3387 2966 3457 amplexus,
2992 3401 3155 3442 suave
3176 3384 3436 3449 osculum,

1845 3479 2178 3535 delectabilis
2221 3477 2521 3533 fornicatio.
2565 3476 2678 3545 Ego
2704 3476 2879 3532 dicam
2922 3476 3037 3531 eis:
3072 3472 3241 3528 Unius
3269 3474 3435 3537 horai,

1847 3572 2014 3626 immo
2042 3570 2199 3625 unius
2227 3568 2412 3641 puncti
2441 3568 2891 3624 delectamentum
2923 3572 3025 3630 est,
3056 3565 3147 3619 sed
3179 3570 3262 3618 est
3288 3570 3438 3616 icter-

1847 3677 1931 3717 na:
1976 3662 2164 3717 mortis
2212 3661 2477 3731 interitus.
2521 3659 2742 3725 Dicunt,
2785 3657 2934 3714 verbi
2976 3669 3159 3723 causa,
3202 3654 3436 3709 haeretici

1849 3754 2235 3810 assertionibus
2264 3753 2411 3808 suis:
2446 3750 2605 3807 Pater
2650 3751 2826 3820 major
2873 3757 2986 3815 est,
3029 3747 3193 3802 Filius
3239 3746 3436 3801 minor.

1848 3845 1964 3918 Ego
1991 3846 2344 3919 respondeam
2370 3864 2382 3898 :
2413 3843 2515 3913 Qui
2542 3843 2714 3914 major
2740 3849 2823 3899 est
2849 3840 3081 3898 senescit
3106 3846 3160 3896 et
3205 3838 3386 3894 deficit
3420 3856 3431 3891 :
3488 3876 3496 3885 .

1849 3941 1943 4012 qui
1982 3939 2161 3993 minor
2186 3945 2269 3993 est
2309 3934 2610 4006 iuvenescit
2653 3942 2709 3989 et
2746 3933 2993 3989 similiter
3030 3932 3333 4004 grandescit
3383 3939 3441 3984 ut

1850 4032 2077 4089 desinat.
2111 4028 2251 4084 Deus
2279 4036 2481 4093 autem,
2511 4042 2609 4082 nec
2630 4027 2808 4082 minor
2836 4041 2935 4081 nec
2963 4024 3135 4095 major
3173 4034 3274 4089 est,
3307 4024 3433 4097 quia

1852 4125 1989 4180 sicut
2018 4121 2178 4175 ﬁnem
2207 4134 2315 4174 non
2363 4119 2556 4182 habet,
2590 4132 2689 4172 nec
2733 4117 2939 4171 initium
2981 4116 3183 4170 habuit.
3216 4115 3441 4184 Semper

1851 4215 1952 4273 fuit
1998 4210 2344 4269 immutabilis
2394 4211 2571 4274 Pater,
2621 4217 2677 4264 et
2722 4224 2936 4278 semper
2972 4207 3071 4263 fuit
3109 4208 3258 4276 cujus
3299 4215 3441 4261 esset

1855 4307 2033 4370 Pater,
2064 4318 2167 4359 nec
2193 4317 2426 4371 unquam
2455 4299 2554 4356 fuit
2594 4301 2712 4355 sine
2749 4299 2953 4371 Spiritu
2992 4308 3200 4355 sancto.
3243 4299 3319 4353 Ac
3346 4314 3449 4368 per

1854 4401 1958 4456 hoc
1986 4395 2148 4453 Pater
2166 4409 2437 4464 nunquam
2468 4392 2567 4449 fuit
2585 4393 2701 4447 sine
2718 4391 2980 4456 bonitate,
3005 4405 3124 4461 qute
3145 4399 3225 4445 est
3247 4389 3442 4453 Filius;

1855 4504 2125 4561 nunquam
2141 4487 2242 4543 fuit
2261 4486 2377 4542 sine
2397 4485 2701 4548 sanctitate,
2719 4497 2839 4553 qua:
2858 4490 2941 4538 est
2955 4481 3185 4553 Spiritus
3204 4467 3443 4536 sanctus.

174 4572 336 4627 tionis
358 4572 596 4643 pravitas
634 4572 959 4641 imrepalur-
992 4570 1157 4635 Tota.
1189 4571 1395 4642 inquit.
1436 4570 1525 4626 die
1551 4573 1752 4626 consti-
1776 4565 1830 4628 D
1855 4581 1950 4637 His
1977 4581 2160 4649 itaque
2188 4577 2575 4634 assertionibus
2604 4575 2742 4640 tuis,
2772 4573 2924 4629 labor
2950 4573 3217 4628 labiorqu
3257 4586 3446 4626 eorum

179 4669 389 4717 luerunt
401 4663 662 4734 praelium.
676 4660 813 4717 Cum
827 4662 978 4719 audis
998 4663 1260 4732 praelium,
1276 4671 1575 4733 pugnantes
1595 4677 1745 4729 cave,

176 4755 290 4810 sive
307 4770 441 4825 quos
456 4756 626 4823 vides,
645 4758 758 4811 sive
772 4771 909 4825 quos
925 4772 1032 4811 non
1051 4756 1219 4812 vides.
1237 4757 1372 4811 Nam
1394 4766 1449 4813 et
1465 4758 1598 4814 istos
1617 4773 1753 4828 quos

178 4847 325 4903 vides
351 4864 446 4919 per
478 4849 600 4905 illos
634 4850 794 4914 scias,
823 4864 959 4920 quos
981 4865 1089 4904 non
1116 4850 1265 4905 vides
1293 4850 1575 4906 excitatos.
1606 4850 1753 4918 Quos

120 4928 129 4934 ’
181 4940 319 4994 enim
345 4941 522 5008 vides,
551 4941 798 4997 homines
822 4950 963 4996 sunt.
1003 4940 1150 5007 Quos
1193 4950 1371 4997 autem
1420 4958 1527 4997 non
1568 4942 1751 5010 vides,

183 5027 392 5097 spiritus
407 5044 638 5100 nequam
658 5038 802 5086 sunt.
823 5030 935 5099 Age
953 5044 1083 5098 ergo
1102 5038 1158 5086 et
1176 5032 1533 5101 pugnantibus
1553 5046 1750 5103 pugna.

186 5118 311 5175 Etsi
329 5122 577 5178 auxilium
600 5123 777 5193 poscis
799 5139 831 5177 a
858 5137 1004 5192 rege,
1029 5132 1082 5179 te
1100 5132 1487 5195 repugnantem
1509 5125 1752 5182 ostende.

189 5210 392 5282 Lingua:
417 5224 604 5271 contra
643 5224 698 5270 te
744 5224 1013 5286 pugnant,
1062 5231 1198 5285 quas
1242 5226 1441 5272 acuunt
1486 5217 1755 5284 hmretici,

188 5304 317 5362 sicut
345 5317 640 5379 serpentes.
671 5307 764 5363 llis
790 5317 844 5364 et
872 5316 932 5363 tu
965 5318 1082 5365 esto
1109 5310 1249 5365 sicut
1276 5325 1497 5380 serpens
1529 5317 1755 5377 astutus,

190 5405 244 5451 et
269 5407 318 5454 te
342 5401 663 5473 simmicem,
692 5410 753 5456 ut
778 5402 1081 5458 columbam
1128 5417 1247 5459 esse
1292 5403 1496 5458 civibus
1538 5405 1673 5483 tuis,
1707 5403 1758 5457 id

1855 4675 2064 4748 operiet
2091 4690 2204 4740 eos,
2249 4680 2306 4729 et
2333 4672 2525 4729 cadent
2551 4686 2713 4742 super
2739 4685 2833 4725 eos
2874 4668 3135 4725 carbones
3183 4668 3346 4736 ignis,
3390 4667 3447 4721 iu

1857 4769 2136 4841 spiritibus
2185 4766 2491 4833 immundis,
2543 4775 2603 4820 ut
2648 4770 2941 4818 exuruntur
2986 4762 3039 4816 in
3080 4761 3345 4816 haereticis
3391 4770 3446 4815 et

1857 4858 2233 4925 schismaticis,
2258 4863 2316 4912 ut
2336 4855 2402 4911 ad
2422 4869 2575 4910 suum
2597 4852 2885 4912 Dominum
2906 4860 3265 4906 revertantur.
3289 4848 3449 4918 Quod

1861 4952 1908 5009 si
1937 4949 2294 5024 permanserit
2321 4949 2375 5002 in
2405 4943 2791 5000 assertionibus
2821 4943 2933 4997 suis
2960 4957 3245 5012 perversus
3267 4957 3451 4997 asser-

1862 5055 1968 5113 tor,
1999 5053 2054 5100 et
2073 5043 2157 5098 vir
2184 5042 2460 5110 linguosus
2482 5053 2588 5092 non
2611 5035 2844 5090 directus
2864 5033 3025 5089 luerit
3044 5050 3205 5106 super
3224 5043 3447 5097 terram,

1856 5139 1912 5195 id
1939 5146 2042 5203 est,
2071 5136 2197 5192 dum
2226 5141 2308 5190 est
2328 5132 2382 5186 in
2403 5145 2632 5200 corpore
2653 5142 2761 5183 non
2784 5126 3041 5182 direxerit
3071 5126 3150 5182 vir
3172 5127 3455 5196 linguosus

1859 5229 1927 5285 ab
1941 5223 2324 5284 assertionibus
2343 5220 2523 5292 pravis
2541 5218 2776 5288 linguam
2794 5233 2966 5285 suam,
2985 5215 3212 5288 injustus
3227 5216 3454 5273 effectus

1860 5319 2135 5390 injustitiac
2153 5330 2263 5372 suae
2284 5328 2406 5368 eum
2428 5310 2696 5366 sententia
2716 5309 3059 5365 comitabitur
3082 5308 3219 5373 talis,
3243 5315 3303 5362 ut
3323 5322 3450 5361 eum

1860 5411 2001 5466 mala
2029 5406 2343 5479 cooperient
2372 5402 2438 5457 ad
2470 5402 2744 5457 interitum
2771 5401 3175 5470 sempiternum.
3205 5395 3448 5465 Cognovi

194 5496 294 5554 est,
318 5492 593 5549 catholicis
638 5493 767 5548 solis
815 5493 1057 5549 ostende.
1102 5492 1368 5551 Cmterum
1416 5496 1682 5551 haereticis
1711 5503 1765 5551 et
1867 5503 2010 5560 enim
2036 5499 2290 5572 quoniam
2319 5494 2480 5551 facta
2506 5493 2766 5549 Dominus
2789 5492 3047 5562 judicium
3077 5490 3317 5558 inopum,
3348 5501 3447 5542 eo-

195 5583 386 5638 cunctis
411 5592 599 5640 contra
629 5586 908 5641 veritatem
938 5588 1306 5655 venientibus,
1339 5590 1468 5660 ipsis
1501 5590 1763 5661 serpenti-

195 5669 285 5773 bus
306 5683 419 5732 esto
445 5678 691 5734 astutior.
724 5677 844 5734 Noli
872 5680 1092 5748 timere,
1127 5681 1333 5751 jussum
1365 5684 1460 5738 tibi
1489 5691 1572 5741 est
1597 5700 1626 5738 a
1655 5685 1761 5740 Do-

193 5771 326 5823 mino
351 5776 442 5824 tuo
485 5788 498 5825 :
543 5777 654 5826 tam'
699 5771 840 5829 bona
884 5781 965 5829 est
1008 5774 1201 5830 astutia
1247 5784 1435 5831 contra
1476 5777 1753 5843 malitiam,

1866 5611 1984 5651 rum
2014 5594 2130 5649 sine
2157 5589 2319 5645 dubio
2339 5588 2430 5658 qui
2459 5585 2774 5656 simpliciter
2802 5586 3099 5643 incurrunt,
3123 5579 3234 5648 qui,
3267 5578 3451 5649 inepia

1863 5702 2053 5744 sensus
2081 5682 2321 5753 fatigati,
2365 5694 2667 5736 venenosos
2713 5676 2863 5731 cibos
2909 5674 3177 5728 haereseos
3225 5670 3279 5725 in
3326 5686 3450 5727 esca

1863 5776 2186 5847 percipiunt.
2220 5773 2357 5842 Quid
2395 5786 2523 5841 ergo
2553 5778 2801 5840 putamus
2838 5764 2983 5836 quod
3009 5761 3271 5836 judicium
3300 5760 3450 5818 futu-
