3926 6176
458 325 552 380 5'“

1766 299 2033 356 ARNOBII
2073 297 2373 356 JUNIORIS

3569 296 3656 354 55?.

459 454 574 491 rum
599 435 727 488 istos
746 429 890 485 solos
915 423 1173 497 percutiat
1201 421 1290 490 qui
1319 429 1614 473 venenosas
1634 427 1784 469 escas
1802 411 2035 466 esurien-
2061 412 2105 470 Α
2133 409 2254 475 bus,
2275 411 2458 476 habet,
2483 409 2720 479 inquam,
2743 408 2907 465 habet
2933 424 3132 474 servos,
3162 418 3218 466 et
3239 409 3500 478 benignos,
3521 419 3571 464 et
3589 411 3658 479 ju-

460 530 602 584 tibus
628 523 873 580 tradunt?
903 519 1014 588 Ego
1055 516 1259 570 aestimo
1309 511 1374 565 ad
1428 510 1548 564 illos
1595 507 1764 573 magis
1809 503 2026 558 tendere

458 617 795 676 sententiam,
841 610 931 680 qui
974 624 1067 664 eos
1114 606 1233 660 cibo
1279 601 1478 658 salubri
1527 615 1634 654 non
1679 595 1939 650 reﬁciunt.
1971 594 2027 647 Si

458 711 601 765 enim
629 703 872 762 catholici
895 701 1142 756 doctores
1167 694 1466 758 reﬁcerent,
1491 690 1726 745 hierctici
1754 686 2029 754 subripere

458 820 565 861 non
587 801 846 856 valerent.
873 794 1021 849 Unde
1050 793 1149 845 iste
1176 803 1353 844 sermo
1375 783 1748 842 comminantis
1772 779 2027 849 judicium

459 896 577 964 plus
605 891 671 945 ad
700 904 798 943 nos
821 900 980 955 quam
1005 883 1072 936 ad
1100 882 1220 935 illos
1249 879 1480 945 attingit.
1509 876 1616 930 Nos
1637 874 1798 937 enim,
1824 887 1921 925 nos
1949 869 2029 922 in-

456 1000 652 1055 quam,
682 983 786 1035 isto
827 975 1254 1032 comminationis
1298 970 1513 1026 stimulo
1559 967 1873 1028 excitamur,
1921 978 2029 1032 quo

458 1077 693 1129 facturus
735 1071 929 1138 legitur
975 1069 1114 1121 Deus
1137 1064 1392 1134 judicium
1423 1061 1622 1129 inopis,
1655 1067 1710 1112 et
1737 1057 2028 1111 vindictam

459 1164 731 1236 pauperis.
783 1159 1073 1228 Siquidem,
1106 1165 1164 1210 ut
1190 1154 1450 1224 propheta
1502 1157 1744 1213 testatur,
1793 1147 2032 1236 dicturus

459 1234 543 1310 est
573 1234 599 1308 7:
651 1253 789 1307 Ecce
835 1251 914 1303 lac
960 1246 1280 1308 comedistis,
1334 1251 1382 1295 et
1427 1241 1562 1294 lanis
1607 1234 2033 1307 cooperiebamini

462 1345 674 1419 (Ezech.
709 1340 888 1408 xxxnv)
909 1377 922 1402 ,
956 1346 1010 1391 et
1039 1351 1167 1391 oves
1193 1348 1327 1388 mea:
1350 1348 1380 1385 a
1411 1331 1547 1399 lupis
1577 1329 1770 1382 invasa:
1797 1333 1948 1390 sunt;
1980 1332 2035 1378 et

460 1417 584 1492 dum
614 1451 720 1489 non
770 1429 1096 1503 procurastis
1142 1440 1340 1496 pascua
1388 1423 1640 1483 salubria,
1691 1421 1758 1474 ab
1808 1417 2034 1472 inimicis

459 1526 593 1580 meis
633 1525 712 1578 eis
758 1531 884 1576 sunt
928 1519 1106 1574 herba:
1148 1515 1402 1570 morbida:
1439 1517 1750 1583 procuratae.
1798 1507 2035 1562 Caveant

459 1629 587 1685 ergo
616 1628 820 1674 omnes,
869 1611 960 1679 qui
1004 1617 1228 1679 possunt
1275 1619 1426 1660 escas
1473 1602 1632 1657 utiles
1677 1598 2034 1655 esurientibus

461 1707 608 1761 dare.
639 1703 895 1764 Caveant,
928 1702 1163 1770 inquam,
1195 1698 1317 1765 quia
1347 1697 1392 1750 si
1420 1695 1487 1749 ab
1516 1693 1646 1763 ipsis
1689 1691 1880 1745 vitales
1926 1705 2033 1743 non

2129 509 2262 564 stos,
2285 501 2380 556 sed
2403 517 2509 556 non
2537 515 2723 556 sumus
2753 501 2898 570 digni
2929 501 3128 556 notitia:
3156 517 3361 557 eorum.
3392 501 3570 555 Beatus
3591 504 3664 556 cui

2128 591 2440 646 conceditur
2466 590 2562 646 Dei
2584 589 2838 646 famulum
2869 606 3045 658 nosse,
3068 593 3156 660 qui
3187 591 3434 660 corripiat
3455 593 3502 644 in
3529 593 3664 647 miseo

2129 683 2358 738 ricordia
2377 721 2392 748 ,
2433 690 2490 737 et
2535 683 2777 754 increpet
2797 685 2858 761 in
2877 683 3071 738 amore
3096 682 3214 738 Dei.
3247 682 3338 736 Vae
3365 691 3531 737 autem
3559 683 3666 736 mihi

2129 782 2185 830 et
2213 775 2348 830 meis
2373 773 2655 838 similibus,
2698 773 2825 842 quia
2885 773 3116 828 invicem
3162 773 3316 828 nobis
3357 773 3473 827 oleo
3515 773 3668 842 capita

2132 865 2540 935 impinguamus.
2563 874 2617 920 et
2641 865 2916 920 adulantes
2939 865 3093 919 nobis
3121 863 3345 920 invicem
3374 863 3423 918 in
3451 867 3668 934 prasenti

2130 956 2318 1025 positi,
2348 964 2565 1010 sanctos
2614 970 2712 1009 nos
2739 970 2994 1010 vocamus
3033 963 3090 1009 et
3133 969 3243 1007 non
3289 967 3404 1008 nos.
3437 953 3670 1008 Absentes
3735 1004 3739 1009 .

2130 1060 2260 1100 vero
2290 1061 2386 1100 nos
2415 1046 2485 1099 ita
2514 1045 2844 1110 mordemus,
2875 1054 3034 1115 atque
3075 1044 3434 1119 percutimus.
3462 1053 3514 1097 ut
3542 1054 3670 1100 recte

2132 1138 2352 1194 canibus
2378 1153 2771 1206 comparemur.
2795 1135 2996 1191 Horum
3013 1175 3028 1200 ,
3059 1137 3250 1206 inquit,
3277 1135 3448 1190 oleum
3465 1175 3478 1199 ,
3508 1134 3554 1188 id
3581 1149 3666 1197 θεῖ,

2131 1228 2324 1282 horum
2351 1229 2584 1282 adulatio
2605 1268 2620 1294 ,
2652 1243 2758 1282 non
2780 1228 3074 1298 impinguet
3101 1235 3264 1298 caput
3290 1241 3481 1281 meum.
3505 1225 3565 1280 At
3582 1242 3672 1280 ma-

2134 1318 2214 1385 gis
2242 1318 2416 1372 oratio
2444 1333 2563 1372 mea
2595 1317 2646 1371 in
2677 1318 3028 1387 beneplacitis
3054 1333 3274 1382 eorum,
3299 1316 3350 1370 id
3377 1325 3481 1382 est,
3502 1332 3590 1371 oro
3616 1332 3672 1371 ne

2133 1410 2378 1479 placeant
2406 1409 2535 1464 mihi
2563 1424 2682 1478 qum
2709 1411 3044 1479 beneplacita
3073 1417 3199 1464 sunt
3225 1409 3324 1475 eis,
3352 1409 3441 1478 qui
3467 1409 3672 1479 absorpti

2135 1508 2258 1554 sunt
2279 1499 2448 1569 juncti
2474 1508 2656 1570 ραι-ω.
2692 1499 2907 1556 Judices
2945 1517 3132 1556 eorum
3149 1501 3303 1570 juxta
3342 1509 3542 1570 petram
3570 1511 3676 1554 sunt

2128 1591 2399 1652 “barretici,
2442 1608 2549 1646 non
2595 1607 2756 1661 super
2781 1600 3029 1663 petram:
3063 1609 3187 1647 nam
3215 1593 3259 1648 si
3297 1607 3455 1662 super
3495 1599 3674 1662 petram

2135 1692 2322 1750 erant,
2369 1683 2644 1739 absorberi
2674 1699 2779 1738 non
2820 1691 3087 1753 poterant.
3121 1685 3276 1741 Nune
3301 1693 3476 1740 autem
3512 1682 3678 1737 funda-

463 1793 767 1861 acceperiut
795 1791 974 1854 cibos,
1002 1768 1074 1842 ab
1107 1786 1347 1840 hostibus
1375 1782 1630 1836 mortales
1654 1779 1946 1848 accipient,
1977 1784 2032 1830 et
2061 1768 2105 1829 Β
2137 1784 2374 1831 mentum
2400 1783 2568 1845 petra:
2593 1775 2778 1830 solidae
2803 1775 3190 1844 relinquentes,
3228 1776 3379 1846 juxta
3408 1776 3563 1846 ipsam
3599 1791 3678 1846 pe-

463 1880 816 1952 judicabimur
843 1879 896 1932 in
921 1877 1122 1945 judicio
1141 1916 1154 1940 ,
1185 1873 1329 1944 quod
1367 1874 1471 1927 erit
1494 1871 1751 1940 judicium
1792 1870 2030 1937 inopum,

465 1981 521 2027 et
546 1972 778 2026 vindicta
807 1983 1122 2039 pauperum.
1145 1965 1296 2020 Tunc
1321 1964 1437 2020 sine
1465 1963 1646 2026 dubio,
1675 1960 1889 2030 quando
1906 1958 2036 2028 justi

466 2061 862 2118 conﬁtebuntur
888 2057 1091 2113 nomini
1117 2064 1324 2120 sancto,
1348 2063 1402 2109 et
1420 2053 1736 2108 babitabunt
1762 2051 1895 2106 recti
1917 2063 2037 2105 cum

466 2150 698 2216 Christo,
729 2149 820 2220 qui
849 2153 1035 2216 regnat
1061 2161 1184 2200 cum
1213 2137 1372 2198 Patre
1399 2151 1454 2198 et
1481 2141 1682 2213 Spiritu
1709 2147 1912 2206 sancto,
1943 2153 2040 2210 per
2061 2145 2074 2156 '

468 2241 644 2298 omnia
671 2239 864 2295 smcula
893 2235 1227 2292 saeculorum.
1259 2233 1450 2288 Amen.

1001 2363 1315 2422 PSALMUS
1351 2362 1506 2418 CXL.

1019 2473 1262 2529 Psalmus
1320 2471 1504 2526 David.

543 2596 782 2658 Domine,
803 2590 1019 2646 clamavi
1039 2588 1108 2642 ad
1131 2596 1198 2651 te,
1221 2585 1407 2640 exaudi
1427 2600 1536 2648 me;
1558 2582 1766 2636 intende
1793 2582 1900 2635 voci
1922 2595 2047 2634 mea:

473 2705 589 2744 cum
616 2688 900 2740 clamavero
921 2681 988 2734 ad
1011 2689 1077 2733 te.
1102 2678 1372 2748 Dirigatur
1394 2677 1558 2730 oratio
1583 2691 1697 2728 mea
1724 2675 1854 2728 sicut
1875 2674 2048 2726 incen-

475 2796 589 2834 sum
615 2780 669 2830 in
697 2784 968 2846 conspectu
998 2781 1102 2834 tuo,
1125 2769 1334 2823 elevatio
1361 2782 1604 2821 manuum
1631 2781 1860 2819 mearum
1886 2765 2049 2818 sacri-

475 2872 649 2942 ﬁcium
676 2866 1030 2936 vespertinum.
1063 2861 1226 2925 Pone,
1254 2859 1492 2922 Domine,
1514 2857 1797 2910 custodiam
1818 2855 1895 2909 ori
1915 2870 2046 2918 meo,

477 2971 526 3016 et
551 2961 738 3015 ostium
765 2954 1161 3010 circumstantias
1189 2950 1338 3006 labiis
1367 2951 1509 3004 meis.
1555 2947 1677 3002 Non
1716 2947 1937 3002 declines
1965 2962 2052 3001 cor

477 3069 645 3107 meum
670 3052 723 3104 in
747 3046 893 3103 verba
921 3045 1153 3106 malitiae,
1178 3043 1247 3096 ad
1273 3040 1597 3096 excusandas
1626 3039 1978 3094 excusationes
1999 3038 2052 3092 in

2133 1873 2271 1919 tram
2302 1863 2564 1919 fabricant
2593 1864 2646 1918 in
2675 1866 2860 1926 arena,
2880 1864 2970 1919 ubi
2991 1864 3146 1920 nidos
3166 1880 3294 1920 suos
3322 1871 3676 1928 construentes,

2135 1969 2256 2010 cum
2276 1956 2387 2009 suis
2417 1953 2655 2022 parvulis
2683 1953 3058 2008 absorbentur.
3091 1953 3207 2008 Non
3229 1968 3308 2020 se,
3335 1953 3514 2021 inquit,
3541 1968 3680 2008 excu-

2136 2051 2277 2108 sent,
2323 2059 2502 2099 sermo
2546 2042 2910 2113 propheticus,
2953 2041 3050 2098 sed
3095 2043 3317 2098 audiant
3362 2042 3518 2098 verba
3559 2056 3679 2107 mea,

2138 2135 2391 2204 quoniam
2413 2140 2732 2203 potuerunt;
2765 2132 2966 2187 habent
2986 2147 3226 2199 sensum,
3251 2133 3535 2203 ingenium,
3555 2131 3682 2186 intel-

2140 2223 2432 2291 ligentiam.
2475 2221 2710 2276 Audiant
2756 2223 2919 2277 verba
2969 2237 3110 2288 mea,
3159 2223 3355 2278 tollant
3397 2238 3486 2277 sua
3522 2223 3682 2277 verba.

2142 2313 2393 2379 Audiant,
2425 2313 2670 2383 aperiant
2696 2311 2935 2367 auditum
2975 2329 3131 2368 suum
3167 2314 3350 2369 verbis
3376 2315 3523 2368 meis.
3559 2312 3686 2368 Sicut

2143 2402 2442 2458 crassitudo
2470 2412 2628 2458 terrae
2670 2411 2912 2459 eructuat
2951 2419 3115 2473 super
3160 2413 3390 2469 terram,
3418 2403 3687 2472 ubicunque

2145 2510 2326 2550 macra
2354 2503 2494 2550 terra
2523 2500 2638 2559 est,
2668 2503 2725 2549 et
2750 2495 2938 2551 sabulo
2967 2510 3253 2565 arenaaque
3281 2496 3560 2566 permixta,
3596 2509 3686 2546 non

2147 2585 2410 2656 excrepit.
2443 2584 2662 2654 Pinguis
2690 2593 2869 2640 autem
2896 2593 3040 2641 terra
3078 2587 3149 2641 ita
3180 2603 3240 2643 se
3267 2587 3455 2657 aperit,
3485 2595 3538 2640 ut
3560 2585 3688 2654 quasi

2149 2697 2212 2736 os
2230 2695 2384 2735 suum
2413 2679 2550 2734 cmlo
2579 2687 2824 2749 apertum
2852 2679 3125 2744 ostendat,
3156 2688 3216 2734 ut
3241 2678 3493 2750 quidquid
3519 2694 3547 2733 e
3565 2677 3692 2732 caelis

2150 2771 2312 2828 fuerit
2336 2771 2584 2833 missum,
2617 2772 2862 2826 sitienter
2915 2772 3152 2842 excipiat
3187 2791 3199 2824 :
3234 2773 3339 2836 ita,
3390 2771 3576 2840 inquit,
3620 2770 3689 2824 isti

2151 2861 2371 2918 audiant
2395 2861 2558 2916 verba
2597 2873 2717 2918 mea
2755 2862 2894 2918 sicut
2939 2863 3239 2918 crassitudo
3289 2871 3443 2918 terra:
3483 2869 3690 2916 eructuat

2153 2953 2208 3008 in
2231 2951 2410 3021 fruge,
2441 2951 2720 3016 frumenti,
2753 2953 2862 3007 vini
2890 2960 2945 3007 et
2971 2953 3110 3015 olei,
3139 2962 3194 3009 et
3229 2969 3396 3024 quam
3426 2951 3614 3023 pinguis
3635 2951 3692 3004 sit

2154 3043 2289 3100 infra
2310 3059 2389 3108 se,
2412 3059 2574 3114 super
2593 3057 2652 3098 se
2675 3052 2937 3099 eructuat.
2963 3043 3226 3115 Dissipata
3251 3053 3377 3100 sunt
3405 3060 3518 3099 ossa
3538 3052 3690 3098 nosm

478 3144 718 3215 peccatis.
751 3139 876 3194 Cum
917 3135 1204 3192 hominibus
1247 3133 1574 3204 operantibus
1614 3133 1931 3202 iniquitatem
1950 3171 1965 3196 ,
2003 3138 2052 3184 et
2079 3119 2126 3188 C
2155 3151 2309 3192 secus
2337 3135 2621 3189 infernum.
2649 3134 2863 3190 Graecus
2884 3135 3030 3197 dicit,
3053 3150 3175 3190 ossa
3203 3151 3415 3191 eorum.
3446 3135 3562 3190 Sive
3585 3145 3692 3200 ergo

477 3251 581 3287 non
602 3227 980 3286 communicabo
1003 3243 1113 3280 cum
1133 3227 1303 3280 electis
1323 3221 1771 3293 eorum.Corripiet
1791 3237 1870 3275 me
1883 3222 2054 3291 justus

479 3327 532 3376 in
563 3319 930 3381 misericordia,
963 3326 1010 3371 et
1035 3317 1318 3385 increpabit
1345 3331 1456 3378 me;
1486 3314 1649 3367 oleant
1679 3322 1848 3366 autem
1875 3329 2056 3383 pecca-

482 3413 606 3466 toris
649 3426 751 3463 non
793 3410 1069 3479 impinguet
1115 3413 1267 3475 caput
1305 3421 1491 3458 meum.
1519 3403 1775 3467 Quoniam
1803 3403 1969 3456 adhuc
2008 3412 2057 3457 et

481 3504 647 3556 oratio
675 3518 789 3554 mea
817 3502 871 3553 in
900 3498 1230 3569 beneplacitis
1255 3512 1452 3560 eorum,
1493 3495 1718 3564 absorpti
1747 3502 1865 3547 sunt
1885 3494 2057 3564 juncti

481 3603 639 3662 petra:
659 3593 862 3663 judices
882 3607 1076 3644 eorum.
1117 3589 1336 3641 Autlient
1362 3585 1510 3640 verba
1542 3603 1654 3639 mea
1682 3585 1921 3655 quoniam
1960 3601 2055 3653 po-

485 3689 710 3744 tuerunt,
739 3682 870 3733 sicut
892 3677 1178 3732 crassitudo
1202 3685 1352 3729 terra:
1378 3683 1558 3742 erupta
1579 3681 1653 3726 est
1674 3689 1826 3742 super
1848 3682 2052 3725 terram.

485 3769 752 3840 Dissipata
773 3778 888 3823 sunt
913 3785 1029 3822 ossa
1058 3776 1233 3820 nostra
1261 3781 1403 3819 secus
1424 3766 1713 3832 infernum,
1741 3763 1862 3833 quia
1894 3762 1961 3814 ad
1988 3771 2056 3826 te,

485 3859 734 3924 Domine,
781 3859 913 3912 oculi
958 3859 1088 3922 mei;
1119 3858 1171 3910 in
1217 3864 1265 3909 te
1305 3857 1525 3925 speravi,
1556 3870 1660 3908 non
1701 3856 1907 3924 auferas
1937 3853 2056 3906 ani-

485 3965 622 4002 mam
662 3965 846 4001 meam.
889 3945 1100 4001 Custodi
1135 3962 1216 4000 me
1253 3962 1286 3999 a
1324 3945 1502 4016 laqueo
1523 3961 1666 4015 quem
1688 3943 2060 3998 absconderunt

486 4037 628 4102 mihi,
659 4047 708 4090 et
736 4055 767 4090 a
788 4037 1048 4091 scandulis
1075 4037 1394 4105 operantium
1416 4035 1754 4106 iniquitatem.
1781 4033 1975 4088 Cadent
2003 4037 2057 4088 in

486 4132 730 4185 retiaculo
767 4133 877 4204 ejus
915 4139 1246 4202 peccatores;
1286 4128 1620 4200 singulariter
1643 4143 1755 4181 sum
1775 4144 1866 4198 ego
1897 4127 2057 4180 donec

486 4233 770 4280 transeant.
1324 4289 1340 4302 .

1046 4309 1478 4350 COMHENTARIUII.

562 4404 706 4460 Ordo
735 4406 922 4475 psalmi
951 4405 1039 4474 qui
1065 4405 1228 4460 ﬁnem
1259 4406 1466 4476 accepit
1494 4405 1544 4458 in
1569 4405 1844 4474 prresentis
1872 4403 2060 4473 psalmi

486 4497 790 4552 extenditur
810 4505 1034 4552 textum.
1057 4495 1131 4550 lbi
1153 4497 1294 4552 enim
1323 4496 1456 4550 dixit
1480 4516 1491 4548 :
1516 4495 1676 4565 Eripe
1695 4512 1791 4560 me,
1817 4494 2054 4558 Domine,
2086 4476 2138 4536 Ῑ)

486 4588 553 4641 ab
592 4589 796 4642 homine
839 4587 996 4652 malo,
1041 4595 1143 4642 etc.
1195 4587 1324 4649 Hic,
1356 4587 1597 4654 Domine,
1630 4588 1855 4642 clamavi
1884 4589 1952 4643 ad
1983 4599 2053 4653 te,

487 4681 676 4735 exaudi
707 4696 810 4734 me.
844 4678 909 4732 Et
938 4687 994 4734 ut
1021 4679 1329 4733 ostenderet
1355 4693 1412 4733 se
1440 4679 1506 4733 de
1548 4679 1810 4734 haereticis
1837 4681 2054 4746 dixisse,

486 4771 576 4840 qui
605 4771 840 4839 cogitant
867 4770 1095 4824 malitias
1123 4770 1175 4822 in
1204 4769 1386 4834 corde,
1419 4769 1505 4823 hic
1532 4767 1660 4822 dicit
1700 4786 1712 4821 :
1744 4768 1858 4824 Non
1889 4769 2055 4824 decli-

488 4875 584 4913 nes
611 4875 705 4914 cor
734 4876 909 4914 meum
940 4861 990 4912 in
1024 4860 1181 4914 verba
1211 4859 1441 4923 malitiae,
1475 4859 1567 4914 sed
1595 4875 1734 4929 pone
1761 4860 2056 4914 custodiam

487 4951 567 5004 ori
611 4965 763 5011 meo,
795 4960 850 5004 et
890 4951 1084 5004 ostium
1133 4951 1545 5006 circumstantia:
1594 4953 1748 5007 labiis
1794 4953 1963 5008 meis:
1997 4969 2062 5007 ne

487 5041 624 5095 forte
652 5041 777 5095 dum
805 5041 980 5096 studio
1005 5041 1347 5098 defendenda:
1388 5045 1627 5100 veritatis
1664 5060 1831 5099 conor
1868 5045 2063 5101 inultos

489 5131 729 5202 proferre
755 5148 1045 5197 sermones,
1079 5133 1343 5188 offendam
1373 5143 1426 5189 et
1445 5136 1671 5189 habeam
1701 5144 1908 5203 partem
1938 5150 2059 5190 cum

488 5223 792 5278 hominibus
839 5224 1185 5292 operantibus
1232 5225 1588 5294 iniquitatem.
1637 5223 1742 5279 Sed
1789 5225 1913 5295 quia
1959 5225 2064 5280 hoc

488 5328 639 5381 rogo,
673 5322 731 5367 ut
758 5330 864 5369 non
886 5315 1251 5370 communicer
1273 5331 1392 5369 cum
1413 5315 1601 5370 electis
1629 5331 1836 5382 eorum,
1866 5326 2062 5386 prmsta

488 5405 615 5458 milii
642 5407 1034 5475 correptionein
1058 5415 1219 5470 tuam,
1243 5413 1302 5459 ut
1328 5406 1398 5459 sit
1417 5406 1592 5476 justus
1615 5408 1742 5462 mihi
1772 5408 2062 5477 imperans,

487 5494 638 5562 cujus
667 5511 819 5550 meus
841 5511 992 5551 error
1012 5496 1312 5563 corrigatur
1339 5498 1612 5566 exemplo.
1641 5496 2066 5566 Iucomparabile

486 5584 684 5639 donum
707 5587 801 5641 Dei
821 5596 924 5653 est,
955 5587 1168 5656 quando
1191 5587 1344 5641 nobis
1363 5589 1666 5657 quicunque
1692 5605 1853 5659 super
1873 5589 2062 5644 faciem

490 5685 644 5732 terra:
680 5679 856 5748 justus
901 5680 1217 5735 ostenditur.
1264 5677 1436 5735 Habet
1463 5679 1606 5736 Deus
1633 5681 1785 5736 dives
1812 5682 1861 5734 in
1893 5683 2063 5736 omni-

2157 3234 2359 3289 nostra,
2389 3227 2503 3280 sive
2531 3238 2716 3280 eorum
2753 3241 2874 3281 ossa
2901 3241 3053 3281 secus
3081 3225 3350 3282 infernum
3379 3227 3542 3297 posita
3564 3225 3693 3279 dissi-

2157 3324 2371 3386 pantur.
2418 3314 2570 3371 Sicut
2609 3331 2732 3371 cera
2771 3332 2925 3372 secus
2952 3316 3127 3372 focum
3156 3319 3335 3386 posita
3363 3317 3622 3380 mollescit,
3650 3314 3693 3367 in

2155 3406 2276 3461 foco
2301 3415 2480 3461 autem
2511 3421 2684 3461 massa
2721 3407 2988 3475 liquescit,
3031 3416 3085 3463 et
3112 3407 3352 3478 deperit;
3383 3410 3451 3463 ita
3480 3422 3589 3462 ossa
3615 3421 3694 3459 no-

2158 3505 2268 3552 stra
2321 3511 2476 3552 secus
2522 3495 2784 3550 infernum
2830 3497 3005 3566 posita
3053 3497 3407 3564 mollescunt,
3439 3498 3489 3551 in
3517 3494 3695 3550 inferno

2158 3597 2335 3643 autem
2362 3602 2551 3642 massa:
2579 3587 2896 3655 liquescunt.
2946 3586 3076 3640 Nam
3100 3587 3250 3655 juxta
3296 3589 3552 3643 infernum
3576 3591 3696 3648 sunt,

2157 3677 2371 3746 quando
2411 3676 2564 3745 juxta
2604 3677 2723 3732 illos
2767 3693 2986 3740 sumus,
3035 3678 3126 3745 qui
3160 3679 3316 3733 nobis
3356 3677 3582 3732 fomitem
3616 3673 3697 3726 tri-

2157 3769 2327 3823 buunt
2372 3768 2748 3837 delinquendi,
2797 3769 2908 3824 sive
2935 3768 3148 3836 quando
3186 3769 3292 3824 illis
3322 3765 3700 3838 cogitationibus

2159 3878 2265 3917 non
2294 3862 2590 3916 resistimus
2615 3875 2733 3930 quas
2773 3876 2831 3916 se
2861 3861 3106 3930 ingerunt
3134 3861 3363 3930 turpiter
3390 3859 3572 3920 menti;
3605 3857 3700 3910 sive

2157 3953 2372 4021 quando
2407 3953 2719 4008 societatem
2754 3960 2992 4006 nostram
3032 3951 3309 4006 diversitas
3337 3966 3494 4006 sexus
3518 3946 3700 4014 inquie-

2170 4053 2278 4110 tat;
2309 4045 2422 4100 sive
2448 4044 2660 4115 quando
2681 4044 2871 4099 talibus
2885 4042 3173 4112 jungimur,
3196 4042 3392 4110 quibus
3417 4038 3701 4095 Christiana:

2159 4137 2356 4206 regula:
2386 4153 2492 4192 non
2521 4136 2695 4206 placet
2722 4149 2939 4197 cursus;
2960 4135 3073 4189 sive
3093 4133 3310 4204 quando
3331 4133 3595 4203 jungimur
3617 4127 3703 4180 bac-

2159 4229 2340 4284 reticis
2361 4269 2376 4295 ,
2405 4238 2460 4282 et
2487 4227 2638 4298 quasi
2668 4226 2768 4281 sub
2795 4226 2972 4295 specie
3011 4225 3284 4288 amicitiae,
3327 4238 3449 4278 cutn
3479 4221 3554 4276 his
3577 4215 3703 4272 vide-

2159 4337 2279 4376 mur
2307 4321 2441 4376 inire
2467 4318 2802 4385 conflictum,
2851 4325 2905 4372 et
2941 4333 3048 4372 non
3087 4322 3270 4387 aperta
3307 4315 3498 4378 fronte,
3528 4319 3584 4366 ut
3607 4307 3702 4361 Ro-

2159 4413 2303 4467 mani
2350 4421 2535 4467 contra
2576 4412 2835 4467 barbaros
2875 4425 3251 4480 repugnamus.
3304 4409 3384 4464 lbi
3412 4406 3704 4474 dissipantur

2162 4521 2282 4561 ossa
2307 4512 2489 4559 nostra
2529 4503 2682 4573 juxta
2731 4503 2935 4573 posita,
2987 4510 3043 4556 et
3084 4516 3236 4555 secus
3267 4500 3439 4569 ipsum
3467 4494 3702 4551 infernum

2161 4598 2440 4655 collocata.
2489 4596 2545 4651 Si
2594 4610 2718 4650 vero
2757 4595 2848 4648 uni
2877 4586 3066 4648 h‘ornm
3095 4608 3190 4662 per
3212 4592 3379 4661 ipsam
3408 4586 3704 4643 vicinitatem

2161 4689 2417 4742 fuerimus
2445 4685 2708 4754 adjuncti,
2759 4699 2864 4738 non
2893 4683 3065 4738 solum
3093 4697 3244 4746 ossa,
3275 4679 3370 4735 sed
3398 4687 3452 4734 et
3478 4678 3583 4746 ipsa
3608 4670 3704 4725 ani-

2161 4793 2248 4832 ma
2277 4776 2584 4846 dissipatur.
2644 4775 2892 4828 Dicamus
2929 4786 3057 4840 ergo
3085 4787 3206 4828 cum
3245 4771 3478 4824 clamore
3505 4783 3516 4818 :
3543 4762 3616 4817 Ad
3641 4768 3702 4821 te,

2163 4867 2405 4930 Domine,
2437 4867 2676 4929 Domine,
2706 4865 2847 4919 oculi
2884 4863 3021 4929 mei,
3053 4865 3106 4916 in
3144 4870 3197 4916 te
3224 4860 3465 4930 speravi,
3495 4870 3594 4910 non
3621 4865 3705 4904 au—

2163 4955 2304 5010 feras
2331 4955 2560 5008 animam
2586 4968 2787 5016 meam,
2821 4968 2925 5006 non
2955 4966 3074 5006 eam
3103 4950 3311 5004 auferas
3337 4947 3404 5002 de
3432 4946 3562 5000 libro
3580 4940 3705 4998 vitm.

2164 5047 2253 5100 ubi
2283 5054 2406 5100 sunt
2433 5043 2708 5106 catholici,
2752 5052 2806 5097 et
2851 5043 2904 5095 in
2949 5042 3084 5096 libro
3122 5040 3311 5095 mortis
3353 5039 3577 5094 inseras,
3632 5024 3706 5080 tibi

2165 5137 2537 5192 haereticorum
2584 5134 2955 5190 conventicula
3005 5131 3448 5193 condemnamur;
3493 5122 3583 5180 sed
3623 5132 3705 5171 cu-

2164 5229 2306 5284 stodi
2347 5243 2435 5284 me
2462 5244 2492 5282 a
2521 5228 2712 5296 laqueo
2738 5240 2898 5294 quem
2941 5230 3238 5278 statuerunt
3264 5220 3418 5283 mihi,
3442 5225 3495 5272 et
3520 5229 3548 5268 a
3574 5223 3708 5266 scan-

2167 5320 2302 5375 dalis
2337 5318 2671 5388 operantium
2718 5317 3072 5386 iniquitatem.
3135 5311 3212 5366 lbi
3255 5311 3393 5366 enim
3420 5299 3710 5362 retiaculum

2169 5408 2540 5470 tetenderunt,
2587 5413 2646 5460 ut
2681 5406 2733 5458 in
2765 5420 2870 5459 uno
2898 5403 2965 5458 de
2986 5402 3174 5472 quibus
3201 5415 3358 5470 supra
3385 5395 3602 5450 diximus
3627 5399 3706 5438 ca-

2168 5501 2318 5572 piant
2340 5499 2431 5564 ibi,
2464 5499 2552 5554 ubi
2581 5497 2778 5553 cadunt
2804 5502 3136 5565 peccatores,
3159 5507 3190 5545 a
3211 5491 3398 5560 quibus
3419 5487 3498 5540 his
3527 5479 3707 5534 alienus

2169 5592 2409 5653 elTeetus,
2433 5588 2770 5658 singulariter
2789 5585 2963 5638 vivam
2991 5583 3163 5638 donec
3191 5595 3394 5643 exeam,
3418 5577 3525 5629 sive
3552 5579 3706 5658 trans-

2170 5697 2308 5735 eam.
2366 5679 2552 5733 Melius
2582 5687 2662 5732 est
2690 5676 2830 5731 enim
2858 5673 2987 5728 mihi
3015 5671 3252 5730 solitaria
3278 5661 3597 5725 conversatio
3625 5655 3704 5708 lia—
