3884 6184
232 336 336 392 553

1051 327 1517 386 COMMENTARII
1555 328 1623 383 IN
1660 327 1988 383 PSALMOS.
2028 325 2220 381 PSAL
2264 327 2460 382 CXLII.

3371 327 3474 380 556

230 451 360 506 bans
386 448 552 502 vitam
577 487 591 513 ,
636 459 796 515 quam
845 452 904 497 ut
951 445 1003 497 in
1053 443 1389 499 multitudine
1434 452 1797 506 conversatus,
1832 450 1874 501 Α
1906 443 2020 496 stis.
2054 443 2200 498 'I‘unc
2228 443 2441 511 quando
2471 444 2606 510 perit
2636 442 2733 493 ista
2765 440 2885 508 fuga
2918 456 2945 494 a
2980 441 3162 504 nobis,
3191 447 3244 493 et
3268 456 3371 494 non
3395 452 3477 494 est

229 547 455 593 mortem
487 537 772 590 incurram.
823 532 1174 600 Singulariter
1221 529 1504 584 vivendum
1551 538 1662 592 est,
1708 529 1799 582 ubi

228 627 458 682 societas
495 625 616 678 vita:
660 623 938 692 praesentis
979 629 1194 675 mteruze
1222 621 1340 673 vita:
1363 619 1660 673 commodis
1701 618 1798 671 ad-

229 725 490 779 versatur,
539 713 690 782 cujus
735 711 995 766 retiaculo
1041 726 1256 765 oremus
1284 711 1564 774 instanter,
1588 718 1645 763 ut
1671 708 1798 762 diri-

225 813 382 874 gatur
408 803 582 858 oratio
611 812 790 856 nostra
843 801 898 854 in
943 807 1232 868 conspectu
1261 799 1374 865 Dei,
1405 799 1543 853 sicut
1571 799 1799 869 thymia-

226 897 386 950 matis
412 895 706 950 incensum.
756 892 847 948 Sic
870 893 1011 946 enim
1049 891 1104 944 in
1129 888 1315 945 Grmco
1343 889 1623 960 psallitur:
1657 888 1796 942 Diri-

224 994 383 1054 gatur
408 985 585 1041 oratio
607 992 788 1038 nostra
810 983 864 1036 in
889 989 1180 1051 conspectu
1201 979 1296 1034 Dei
1321 980 1457 1034 sicut
1483 978 1794 1050 thymiama,

225 1069 427 1139 idtst,
479 1082 538 1126 ut
564 1071 619 1126 in
648 1071 868 1126 odorem
918 1069 1196 1122 suavitatis
1237 1065 1557 1122 sacriﬁcium
1599 1073 1797 1122 nostra:

223 1163 488 1218 orationis
513 1160 761 1230 accipiat.
803 1157 1130 1213 Sacriﬁcium
1165 1165 1406 1212 nostrum
1432 1155 1796 1226 vespertinum

221 1255 312 1318 sit,
339 1253 394 1308 id
424 1259 535 1317 est,
562 1251 714 1321 juxta
743 1248 902 1303 ﬁnem
930 1249 1062 1302 lucis
1088 1247 1246 1317 hujus
1265 1287 1281 1314 ,
1311 1262 1414 1318 qua
1441 1246 1571 1301 hora
1601 1245 1668 1300 ab
1695 1245 1796 1300 hac

222 1347 344 1399 luce
390 1345 695 1411 migramus.
745 1340 894 1396 Tunc
939 1340 1081 1394 enim
1109 1339 1164 1393 in
1201 1337 1464 1392 sacriﬁcio
1489 1336 1794 1407 vespertino

221 1450 427 1500 sumus,
458 1434 530 1488 ibi
559 1441 643 1488 est
668 1441 781 1487 tota
827 1441 1022 1486 nostra:
1054 1429 1395 1498 cogitationis
1421 1428 1668 1498 ponenda
1713 1428 1794 1482 in-

221 1526 395 1580 tentio
418 1564 434 1590 ,
483 1532 542 1579 ut
582 1523 820 1578 levantes
861 1537 1051 1576 manus
1088 1528 1298 1576 nostras
1337 1519 1392 1573 in
1419 1519 1571 1588 signa
1599 1519 1790 1583 crucis,

220 1619 353 1673 dum
378 1617 446 1672 ad
473 1617 754 1672 Dominum
781 1615 1050 1685 pergimus
1071 1652 1088 1679 ,
1134 1611 1463 1681 gratulemur
1498 1612 1550 1664 in
1579 1609 1793 1666 Christo

219 1706 352 1762 Jesu
379 1706 606 1762 Domino
635 1712 819 1760 nostro
841 1743 857 1770 ,
886 1703 979 1774 qui
1015 1703 1071 1756 in
1097 1701 1301 1756 unitate
1332 1701 1556 1755 Deitatis
1582 1699 1712 1753 vivit
1739 1707 1794 1752 et

1903 532 2167 599 cogitatus
2186 573 2200 597 ,
2231 548 2336 584 non
2367 531 2709 599 compunctio
2737 547 2801 584 ex
2842 531 3034 585 allectu
3064 531 3245 599 aliquo
3273 531 3362 598 qui
3391 546 3478 584 re-

1902 622 2079 690 quirat
2123 621 2383 682 animam;
2433 636 2532 674 nec
2577 620 2714 674 redit
2757 621 2822 675 ad
2852 635 3066 674 sensum
3097 636 3276 674 meum
3307 629 3365 673 ut
3393 635 3478 673 re-

1901 713 2109 778 quiram
2157 710 2388 763 animam
2433 724 2606 762 meam
2636 750 2650 773 ,
2702 717 2756 763 et
2799 709 2972 763 dicam
3018 709 3128 762 illi:
3161 709 3292 774 Age,
3324 717 3476 762 actus

1901 816 2051 855 meos
2099 801 2210 855 noli
2255 801 2479 871 perdere
2501 840 2516 864 ,
2565 801 2710 869 quod
2745 809 2895 854 tanto
2925 808 3166 868 tempore
3193 801 3470 855 laborasti.

1901 891 2028 946 Ilaec
2054 907 2195 946 nunc
2222 891 2364 946 dico.
2415 889 2622 957 Quare?
2663 890 2798 956 Quia
2825 890 3020 946 defecit
3057 890 3110 944 in
3140 905 3226 944 me
3253 891 3475 960 spiritus

1897 997 2072 1046 meus,
2088 991 2329 1051 tempore
2347 980 2560 1049 quando
2581 981 2634 1034 in
2655 980 2739 1034 via
2755 995 2860 1048 qua
2890 981 3228 1034 ambulabam
3242 980 3470 1036 abscon-

1898 1073 2091 1128 derant
2119 1073 2342 1142 laqueos
2365 1072 2514 1126 mihi.
2548 1071 2616 1125 Et
2641 1072 2765 1140 quia
2794 1072 2954 1142 periit
2980 1069 3103 1140 fuga
3131 1085 3164 1125 a
3191 1085 3297 1136 me,
3329 1071 3472 1126 aliud

1897 1177 2006 1233 quo
2033 1164 2233 1233 possim
2261 1163 2490 1218 evadere
2525 1163 2738 1232 penitus
2776 1177 2887 1217 non
2913 1163 3152 1228 habebo,
3200 1161 3300 1215 nisi
3346 1162 3474 1216 totis

1897 1254 2102 1308 viribus
2131 1254 2356 1308 clamem
2387 1252 2451 1306 ad
2482 1264 2566 1318 te,
2595 1253 2818 1307 Domine
2843 1270 2855 1304 :
2887 1251 3118 1308 Pereant
3151 1253 3328 1307 omnia
3353 1266 3473 1321 qua:

1897 1343 1953 1396 in
1980 1341 2180 1397 mundo
2205 1353 2350 1406 sunt,
2381 1349 2439 1396 tu
2466 1356 2589 1411 spes
2617 1357 2766 1406 mea;
2797 1349 2856 1395 tu
2888 1341 3062 1410 portio
3090 1356 3211 1396 mea
3239 1341 3292 1395 in
3324 1349 3468 1395 terra

1896 1431 2206 1486 viventium.
2256 1429 2476 1485 Intende
2521 1431 2574 1485 in
2620 1431 2919 1486 orationem
2967 1446 3172 1495 meam,
3218 1431 3471 1499 quoniam

1899 1521 2214 1576 humiliatus
2241 1535 2358 1574 sum
2386 1521 2562 1575 nimis.
2611 1519 2820 1574 Tenent
2858 1535 2946 1574 me
2989 1531 3210 1589 peccata
3240 1535 3387 1584 mea,
3415 1529 3470 1573 et

1889 1624 2076 1694 jugum
2114 1628 2270 1668 suum
2305 1621 2602 1683 posuerunt
2629 1628 2790 1682 super
2815 1627 2902 1666 me
2923 1652 2938 1674 ,
2980 1627 3075 1680 per
3101 1621 3319 1680 peccata
3350 1627 3469 1664 mea

1896 1706 2166 1775 principes
2191 1705 2442 1759 vitiorum
2468 1710 2524 1758 et
2549 1703 2848 1759 criminum.
2867 1703 2967 1768 Tu,
2987 1703 3150 1758 libera
3178 1717 3265 1756 me
3292 1717 3324 1755 a
3345 1717 3470 1771 per-

219 1806 417 1868 regnat
441 1813 564 1853 cum
602 1795 762 1851 Patre
799 1804 855 1850 et
881 1793 1083 1864 Spiritu
1109 1801 1296 1849 sancto
1313 1833 1329 1860 ,
1375 1808 1471 1864 per
1493 1791 1671 1847 omnia
1695 1805 1793 1846 εω-
1824 1801 1869 1860 Β
1895 1795 2240 1864 sequentibus
2267 1808 2354 1848 me
2372 1833 2386 1858 ,
2419 1794 2672 1862 quoniam
2708 1792 2993 1847 confortati
3021 1802 3146 1846 sunt
3173 1807 3336 1862 super
3361 1805 3468 1852 me,

218 1891 344 1945 cula
372 1889 709 1945 saeculorum.
737 1885 926 1942 Amen.

746 1994 1060 2053 PSALMUS
1095 1993 1270 2052 CXLI.

291 2089 607 2146 Intellectus
631 2087 816 2155 David,
843 2101 967 2142 cum
992 2093 1136 2142 esset
1165 2085 1220 2141 in
1247 2089 1498 2156 spelunca
1527 2085 1720 2140 oratio.

301 2205 444 2259 Voce
470 2221 585 2259 mea
619 2202 689 2256 ad
714 2201 994 2256 Dominum
1023 2198 1274 2262 clamavi,
1301 2213 1422 2252 vace
1449 2214 1562 2251 mea
1590 2199 1659 2250 ad
1688 2196 1797 2251 Do-

215 2297 426 2350 minum
447 2293 744 2364 deprecatus
763 2306 894 2344 uim.
925 2288 1157 2358 Effunda
1175 2289 1229 2341 in
1251 2296 1518 2357 conspectu
1545 2287 1655 2356 ejus
1685 2303 1801 2340 ara-

217 2387 416 2438 tionem
439 2397 626 2444 meam,
653 2389 704 2434 et
731 2377 1112 2434 tribulationem
1142 2393 1309 2430 meam
1340 2385 1461 2430 ante
1486 2378 1653 2446 ipsum
1672 2392 1797 2446 pro-

214 2477 429 2530 nuntia.
471 2471 536 2526 In
564 2471 846 2541 deiicienda
865 2485 930 2523 ea:
957 2486 1036 2523 me
1059 2470 1296 2540 spiritum
1322 2485 1519 2534 meum,
1549 2477 1599 2521 ct
1626 2478 1678 2520 tu
1707 2484 1796 2522 ca-

213 2569 449 2640 gnavisti
496 2566 702 2620 semitas
743 2579 902 2616 meas.
949 2561 1015 2615 In
1060 2563 1142 2615 via
1182 2561 1279 2614 hac
1323 2577 1422 2632 qua
1449 2559 1796 2626 ambulabam,

212 2657 604 2715 absconderant
648 2654 853 2724 superbi
890 2653 1125 2724 laqueum
1163 2668 1350 2706 nteant.
1397 2649 1798 2706 Cansiderabam

211 2753 282 2805 ad
309 2751 585 2804 dexteram
621 2757 669 2800 et
693 2746 922 2800 videbam
945 2783 962 2810 ,
1005 2754 1056 2798 et
1098 2760 1201 2798 non
1226 2754 1338 2798 erat
1362 2747 1446 2814 qui
1475 2753 1799 2815 cognosceret

209 2859 311 2897 me.
349 2841 523 2894 Periit
551 2842 675 2912 fuga
716 2855 749 2892 a
779 2855 878 2904 me,
907 2846 958 2891 et
982 2854 1086 2892 non
1105 2846 1183 2892 est
1207 2839 1291 2909 qui
1319 2837 1544 2908 requirat
1570 2839 1799 2891 animam

209 2949 407 2988 meam.
451 2929 678 2984 διαπιαυὶ
699 2930 768 2983 ad
791 2939 856 2994 te,
878 2927 1133 2993 Domine;
1156 2928 1266 2982 dixi
1296 2944 1314 2981 :
1339 2926 1413 2981 Tu
1441 2943 1494 2981 es
1521 2943 1635 2998 spes
1656 2944 1792 2993 mea,

207 3024 390 3094 partio
434 3037 550 3075 mea
589 3022 644 3074 in
690 3029 831 3073 terra
874 3020 1161 3074 viventium.
1205 3017 1424 3072 Intende
1451 3018 1522 3072 ad
1548 3021 1797 3088 depreca-

207 3116 414 3168 tionem
441 3128 606 3164 meam
624 3149 639 3174 ,
679 3112 799 3181 quia
829 3110 1125 3164 humiliatus
1151 3125 1263 3163 sum
1291 3111 1464 3164 nimis.
1504 3109 1688 3164 Libera
1714 3127 1796 3164 me

207 3221 238 3257 a
265 3201 693 3274 persequentibus
733 3217 812 3254 me
834 3241 848 3266 ,
881 3201 1124 3272 quoniam
1165 3201 1440 3270 canfortati
1484 3210 1606 3254 sunt
1641 3217 1794 3270 super

204 3310 309 3349 me.
344 3289 501 3345 Educ
529 3289 591 3344 de
623 3289 859 3344 custodia
883 3290 1114 3343 animam
1151 3304 1318 3344 meam
1345 3289 1415 3342 ad
1445 3290 1794 3360 conﬁtendum

208 3381 424 3436 nomini
456 3390 570 3444 tua;
591 3395 673 3434 me
691 3387 992 3449 exspectant
1009 3379 1162 3449 justi,
1185 3378 1346 3433 donec
1373 3379 1622 3434 retribuas
1644 3380 1788 3435 milii.

790 3501 1222 3542 COIIBIITARIUI.

272 3601 426 3658 Cum
459 3613 489 3653 a
520 3599 653 3655 facie
675 3597 850 3654 Saulis
877 3598 1071 3652 lateret
1096 3597 1150 3650 in
1190 3595 1442 3666 spelunca
1471 3595 1635 3650 David
1662 3610 1791 3664 pro-

206 3696 411 3764 fugus,
460 3690 622 3745 istum
666 3689 928 3760 psalmum
973 3687 1166 3756 legitur
1209 3685 1485 3741 cecinisse.
1520 3685 1680 3748 Voce,
1713 3685 1792 3738 in-

204 3787 349 3856 quit,
383 3791 508 3837 mea
549 3781 616 3835 ad
657 3781 939 3834 Dominum
979 3778 1221 3843 clamavi,
1253 3787 1308 3832 et
1345 3793 1477 3833 voce
1525 3793 1643 3832 mea
1687 3775 1787 3830 Do-

205 3876 422 3930 minUm
471 3870 791 3942 deprecatus
840 3883 979 3925 sum.
1024 3866 1252 3923 Eﬁ'undo
1280 3868 1334 3922 in
1361 3876 1652 3938 conspectu
1676 3867 1791 3936 ejus

203 3967 522 4022 orationem
550 3977 723 4016 meam
751 3969 807 4016 et
833 3960 1230 4015 tribulationem
1259 3975 1436 4015 meam
1463 3969 1588 4015 ante
1616 3961 1788 4030 ipsum

204 4054 532 4126 pronuntio.
572 4052 630 4107 In
661 4052 868 4107 defectu
896 4049 1058 4116 enim,
1089 4051 1181 4114 ait,
1201 4050 1417 4118 spiritus
1443 4051 1568 4115 mei,
1599 4051 1670 4104 ibi
1697 4066 1791 4106 co-

204 4145 453 4213 gnovisti
494 4144 712 4198 semitas
757 4157 926 4196 meas.
964 4141 1040 4196 lbi
1066 4141 1272 4206 clama,
1303 4157 1336 4194 o
1363 4140 1684 4203 Christiane,
1717 4142 1787 4196 ibi

203 4235 432 4292 effunde
461 4233 514 4287 in
541 4241 828 4302 conspectu
856 4231 950 4286 Dei
978 4230 1276 4286 orationem
1305 4238 1449 4284 tuam
1473 4270 1488 4296 ,
1520 4229 1591 4284 ibi
1621 4232 1788 4284 tribu-

203 4328 474 4382 lationem
519 4331 664 4378 tuam
705 4322 1020 4392 pronuntia,
1065 4330 1173 4376 non
1213 4321 1432 4392 perditis
1458 4323 1648 4389 rebus,
1680 4339 1785 4378 non

202 4417 580 4480 facultatibus,
613 4430 718 4469 non
744 4428 993 4484 agrorum
1023 4412 1244 4479 ﬁnibus,
1271 4414 1353 4468 vel
1381 4413 1463 4468 his
1489 4429 1608 4484 quas
1633 4415 1787 4469 nobis

1897 1892 1952 1938 et
1967 1883 2103 1938 educ
2116 1883 2184 1938 de
2197 1898 2411 1940 carcere
2426 1883 2656 1936 animam
2673 1896 2866 1937 meam.
2883 1881 3032 1936 Tunc
3047 1882 3188 1935 enim
3200 1896 3472 1936 carcerem

1895 1973 2098 2042 patitur
2116 1973 2293 2027 anima
2308 1980 2510 2039 nostra,
2533 1973 2657 2027 dum
2678 1972 2802 2027 hinc
2824 1971 2945 2026 inde
2968 1972 3122 2026 nobis
3139 1971 3379 2026 clausum
3406 1971 3471 2025 ad

1896 2063 2203 2130 lectionem,
2228 2065 2314 2120 vel
2336 2065 2653 2130 orationem,
2683 2065 2770 2118 vel
2796 2065 2864 2119 ad
2885 2065 3084 2118 bonum
3107 2079 3341 2126 cursum.
3359 2063 3472 2117 sive
3489 2138 3511 2150 .

1857 2156 2080 2211 'mundi
2123 2158 2540 2225 occupationes,
2605 2157 2718 2211 sive
2763 2171 3038 2225 corporea:
3085 2155 3472 2211 delectationes

1900 2245 2163 2301 efﬁciunt.
2213 2247 2348 2312 Nec,
2396 2255 2452 2301 ut
2477 2247 2690 2316 quidam
2717 2255 2928 2316 putant,
2959 2261 3158 2315 corpus
3181 2246 3469 2298 humanum

1897 2352 2172 2392 carcerem
2203 2337 2458 2392 audemus
2482 2338 2692 2404 dicere,
2719 2339 2862 2407 quod
2891 2339 3132 2408 templum
3151 2337 3248 2391 Dei
3277 2337 3471 2390 Paulus

1898 2425 2174 2494 apostolus
2214 2441 2333 2481 esse
2380 2434 2608 2482 testatur
2646 2426 2711 2498 (II
2739 2425 2857 2480 Cor.
2925 2433 2998 2496 vi)
3027 2445 3040 2479 :
3072 2427 3167 2482 sed
3195 2441 3469 2480 carcerem

1898 2517 2147 2587 patimur,
2178 2519 2394 2587 quando
2423 2534 2582 2574 orare
2620 2535 2727 2574 non
2754 2519 2986 2574 delectat
3007 2558 3022 2582 ,
3072 2518 3284 2587 quando
3324 2517 3469 2571 fasti-

1898 2611 2072 2666 dimur
2098 2610 2152 2664 in
2181 2609 2509 2680 spiritalibus
2530 2610 2680 2674 cibis,
2713 2618 2768 2665 et
2797 2618 2923 2664 tunc
2953 2609 3327 2664 necessitatum
3355 2617 3438 2661 ter
3456 2639 3468 2648 -

1898 2716 2146 2756 renarum
2187 2701 2472 2762 claustris,
2523 2713 2666 2756 nunc
2709 2699 3121 2756 delectationum
3164 2699 3316 2754 ostiis
3342 2713 3467 2752 con-

1898 2790 2031 2846 clusi
2059 2788 2354 2845 deﬁcimus.
2414 2789 2584 2846 Verus
2623 2805 2809 2845 carcer
2847 2790 3038 2844 animai
3065 2790 3119 2843 in
3150 2798 3201 2843 te
3229 2797 3342 2852 est,
3373 2804 3467 2858 pro

1899 2897 2008 2952 quo
2053 2882 2180 2936 totis
2223 2881 2426 2936 viribus
2471 2889 2554 2935 est
2598 2880 2934 2936 clamandum
2979 2879 3047 2933 ad
3092 2878 3381 2943 Christum,
3415 2887 3467 2932 ut

1901 2968 2093 3023 educat
2118 2968 2186 3022 de
2231 2983 2448 3024 carcere
2495 2968 2598 3024 hoc
2643 2969 2847 3025 animas
2877 2977 3087 3032 nostras
3115 2966 3182 3020 ad
3209 2965 3465 3020 conﬁten-

1899 3059 2024 3114 dum
2054 3061 2251 3113 nomini
2280 3075 2378 3114 suo
2396 3100 2412 3126 ,
2455 3067 2513 3114 ut
2555 3061 2772 3130 incipiat
2799 3075 2916 3115 eam
2945 3059 3233 3115 delectatio
3261 3057 3466 3114 confes-

1820 3155 1862 3216 c
1896 3151 2062 3206 sionis
2107 3151 2353 3206 excolere
2375 3193 2390 3217 ,
2439 3167 2557 3220 qua:
2601 3153 2813 3207 deserta
2854 3152 2992 3206 facta
3023 3161 3105 3205 cst
3130 3150 3388 3205 orationis
3413 3159 3464 3204 et

1899 3241 2162 3305 lectionis,
2193 3252 2246 3295 et
2272 3242 2524 3310 spiritalis
2545 3242 2784 3296 exercitii
2807 3243 3010 3296 cultura
3039 3250 3300 3296 cessante.
3331 3239 3464 3294 Cum

1896 3346 2022 3398 ergo
2051 3347 2115 3384 ex
2145 3332 2246 3385 hoc
2274 3347 2490 3386 carcere
2518 3330 2764 3385 edim-ris
2790 3333 3022 3385 animam
3049 3347 3240 3394 meam,
3271 3339 3326 3384 et
3353 3347 3462 3382 (uno

1894 3437 2025 3490 pero
2054 3430 2203 3476 recto
2231 3430 2419 3476 tenore
2447 3419 2688 3476 conﬁteri
2716 3423 2918 3475 nomini
2948 3431 3068 3484 tuo,
3101 3429 3229 3473 tunc
3255 3436 3340 3473 me
3367 3435 3460 3474 cx-

1892 3517 2136 3578 spectant
2175 3509 2304 3578 justi
2349 3509 2523 3564 donec
2567 3510 2696 3562 mihi
2725 3511 2990 3564 retribuas
3017 3509 3070 3562 in
3099 3508 3312 3562 Christo
3338 3505 3462 3562 Jesu

1893 3601 2118 3655 Domino
2147 3609 2350 3666 nostro,
2383 3601 2473 3670 qui
2499 3609 2686 3669 regnat
2714 3617 2832 3656 cum
2865 3599 3023 3655 Patre
3046 3608 3100 3654 et
3118 3599 3316 3668 Spiritu
3336 3614 3460 3652 san-

1891 3701 1980 3747 cto
2011 3693 2064 3746 in
2093 3693 2283 3748 smcula
2313 3692 2646 3748 saeculorum.
2677 3692 2866 3747 Amen.

2408 3800 2626 3856 PSALM
2635 3801 2718 3858 US
2753 3801 2956 3857 CXLII.

1928 3892 2171 3949 Psalmus
2199 3893 2394 3962 David,
2425 3895 2638 3964 quando
2678 3895 3100 3964 persequebatur
3135 3907 3257 3948 eum
3289 3891 3427 3947 ﬁlius

2473 3971 2602 4020 suus
2630 3964 2882 4019 Absalon.

1962 4050 2200 4117 Domine,
2230 4053 2422 4106 exaudi
2451 4055 2738 4107 arationem
2774 4069 2972 4118 meam,
3011 4052 3218 4106 auribus
3260 4053 3458 4122 percipe

1889 4141 2289 4197 obsecrationem
2317 4160 2482 4197 meam
2508 4146 2564 4198 in
2588 4147 2799 4198 veritate
2821 4156 2907 4198 tua
2924 4185 2939 4208 ,
2981 4145 3170 4198 exaudi
3191 4160 3270 4196 me
3296 4144 3349 4196 in
3373 4153 3458 4195 tua

1880 4233 2107 4304 justitia.
2160 4232 2227 4286 Et
2245 4250 2347 4286 non
2376 4235 2536 4288 intres
2563 4235 2617 4287 in
2638 4234 2836 4304 judicia
2863 4251 2977 4287 cum
3015 4251 3157 4288 serva
3197 4243 3310 4294 tua,
3341 4235 3458 4302 quia

1889 4342 1991 4381 non
2011 4326 2384 4396 justiﬁcabitur
2403 4329 2457 4380 in
2481 4337 2752 4397 conspectu
2783 4339 2866 4382 tua
2893 4330 3062 4383 omnis
3095 4329 3286 4382 vivens.
3323 4327 3456 4390 Quin

1889 4429 2175 4486 persecutus
2203 4429 2278 4472 est
2314 4421 2549 4473 inimicus
2589 4423 2816 4474 animam
2857 4438 3022 4474 meam
3045 4460 3061 4485 ,
3090 4421 3372 4472 huntitiavit
3400 4421 3456 4472 in

202 4506 463 4578 deposito
509 4519 738 4573 corpore
780 4505 1080 4558 necessaria
1131 4503 1344 4573 penitus
1379 4519 1487 4558 non
1517 4514 1657 4569 sunt,
1687 4506 1781 4558 sed
1817 4519 1862 4577 ι)
1889 4519 2022 4562 terra
2049 4511 2204 4563 vitam
2223 4527 2406 4563 meam.
2441 4508 2718 4564 Collocavit
2741 4528 2821 4564 me
2839 4513 2891 4564 in
2915 4510 3140 4564 obscuris
3161 4512 3290 4562 sicut
3313 4526 3454 4562 mar-

202 4601 254 4654 in
303 4595 529 4652 defectu
575 4596 792 4665 spiritus
841 4595 947 4660 tui,
977 4595 1048 4650 ibi
1087 4603 1202 4650 esto
1230 4595 1506 4650 sollicitus.
1537 4596 1614 4651 Ibi
1642 4598 1783 4650 eiiim

201 4693 618 4755 cognoscuntur
660 4684 866 4739 semita:
914 4693 1038 4738 tuaz.
1079 4683 1329 4740 Defectus
1373 4685 1590 4754 spiritus
1615 4687 1784 4741 nostri

199 4789 309 4843 est,
365 4776 585 4848 quando
631 4791 730 4831 nos
774 4777 1067 4831 carnalium
1107 4791 1284 4831 rerum
1320 4777 1666 4832 necessitates
1694 4787 1785 4831 aut

199 4868 600 4924 delectationes
655 4867 928 4921 invadunt.
1002 4867 1080 4921 Ibi
1129 4867 1272 4922 enim
1317 4867 1611 4923 absconditi
1661 4877 1783 4922 sunt

201 4959 390 5028 laquei
418 4957 572 5012 nobis
599 4971 630 5010 a
655 4956 871 5011 diabolo
915 4963 971 5012 et
1007 4957 1261 5011 ministris
1289 4956 1420 5025 ejus.
1473 4957 1620 5013 Tunc
1651 4974 1783 5014 con-

198 5049 509 5103 sideramus
553 5046 621 5102 ad
663 5047 975 5112 dexteram,
1026 5047 1076 5101 id
1101 5055 1215 5112 est,
1266 5047 1334 5100 ad
1377 5048 1681 5115 lectionem,
1713 5049 1780 5103 ad

197 5136 530 5200 orationem,
558 5135 624 5189 ad
650 5135 912 5205 psalmum
934 5174 950 5200 ,
997 5143 1052 5190 et
1079 5151 1184 5189 non
1208 5135 1555 5203 delectamur,
1583 5137 1676 5193 sed
1705 5141 1782 5194 sic

200 5226 446 5280 redimus
473 5225 668 5289 maesti,
701 5234 760 5279 ut
782 5225 871 5279 vix
892 5227 1140 5296 nosipsos
1167 5241 1458 5295 agnoscere
1483 5230 1776 5284 valeamus.

198 5313 461 5369 Extranei
506 5315 662 5369 nobis
703 5313 836 5369 ﬁunt
878 5316 977 5385 ipsi
1022 5318 1200 5386 apices
1245 5319 1434 5383 sancti,
1466 5326 1522 5373 et
1545 5321 1698 5387 quasi
1727 5322 1778 5374 in

197 5410 399 5456 extero
426 5402 623 5471 positi,
673 5405 1024 5474 nosmetipsos
1061 5419 1352 5472 agnoscere
1379 5421 1487 5460 non
1513 5407 1771 5463 valemus.

198 5491 359 5546 Tunc
385 5491 542 5560 periit
569 5489 689 5560 fuga
714 5507 745 5546 a
772 5492 924 5547 nobis
941 5533 956 5557 ,
985 5501 1041 5548 et
1074 5493 1202 5547 illud
1227 5494 1372 5563 quod
1399 5497 1552 5551 nobis
1579 5497 1776 5552 clamat

195 5582 496 5651 Apostolus
520 5600 534 5636 :
565 5581 754 5654 Fugite
774 5585 1164 5654 fornicationem
1177 5585 1219 5656 (l
1240 5584 1359 5641 Car.
1369 5588 1460 5657 v1),
1485 5604 1590 5644 non
1612 5591 1770 5644 surda

193 5688 340 5730 aure
367 5676 666 5731 transimus.
694 5676 842 5733 Intus
868 5687 951 5732 est
977 5680 1117 5734 enim
1147 5680 1362 5748 malum,
1395 5682 1535 5738 intus
1561 5691 1643 5737 est
1669 5683 1768 5738 lia—

485 5767 755 5830 Ρηιοι.
802 5771 960 5832 LIII.

1885 4611 1997 4655 tuas
2025 4602 2220 4667 saeculi,
2247 4612 2297 4656 et
2316 4603 2559 4656 anaiatus
2579 4614 2654 4656 est
2680 4620 2832 4673 super
2859 4620 2938 4656 me
2957 4604 3167 4672 spiritus
3205 4617 3342 4654 meus
3362 4619 3377 4665 ;
3401 4603 3454 4654 in

1885 4707 1966 4744 me
2007 4689 2266 4744 turbatum
2310 4701 2386 4745 est
2425 4708 2512 4745 car
2538 4708 2724 4745 meum.
2768 4691 2966 4746 Mentor
2991 4691 3068 4761 {ui
3095 4691 3292 4744 dierum
3318 4693 3456 4744 anti-

1885 4797 2099 4852 quarum
2121 4823 2136 4848 ,
2177 4783 2453 4838 meditatus
2495 4799 2608 4837 sum
2647 4785 2701 4836 in
2731 4783 2966 4836 omnibus
2991 4775 3224 4854 operibus
3254 4785 3374 4849 tuis,
3404 4795 3455 4838 et

1884 4873 1940 4925 in
1969 4872 2120 4942 [actis
2147 4889 2392 4926 manuum
2413 4883 2613 4926 tuarum
2636 4873 2941 4927 meditabar.
2990 4871 3236 4943 Expandi
3270 4892 3455 4929 manus

1885 4977 2025 5014 meas
2049 4960 2120 5013 ad
2147 4970 2197 5014 te
2215 4978 2232 5014 :
2254 4963 2429 5014 anima
2457 4977 2570 5014 mea
2595 4963 2728 5014 sicut
2747 4970 2886 5014 terra
2913 4962 3028 5015 sine
3053 4979 3189 5033 aqua
3219 4963 3327 5018 tibi.
3353 4962 3455 5017 Ve-

1884 5052 2059 5106 lociter
2081 5051 2272 5104 exaudi
2299 5068 2398 5114 me,
2427 5051 2670 5118 Domine,
2696 5053 2880 5124 defecit
2899 5055 3108 5122 spiritus
3137 5071 3298 5109 meus.
3331 5053 3455 5109 Non

1882 5151 2083 5192 ovatus
2110 5141 2292 5209 [aciem
2323 5150 2461 5194 tuam
2489 5158 2520 5193 a
2548 5157 2658 5204 me,
2701 5151 2750 5195 et
2776 5143 2962 5196 similis
2985 5161 3071 5199 ero
3101 5144 3425 5199 descendenti
3434 5177 3453 5186 -

1882 5230 1974 5284 bus
2001 5231 2056 5284 in
2077 5233 2264 5284 lacum.
2309 5232 2549 5285 Auditum
2597 5235 2679 5303 {ac
2722 5235 2847 5288 mihi
2874 5253 3026 5289 mane
3051 5239 3451 5291 misericordiam

1884 5330 2047 5385 tuam,
2074 5322 2193 5392 quia
2220 5322 2276 5374 in
2305 5331 2353 5375 te
2379 5325 2596 5392 speravi.
2630 5323 2826 5378 Notam
2856 5328 2940 5396 {ac
2966 5327 3094 5380 mihi
3114 5328 3243 5380 viam
3271 5328 3324 5379 in
3351 5343 3453 5395 qua

1881 5410 2163 5476 ambulem,
2188 5413 2310 5484 quia
2342 5414 2411 5466 ad
2441 5423 2487 5467 te
2506 5415 2666 5468 levavi
2696 5417 2924 5470 animam
2952 5433 3136 5470 meam.
3189 5415 3347 5484 Eripe
3372 5433 3456 5470 me

1885 5505 1948 5556 de
1973 5503 2201 5560 inimicis
2217 5506 2362 5571 meis,
2392 5504 2631 5571 Domine,
2657 5510 2776 5578 quia
2805 5509 2874 5561 ad
2896 5517 2943 5562 te
2963 5507 3168 5578 confugi
3181 5523 3198 5571 ;
3221 5507 3345 5560 doce
3371 5523 3454 5562 me

1880 5603 2051 5660 iacere
2069 5597 2380 5651 voluntatem
2403 5607 2562 5664 tuam,
2589 5602 2709 5670 quia
2735 5600 2867 5652 Deus
2889 5615 3028 5651 meus
3048 5614 3101 5652 es
3123 5609 3194 5651 tu.
3225 5597 3451 5667 Spiritus

1878 5698 1990 5741 tuus
2017 5691 2176 5743 bonus
2215 5688 2428 5744 deducet
2453 5707 2534 5744 me
2571 5692 2623 5744 in
2654 5700 2842 5744 terram
2871 5697 3088 5750 rectam;
3125 5698 3329 5758 prapter
3354 5704 3448 5745 no-

3019 5778 3092 5837 18
