3884 6184
387 334 500 390 555

1715 324 1980 380 ARNOBII
2019 320 2319 377 JUNIORIS

2613 283 2642 324 ‘
3550 321 3633 378 εει

394 462 510 500 men
565 451 735 504 tuum,
789 439 1030 503 Domine,
1066 437 1340 508 viriﬁcabis
1371 455 1450 492 me
1493 437 1546 490 in
1586 437 1823 507 equitate
1863 443 1970 486 tua.
2003 435 2048 492 Α
2078 431 2142 484 ad
2174 439 2457 500 patronum
2491 430 2656 495 vadit,
2707 431 2783 486 sic
2811 445 2869 486 se
2893 432 2961 486 ab
2985 447 3051 487 eo
3079 431 3298 487 liberari
3331 432 3580 501 postulat,
3601 435 3637 490 si

396 535 598 588 Educes
628 533 691 585 de
713 519 1042 584 tribulatione
1069 529 1299 581 animam
1320 543 1510 588 meam,
1532 525 1654 579 etin
1683 522 1975 576 misericor—

395 629 484 681 dia
521 634 609 678 tua
647 620 910 692 disperdes
957 637 1132 674 omnes
1168 620 1404 672 inimicos
1434 633 1597 670 meos.
1672 613 1743 666 Et
1793 611 1973 683 perdes

394 732 568 771 omnes
593 714 683 786 qui
703 712 949 767 tribulant
969 710 1196 764 animum
1224 724 1424 772 meam,
1453 705 1695 778 quoniam
1726 718 1821 774 ego
1860 717 1972 754 ser-

393 825 482 862 vus
511 817 624 861 tuus
653 820 786 859 sum.

969 882 1403 925 COIIENTABIUI.

464 987 557 1044 Sic
602 985 876 1042 inchoavit
920 981 1222 1044 Psalmista,
1249 988 1308 1034 ut
1337 979 1391 1032 iu
1429 984 1691 1030 terrorem
1737 973 1975 1027 mitteret

397 1092 560 1134 omne
603 1077 893 1130 humanum
921 1086 1111 1141 genus.
1159 1069 1288 1136 Quis
1334 1068 1476 1122 enim
1522 1065 1717 1120 audeat
1754 1062 1867 1117 Deo
1893 1061 1973 1114 di-

395 1185 521 1225 cere
546 1187 560 1223 :
581 1167 788 1222 Exaudi
821 1180 908 1220 me
956 1164 1008 1218 in
1034 1163 1263 1218 veritate
1293 1169 1382 1215 tua
1400 1201 1414 1227 ,
1447 1165 1504 1214 et
1529 1159 1580 1213 in
1611 1166 1700 1212 tua
1725 1155 1973 1225 justitia‘l

400 1262 596 1317 Verum
618 1259 761 1314 enim
789 1263 844 1312 et
865 1255 1068 1326 justum
1098 1262 1180 1308 est
1205 1251 1374 1321 utqui
1393 1249 1698 1319 peccaverit
1723 1245 1970 1318 puniatur

397 1352 678 1406 acerrime.
719 1345 978 1416 Coepisti,
1011 1343 1272 1414 propheta
1292 1384 1306 1404 .
1339 1339 1603 1411 principio
1631 1338 1746 1404 tali,
1776 1335 1972 1405 aliquid

393 1440 672 1513 iungendo
697 1439 1025 1506 subsequere
1041 1473 1058 1500 ,
1088 1446 1146 1488 ut
1194 1432 1485 1503 psallentes
1512 1429 1777 1499 respirare
1802 1427 1975 1498 possi-

395 1549 534 1589 mus.
567 1532 682 1586 Non
719 1531 888 1586 intres
908 1571 924 1596 ,
955 1527 1158 1597 inquit,
1211 1526 1264 1579 in
1296 1523 1498 1593 judicio
1521 1537 1643 1578 cum
1671 1536 1830 1576 servo
1859 1528 1969 1574 tuo.

398 1625 514 1680 Hoc
541 1637 670 1692 ergo
699 1621 916 1677 voluisti
943 1619 1160 1674 dicere:
1205 1615 1418 1671 Justitia
1445 1621 1535 1668 tua
1563 1619 1664 1677 est,
1706 1619 1765 1666 ut
1789 1610 1974 1665 Domi-

401 1731 500 1771 nus
546 1715 601 1769 in
632 1713 835 1782 judicio
871 1712 1073 1765 intrare
1107 1723 1228 1763 cum
1267 1721 1424 1762 servo
1472 1710 1806 1759 contemnas.
1847 1699 1976 1766 Quis

399 1808 542 1863 enim
585 1807 652 1860 ad
691 1802 1147 1873 comparationem
1197 1808 1338 1852 tuam
1373 1793 1754 1866 justiﬁcabitur
1791 1793 1975 1856 homo,

401 1896 644 1968 quamvis
671 1902 939 1959 sanctum,
970 1891 1199 1946 electum
1217 1929 1232 1954 ,
1263 1897 1320 1943 et
1349 1885 1604 1942 mundum
1623 1925 1638 1951 ,
1663 1891 1720 1937 ct
1745 1880 1978 1935 laudabi-

402 1990 506 2044 lem
552 1989 604 2042 in
653 1991 946 2054 conspectu
993 1989 1108 2045 tuo,
1157 1979 1208 2034 id
1255 1986 1358 2044 est,
1406 1977 1473 2031 ad
1518 1971 1976 2046 comparationem

402 2090 568 2144 tuam,
597 2079 710 2134 sive
739 2076 914 2131 divina
933 2073 1164 2144 judicia,
1195 2071 1309 2126 sive
1349 2070 1582 2123 humana
1610 2065 1842 2136 probare
1870 2078 1977 2118 non

403 2177 646 2241 possunt.
673 2165 859 2221 Omnis
885 2165 1028 2220 enim
1057 2159 1399 2234 pulchritudo
1429 2167 1482 2214 te
1509 2163 1773 2228 prasente
1801 2152 1980 2210 defor-

403 2263 503 2316 mis
523 2267 623 2316 est.
655 2258 838 2314 Omnis
875 2253 1134 2311 fortitudo
1175 2261 1227 2307 te
1247 2257 1510 2322 prresente
1530 2248 1756 2303 inﬁrma.
1783 2245 1982 2300 Omnes

404 2353 603 2408 divitiae
645 2358 700 2405 te
734 2353 996 2419 praesente
1038 2343 1374 2400 mendicitas.
1427 2337 1612 2394 Omnis
1634 2335 1843 2407 justitia
1883 2335 1983 2388 hu-

404 2460 562 2501 mana
594 2451 647 2497 te
666 2446 929 2512 praesente
969 2435 1251 2505 injustitia.
1313 2432 1382 2486 Et
1409 2439 1469 2487 ut
1503 2429 1734 2486 vicinam
1766 2425 1985 2498 justitize

406 2545 513 2589 tum
553 2531 816 2601 justitiam
863 2528 1152 2582 humanam
1200 2522 1484 2591 exquirere
1518 2520 1752 2585 desinas,
1779 2531 1982 2586 quaeso,

407 2625 664 2694 quoniam
711 2624 1027 2691 persecutus
1083 2623 1168 2670 est
1215 2614 1460 2668 inimicus
1505 2610 1741 2665 animam
1787 2621 1983 2672 meam,

364 2750 368 2754 -
409 2713 709 2771 humiliavit
737 2712 790 2765 in
822 2718 984 2774 terra,
1012 2706 1067 2762 id
1093 2714 1177 2760 est
1199 2743 1214 2768 ,
1257 2703 1312 2758 in
1340 2715 1570 2772 corpore
1595 2701 1764 2755 vitam
1787 2712 1984 2761 meam,

409 2802 699 2862 collocavit
744 2814 833 2854 me
880 2798 932 2852 in
992 2797 1223 2852 obscuro
1271 2794 1412 2847 sicut
1468 2798 1738 2846 mortuum
1789 2785 1986 2843 saculi.

414 2895 586 2951 Tanta
614 2907 703 2947 me
751 2888 1080 2945 obscuritate
1129 2900 1239 2940 sua:
1282 2881 1634 2940 circumdedit
1673 2878 1902 2946 fraudis,
1935 2886 1994 2931 ut

416 2992 687 3041 mortuum
714 2995 800 3035 me
828 2977 970 3049 apud
998 2977 1166 3032 Deum
1195 2974 1446 3037 credens,
1476 2979 1725 3044 putarem
1752 2984 1840 3024 me
1875 2968 1995 3023 nul-

420 3077 526 3131 lum
555 3070 977 3141 recuperationis
1005 3065 1146 3137 apud
1166 3066 1428 3135 justitiam
1458 3075 1604 3118 tuam
1641 3061 1878 3133 auditum
1907 3059 1992 3113 iu-

421 3166 603 3220 venire
636 3180 648 3216 :
678 3161 797 3215 ideo
831 3159 1080 3225 anxiatus
1106 3165 1189 3212 est
1216 3156 1270 3210 in
1296 3170 1384 3210 me
1411 3154 1628 3225 spiritus
1657 3167 1828 3216 meus,
1857 3157 1913 3205 et
1940 3151 1992 3204 in
2022 3151 2067 3214 C

416 3271 508 3312 me
537 3254 806 3309 turbatum
834 3257 918 3305 est
944 3264 1041 3304 cor
1066 3262 1266 3303 meum.
1306 3244 1461 3316 Coepi
1488 3243 1758 3300 recordari
1788 3242 1994 3297 dierum

421 3348 781 3416 antiquorum,
821 3341 1036 3410 quantis
1070 3354 1171 3410 pro
1207 3331 1576 3393 misericordia
1603 3333 1888 3391 subvenire
1915 3333 1998 3388 di-

421 3447 614 3509 gnatus
637 3452 717 3492 es.
771 3433 840 3488 Et
874 3431 1162 3488 meditatus
1199 3444 1317 3485 sum
1358 3429 1415 3484 in
1445 3427 1697 3484 omnibus
1725 3424 1994 3495 operibus,

422 3530 614 3600 quibus
641 3525 800 3581 didici
848 3523 1097 3579 omnibus
1144 3529 1198 3575 te
1239 3517 1650 3590 deprecantibus
1694 3514 1997 3570 subvenire.

421 3621 491 3674 Et
520 3621 641 3675 ideo
670 3632 770 3686 ego
798 3615 1031 3687 expandi
1058 3628 1250 3669 manus
1275 3626 1423 3667 meas
1447 3609 1516 3665 ad
1544 3617 1626 3672 te,
1669 3607 1797 3676 quia
1823 3607 1999 3660 anima

427 3728 545 3766 mea
573 3712 712 3766 sicut
754 3718 898 3764 terra
923 3710 1040 3764 sine
1067 3721 1204 3776 aqua
1229 3744 1245 3770 ,
1300 3705 1380 3761 sic
1406 3705 1460 3759 in
1487 3702 1724 3774 peccatis
1749 3701 1889 3756 sicca
1917 3699 2000 3754 fa-

422 3810 511 3856 cta
540 3809 659 3866 est,
709 3799 863 3868 quasi
909 3811 1029 3866 qua:
1070 3812 1178 3852 non
1206 3795 1400 3850 habeat
1426 3807 1619 3862 aquam
1644 3790 1998 3862 baptismatis.

427 3891 700 3947 Velociter
725 3887 920 3945 exaudi
944 3903 1053 3951 me,
1085 3886 1329 3951 Domine,
1361 3885 1558 3940 defecit
1585 3883 1804 3954 spiritus
1827 3897 2002 3947 meus,

424 3983 480 4039 id
503 3993 603 4044 est,
632 3980 884 4052 spiritalis
930 3980 983 4034 in
1022 3993 1108 4034 me
1133 3979 1240 4033 vita
1269 3977 1484 4033 defecit.
1536 3975 1653 4031 Non
1679 3981 1892 4032 avertas
1922 3972 2002 4028 fa-

423 4076 566 4128 ciem
597 4083 741 4127 tuam
793 4088 823 4126 a
867 4085 985 4137 me,
1018 4077 1074 4126 et
1111 4084 1206 4125 ero
1242 4068 1433 4124 similis
1473 4066 1924 4123 descendentibus
1950 4065 2004 4120 in

394 4166 635 4244 ‘lacum,
683 4162 733 4218 id
762 4171 882 4230 est,
930 4162 1119 4218 similis
1158 4175 1254 4216 ero
1280 4160 1337 4215 in
1363 4167 1540 4215 morte
1562 4158 1845 4214 damnatis.
1887 4157 2004 4211 Non

424 4263 607 4311 tamen
636 4257 933 4326 particeps,
963 4254 1057 4309 sed
1093 4253 1321 4308 similis:
1351 4251 1572 4315 similis,
1604 4250 1729 4319 quia
1755 4246 2003 4318 peccavi;

427 4358 483 4404 et
511 4365 616 4404 non
647 4348 916 4417 particeps
933 4384 948 4410 ,
995 4344 1120 4414 quia
1147 4343 1216 4398 ad
1245 4351 1394 4397 tuam
1419 4340 1844 4396 misericordiam
1871 4353 2004 4392 con-

430 4439 621 4494 volavi.
673 4435 781 4490 Fac
819 4449 947 4503 ergo
977 4433 1214 4489 auditam
1240 4433 1372 4487 mihi
1399 4445 1558 4487 mane
1585 4429 2006 4484 misericordiam

2077 529 2137 574 ut
2163 520 2280 590 ejus
2299 530 2555 590 agnoscat
2573 523 2901 576 voluntatem
2937 532 3144 578 exorat.
3184 524 3386 579 Dubius
3414 530 3496 578 est
3513 525 3638 579 enirn

2074 611 2141 665 de
2188 620 2419 680 patrono
2469 621 2747 682 susceptus
2770 655 2784 680 ,
2834 613 2877 668 si
2926 630 3035 668 non
3075 623 3130 669 et
3163 630 3314 670 suam
3345 615 3638 671 indicaverit

2073 703 2428 758 voluntatem.
2475 703 2542 757 Et
2570 705 2693 760 ideo
2721 713 2919 775 postea
2949 722 3108 776 quam
3147 707 3281 762 dixit
3309 707 3422 764 Deo
3447 725 3463 762 :
3496 708 3576 763 Ad
3599 717 3642 763 te

2074 795 2324 863 confugi,
2353 797 2549 866 adjecit
2577 813 2590 849 :
2631 796 2776 852 Doce
2808 814 2894 852 me
2923 797 3100 852 facere
3125 800 3456 854 voluntatem
3486 809 3641 854 tuam.

2073 887 2169 941 Vis
2197 901 2345 956 ergo,
2374 903 2408 941 ο
2429 888 2609 953 homo,
2632 887 2834 942 habere
2857 896 3143 958 patronum
3173 889 3477 955 Dominum,
3513 892 3646 945 disce

2073 977 2405 1032 voluntatem
2433 976 2567 1046 ejus.
2609 977 2717 1032 Fac
2753 978 2898 1047 quod
2925 979 3066 1044 vult,
3097 987 3154 1033 et
3189 978 3348 1035 faciet
3383 979 3531 1049 quod
3556 981 3643 1034 vis.

2074 1065 2314 1121 Diximus
2337 1081 2466 1135 ergo
2503 1075 2772 1137 patrono:
2816 1066 2978 1138 Eripe
3015 1084 3103 1123 me
3131 1069 3197 1124 de
3239 1069 3470 1124 inimicis
3499 1072 3642 1124 meis.

2072 1156 2276 1212 Inimici
2299 1158 2454 1213 nobis
2481 1167 2608 1212 sunt
2641 1158 2860 1228 spiritus
2899 1159 3186 1226 immundi,
3225 1161 3316 1229 qui
3341 1169 3470 1217 tunc
3499 1177 3533 1215 a
3565 1177 3646 1215 no-

2072 1249 2156 1304 bis
2184 1247 2428 1318 fugiunt,
2477 1247 2693 1320 quando
2722 1250 2775 1304 in
2804 1251 2960 1306 nobis
2987 1251 3227 1306 sentiunt
3250 1251 3512 1322 Spiritum
3537 1267 3648 1307 san-

2073 1347 2239 1396 ctmn.
2279 1339 2348 1394 Et
2368 1341 2490 1396 ideo
2517 1341 2787 1410 rogandus
2815 1351 2898 1396 est
2924 1341 3157 1413 Spiritus
3184 1352 3425 1410 sanctus,
3455 1355 3519 1398 ut
3547 1345 3650 1414 ipse

2073 1430 2306 1486 deducat
2353 1446 2451 1486 nos
2496 1432 2550 1486 in
2581 1440 2799 1486 terram.
2841 1432 3006 1487 Terra
3034 1435 3179 1488 enim
3218 1436 3461 1504 corporis
3491 1437 3652 1491 nostri

2079 1530 2204 1577 tunc
2229 1529 2377 1579 recta
2407 1531 2510 1589 est,
2553 1539 2674 1580 cum
2724 1525 2778 1578 in
2825 1539 2889 1578 ea
2935 1532 3018 1579 est
3044 1524 3274 1595 Spiritus
3311 1535 3555 1582 sanctus.
3597 1526 3653 1581 Et

2076 1613 2505 1683 quotiescunque
2540 1629 2690 1668 suam
2718 1613 2862 1668 viam
2901 1616 3057 1669 nobis
3084 1616 3302 1684 spiritus
3329 1631 3573 1686 nequam
3597 1618 3654 1672 ad

2077 1703 2456 1759 ambulandum
2485 1705 2796 1774 ingesserit,
2826 1705 2985 1760 toties
3004 1705 3233 1762 deducet
3260 1721 3360 1762 nos
3379 1707 3432 1762 in
3455 1715 3655 1762 terram

2010 1800 2052 1858 Β
2077 1801 2318 1861 rectam;
2367 1803 2422 1850 et
2449 1795 2494 1849 si
2521 1801 2705 1850 nostra
2733 1796 2923 1849 merita
2951 1795 3175 1859 desunt,
3219 1795 3384 1851 immo
3412 1798 3545 1865 quia
3575 1797 3655 1852 de-

2078 1893 2204 1939 sunt
2236 1902 2249 1938 :
2282 1886 2396 1956 ipse
2425 1894 2599 1941 tamen
2647 1893 2868 1956 propter
2895 1889 3088 1942 nomen
3116 1903 3272 1942 suum
3299 1889 3535 1944 viviﬁcat
3570 1905 3660 1945 nos

2080 1982 2134 2037 in
2162 1979 2414 2050 aequitate
2441 1992 2556 2032 sua.
2598 1975 2713 2032 Hoc
2745 1976 3011 2045 aequitatis
3037 1990 3147 2031 sua:
3167 1976 3369 2046 judicio
3393 1987 3658 2043 statuens,

2039 2117 2046 2126 .
2079 2079 2141 2127 ut
2167 2069 2354 2142 perdat
2397 2082 2586 2123 omnes
2627 2067 2872 2122 inimicos
2917 2075 3166 2133 nostros,
3209 2068 3301 2137 qui
3343 2068 3466 2124 ideo
3508 2071 3664 2126 nobis

2081 2160 2282 2218 inimici
2307 2167 2470 2224 sunt,
2514 2157 2638 2226 quia
2686 2173 2785 2212 nos
2811 2158 2950 2213 servi
2980 2172 3100 2214 esse
3121 2157 3334 2214 Domini
3361 2160 3661 2217 studemus.

2084 2252 2270 2317 lianc,
2321 2249 2495 2318 inquit
2516 2288 2532 2313 ,
2581 2248 2652 2303 ob
2696 2262 2910 2303 causam
2957 2248 3147 2318 perdes
3181 2264 3371 2305 omnes
3415 2250 3670 2308 inimicos

2085 2359 2254 2399 meos.
2313 2341 2578 2409 Quoniam
2606 2354 2792 2395 servus
2817 2347 2941 2394 tuus
2967 2355 3107 2396 sum.
3136 2338 3253 2396 Non
3285 2355 3416 2410 ergo
3450 2342 3668 2398 aliunde

2086 2435 2331 2490 inimicos
2373 2434 2632 2488 habentes
2652 2473 2667 2498 ,
2719 2446 2818 2486 nec
2861 2446 2960 2500 pro
3009 2432 3413 2503 quihuscunque
3440 2435 3672 2490 terrenis

2087 2529 2297 2584 actibus
2343 2525 2676 2581 adversarios
2700 2565 2715 2589 ,
2759 2524 2854 2579 sed
2883 2523 3004 2579 ideo
3045 2524 3338 2580 inimicitiis
3361 2525 3670 2580 daemonum

2089 2628 2180 2674 aut
2207 2617 2487 2673 hominum
2509 2615 2831 2678 laboramus,
2861 2614 3116 2682 quoniam
3140 2615 3281 2669 servi
3309 2615 3526 2669 Domini
3557 2630 3672 2670 esse

2089 2711 2382 2766 studemus.
2438 2707 2553 2762 Non
2604 2707 2885 2760 timeamus
2932 2706 3237 2762 inimicitias
3275 2721 3495 2769 eorum,
3550 2708 3673 2778 quia

2096 2803 2200 2857 illis
2224 2800 2577 2872 pereuntibus
2607 2813 2706 2852 nos
2746 2796 3092 2852 liberabimur
3135 2812 3168 2851 a
3197 2796 3412 2852 Christo
3439 2795 3673 2853 Domino

2094 2901 2300 2959 nostro,
2330 2891 2422 2961 qui
2451 2897 2639 2958 regnat
2667 2886 2976 2944 cumPatre
3003 2896 3058 2944 et
3084 2887 3286 2959 Spiritu
3313 2898 3504 2945 sancto
3537 2905 3676 2945 nunc

2095 2995 2151 3042 et
2175 2999 2405 3055 semper,
2433 2992 2490 3040 et
2517 2985 2571 3038 in
2599 2983 2780 3039 omnia
2806 2981 2998 3037 saecula
3026 2982 3362 3037 saeculorum.
3395 2983 3596 3038 Amen.

2606 3111 2920 3168 PSALMUS
2946 3108 3168 3167 CXLIII.

2399 3225 2642 3283 Psalmus
2669 3227 2836 3282 David
2863 3227 3116 3282 adversus
3134 3224 3367 3283 Goliath.

2173 3344 2474 3400 Benedictus
2512 3341 2764 3397 Dominus
2805 3341 2944 3396 Deus
2988 3359 3132 3396 meus
3175 3343 3262 3411 qui
3301 3342 3449 3398 docet
3494 3359 3681 3398 manus

2098 3453 2240 3492 ineas
2265 3435 2334 3488 ad
2359 3434 2595 3507 praelium
2611 3474 2626 3499 ,
2666 3443 2716 3490 et
2743 3433 2930 3504 digitos
2957 3451 3098 3488 meos
3118 3434 3187 3487 ad
3213 3435 3419 3488 bellum.
3467 3433 3683 3490 Miseri-

2099 3529 2278 3582 cordia
2299 3543 2415 3581 mea
2441 3536 2490 3581 et
2509 3525 2763 3596 refugium
2790 3541 2977 3592 meum,
3006 3533 3270 3596 susceptor
3306 3541 3448 3578 meus
3469 3534 3525 3579 et
3554 3524 3683 3580 libe-

2101 3625 2244 3671 rator
2292 3631 2452 3670 meus.
2499 3613 2773 3668 Protector
2813 3631 2975 3679 meus,
2997 3625 3046 3668 et
3082 3617 3138 3669 in
3183 3617 3295 3687 ipso
3338 3620 3574 3687 speravi,
3599 3620 3685 3690 qui

2099 3706 2272 3760 subdit
2298 3706 2542 3778 populum
2569 3722 2737 3760 meum
2762 3705 2854 3760 sub
2883 3723 2981 3760 me.
3031 3705 3284 3782 Domine,
3335 3708 3459 3779 quid
3495 3719 3575 3763 est
3600 3710 3684 3763 Ito-

2101 3815 2203 3862 mo,
2229 3796 2349 3868 quia
2369 3797 2642 3851 innotuistt
2664 3797 2740 3861 ei,
2770 3806 2862 3849 aut
2897 3795 3039 3866 [ilius
3066 3797 3290 3851 hominis
3323 3801 3443 3867 quia
3470 3809 3688 3870 reputas

2105 3894 2258 3947 eum?
2295 3891 2469 3946 Homo
2495 3892 2710 3946 vanitati
2734 3891 2918 3946 similis
2947 3892 3115 3962 {actus
3133 3899 3236 3955 est,
3269 3890 3376 3945 dies
3411 3894 3525 3962 ejus
3552 3895 3687 3946 sicut

2106 3983 2286 4037 umbra
2313 3989 2640 4053 prwtereunt.
2681 3980 2922 4044 Domine,
2952 3980 3151 4035 inclina
3188 3981 3340 4036 calas
3365 3991 3476 4037 tuos
3513 3991 3562 4035 et
3597 3983 3690 4036 de-

2105 4077 2325 4142 scende;
2353 4083 2513 4147 tange
2549 4084 2766 4140 montes,
2811 4084 2860 4128 et
2899 4073 3239 4146 fumigabuut.
3269 4072 3507 4146 Fulgura
3533 4091 3690 4128 coru-

2105 4168 2414 4232 scationem,
2461 4175 2512 4220 et
2538 4165 2812 4236 dissipabis
2849 4180 2962 4228 eos;
3009 4165 3182 4218 emitte
3208 4166 3424 4236 sagittas
3461 4175 3576 4219 tuas
3596 4204 3616 4229 ,
3639 4174 3693 4217 et

2107 4257 2435 4314 conturbabis
2462 4273 2568 4312 eos.
2617 4255 2814 4310 Emitte
2855 4271 3069 4310 manum
3110 4265 3254 4310 tuam
3294 4257 3358 4311 de
3386 4257 3520 4323 alto,
3543 4257 3692 4324 eripe

2108 4369 2190 4406 me
2229 4360 2280 4406 et
2318 4348 2477 4404 libera
2500 4365 2581 4402 me
2624 4349 2686 4402 de
2717 4348 2863 4420 aquis
2891 4348 3084 4424 multis,
3112 4357 3163 4401 et
3191 4348 3254 4401 de
3272 4365 3431 4401 manu
3458 4348 3693 4418 ﬁliorum

2109 4443 2416 4496 alienorum.
2444 4437 2673 4504 Quorum
2700 4455 2756 4493 os
2785 4439 3010 4493 locutum
3034 4446 3110 4492 est
3137 4439 3450 4504 vanitatem,
3475 4448 3522 4492 et
3556 4437 3693 4490 dex-

425 4538 576 4584 tuam
600 4571 614 4594 ,
664 4528 920 4597 quoniam
967 4527 1022 4581 in
1068 4534 1123 4581 ιθ
1150 4525 1382 4595 speravi.
1413 4524 1655 4578 υοῐηίηθ·
1696 4521 1820 4576 Ideo
1850 4536 2006 4576 malle
2034 4523 2085 4582 D
2111 4541 2219 4585 tera
2247 4546 2422 4584 eorum
2443 4569 2458 4595 ,
2490 4528 2703 4582 dextera
2739 4527 3044 4596 iniquitatis.
3098 4525 3267 4594 Deus,
3311 4529 3557 4582 canticum
3592 4542 3694 4578 no-

429 4621 642 4689 posuit,
689 4620 815 4690 quia
861 4617 1043 4673 tandiu
1092 4623 1306 4672 noctem
1356 4622 1413 4671 et
1457 4615 1705 4671 tenebras
1751 4615 2001 4684 patimur,

430 4710 663 4778 quandiu
692 4710 866 4780 pietas
889 4708 1068 4764 divina
1095 4713 1440 4776 compungat,
1471 4704 1752 4760 clementia
1794 4703 2009 4774 pietatis

431 4799 719 4867 indulgeat.
780 4800 849 4852 At
876 4798 966 4853 ubi
1001 4813 1107 4853 vox
1143 4795 1369 4866 coeperit
1395 4794 1706 4866 paenitentis
1731 4793 1922 4856 audiri,
1955 4801 2011 4847 et

433 4889 520 4941 lux
553 4888 876 4955 indulgentis
903 4890 1112 4943 ostendi
1137 4927 1155 4953 ,
1186 4903 1295 4942 nox
1322 4886 1499 4942 omnis
1524 4884 1794 4949 abscedit,
1825 4892 1876 4939 et
1907 4884 2008 4937 ini-

432 4979 564 5033 tium
612 4978 747 5033 lucis
793 4979 1030 5044 accedit,
1081 4981 1133 5034 in
1181 4994 1284 5048 qua
1334 4978 1452 5034 luce
1481 4993 1590 5034 non
1619 4991 1880 5041 erramus,
1913 4975 2008 5030 sed

428 5068 581 5138 quasi
610 5068 660 5122 in
693 5067 779 5121 die
806 5069 984 5137 positi,
1016 5069 1228 5124 honesti
1257 5069 1610 5124 ambulamus.
1643 5066 1837 5121 Notam
1864 5066 2008 5121 enim

430 5160 586 5217 nobis
617 5159 774 5214 faciet
817 5159 956 5213 viam
1003 5174 1109 5227 qua
1144 5161 1478 5215 ambulemus
1522 5161 1577 5215 in
1617 5159 1828 5224 lucem,
1869 5159 1915 5214 si
1943 5157 2010 5213 ad

430 5254 604 5324 ipsum
652 5243 1006 5305 levaverimus
1051 5250 1256 5304 animas
1297 5260 1524 5306 nostras.
1577 5249 1727 5306 Sicut
1771 5250 1914 5305 enim
1956 5249 2010 5303 in

427 5345 667 5402 tenebris
701 5341 864 5412 positi
891 5339 1065 5395 lucem
1093 5340 1357 5409 indigent,
1389 5343 1463 5396 ita
1490 5341 1545 5396 in
1573 5341 1695 5397 luce
1721 5341 1884 5411 positi
1911 5340 2011 5395 du-

428 5453 546 5494 cem
575 5434 667 5506 qui
695 5433 887 5488 liberet
913 5431 981 5485 ab
1008 5445 1210 5486 errore.
1269 5431 1334 5484 Et
1362 5431 1484 5487 ideo
1519 5431 1804 5488 dicendum
1833 5439 1916 5486 est
1943 5431 2012 5486 ab

431 5526 514 5581 his
547 5526 638 5594 qui
676 5523 730 5578 in
759 5523 879 5578 luce
924 5529 1049 5576 sunt
1082 5537 1097 5574 :
1129 5518 1321 5575 Notam
1362 5520 1444 5576 fac
1486 5521 1615 5575 mihi
1656 5521 1796 5574 viam
1826 5520 1879 5574 in
1909 5517 2014 5588 qua

431 5617 732 5681 ambulem,
783 5615 1036 5686 quoniam
1094 5613 1160 5668 ad
1207 5620 1262 5668 te
1301 5613 1471 5667 levavi
1524 5613 1758 5667 animam
1810 5628 2004 5668 meam.

433 5705 593 5773 Eripe
605 5721 694 5760 me
707 5707 773 5760 de
789 5707 1014 5762 inimicis
1039 5708 1188 5771 meis,
1207 5705 1459 5774 quoniam
1481 5703 1548 5756 ad
1566 5713 1618 5758 te
1643 5704 1876 5773 confugi.
1902 5701 2004 5771 Qui

2111 4640 2226 4683 vum
2271 4621 2488 4676 cantabo
2535 4621 2660 4687 tibi,
2722 4622 2776 4674 in
2817 4619 3060 4690 psalterio
3106 4619 3426 4676 decachordo
3468 4618 3695 4690 psallam

2114 4712 2223 4766 tibi.
2268 4708 2368 4775 Qui
2389 4711 2482 4764 das
2502 4710 2720 4764 salutem
2747 4708 2966 4780 regibus,
2997 4710 3082 4780 qui
3105 4709 3365 4764 redemisti
3395 4707 3554 4762 David
3582 4723 3697 4760 ser-

2114 4819 2226 4855 vum
2257 4810 2416 4867 tuum,
2447 4799 2512 4854 de
2537 4799 2712 4871 gladio
2741 4799 2967 4869 maligno
2995 4799 3134 4869 eripe
3169 4816 3281 4864 me,
3311 4809 3360 4853 et
3379 4815 3493 4853 erue
3517 4813 3596 4848 me
3631 4798 3703 4848 de

2114 4909 2273 4945 manu
2301 4891 2528 4961 ﬁliorum
2556 4890 2874 4954 alienorum,
2918 4905 3136 4960 quorum
3164 4906 3222 4943 os
3247 4889 3470 4943 locutum
3495 4897 3560 4941 est
3599 4905 3702 4939 ra—

2114 4981 2328 5034 nitatem
2354 5020 2369 5046 ,
2418 4989 2467 5032 et
2515 4979 2726 5033 dextera
2751 4995 2927 5032 eorum
2954 4979 3168 5032 dextera
3198 4981 3499 5051 iniquitatis.
3545 4974 3705 5038 ρηο-

2115 5088 2228 5124 rum
2255 5070 2355 5140 ﬁlii
2394 5071 2526 5123 sicut
2571 5069 2784 5123 novella:
2833 5069 3177 5141 plantationes
3214 5070 3269 5121 in
3286 5069 3539 5139 juventute
3562 5082 3701 5116 sua.

2117 5160 2274 5216 Filia:
2302 5177 2476 5215 eorum
2515 5161 2810 5230 composita:
2830 5199 2846 5224 ,
2896 5161 3293 5214 circumornata:
3331 5167 3389 5211 ut
3413 5155 3708 5212 similitudo

2117 5253 2308 5322 templi.
2342 5252 2712 5322 Promptuaria
2746 5268 2920 5305 eorum
2949 5251 3136 5321 plena.
3165 5253 3451 5304 eructantia
3486 5265 3542 5300 es
3595 5251 3706 5295 hoc

2116 5345 2169 5396 in
2200 5343 2346 5396 illud.
2400 5338 2528 5395 Oves
2549 5356 2726 5394 eorum
2755 5343 2951 5410 fetostr',
2969 5338 3292 5394 abundantes
3327 5341 3382 5393 in
3413 5334 3709 5410 egressibus

2122 5438 2248 5500 suis,
2282 5435 2428 5490 boves
2459 5451 2633 5488 eorum
2655 5449 2863 5488 crasste.
2890 5431 3014 5486 Non
3036 5442 3111 5487 est
3141 5435 3292 5487 ruina
3313 5432 3550 5490 maceria,
3599 5444 3711 5478 ne-

2120 5545 2215 5597 que
2245 5529 2496 5580 transitus
2527 5543 2686 5596 neque
2713 5527 2909 5581 clamor
2935 5527 2988 5580 in
3017 5527 3200 5597 plateis
3237 5543 3428 5580 eorum.
3479 5522 3719 5577 Beatum

2115 5617 2359 5671 dirarum
2392 5618 2634 5686 populum
2663 5619 2744 5672 cui
2773 5618 2882 5673 haec
2909 5628 3063 5673 sunt.
3095 5620 3274 5674 beatus
3303 5618 3506 5690 populus
3535 5607 3713 5680 cujus

2109 5703 2367 5761 Dominus
2384 5705 2521 5761 Deus
2542 5709 2667 5772 eius.
