3926 6176
259 303 361 359 557

834 431 1271 476 COIIENTABIUI.

330 509 656 568 Benedictus
682 506 940 563 Dominus
975 504 1116 559 Deus
1144 517 1295 558 meus
1322 500 1415 572 qui
1442 499 1625 554 docuit
1653 511 1844 550 manus

258 606 410 659 meas
455 602 508 655 in
550 599 755 670 praelio.
807 595 1075 665 Tempore
1114 608 1225 663 quo
1253 590 1465 662 Moyses
1494 587 1705 643 levabat
1730 602 1844 640 ma-

260 710 361 749 nus
385 692 452 746 ad
482 690 671 755 Deum,
702 696 758 743 et
785 686 1102 744 vincebatur
1124 681 1535 752 Allophylorum
1562 677 1718 733 turba
1746 692 1841 746 pn-

255 784 565 859 gnantinm;
597 794 828 848 cumque
854 793 948 833 eas
973 774 1343 845 deposuisset,
1383 770 1506 826 victi
1535 767 1837 824 vincebant.

259 857 451 929 Docuit
479 886 609 940 ergo
630 885 822 925 manus
846 874 1062 922 nostras
1088 865 1141 919 in
1170 863 1374 934 ιιι-ωηο,
1405 877 1514 916 non
1536 860 1717 924 armis,
1748 857 1844 914 sed

253 967 506 1037 precibus
552 971 902 1035 pugnaturas.
954 957 1146 1014 Docuit
1192 955 1357 1010 etiam
1403 954 1598 1023 digitos
1632 959 1848 1007 nostros

250 1060 319 1113 ad
348 1058 572 1122 bellum,
606 1065 664 1111 nt
686 1054 814 1109 dum
841 1052 1041 1106 bellum
1068 1049 1184 1104 sive
1214 1046 1534 1111 visibilium,
1563 1045 1677 1099 sive
1708 1044 1846 1098 invi-

249 1148 491 1203 sibilinm
540 1144 870 1202 senserimus
897 1140 1133 1195 hostium
1156 1179 1173 1206 ,
1226 1151 1327 1192 nos
1363 1135 1542 1206 digitis
1574 1148 1846 1190 armemus

249 1238 491 1294 frontem
547 1235 823 1306 trimnpbo
861 1232 1062 1298 crucis,
1111 1238 1170 1285 et
1199 1228 1376 1285 securi
1409 1227 1589 1285 animo
1624 1224 1846 1280 dimice—

248 1346 395 1392 mus,
426 1330 669 1384 dicentes
692 1325 923 1381 Domino
948 1340 962 1376 :
992 1321 1072 1377 Tu
1100 1318 1470 1389 misericordia
1496 1332 1637 1383 mea,
1667 1324 1726 1373 tu
1753 1331 1845 1372 re-

247 1420 460 1490 fugium
489 1433 688 1483 meum,
720 1424 778 1472 tu
804 1421 1089 1484 susceptor
1109 1426 1283 1481 meus,
1305 1416 1366 1465 ιιι
1383 1409 1641 1466 liberator
1668 1422 1841 1473 mens,

247 1521 307 1566 tu
338 1512 485 1566 enim
523 1509 723 1565 subdas
760 1504 992 1577 populos
1018 1502 1208 1559 subtus
1232 1515 1339 1556 me.
1395 1497 1651 1555 Infestum
1680 1513 1848 1568 popu-

246 1604 365 1659 lum
406 1600 796 1670 cogitationum
842 1595 1108 1651 malarum
1155 1593 1523 1660 insurgentem
1564 1601 1730 1657 super
1756 1600 1845 1641 me

244 1692 453 1748 subdes
476 1690 665 1746 subtus
700 1701 808 1742 me.
887 1682 960 1739 Ut
994 1681 1124 1753 quid
1163 1688 1344 1736 autem
1378 1686 1710 1734 memoratur
1745 1692 1846 1747 pu-

1163 258 1631 354 conMEN'nmt
1667 293 1735 348 1N
1775 291 2100 352 PSALMOS.
2143 294 2335 352 PSAL.
2375 296 2593 356 cxuv.

3420 302 3523 358 5ῖὶ8

1877 418 1913 466 Α
1950 418 2128 464 autem
2153 425 2247 465 eos
2276 411 2412 466 alius
2441 411 2650 474 liberat,
2678 411 2776 466 nisi
2802 412 2943 467 idem
2974 412 3133 478 Deus,
3161 413 3253 481 qui
3282 414 3525 469 liberavit

1948 499 2114 556 David
2144 518 2355 557 servum
2379 504 2573 557 suum?
2612 502 2764 559 Hunc
2801 504 2943 559 enim
2978 503 3333 574 eumdemqne
3360 505 3522 561 Deum

1951 590 2186 645 Marcion
2228 601 2416 661 negat,
2457 593 2704 648 similiter
2744 592 2985 664 Apelles,
3013 601 3069 649 et
3098 593 3441 662 Valentinus,
3472 605 3526 650 rt

1949 679 2294 738 Manichacus.
2341 681 2589 738 [nﬁdeles
2622 692 2677 739 et
2706 685 2912 748 miseri,
2942 684 3066 740 dum
3098 685 3286 739 nolunt
3314 686 3381 741 ab
3410 687 3524 756 ipso

1949 771 2175 828 Domino
2200 774 2414 830 liberari
2434 816 2450 841 ,
2498 776 2551 829 in
2578 789 2836 832 aeternum
2857 776 3097 832 damnari
3127 794 3231 832 non
3256 787 3520 842 metuunt,
3608 811 3621 824 .

1946 861 2194 929 aquibus
2235 877 2336 918 nos
2379 864 2494 933 ipse
2532 864 2626 934 qui
2662 865 2914 920 liberavit
2951 866 3118 921 David
3166 867 3281 936 ipse
3310 867 3517 922 liberet.

1947 951 2082 1019 Quia
2103 969 2165 1008 os
2185 969 2373 1009 eorum
2394 955 2632 1025 loquitur
2658 957 2971 1021 vanitatem,
3002 965 3076 1020 et,
3106 966 3164 1012 ut
3189 972 3349 1028 supra
3386 958 3520 1012 dixi-

1947 1059 2082 1111 mus,
2110 1044 2334 1101 dextera
2363 1061 2555 1102 eorum
2596 1046 2817 1101 dextera
2871 1047 3182 1115 iniquitatis.
3242 1045 3352 1102 Hos
3394 1063 3525 1107 sane

1946 1138 2138 1201 asserit
2161 1138 2307 1206 loqui
2332 1139 2629 1193 vanitatem
2661 1138 2714 1192 in
2745 1138 2849 1194 hoc
2882 1139 3024 1205 loco,
3057 1138 3147 1210 qui
3173 1140 3521 1194 servientium

1946 1225 2059 1283 Deo
2103 1236 2479 1299 paupertatem
2525 1227 2749 1283 ridicule
2784 1227 3093 1294 abutuntur,
3128 1228 3368 1283 dicentes
3401 1246 3412 1280 :
3453 1226 3523 1282 Ut

1944 1319 2074 1391 quid
2094 1319 2270 1375 inedia
2298 1318 2545 1375 laborant
2565 1319 2806 1375 colentes
2830 1319 3115 1373 Dominum
3132 1320 3156 1372 ?
3176 1317 3244 1372 Et
3263 1318 3387 1389 quid
3413 1317 3521 1388 opi-

1944 1409 2048 1467 bus
2082 1409 2308 1465 amunnt
2345 1410 2788 1466 contemnentes?
2833 1409 3088 1478 Ignorant
3129 1408 3391 1463 medicum
3440 1408 3523 1463 his

1945 1500 2339 1571 parcimoniam
2383 1499 2650 1569 imperare
2693 1507 2749 1553 et
2790 1498 3179 1554 continentiam
3208 1499 3519 1568 precipere,

1947 1594 2002 1648 in
2028 1591 2221 1662 quibus
2261 1590 2490 1647 salutem
2535 1605 2793 1645 venarum
2821 1590 3054 1645 motibus
3096 1588 3520 1659 deprehendunt.

1945 1684 2094 1752 Quos
2118 1698 2250 1739 vero
2273 1683 2566 1739 morituros
2593 1691 2910 1752 agnoscunt,
2944 1682 3127 1736 sinunt
3148 1681 3257 1737 suis
3278 1682 3524 1737 omnibus

244 1797 413 1852 gnam
429 1782 455 1835 ἲ
482 1780 610 1850 quid
629 1775 905 1849 pmliutu?
940 1772 1072 1843 quid
1093 1770 1332 1828 bellum?
1350 1767 1479 1839 quid
1497 1774 1674 1822 autem
1703 1766 1844 1821 Deus
1876 1778 1920 1836 Β
1946 1773 2399 1830 delectationibus
2423 1773 2749 1828 consentire.
2792 1770 2961 1840 Quale
2981 1779 3063 1826 est
3091 1779 3149 1825 ut
3176 1771 3242 1826 de
3268 1772 3350 1826 his
3379 1772 3524 1827 dicas

243 1883 492 1929 aeternus
517 1873 858 1926 innotescere
886 1863 1119 1922 voluerit
1148 1861 1386 1927 homini,
1428 1858 1475 1914 si
1504 1858 1668 1912 homo
1696 1855 1847 1912 vani-

246 1967 350 2020 tati
390 1963 583 2019 similis
602 1962 775 2017 factus
797 1955 1162 2019 estihioritur
1181 1952 1346 2018 enim,
1371 1957 1426 2008 et
1451 1949 1568 2007 dies
1593 1947 1710 2018 ejus
1739 1948 1847 2004 sic-

244 2067 309 2114 ut
340 2057 532 2114 nmbra
575 2058 929 2128 prmtereuut.
969 2049 1109 2118 Quid
1137 2062 1267 2117 ergo
1312 2045 1421 2110 lex.
1458 2042 1587 2114 quid
1616 2040 1845 2098 commi-

244 2151 408 2205 natio
433 2144 826 2219 peccatoribus,
857 2141 986 2212 quid
1013 2148 1191 2195 terror
1220 2133 1509 2192 incredulis
1525 2172 1541 2197 ,
1572 2131 1619 2187 si
1638 2143 1845 2202 pauco-

242 2256 373 2297 rum
393 2240 605 2295 dierum
625 2236 734 2291 vita
753 2232 914 2290 ﬁnem
936 2230 1227 2301 accipiens,
1249 2224 1500 2282 effectum
1521 2223 1605 2279 sui
1623 2220 1848 2277 ulterius

241 2348 361 2388 non
383 2328 638 2385 habebit?
670 2326 798 2382 Haec
822 2324 1048 2380 audiens
1075 2319 1354 2392 apostolus
1379 2314 1578 2371 Paulus
1604 2314 1850 2384 increpat

242 2423 441 2479 dicens
469 2437 485 2474 :
526 2418 588 2475 Si
614 2420 670 2473 in
698 2417 797 2471 hac
824 2417 928 2470 vita
958 2422 1156 2467 tantum
1183 2417 1448 2481 sperantes
1475 2420 1670 2468 sumus,
1701 2403 1850 2456 mise-

242 2514 529 2569 rabiliores
574 2525 750 2564 sumus
796 2505 1034 2562 omnibus
1080 2501 1372 2558 hominibus
1409 2497 1452 2571 (l
1474 2496 1592 2553 Cor.
1622 2493 1738 2563 xv).
1778 2491 1848 2547 Et

239 2606 377 2660 ideo
404 2603 647 2674 psalmus
669 2611 912 2670 prmaens
937 2595 1065 2651 audi
1081 2592 1210 2663 quid
1237 2589 1454 2647 sentiat.
1484 2585 1650 2656 Quasi
1667 2585 1843 2641 dicat:

242 2696 526 2765 Quoniam
557 2693 721 2748 vitam
739 2697 1000 2746 aeternam
1028 2700 1149 2743 esse
1174 2682 1423 2741 homines
1440 2677 1720 2751 prophetis
1744 2676 1849 2731 tuis

239 2784 811 2859 prtedicatorihusque
838 2794 949 2835 non
972 2776 1228 2839 credunt,
1258 2781 1319 2829 tu
1362 2772 1476 2842 ipse
1503 2778 1671 2841 perte
1699 2767 1850 2859 incli-

239 2858 319 2933 na
345 2876 521 2933 cmlos
550 2882 705 2939 tuos,
731 2878 789 2927 et
815 2866 1107 2926 descende.
1144 2863 1432 2921 inclinavit
1449 2869 1631 2917 autem
1653 2858 1844 2924 ctelos,

239 2966 505 3041 quando?
527 2964 656 3020 Cum
679 2965 738 3019 in
759 2964 931 3036 forma
956 2958 1057 3014 Dei
1073 2964 1227 3021 esset,
1248 2962 1476 3026 essetque
1495 2952 1710 3025 aqualis
1733 2949 1847 3041 Deo

242 3040 421 3122 Patri,
446 3055 734 3111 exinanivit
754 3053 1002 3122 seipsum,
1018 3051 1241 3123 formam
1256 3045 1393 3124 servi
1402 3043 1685 3114 suscipiens
1699 3040 1849 3114 (Phi-

239 3152 341 3220 lip.
375 3149 439 3217 ιι)
467 3164 483 3200 :
527 3144 808 3202 inclinavit
832 3142 1004 3198 omlos
1024 3178 1043 3205 ,
1085 3146 1146 3195 ut
1186 3138 1236 3195 si
1272 3136 1451 3200 dicas,
1482 3134 1632 3190 verbi
1658 3148 1841 3200 causa,
1871 3142 1920 3207 ο

134 3260 157 3279 ·
237 3240 569 3313 imperatori
592 3238 760 3295 :Dum
789 3244 844 3291 te
867 3244 928 3290 tn
954 3232 1224 3297 humilias,
1252 3229 1479 3289 inclinas
1503 3241 1666 3283 omne
1701 3226 1844 3297 pala-

237 3335 407 3390 tium.
438 3330 721 3387 lnclinavit
737 3341 869 3397 ergo
897 3324 1084 3391 cmlos,
1108 3329 1165 3378 et
1188 3320 1487 3386 descendit,
1511 3328 1574 3375 ut
1600 3325 1844 3387 tangeret

238 3433 491 3488 montes,
516 3429 577 3475 et
597 3418 940 3488 fumigarent.
978 3413 1244 3471 Montium
1267 3412 1447 3468 fumus
1476 3410 1646 3466 nubes
1672 3417 1841 3475 creat,

237 3530 389 3586 quas
415 3511 719 3584 producens
755 3509 900 3565 Deus
923 3506 992 3563 de
1020 3503 1289 3561 thesauris
1314 3502 1429 3559 suis
1453 3500 1629 3557 fundit
1655 3500 1710 3555 in
1742 3507 1845 3555 ter-

239 3622 371 3663 ram
394 3646 410 3671 ,
442 3613 505 3660 ut
540 3614 687 3660 terra
732 3599 977 3673 proferat
1017 3610 1181 3654 omne
1204 3594 1476 3652 fructuum
1515 3606 1705 3662 genus,
1734 3606 1869 3661 quo,

240 3696 608 3755 esurientium
648 3707 880 3765 corpora
927 3689 1255 3746 nutriantur.
1312 3684 1451 3742 Cum
1494 3682 1846 3740 descenderet

242 3788 398 3844 Deus
423 3789 481 3843 in
504 3783 714 3841 Christo
736 3821 767 3853 ,-
789 3792 848 3838 ut
874 3780 1124 3838 mundum
1160 3778 1459 3837 conciliaret
1497 3777 1595 3832 sibi
1626 3774 1691 3848 (ll
1721 3773 1844 3831 Cor.

242 3881 328 3953 v),
385 3880 562 3950 tetigit
604 3886 841 3941 montes,
867 3882 923 3933 et
948 3872 1213 3942 .fumigati
1258 3879 1412 3938 sunt;
1450 3871 1505 3927 id
1529 3877 1642 3937 est,
1673 3868 1849 3938 tetigit

242 3974 534 4047 apostolos
557 3987 687 4029 suos
702 4012 718 4038 ,
748 3979 806 4028 et
830 3971 1037 4026 fumum
1062 3968 1283 4024 nubium
1308 3964 1683 4030 reddiderunt,
1710 3975 1847 4032 quo-

244 4084 375 4124 rum
398 4075 548 4121 tanta
588 4065 686 4121 fuit
720 4064 971 4119 imbrium
1009 4063 1189 4134 pluvia
1210 4101 1227 4127 ,
1267 4068 1329 4116 ut
1356 4053 1411 4114 in
1441 4065 1556 4113 toto
1583 4057 1716 4113 orbe
1745 4064 1849 4110 ter-

244 4173 443 4215 rarum
503 4170 656 4211 venae
710 4154 940 4209 fontium
996 4153 1355 4223 replerentur,
1422 4146 1617 4218 quibus
1685 4159 1848 4201 omne

244 4250 572 4308 ablueretur
614 4247 821 4304 facinus
842 4288 860 4315 ,
909 4255 967 4302 et
1012 4247 1285 4301 lavaretur
1329 4256 1495 4298 omne
1538 4247 1841 4312 peccatum.

246 4344 460 4400 Vermn
487 4342 581 4413 qui
612 4341 681 4396 ad
709 4355 834 4396 eum
861 4338 1147 4411 pervenire
1174 4351 1276 4392 nos
1317 4334 1570 4406 prohibet
1595 4333 1848 4405 princeps

246 4436 419 4505 hujus
468 4432 674 4499 mundi,
698 4447 820 4487 cum
869 4431 1144 4502 spiritibus
1186 4428 1298 4483 suis
1344 4434 1400 4483 et
1421 4424 1731 4482 hominibus
1753 4423 1846 4494 qui

1946 1867 2073 1937 quia
2100 1865 2208 1923 laeti
2226 1874 2356 1922 sunt
2379 1867 2433 1922 in
2465 1863 2586 1920 filiis
2606 1862 2851 1931 fortibus,
2883 1873 2939 1919 et
2962 1862 3171 1919 ﬁliabus
3204 1864 3435 1930 ornatis,
3463 1864 3527 1919 ac'

1946 1957 2019 2014 de
2033 1958 2418 2029 promptuariis
2443 1958 2619 2030 plenis
2641 1996 2657 2021 ,
2695 1956 2764 2013 de
2791 1955 2981 2013 fetosis
3007 1955 3222 2022 ovibus,
3265 1954 3332 2010 de
3356 1955 3528 2010 bobus

1946 2047 2164 2104 crassis.
2195 2046 2303 2116 Qui
2341 2063 2463 2105 cum
2492 2047 2677 2105 omnia
2706 2047 3023 2119 temporalia
3061 2047 3315 2115 habeant,
3342 2038 3537 2102 DomiJ

1948 2156 2079 2197 num
2099 2149 2283 2197 tamen
2319 2141 2414 2211 qui
2458 2149 2544 2197 est
2582 2148 2819 2196 aeternus
2858 2156 2966 2196 non
2995 2147 3303 2195 mereantur
3326 2139 3526 2196 habere

1947 2229 2261 2301 propitium.
2300 2228 2511 2302 Quique
2537 2245 2661 2284 cum
2695 2230 3003 2300 acceperint
3028 2229 3187 2285 linem
3217 2231 3527 2300 temporalis

1948 2320 2176 2386 laetitiae,
2221 2329 2439 2377 aeternae
2467 2320 2696 2377 tristitia:
2733 2335 2924 2392 pinnas
2954 2328 3252 2376 assumunt.
3291 2318 3525 2376 Econtra

1947 2411 2005 2467 hi
2029 2426 2169 2481 quos
2206 2411 2356 2468 vides
2397 2412 2642 2480 lugentes
2688 2420 2744 2465 et
2787 2410 3005 2477 ﬂentes,
3055 2416 3112 2467 et
3137 2411 3193 2467 in
3214 2412 3309 2467 Dei
3330 2412 3526 2469 timore

1948 2503 2272 2570 constitutos
2290 2510 2530 2573 egentes,
2554 2519 2675 2558 cum
2704 2501 2864 2570 linem
2894 2503 3118 2558 iecerint
3136 2500 3316 2570 ﬂendi,
3339 2503 3526 2560 :eterni

1947 2608 2045 2649 eos
2087 2593 2267 2662 gaudii
2313 2593 2539 2664 suscipit
2580 2592 2803 2649 fructus.
2866 2593 3056 2649 Dicant
3103 2608 3232 2663 ergo
3271 2593 3526 2651 increduli

1947 2684 2166 2740 beatum
2193 2684 2454 2755 populum
2475 2672 2765 2741 habentem
2788 2684 3007 2753 cepiose
3026 2699 3145 2754 qua:
3169 2684 3350 2738 mundi
3372 2670 3525 2750 sunt;

1949 2793 2050 2833 nos
2078 2785 2258 2834 autem
2299 2779 2443 2834 hunc
2487 2777 2663 2833 solum
2705 2776 2963 2847 populum
3007 2777 3223 2831 beatum
3266 2776 3527 2843 dicamus,

1947 2867 2203 2937 cujusest
2228 2868 2488 2924 Dominus
2515 2868 2657 2925 Deus
2693 2866 2814 2938 ejus
2860 2868 2916 2922 in
2954 2867 3145 2924 saecula
3190 2867 3524 2924 saeculorum.

1947 2957 2140 3012 Amen.

2439 3026 2754 3085 PSALMUS
2807 3024 3036 3084 CXLIV.

2411 3121 2676 3179 Laudatio
2726 3122 2828 3195 ipsi
2879 3120 3066 3177 David.

2018 3234 2282 3290 Exaltabo
2308 3244 2374 3300 te,
2412 3231 2556 3290 Deus
2592 3250 2734 3288 meus
2764 3249 2879 3299 rex,
2917 3242 2969 3287 et
2996 3232 3289 3288 benedicam
3333 3235 3530 3289 nomini

1946 3330 2117 3384 tuoin
2145 3327 2411 3393 siccatum,
2446 3336 2498 3381 et
2536 3328 2594 3381 in
2631 3326 2876 3382 statutum
2912 3324 3106 3381 steculi.
3152 3323 3257 3379 Per
3302 3326 3529 3397 singulos

1946 3417 2056 3472 dies
2083 3417 2379 3471 benedicam
2419 3414 2528 3481 tibi,
2576 3424 2626 3469 et
2653 3414 2876 3469 laudabo
2899 3430 3083 3467 nomen
3109 3423 3248 3467 tuum
3282 3414 3332 3466 in
3363 3430 3527 3467 siccu-

1945 3509 2051 3563 lum
2082 3518 2132 3562 et
2152 3509 2205 3562 in
2229 3508 2476 3563 steculum
2500 3505 2696 3560 saeculi.
2727 3504 2953 3575 Magnus
2982 3502 3236 3558 Dominus
3263 3512 3313 3558 et
3343 3504 3530 3557 lauda-

1945 3600 2063 3656 bilis
2090 3602 2266 3667 nimis,
2287 3607 2338 3654 et
2356 3597 2729 3670 magnitudinis
2756 3596 2869 3667 ejus
2899 3611 3006 3650 non
3031 3604 3110 3650 est
3136 3594 3278 3665 ﬁnis.
3311 3591 3531 3671 Genera-

1941 3695 2018 3749 tio
2036 3704 2086 3748 et
2105 3694 2367 3766 generatio
2395 3688 2629 3745 laudabit
2654 3705 2812 3761 opera
2851 3696 2959 3755 tua,
2993 3696 3044 3742 et
3081 3688 3362 3758 potentiam
3392 3694 3530 3740 tuam

1941 3781 2371 3854 pronuntiabunt.
2403 3780 2851 3854 Magniﬁcentiam
2897 3777 3079 3850 gloria
3113 3778 3401 3832 sanctitatis
3429 3785 3531 3831 tua:

1949 3880 2237 3950 loquentur,
2259 3886 2310 3931 et
2328 3873 2595 3949 mirabilia
2618 3881 2706 3927 tua
2733 3870 3040 3926 narrabant.
3064 3868 3136 3925 Et
3168 3871 3402 3925 virtutem
3424 3880 3529 3923 Ier-

1946 3968 2174 4023 ribilium
2200 3977 2401 4022 tuorum
2428 3966 2618 4030 dicent,
2646 3973 2697 4019 et
2722 3962 3127 4036 magnitudinem
3171 3970 3311 4016 tuam
3347 3977 3531 4015 καννα-

1949 4059 2091 4114 bunt.
2119 4058 2425 4114 Memoriam
2447 4056 2782 4111 abundantia:
2799 4056 3068 4111 suauitatis
3088 4063 3189 4108 tute
3206 4051 3530 4118 eructabunt,

1947 4160 1997 4207 et
2012 4151 2217 4222 judicia
2242 4159 2330 4205 tua
2352 4146 2702 4205 exsultabant.
2724 4146 3006 4203 Miserator
3031 4154 3081 4200 et
3108 4147 3399 4201 misericors
3422 4143 3532 4199 Do-

1947 4246 2136 4307 minus,
2172 4243 2372 4313 patiens
2404 4250 2453 4294 et
2478 4240 2692 4294 multum
2720 4239 3029 4293 misericors.
3066 4236 3252 4292 Suavis
3280 4236 3533 4293 Dominus

1948 4333 2272 4403 universis,et
2296 4331 2655 4385 miserationes
2680 4326 2792 4399 ejus
2826 4343 2979 4397 super
3005 4326 3177 4381 omnia
3206 4342 3361 4397 opera
3398 4325 3531 4397 ejus.

1952 4423 2308 4490 Conﬁtentur
2335 4418 2448 4485 tibi,
2473 4418 2716 4483 Domine,
2747 4419 2923 4473 omnia
2956 4433 3115 4489 opera
3140 4427 3250 4484 tua,
3292 4427 3341 4495 et
3366 4419 3533 4473 sancti

249 4530 447 4586 colunt
472 4541 628 4591 eum,
658 4533 716 4579 tu
753 4524 907 4579 mitte
948 4521 1172 4590 sagittas
1212 4526 1331 4574 tuas
1367 4526 1558 4574 contra
1609 4530 1761 4581 eum,
1791 4522 1851 4570 et
1870 4517 1929 4579 ι)
1952 4516 2026 4568 tui
2053 4513 2358 4567 benedicmst
2392 4509 2504 4565 tibi.
2559 4507 2794 4565 Gloriam
2820 4508 2969 4580 regni
3011 4507 3097 4583 tui.
3125 4507 3313 4571 dicent,
3349 4516 3399 4560 et
3435 4523 3533 4576 po-

246 4622 427 4677 lihera
456 4634 545 4674 me
571 4618 640 4673 de
665 4616 821 4688 aquis
843 4614 1048 4680 multis,
1090 4620 1150 4668 ut
1190 4625 1298 4667 uno
1336 4609 1486 4667 fonte
1510 4606 1849 4678 baptismatis

248 4711 421 4768 fruar.
468 4708 661 4764 Libera
703 4721 792 4762 me
839 4706 907 4761 de
948 4720 1112 4760 manu
1151 4701 1587 4774 Allophylorum,
1617 4708 1846 4769 quorum

249 4819 315 4859 os
338 4802 579 4870 loquitur
603 4799 920 4863 vanitatem,
950 4802 1005 4851 et
1023 4796 1243 4851 dextera
1267 4800 1456 4848 earum
1483 4806 1590 4847 non
1611 4799 1697 4846 est
1712 4790 1845 4849 dea:

250 4903 372 4948 tera
396 4890 633 4962 pietatis,
661 4904 782 4959 qua:
804 4888 1054 4944 vestitum
1085 4884 1352 4956 exspoliat
1368 4925 1382 4949 ,
1413 4890 1469 4938 et
1488 4883 1603 4938 sive
1630 4890 1844 4952 tempo-

249 4985 478 5048 ralibus,
519 4983 654 5048 sive,
685 4980 831 5052 quod
858 4989 943 5035 est
971 4977 1236 5040 acerbius,
1278 4977 1497 5031 aeternis
1524 4974 1718 5045 opibus
1744 4989 1837 5028 nu-

248 5078 368 5133 dat.
408 5076 617 5145 Quibus
649 5076 774 5130 dum
799 5089 887 5129 me
925 5071 1258 5135 liberaveris,
1280 5070 1473 5141 inquit,
1497 5068 1749 5134 Domine,
1789 5069 1842 5122 in

248 5172 468 5225 cantico
508 5182 651 5223 novo
701 5165 933 5223 cantabo
980 5163 1100 5228 tibi,
1133 5162 1185 5217 id
1216 5170 1320 5225 est,
1352 5163 1405 5215 in
1446 5161 1684 5215 novitate
1724 5160 1846 5213 vita:

250 5262 557 5317 ambulans.
617 5259 676 5314 ιιι
714 5258 971 5330 psalterio
1026 5256 1213 5311 decem
1260 5254 1583 5311 chordarum
1621 5253 1843 5324 psallam

251 5354 373 5418 tibi,
404 5352 593 5407 decem
628 5356 892 5421 praecepta
921 5349 1053 5424 legis
1090 5348 1419 5419 suscipiens,
1449 5356 1504 5401 et
1524 5345 1708 5401 decem
1737 5345 1847 5414 pla-

251 5446 338 5515 gis
359 5442 657 5515 }Egyptnm
693 5455 1007 5512 percussam
1055 5439 1301 5508 fugiens:
1334 5436 1557 5508 psallam
1594 5435 1716 5500 tibi,
1750 5436 1846 5489 tibi

253 5537 505 5608 psallam,
550 5535 642 5605 qui
688 5535 783 5590 das
834 5534 1063 5588 salutem
1107 5531 1358 5601 regibus,
1391 5529 1443 5585 id
1469 5535 1588 5594 est,
1631 5529 1724 5598 qui
1752 5528 1849 5582 das

251 5636 516 5684 tetemam
539 5626 698 5682 vitam
728 5625 1027 5681 victoribus
1055 5625 1329 5678 vitiorum.
1380 5620 1516 5688 Quia
1555 5620 1589 5674 ii
1622 5634 1751 5675 vere
1772 5635 1853 5674 re-

255 5734 349 5790 ges
395 5727 541 5785 sunt,
588 5718 680 5790 qui
711 5716 1002 5789 participes
1038 5714 1190 5784 regni
1237 5712 1330 5768 Dei
1369 5710 1677 5767 creduntur.
1719 5710 1853 5778 Quis

1951 4606 2165 4659 tentiam
2182 4612 2323 4657 tuam
2341 4602 2628 4675 loquetur.
2646 4599 2691 4655 [Ι
2696 4609 2716 4654 ι
2730 4609 2908 4656 notam
2921 4601 3119 4672 faciant
3131 4596 3255 4668 ﬁliis
3271 4598 3532 4653 hominum

1949 4696 2233 4767 potentiam
2272 4703 2432 4757 tuam,
2466 4701 2517 4747 et
2554 4692 2774 4765 gloriam
2808 4690 3205 4762 magniﬁcentia:
3243 4690 3388 4760 regni
3438 4691 3531 4747 tui.

1954 4788 2187 4860 Regnum
2209 4798 2349 4840 tuum
2377 4800 2592 4857 regnum
2619 4783 2848 4837 omnium
2874 4780 3201 4845 malorum,
3220 4789 3270 4833 et
3297 4778 3535 4833 domina~

1951 4883 2022 4936 tio
2045 4889 2132 4934 tua
2161 4882 2215 4934 in
2245 4879 2386 4933 omni
2406 4876 2736 4949 generatione
2753 4881 2803 4927 et
2830 4871 3180 4944 generatione.
3206 4869 3403 4925 Fidelis
3430 4869 3535 4926 Do«

1953 4976 2123 5027 "tinus
2163 4973 2220 5026 in
2265 4970 2499 5026 omnibus
2543 4967 2707 5021 verbis
2748 4966 2875 5029 suis,
2902 4973 2955 5019 et
2977 4971 3185 5018 sanctus
3212 4962 3267 5016 in
3290 4963 3535 5029 omnibus

1952 5046 2342 5135 operibus'suis.
2367 5061 2569 5115 Allerat
2598 5057 2851 5113 Dominus
2878 5073 3052 5113 omnes
3079 5057 3165 5129 qui
3193 5065 3536 5129 corruunthet

1950 5156 2104 5227 erigit
2132 5170 2307 5210 omnes
2335 5152 2508 5207 elisos.
2536 5148 2687 5204 Oculi
2705 5151 2933 5204 omnium
2957 5149 3011 5203 in
3037 5158 3084 5204 te
3102 5156 3332 5221 sperant,
3354 5145 3537 5220 Domi-

1954 5264 2037 5311 ne,
2082 5256 2135 5300 et
2184 5254 2239 5298 tu
2286 5244 2380 5298 das
2425 5258 2597 5298 escam
2623 5241 2832 5296 illorum
2857 5242 2912 5294 in
2959 5250 3184 5311 tempore
3224 5250 3530 5311 opportuno.

1954 5340 2140 5410 Aperis
2168 5347 2221 5392 tu
2249 5352 2460 5391 manum
2490 5344 2648 5398 tuam,
2680 5342 2730 5388 et
2766 5333 2947 5403 imples
2975 5349 3125 5387 omne
3151 5330 3350 5399 animal
3382 5331 3534 5397 bene-

1957 5432 2196 5486 dictione.
2225 5428 2410 5483 Justus
2436 5426 2688 5481 Dominus
2715 5426 2771 5480 in
2794 5423 3030 5481 omnibus
3059 5423 3380 5488 viissttishet
3410 5437 3535 5489 san-

1957 5534 2069 5578 ctus
2096 5524 2152 5576 in
2171 5518 2410 5576 omnibus
2435 5516 2676 5589 operibus
2694 5516 2821 5571 suis.
2850 5514 3023 5583 Prope
3042 5510 3401 5575 “(Dominus
3424 5524 3536 5567 om.

1958 5616 2109 5670 nibus
2149 5610 2506 5669 invocantibus
2533 5626 2671 5676 eum,
2710 5606 2942 5664 omnibus
2963 5601 3547 5671 inuocauibuscuinin

1958 5710 2190 5766 veritate.
2232 5705 2561 5761 Voluntatein
2604 5703 2971 5757 timentiumse
3000 5698 3251 5769 [crimes
3294 5699 3536 5766 depreca-
