3926 6176
375 263 484 318 559

1685 258 1949 314 ARNOBll
1986 256 2288 314 JUNIORIS

3517 263 3549 317 5
3565 261 3617 316 it)

380 385 568 427 tionem
597 389 771 426 eorum
810 371 1132 424 e.raudiet.et
1173 370 1337 422 salros
1383 369 1537 438 faciet
1579 383 1684 420 eos.
1718 366 1948 420 Custodit
1979 378 2021 429 Α
2052 368 2408 421 esurientibus.
2436 367 2685 422 Dominus
2711 368 2862 423 solvit
2881 370 3210 439 compeditos.
3234 367 3486 424 Dominus
3510 369 3627 422 illu-

384 463 632 518 Dominus
661 480 832 517 omnes
861 463 1127 530 diligentes
1154 476 1226 520 se,
1244 467 1291 512 et
1318 475 1490 511 omnes
1520 468 1808 527 peccatores
1838 459 1946 511 dis-

379 555 572 616 perdet.
624 552 989 605 Laudationem
1029 549 1238 604 Domini
1291 548 1522 620 loquetur
1573 565 1630 601 os
1669 564 1858 612 meum,
1899 556 1950 602 et

316 714 322 719 ο
380 642 638 696 benedicat
674 642 838 695 omnis
867 657 988 694 caro
1027 639 1221 693 nomini
1258 646 1439 692 sancto
1477 637 1591 709 ejus
1619 636 1675 690 in
1703 637 1948 691 saeculum

367 744 420 788 et
444 737 499 790 in
528 733 773 790 steculum
799 731 994 788 steculi.

943 814 1376 854 COIIIENTABIUI.

447 913 724 969 Exaltatur
754 912 890 966 Deus
919 911 985 964 ah
1016 911 1250 973 homine,
1285 906 1499 978 quando
1526 905 1782 977 Spiritum
1819 919 1946 960 san-

376 1012 548 1065 ctum,
587 1017 747 1070 quem
786 1001 837 1054 in
876 1015 935 1054 se
977 1016 1070 1070 per
1109 997 1572 1054 consecrationem
1614 995 1950 1066 baptismatis

374 1094 512 1149 sacri
540 1092 773 1162 suscepit
802 1107 907 1146 non
935 1091 1162 1145 terrenis
1189 1097 1244 1144 et
1270 1088 1579 1143 humillimis
1605 1085 1948 1156 cogitationi-

373 1192 476 1241 bus
504 1185 776 1250 bumiliat;
806 1183 900 1238 sed
928 1199 1050 1237 eum
1079 1181 1383 1237 cmlestibus
1403 1178 1679 1234 desideriis
1698 1185 1754 1232 et
1772 1176 1951 1232 excel-

373 1278 449 1332 sis
473 1284 692 1340 exaltat,
726 1275 797 1328 ita
827 1282 884 1327 ut
911 1288 1007 1342 per
1043 1272 1278 1340 singulos
1314 1271 1425 1325 dies
1452 1268 1737 1324 benedicat
1762 1266 1947 1322 Domi-

374 1383 522 1433 num,
564 1373 618 1420 et
654 1364 805 1435 quasi
843 1363 932 1434 qui
971 1377 1142 1432 nuper
1183 1359 1530 1425 inchoaverit,
1572 1357 1690 1411 sine
1736 1355 1948 1410 fastidio

372 1459 572 1516 serviat
597 1457 690 1520 illi,
718 1456 802 1511 cui
830 1454 1106 1523 generatio
1138 1459 1192 1505 et
1218 1449 1491 1519 generatio
1520 1447 1825 1513 conﬁtetur,
1855 1461 1949 1515 ge-

375 1549 582 1605 neratio
635 1546 941 1601 Judzeorum
989 1551 1046 1598 et
1092 1541 1367 1610 generatio
1420 1539 1677 1608 gentium.
1718 1537 1774 1591 ln
1830 1537 1949 1605 lege

375 1637 547 1710 Moysi
574 1644 630 1692 et
657 1634 1043 1706 prophetarum
1073 1632 1179 1696 illa,
1212 1630 1314 1685 ista
1353 1629 1408 1683 in
1442 1627 1854 1696 Evangeliorum
1892 1633 1948 1680 et

2050 461 2215 512 mittat
2239 475 2420 520 cazcos,
2466 459 2718 514 Dominus
2759 461 2910 531 erigit
2948 462 3122 526 elisos,
3158 461 3417 514 Dominus
3459 459 3628 530 diligit

2040 547 2233 617 justas,
2264 549 2514 603 Dominus
2539 551 2761 604 custodit
2790 551 3033 612 advenas,
3066 551 3314 621 pupillum
3341 559 3394 604 et
3423 551 3632 603 uiduam

2047 641 2308 711 suscipiet,
2350 652 2401 695 et
2427 643 2536 696 vias
2562 652 2891 712 peccatorum
2918 643 3190 711 disperdet.
3231 640 3486 713 Regnavit
3522 639 3629 694 Do-

2047 731 2218 785 minus
2243 731 2298 784 in
2332 732 2542 796 secula,
2583 731 2723 785 Deus
2762 741 2900 798 tuus,
2941 732 3093 797 Sion,
3125 732 3180 785 in
3212 733 3554 803 generatione
3589 740 3637 782 et

2049 821 2447 890 generationem.

2614 905 2953 945 COIIBNTLRI
2959 905 3027 944 ωε
3035 930 3049 944 .

2117 997 2324 1055 Laudat
2351 999 2528 1054 anima
2555 1008 2739 1056 nostra
2759 1001 3064 1064 Dominum,
3095 1000 3312 1071 quando
3335 1015 3504 1071 opera
3536 1015 3634 1054 no—

2046 1097 2154 1146 stra
2193 1094 2248 1148 in
2277 1090 2372 1146 Dei
2399 1091 2642 1147 laudibus
2668 1101 3006 1148 exercentur.
3041 1091 3109 1146 Et
3138 1092 3414 1146 laudamus
3444 1091 3632 1146 Domi-

2046 1194 2172 1236 num
2200 1178 2256 1234 in
2284 1181 2390 1235 vita
2419 1191 2624 1248 nostra,
2661 1181 2713 1238 id
2741 1190 2843 1249 est,
2874 1183 2927 1236 in
2957 1182 3194 1236 moribus
3222 1181 3438 1236 nostris.
3470 1179 3631 1234 Psal-

2043 1271 2220 1326 lamus
2239 1284 2367 1340 ergo
2382 1271 2493 1325 Deo
2513 1279 2700 1326 nostro
2719 1272 2954 1341 qnandiu
2975 1272 3029 1326 in
3052 1273 3154 1327 isto
3174 1286 3400 1341 corpore
3418 1287 3633 1336 sumus,

2046 1377 2154 1416 non
2183 1361 2514 1417 confidentes
2543 1363 2595 1416 in
2621 1362 2925 1417 hominibus
2951 1362 3040 1431 qui
3069 1361 3227 1416 hodie
3254 1361 3630 1421 dominantur,

2047 1462 2102 1508 et
2132 1469 2252 1508 cras
2290 1453 2641 1523 sepeliuntur,
2669 1453 2794 1523 quia
2823 1454 2966 1508 cxiet
2992 1454 3060 1506 ab
3088 1453 3168 1508 eis
3203 1452 3439 1522 spiritus,
3457 1460 3536 1515 ,οι
3583 1452 3634 1505 1ιί

2047 1552 2385 1598 revertentur
2415 1544 2468 1598 in
2510 1551 2708 1598 terram
2738 1543 2805 1598 de
2831 1557 2936 1612 qua
2957 1541 3214 1612 assumpti
3241 1551 3383 1604 sunt,
3415 1556 3482 1596 ex
3517 1541 3635 1610 ipsa

2046 1633 2133 1688 die
2161 1642 2385 1704 pereunt
2411 1634 2764 1701 cogitationes
2783 1648 2988 1688 eorum.
3019 1632 3129 1687 Illa:
3157 1632 3359 1703 utique,
3381 1646 3508 1701 quae
3538 1647 3638 1686 eos

375 1727 744 1800 apostolorum
780 1723 1022 1779 doctrina
1069 1722 1319 1776 virtutem
1368 1719 1682 1774 terribilium
1729 1724 1945 1770 tuorum
1981 1723 2024 1781 Β
2051 1739 2155 1777 non
2184 1723 2432 1777 sinebant
2450 1723 2727 1790 quiescere
2747 1737 3029 1788 :emamus,
3051 1721 3363 1788 vendamus,
3394 1721 3637 1776 fabrice-

373 1820 576 1883 dicent,
625 1824 686 1870 ut
722 1821 906 1869 notam
944 1811 1140 1868 faciant
1183 1810 1304 1864 filiis
1342 1809 1617 1863 hominum
1652 1806 1948 1877 potentiam

373 1921 522 1968 tuam
554 1924 569 1960 :
599 1905 943 1962 ostendentes
969 1903 1095 1972 quia
1135 1916 1356 1970 regnum
1387 1908 1552 1964 tuum,
1586 1898 1830 1963 Domine,
1861 1911 1950 1951 re-

375 2013 538 2067 gnum
566 1998 637 2053 sit
661 1996 898 2052 omnium
927 1993 1271 2058 saeculorum;
1302 1998 1357 2044 et
1384 1991 1458 2044 ita
1490 1989 1560 2044 sit
1584 1987 1876 2043 dominatio
1896 1985 1951 2040 in

379 2089 524 2143 omni
549 2087 894 2158 generatione
920 2093 975 2139 et
1000 2083 1274 2154 progenie,
1306 2089 1367 2135 ut
1391 2095 1500 2135 non
1531 2079 1602 2134 sit
1621 2092 1751 2148 gens
1777 2089 1952 2146 neque

379 2191 620 2246 regnum,
650 2176 704 2230 in
722 2190 829 2245 quo
853 2189 959 2229 non
990 2181 1113 2227 tuus
1140 2172 1279 2226 filius
1306 2170 1643 2241 praedicetur.
1671 2167 1867 2223 Fidelis
1893 2181 1955 2222 es

377 2268 542 2332 enim,
574 2265 814 2330 Domine,
842 2265 896 2319 in
923 2263 1101 2319 verbis
1130 2263 1234 2316 tuis
1260 2261 1452 2332 quibus
1477 2259 1770 2330 promisisti
1797 2257 1953 2313 datu-

380 2373 498 2413 rum
527 2365 579 2412 te
617 2357 772 2411 nobis
799 2355 890 2424 qui
931 2354 1189 2408 allevaret
1215 2367 1403 2408 omnes
1429 2352 1522 2422 qui
1564 2359 1727 2405 ruunt
1752 2349 1806 2403 in
1851 2349 1956 2405 hoc

381 2449 598 2514 mundo,
620 2455 678 2504 et
696 2447 787 2516 qui
806 2446 1035 2515 erigeret
1060 2460 1248 2500 omnes
1268 2459 1404 2513 quos
1432 2443 1667 2498 alliserat
1687 2441 1952 2497 inimicus.

380 2539 529 2594 Oculi
558 2537 701 2594 enim
727 2535 967 2592 omnium
995 2534 1323 2590 credentium
1351 2539 1570 2603 sperant
1594 2532 1646 2586 in
1677 2539 1749 2597 te,
1773 2531 1955 2586 Domi-

381 2644 469 2684 ne.
510 2627 615 2700 Spe
640 2625 778 2683 enim
815 2627 941 2681 salvi
970 2626 1095 2697 facti
1120 2634 1241 2679 sunt
1269 2623 1445 2696 (Rom.
1477 2623 1612 2691 vm),
1640 2623 1835 2691 quibus
1861 2620 1956 2676 de-

381 2719 506 2774 disti
531 2731 710 2772 escam
737 2716 789 2770 in
822 2724 1064 2786 tempore
1100 2723 1426 2785 opportuno,
1454 2713 1672 2783 quando
1699 2710 1956 2783 aperuisti

381 2819 573 2862 manus
599 2814 721 2861 tuas
748 2805 802 2860 in
828 2819 1005 2860 cruce.
1023 2803 1104 2859 Tu
1123 2805 1404 2874 suscepisti
1433 2804 1833 2858 maledictiones
1858 2817 1958 2858 no-

384 2906 543 2964 stras,
573 2905 630 2954 et
655 2895 812 2952 nobis
845 2894 1040 2951 dedisti
1084 2895 1487 2952 benedictiones
1513 2903 1654 2960 tuas,
1685 2892 1958 2964 proximus

389 2999 451 3042 es
470 2987 612 3044 enim
640 2987 903 3044 omnibus.
935 2985 1210 3050 Omnibus,
1234 2985 1472 3053 inquam,
1503 2990 1558 3038 te
1586 2981 1958 3038 invocantibus

2050 1829 2189 1878 mus,
2218 1827 2531 1883 pugnemus.
2564 1812 2689 1868 llzcc
2714 1821 2769 1868 et
2796 1813 2878 1868 his
2905 1814 3096 1869 similia
3122 1814 3510 1882 cogitationum
3542 1827 3636 1881 ge-

2052 1920 2200 1966 nera,
2233 1905 2411 1960 subito
2439 1914 2712 1959 momento
2733 1920 2839 1960 uno
2866 1912 3112 1975 pereunt.
3136 1904 3331 1960 Beatus
3357 1919 3492 1974 ergo
3527 1916 3637 1965 est,

2050 1995 2141 2064 qui
2163 1995 2263 2049 sibi
2291 2011 2438 2064 spem
2466 1996 2618 2064 ponit
2657 1995 2710 2050 in
2738 1994 2964 2050 Domino
3005 1995 3116 2051 Deo
3142 1995 3235 2065 qui
3269 1994 3396 2050 fecit
3431 1995 3640 2051 ctelum

2051 2095 2108 2142 et
2135 2094 2352 2151 terram,
2394 2101 2540 2141 mare
2566 2093 2622 2140 et
2649 2085 2826 2140 omnia
2851 2100 2971 2156 qua:
2998 2086 3051 2140 in
3084 2087 3164 2141 eis
3209 2094 3354 2141 sunt.
3380 2085 3642 2140 Custodit

2051 2179 2195 2233 enim
2233 2178 2516 2232 veritatem
2556 2177 2610 2231 in
2653 2177 2875 2242 saecula;
2906 2185 3150 2247 tempore
3183 2191 3292 2245 quo
3333 2191 3392 2231 se
3438 2185 3643 2246 putant

2051 2267 2266 2323 fallaces
2285 2268 2498 2322 vincere
2526 2281 2622 2337 per
2648 2266 3001 2333 mendacium,
3023 2266 3112 2322 ille
3135 2267 3414 2321 veritatem
3442 2275 3644 2321 custo-

2051 2359 2148 2424 dit,
2181 2368 2241 2414 ut
2267 2358 2428 2414 faciat
2450 2358 2706 2427 judicium
2729 2358 2923 2430 quibus
2949 2372 3058 2412 non
3095 2357 3149 2412 in
3179 2357 3282 2412 isto
3312 2357 3514 2413 saeculo
3537 2372 3645 2412 nec

2053 2451 2108 2505 in
2144 2449 2322 2505 futuro
2349 2449 2489 2519 perit
2509 2447 2710 2503 veritas
2747 2462 2776 2502 a
2806 2447 2937 2502 Deo.
2986 2447 3112 2502 Ideo
3139 2447 3281 2502 enim
3303 2455 3360 2500 et
3391 2446 3645 2515 iudicem

2052 2554 2175 2595 eum
2195 2538 2458 2594 credimus
2478 2551 2599 2592 esse
2617 2543 2916 2599 venturum,
2930 2537 3056 2605 quia
3069 2536 3304 2591 custodit
3322 2536 3642 2598 veritatem,

2054 2636 2116 2684 ut
2143 2628 2304 2684 faciat
2324 2634 2450 2682 tunc
2466 2625 2730 2697 judicium;
2743 2625 2991 2695 injuriam
3012 2625 3354 2696 patientibus.
3367 2625 3470 2691 Qui
3491 2640 3646 2679 nuiic

2053 2720 2146 2776 dat
2182 2733 2360 2775 escam
2387 2716 2764 2782 esurientibus,
2803 2716 2916 2786 ipse
2953 2715 3111 2784 erigit
3135 2731 3234 2786 per
3257 2729 3316 2769 se
3342 2715 3508 2769 elisos
3542 2730 3643 2783 per

2055 2809 2246 2873 Adam,
2276 2817 2332 2864 et
2357 2823 2455 2878 per
2477 2807 2725 2862 eumdem
2749 2805 3086 2876 compeditos
3104 2805 3350 2861 exsolvit.
3383 2805 3503 2875 Ipse
3528 2821 3642 2860 cm-

2055 2914 2149 2955 cos
2175 2897 2462 2963 illuminat,
2501 2897 2617 2967 ipse
2639 2895 2819 2965 dirigit
2841 2895 3038 2966 justos,
3065 2896 3180 2966 ipse
3206 2895 3439 2951 custodit
3469 2895 3642 2949 adve-

2057 3005 2189 3056 nas,
2217 2991 2316 3046 hos
2349 2990 2534 3059 utique
2560 2988 2653 3059 qui
2683 3003 2744 3044 se
2789 2989 3098 3059 peregrinos
3133 2987 3190 3041 in
3227 2987 3332 3042 hoc
3370 2986 3639 3042 exhibent

393 3079 447 3134 in
481 3077 724 3141 veritate,
754 3076 807 3132 id
834 3085 937 3142 est,
964 3076 1056 3145 qui
1095 3083 1146 3130 te
1200 3075 1254 3129 in
1304 3073 1530 3128 Domino
1574 3081 1762 3128 nostro
1803 3069 1929 3126 ³881]
1981 3073 2028 3136 C
2058 3080 2274 3144 mundo.
2309 3087 2365 3136 οι
2393 3087 2614 3150 propter
2639 3091 2800 3149 quam
2827 3085 2954 3134 sum,
2972 3077 3145 3132 τεηθή
3171 3077 3399 3147 pan-iam
3429 3090 3642 3130 conc“-

386 3167 602 3223 Christo
622 3167 890 3232 invocant.
914 3165 1033 3236 Ipse
1053 3172 1136 3221 est
1154 3165 1296 3220 enim
1315 3163 1531 3229 veritas,
1555 3170 1610 3218 et
1628 3163 1960 3219 voluntatem

388 3273 498 3314 non
526 3257 983 3314 contemnentium
1031 3265 1083 3312 te
1123 3255 1303 3322 facies,
1344 3261 1401 3310 et
1439 3254 1737 3310 orationem
1773 3267 1960 3308 eorum

387 3347 660 3413 exaudies,
705 3347 758 3402 in
797 3346 991 3416 quibus
1031 3351 1087 3401 te
1124 3360 1224 3415 pro
1267 3345 1431 3400 rebus
1468 3342 1684 3399 (sternis
1709 3348 1956 3398 exorant.

388 3439 634 3497 Custodit
664 3438 942 3505 Dominus,
981 3438 1171 3508 inquit,
1218 3451 1405 3492 onmes
1443 3435 1536 3505 qui
1563 3435 1789 3505 diligunt
1813 3448 1956 3490 eum.

390 3531 677 3587 Videamus
703 3531 795 3600 qui
821 3538 946 3585 sunt
971 3530 1063 3598 qui
1089 3529 1314 3597 diligunt
1345 3542 1500 3592 eum;
1525 3527 1698 3597 ipsum
1727 3527 1955 3580 interro-

387 3631 593 3692 gemus,
624 3623 738 3694 ipse
773 3621 913 3677 dicat
941 3620 1033 3690 qui
1060 3620 1167 3674 sint
1191 3619 1470 3688 diligentes
1497 3628 1638 3672 eum.
1671 3616 1963 3671 Audiamus

389 3729 515 3770 eum
537 3714 831 3770 dicentem:
847 3710 947 3776 Qui
969 3710 1114 3766 audit
1135 3711 1285 3765 verba
1307 3726 1439 3772 mea,
1464 3716 1512 3762 et
1534 3710 1660 3780 facit
1679 3724 1760 3774 ea,
1788 3707 1868 3760 hic
1886 3715 1966 3760 est

391 3806 477 3877 qui
507 3804 678 3877 diligit
696 3819 777 3858 me
798 3799 1010 3872 (Matth.
1033 3817 1143 3868 vn;
1171 3801 1328 3856 Joan.
1353 3801 1501 3871 xiv);
1530 3801 1623 3869 qui
1643 3807 1823 3854 autem
1852 3813 1961 3854 non

393 3893 596 3950 faciunt
621 3907 705 3959 ea,
735 3907 922 3948 omnes
955 3900 1270 3963 peccatores
1296 3892 1396 3947 bos
1424 3905 1454 3945 a
1482 3905 1541 3946 se
1569 3888 1776 3960 rejiciet
1800 3896 1963 3959 atque

391 3982 682 4055 disperdat.
702 3979 937 4039 Laudem
958 3996 1087 4053 ergo
1107 3982 1316 4038 Domini
1339 3982 1588 4052 loquatur
1609 3997 1672 4038 os
1697 3990 1960 4050 nostrum,

390 4075 669 4132 discedant
686 4075 754 4131 ab
781 4089 848 4130 eo
873 4074 1136 4130 universa;
1151 4073 1531 4130 detractiones.
1556 4072 1634 4129 Ea
1661 4089 1781 4145 quae
1806 4075 1963 4132 novi-

391 4183 512 4224 mus
538 4167 592 4224 ln
619 4167 871 4223 fratribus
915 4164 1179 4222 laudanda
1227 4179 1608 4221 memoremus.
1662 4163 1810 4221 Alios
1862 4163 1965 4220 sibi

397 4263 560 4314 testes
587 4256 860 4312 inveniant
886 4255 1062 4311 aliena
1089 4262 1309 4326 peccata
1350 4270 1364 4308 :
1395 4269 1496 4310 nos
1545 4253 1714 4309 nostri
1741 4268 1963 4309 accusa-

392 4356 559 4414 tores,
609 4345 886 4416 nostrique
924 4352 1134 4400 tantum
1179 4344 1570 4414 vituperatores
1597 4342 1794 4409 effecti,
1823 4358 1965 4399 sem-

2058 3171 2290 3242 piscunt.
2319 3168 2628 3240 Orphanum
2657 3169 2799 3224 enim
2838 3167 3120 3232 custodiet,
3150 3167 3241 3236 qui
3285 3181 3384 3236 pro
3413 3166 3644 3221 nomine

2059 3261 2156 3320 Dei
2187 3272 2437 3334 parentes
2463 3276 2573 3318 sum
2598 3261 2797 3316 deserit
2822 3261 3015 3316 carnis.
3046 3257 3112 3312 Et
3140 3259 3312 3329 ipsum
3336 3258 3642 3319 diabolum.

2057 3355 2151 3425 qui
2190 3359 2275 3410 est
2310 3353 2398 3409 via
2438 3360 2800 3422 peccatorum,
2845 3349 3223 3406 exterminabit
3268 3349 3383 3418 ipse
3418 3348 3511 3418 qui
3553 3359 3642 3403 est

2059 3445 2201 3501 Deus
2220 3453 2361 3508 tuus,
2383 3442 2534 3498 Sion.
2558 3442 2697 3498 Deus
2715 3442 2896 3510 utique
2911 3439 3159 3496 Ecclesia:
3177 3438 3472 3504 catholicae,
3497 3453 3612 3492 unu
3626 3455 3648 3489 ς

2060 3539 2115 3594 in
2144 3538 2422 3601 Trinitate,
2452 3535 2623 3591 trinus
2669 3534 2723 3589 in
2760 3533 2984 3597 unitate,
3013 3531 3105 3601 qui
3143 3537 3331 3601 regnat
3355 3529 3410 3585 in
3439 3528 3642 3587 smcula

2063 3628 2393 3687 seculorum.
2427 3625 2616 3679 Amen.

2549 3711 2862 3769 PSALMUS
2909 3710 3133 3768 CXLVI.

2731 3802 2980 3859 Alleluia.

2133 3896 2368 3951 Laudate
2387 3894 2680 3960 Dominum,
2697 3896 2938 3966 quoniam
2958 3891 3117 3948 bonus
3137 3899 3214 3947 est
3237 3889 3495 3962 psalmus;
3520 3887 3637 3945 Deo

2063 3995 2239 4042 nostro
2265 3987 2332 4040 sit
2351 3983 2585 4056 jucunda
2609 3984 2888 4055 decoraque
2925 3981 3174 4036 laudatio.
3220 3978 3519 4050 didiﬁcans
3537 3978 3636 4034 leo

2062 4077 2283 4132 rusalem
2303 4073 2574 4139 Dominus,
2605 4074 2946 4145 dispersiones
2976 4070 3146 4140 israel
3163 4067 3504 4142 congregabit.
3531 4065 3637 4132 Qui

2063 4176 2215 4224 sanat
2233 4169 2479 4222 contritas
2499 4165 2669 4228 corde,
2691 4173 2741 4219 et
2767 4163 2950 4234 alligat
2969 4162 3301 4216 contritiones
3318 4175 3514 4214 eorum.
3535 4158 3634 4225 Qui

2063 4267 2300 4313 numerat
2315 4255 2690 4310 multitudinem
2707 4253 2994 4318 stellarum,
3012 4259 3061 4306 et
3081 4249 3314 4308 omnibus
3332 4251 3406 4304 eis
3425 4250 3635 4304 nomina

2064 4355 2228 4404 uocat.
2268 4346 2322 4404 ll
2329 4363 2496 4420 agnus
2543 4343 2792 4398 Dominus
2816 4351 3007 4408 noster,
3031 4352 3080 4396 et
3105 4357 3292 4412 magna
3317 4341 3474 4394 uirtus
3501 4340 3634 4410 ejus,

393 4455 490 4512 per
534 4439 590 4495 in
633 4438 731 4494 Dei
777 4432 1026 4493 laudibus
1075 4443 1237 4507 atque
1283 4436 1337 4492 in
1371 4435 1467 4492 Dei
1506 4435 1966 4491 benedictionibus
1990 4439 2043 4501 D
2064 4449 2114 4493 et
2138 4439 2409 4507 sapienlite
2432 4436 2544 4506 ejus
2572 4451 2675 4490 non
2697 4445 2773 4488 est
2799 4449 3054 4488 numerus.
3081 4432 3376 4503 Suscipiens
3393 4447 3634 4485 mansne-

395 4543 735 4602 occupentur,
765 4536 984 4598 agentes
1009 4526 1059 4582 ei
1095 4526 1296 4596 gratias
1324 4527 1378 4581 in
1405 4527 1597 4582 smcula
1625 4526 1962 4581 smeulorum.

397 4619 584 4674 Amen.

895 4683 1210 4742 PSALMUS
1244 4683 1451 4741 CXLV.

1060 4777 1304 4832 Alleluia.

467 4887 670 4954 Lauda,
706 4887 883 4944 anima
915 4905 1048 4952 meo,
1091 4887 1398 4954 Dominum;
1439 4888 1662 4943 laudabo
1692 4885 1967 4943 Dominum

395 4983 452 5038 ist
475 4980 578 5035 vita
603 4995 748 5045 meo;
775 4980 996 5048 psallam
1022 4979 1129 5036 Deo
1166 4997 1280 5037 meo
1314 4979 1544 5053 quandiu
1585 4980 1749 5052 fuero.
1789 4976 1970 5034 Nolite

390 5067 648 5139 conﬁdere
667 5068 721 5122 in
741 5068 1072 5139 principibus,
1094 5085 1257 5141 neque
1274 5070 1329 5124 in
1351 5069 1477 5140 ﬁliis
1497 5068 1760 5124 hominum
1785 5067 1840 5122 in
1859 5068 1968 5140 qui-

393 5157 485 5214 bus
509 5173 613 5212 non
638 5165 716 5212 est
738 5156 898 5210 salus.
931 5155 1111 5210 Exibit
1148 5159 1359 5228 spiritus
1385 5157 1502 5229 ejus
1528 5167 1579 5212 et
1605 5165 1882 5212 revertetur
1907 5156 1965 5210 in

393 5259 586 5305 terram
625 5263 792 5313 suam,
822 5247 878 5301 in
905 5247 996 5301 illa
1023 5248 1107 5301 die
1144 5247 1379 5318 peribunt
1419 5266 1593 5304 omnes
1631 5249 1964 5319 cogitationes

391 5355 586 5397 eorum.
611 5338 798 5394 Beatus
820 5337 965 5409 cujus
987 5337 1122 5393 Deus
1139 5338 1304 5394 Iacob
1325 5340 1532 5411 adjutor
1556 5340 1688 5412 ejus,
1717 5356 1835 5410 spes
1854 5339 1965 5410 ejus

393 5432 448 5485 in
476 5429 698 5486 Domino
723 5428 834 5486 Deo
859 5429 1039 5501 ipsius,
1062 5430 1148 5501 qui
1169 5431 1292 5501 fecit
1315 5431 1494 5486 calum
1518 5440 1568 5486 et
1590 5440 1802 5495 terram.
1824 5445 1968 5484 mare

392 5528 442 5574 et
463 5521 637 5575 omnia
663 5535 777 5593 quae
792 5521 848 5575 in
874 5521 948 5576 eis
971 5531 1109 5576 sunt.
1131 5522 1230 5586 Qui
1255 5522 1476 5576 custodit
1502 5523 1763 5576 veritatem
1787 5523 1842 5576 in
1862 5537 1965 5576 sw-

394 5611 582 5674 sulunt,
612 5611 738 5681 facit
747 5610 1000 5681 judicium
1037 5610 1284 5681 injuriam
1317 5611 1647 5681 patientibus,
1675 5612 1767 5666 dat
1793 5626 1965 5666 escam

2063 4537 2146 4584 tos
2182 4527 2452 4593 Dominus,
2495 4526 2774 4580 humilians
2815 4535 2983 4578 autem
3027 4534 3318 4594 peccatores
3365 4538 3525 4592 usque
3564 4521 3633 4573 ad

2065 4626 2275 4674 terram.
2297 4616 2577 4673 Prwcinite
2603 4613 2825 4670 Domino
2853 4631 2907 4668 in
2930 4615 3268 4684 confessione,
3295 4612 3501 4682 psallite
3532 4609 3636 4664 Deo

2067 4718 2246 4764 nostra
2269 4708 2326 4763 in
2351 4708 2571 4762 cithara.
2618 4707 2716 4772 Qui
2755 4707 2918 4776 operit
2944 4704 3125 4760 etclam
3152 4703 3366 4758 nubibus
3409 4711 3459 4757 et
3487 4711 3636 4773 parat

2069 4809 2221 4855 terra:
2259 4797 2502 4870 pluviam.
2549 4797 2649 4863 Qui
2686 4796 2921 4867 producit
2961 4796 3016 4850 in
3057 4794 3311 4849 montibus
3347 4795 3543 4865 fenum,
3591 4803 3637 4846 et

2070 4889 2280 4945 herbam
2298 4889 2525 4944 servituti
2553 4887 2831 4943 hominum.
2870 4885 2969 4953 Qui
2989 4884 3080 4939 dat
3091 4885 3341 4956 jumentis
3365 4899 3537 4938 escam
3562 4884 3636 4953 ip-

2068 4987 2330 5042 sorum,et
2357 4978 2512 5050 pullis
2557 4993 2822 5032 corvorum
2866 4974 3217 5030 invocantibus
3255 4990 3389 5028 eum.
3423 4971 3546 5028 Non
3585 4976 3637 5027 in

2071 5070 2371 5142 fortitudine
2397 5071 2508 5141 equi
2533 5069 2845 5123 roluntatem
2871 5066 3090 5133 habebit,
3117 5083 3276 5138 neque
3299 5069 3352 5121 in
3382 5065 3518 5121 tibiis
3546 5067 3635 5119 viri

2069 5159 2435 5231 beneplacitum
2462 5161 2559 5214 erit
2585 5160 2652 5213 ei.
2686 5158 3060 5230 Beneplacitum
3104 5166 3180 5212 est
3225 5156 3451 5211 Domino
3492 5172 3636 5224 super

2069 5255 2301 5307 timentes
2322 5269 2458 5318 eum,
2487 5261 2537 5306 et
2567 5253 2624 5306 in
2648 5252 2721 5306 eis
2749 5253 2836 5323 qui
2871 5258 3082 5321 sperant
3107 5265 3260 5320 super
3285 5248 3636 5303 misericordia

2067 5341 2206 5418 ejus.

2635 5425 3069 5465 COMHENTABIUI.

2140 5521 2436 5576 Laudemus
2466 5521 2746 5579 Dominum
2775 5522 3026 5592 quoniam
3059 5517 3238 5577 bonus'
3269 5530 3352 5574 est
3381 5521 3632 5590 psalmus.

2071 5613 2311 5668 Psalinus
2343 5612 2514 5666 bonus
2539 5620 2622 5666 est
2648 5612 2704 5667 in
2727 5627 2829 5682 quo
2856 5613 2968 5670 Deo
2993 5624 3177 5669 nostro
3205 5613 3272 5666 sit
3295 5611 3629 5681 jucundatio.
