3884 6184
197 402 294 458 1561

1090 348 1556 454 COSlMENi'ARﬂ
1591 393 1656 450 IN
1694 391 2022 450 PSALIOS.
2065 390 2253 448 PSAL.
2297 389 2519 448 CXLVI.

3347 392 3455 447 563

200 512 453 570 Ediﬂcat
491 515 634 569 enim
674 511 969 567 Jerusalem
1013 511 1286 573 Dominus,
1330 517 1385 562 et
1412 506 1774 577 dispersiones
1800 509 1848 566 Α
1878 519 1998 560 mus
2026 511 2259 558 montes.
2316 502 2501 568 Omne,
2531 503 2720 574 inquit,
2751 503 2888 575 quod
2911 506 2968 559 in
3009 503 3227 558 macello
3268 518 3457 556 sentin-

197 603 360 659 lsrael
413 612 724 671 congregat.
763 601 1014 668 Quotidie
1065 617 1183 656 eam
1229 599 1456 654 aediﬁcat
1498 597 1772 659 Dominus,

201 692 446 762 quotidie
487 691 780 748 Ecclesiam
815 706 966 746 suam
996 706 1093 760 per
1119 690 1399 745 credentes
1423 687 1649 743 aediﬁcat
1679 703 1694 738 :
1723 692 1780 740 et

197 799 293 839 eos
313 784 405 853 qui
434 783 502 838 ab
522 797 587 838 ea
619 783 844 852 dispersi
864 788 1007 846 sunt,
1037 781 1105 834 ad
1124 795 1242 836 eam
1272 793 1552 843 revocans,
1583 777 1777 832 iterum

197 872 603 940 congregationi
649 872 898 927 associat.
944 871 1112 927 Sanat
1155 870 1477 939 pcenitentes
1520 866 1781 924 contritos

195 963 378 1026 corde,
433 971 491 1016 et
535 961 719 1030 alligat
757 961 1108 1016 contritiones
1143 975 1352 1021 eorum,
1396 956 1490 1028 qui
1535 962 1782 1012 numerat

196 1051 600 1106 multitudinem
635 1051 934 1110 stellarum,
955 1057 1011 1104 et
1055 1049 1292 1104 omnium
1337 1061 1522 1104 earum
1561 1047 1780 1101 nomina

195 1151 376 1198 vocat.
407 1142 558 1201 Licet
595 1151 836 1212 potestas
873 1143 1086 1198 virtutis
1126 1141 1243 1212 ejus
1278 1142 1361 1196 his
1397 1140 1684 1195 virtutibus
1709 1137 1782 1192 sit

198 1242 406 1302 parata,
439 1239 495 1286 et
527 1233 630 1288 hoc
670 1247 793 1288 eum
823 1247 981 1302 posse
1025 1232 1202 1287 facere
1247 1247 1354 1286 non
1392 1231 1646 1297 ambigat,
1678 1228 1780 1282 nisi

199 1321 285 1390 qui
327 1321 751 1391 omnipotentem
774 1337 894 1377 esse
922 1337 1028 1376 non
1055 1321 1259 1386 credit;
1287 1329 1466 1375 tamen
1494 1332 1779 1374 numerare

197 1411 596 1466 multitudinem
625 1411 898 1466 stellarum
925 1426 1048 1466 eum
1071 1410 1350 1466 credamus
1376 1409 1426 1463 in
1455 1408 1673 1472 sanctis,
1696 1407 1780 1463 his

195 1502 288 1570 qui
331 1502 384 1557 in
428 1503 663 1558 tenebris
691 1503 874 1558 mundi
914 1503 1098 1573 positi,
1126 1517 1223 1572 per
1249 1502 1443 1558 ctelum
1482 1515 1612 1555 suos
1645 1499 1778 1554 diri-

196 1601 331 1660 gunt
357 1609 565 1659 cursus,
605 1593 794 1648 dantes
820 1593 1069 1647 solatium
1115 1591 1366 1647 luminosi
1407 1596 1656 1660 aspectus
1695 1588 1778 1643 sui

196 1683 280 1736 his
307 1683 401 1751 qui
427 1683 622 1739 caelum
658 1682 923 1752 aspiciunt
953 1699 966 1735 :
994 1695 1114 1750 qua:
1151 1681 1319 1736 stellae
1345 1695 1444 1749 pro
1473 1678 1665 1734 merito
1689 1693 1779 1734 ac-

195 1781 350 1828 tuum
379 1789 596 1828 suorum
632 1773 860 1842 amplius
899 1772 1143 1826 minusve
1181 1769 1542 1840 resplendent,
1574 1768 1629 1823 in
1655 1767 1776 1836 qui-

1879 596 2035 650 datur
2055 595 2207 649 entite
2221 594 2595 667 [mendicitate],
2618 595 2749 650 nillil
2769 597 3146 667 interrogantes
3168 594 3212 664 (1
3231 591 3352 650 Cor.
3377 595 3453 663 ι).

1879 685 2013 740 Item
2037 703 2050 738 :
2068 683 2149 739 Tu
2167 685 2290 753 quis
2307 699 2386 750 es,
2406 685 2499 754 qui
2520 688 2810 743 contristas
2830 683 3047 742 fratrem
3070 695 3218 741 tuum
3239 687 3293 741 in
3313 699 3460 740 man-

1879 774 2158 830 ducando?
2178 773 2312 830 Item
2334 791 2349 828 :
2377 774 2477 839 Qui
2499 792 2556 830 se
2575 793 2680 831 non
2699 778 2943 841 continet,
2966 777 3125 831 nubat
3145 776 3188 847 (1
3203 775 3323 832 Cor.
3340 779 3457 845 vu).

1880 869 2015 926 Item
2038 885 2052 921 :
2078 865 2179 932 Qui
2198 866 2290 922 dat
2309 875 2525 938 nuptum
2545 869 2730 940 ﬁliani,
2754 867 2882 924 bene
2903 871 3029 940 facit
3058 869 3267 939 (Ibid.).
3284 867 3416 924 Item
3440 887 3457 924 :

1890 961 2019 1018 Volo
2043 955 2460 1017 adelescentulos'
2481 963 2662 1018 viduas
2689 962 2884 1016 nubere
2911 962 2954 1032 (1
2977 962 3111 1017 Tim.
3135 964 3212 1030 v).
3243 961 3358 1017 Hoc
3384 963 3458 1016 le-

1881 1066 2010 1106 num
2036 1059 2250 1108 montes
2275 1051 2439 1108 vicini
2465 1052 2634 1116 cmiis,
2665 1052 2756 1121 qui
2800 1053 2853 1106 in
2883 1061 3026 1107 terra
3054 1052 3213 1122 positi
3243 1051 3457 1106 dicunt:

1881 1136 2081 1194 Nostra
2126 1148 2300 1194 autem
2336 1141 2656 1196 conuersatio
2694 1142 2750 1196 in
2785 1141 2925 1196 cmlis
2963 1151 3041 1196 est
3067 1140 3324 1213 (Philipp.
3354 1141 3460 1211 in),

1873 1229 2136 1298 jumentis
2155 1231 2477 1301 producunt,
2507 1231 2700 1300 quibus
2737 1231 3072 1287 consuetudo
3098 1231 3329 1288 carnalis
3357 1232 3460 1286 im-

1879 1325 2035 1388 perat
2061 1319 2204 1386 sola;
2235 1327 2292 1373 et
2320 1320 2420 1388 ipsi
2449 1320 2824 1376 consuetudini
2851 1313 3055 1376 carnali
3083 1320 3172 1375 lex
3200 1321 3456 1391 ponitur:

1879 1421 2038 1476 quam
2068 1423 2302 1477 sequens
2329 1409 2525 1477 conqu
2554 1410 2766 1478 conjugi
2805 1410 3030 1480 placeat,
3058 1425 3246 1466 servus
3274 1409 3455 1466 Domi-

1878 1511 1970 1561 no,
1998 1497 2092 1551 lilii
2113 1499 2357 1553 carnales
2383 1500 2698 1569 parentibus
2717 1500 3038 1564 carnalibus,
3066 1509 3316 1570 parentes
3341 1517 3453 1557 car-
3537 1523 3541 1526 ·

1877 1587 2030 1643 nales
2067 1587 2190 1644 liliis
2219 1590 2544 1644 carnalibus.
2574 1589 2668 1645 llis
2698 1592 2863 1646 herba
2908 1592 3167 1647 servitute
3215 1592 3440 1648 oll'ertur

1877 1678 2036 1734 datur
2063 1687 2123 1734 ut
2156 1680 2414 1750 jumentis
2441 1696 2588 1746 esca,
2619 1689 2674 1736 et
2711 1691 2769 1736 ut
2797 1683 2956 1752 pullis
2984 1700 3271 1740 corvorum
3300 1686 3452 1742 invo-

1877 1770 2124 1825 cantibus
2164 1785 2307 1826 eum.
2338 1769 2501 1826 Corvi
2530 1772 2672 1826 enim
2703 1771 2916 1827 fuerunt
2942 1780 3124 1843 patres
3147 1776 3337 1840 nostri,
3365 1776 3454 1844 qui

195 1864 298 1917 bus
327 1877 552 1931 magnus
578 1862 836 1918 Dominus
863 1871 1066 1929 noster,
1096 1870 1153 1918 et
1173 1875 1364 1930 magna
1392 1861 1510 1930 ejus
1537 1858 1776 1916 ostendi-
1810 1869 1852 1928 Β
1880 1857 1935 1914 in
1956 1859 2232 1927 nigredine
2260 1859 2574 1915 idololatria:
2605 1871 3001 1931 permanentes,
3025 1865 3092 1919 ad
3114 1880 3292 1920 arcam
3317 1883 3454 1921 nun-

197 1962 286 2008 tur
315 1954 504 2009 virtus.
533 1953 636 2010 Per
665 1954 934 2010 hominem
953 1955 1097 2009 enim
1125 1953 1494 2023 magnilicatur
1512 1953 1580 2007 ab
1607 1951 1780 2008 homi-

196 2048 376 2111 nibus,
408 2061 507 2117 per
533 2047 803 2101 hominem
824 2048 892 2101 ab
918 2047 1224 2102 hominibus
1249 2045 1672 2114 blasphematur.
1712 2041 1782 2098 Et

191 2138 338 2194 sicut
367 2138 451 2192 his
477 2153 556 2191 va:
580 2153 676 2207 per
707 2153 844 2208 quos
879 2154 1072 2192 nomen
1106 2137 1317 2192 Domini
1347 2137 1778 2208 blasphematur,

110 2294 114 2297 η
193 2229 270 2281 ita
324 2228 378 2282 hi
429 2228 692 2283 benedicti
737 2237 879 2287 sunt.
925 2245 1021 2298 per
1059 2244 1193 2297 quos
1229 2241 1422 2296 magna
1469 2227 1586 2297 ejus
1611 2227 1782 2282 virtus

191 2319 519 2382 ostenditur,
537 2326 593 2374 et
613 2319 1012 2375 innumerabilis
1030 2319 1147 2389 ejus
1166 2319 1427 2389 sapientia
1456 2318 1775 2380 declaratur,

191 2425 296 2478 per
323 2424 485 2476 quam
531 2409 794 2478 superbos
830 2409 1060 2478 projicit,
1093 2417 1148 2463 et
1184 2415 1494 2463 mansuetos
1533 2406 1773 2476 suscipit,

191 2508 252 2552 et
280 2499 530 2552 humiliat
552 2501 862 2569 peccatores
881 2499 948 2552 ad
975 2508 1192 2564 terram,
1221 2508 1281 2553 ut
1303 2514 1334 2553 a
1355 2508 1496 2554 terra
1517 2515 1612 2554 eos
1630 2499 1778 2553 exal-

191 2602 272 2646 tet
300 2591 373 2646 ad
405 2593 590 2646 cmlos.
625 2589 807 2646 Omnis
830 2593 972 2646 enini
1000 2593 1088 2662 qui
1123 2609 1179 2646 se
1207 2592 1444 2646 humiliat
1465 2590 1780 2645 esaltabitur

191 2681 353 2751 (Luc.
387 2681 519 2750 xiv),
561 2681 613 2735 id
652 2690 752 2744 est,
785 2682 875 2750 qui
905 2693 1070 2749 agens
1099 2682 1484 2754 paenitentiam,
1524 2696 1618 2735 sua
1646 2696 1776 2751 pec-

191 2782 315 2827 cata
343 2771 571 2825 Domino
595 2770 897 2826 conlltetur.
941 2771 1163 2840 Incipite
1190 2785 1319 2839 ergo
1346 2771 1400 2825 in
1422 2770 1775 2825 confessioni-

190 2862 290 2915 bus
334 2861 587 2925 Domino,
614 2871 668 2916 et
694 2862 905 2932 psallite
933 2863 984 2915 ei
1023 2862 1075 2915 in
1105 2861 1330 2915 cithara.
1369 2859 1588 2914 Cithara
1615 2861 1778 2916 habet

191 2953 404 3020 lignum
430 2952 625 3017 crucis,
654 2953 818 3006 habet
844 2952 1072 3006 chordas
1107 2966 1174 3006 ex
1201 2951 1544 3006 interioribus
1573 2953 1774 3018 ovium,

189 3044 359 3097 habet
387 3057 456 3096 ex
482 3040 782 3110 Evangeliis
809 3043 1109 3112 plectrum;
1140 3050 1298 3097 sonet
1335 3042 1436 3097 ista
1465 3043 1688 3106 cithara,
1721 3051 1778 3098 et

189 3133 423 3188 imbrem
453 3131 520 3186 de
549 3132 686 3188 cmlo
723 3134 1026 3187 venientem
1054 3133 1352 3187 annuntiet.
1383 3130 1604 3202 Operuit
1631 3134 1772 3188 enim

1881 1964 2045 2019 quam
2074 1950 2276 2005 reversi
2299 1959 2444 2005 sunt.
2475 1951 2582 2006 Nos
2608 1967 2736 2007 vero
2765 1953 2893 2022 pulli
2922 1969 3108 2010 eorum
3133 1971 3334 2020 sumus,
3364 1956 3455 2024 qui

1881 2041 2196 2096 invocamus
2216 2039 2520 2095 Dominum.
2551 2041 2653 2108 Qui
2682 2059 2789 2098 non
2813 2045 2865 2099 in
2886 2045 3090 2100 viribus
3115 2047 3237 2114 equi
3263 2047 3454 2101 volun-

1880 2139 2047 2186 tatem
2066 2130 2302 2185 babebit.
2329 2130 2443 2184 Non
2467 2132 2611 2186 enim
2635 2133 2832 2188 virtute
2859 2141 3072 2188 terrena
3095 2135 3232 2190 vinci
3255 2143 3452 2204 potest,

1878 2221 1970 2289 qui
1998 2228 2187 2276 contra
2211 2236 2313 2276 nos
2341 2229 2552 2276 terrena
2584 2224 2778 2279 virtute
2805 2240 2910 2279 non
2942 2233 3162 2294 pugnat.
3188 2225 3338 2281 Vires
3363 2242 3452 2282 er-

1877 2325 1948 2380 go
1992 2311 2116 2380 equi
2166 2320 2395 2366 terreme
2437 2313 2577 2368 vires
2619 2323 2764 2376 sunt,
2809 2329 2944 2382 quas
2973 2315 3116 2370 Deus
3142 2331 3247 2370 non
3278 2317 3328 2370 in
3357 2333 3454 2372 sua

1877 2399 2048 2454 voluit
2073 2401 2387 2456 extollentia
2411 2402 2649 2471 gloriari,
2681 2403 2774 2458 sed
2797 2403 2864 2458 de
2890 2419 2988 2458 sua
3015 2405 3211 2474 pieate
3239 2420 3452 2476 sperare

1878 2491 2140 2562 permisit.
2172 2491 2282 2547 Nec
2311 2493 2364 2546 in
2393 2494 2611 2560 viribus,
2656 2494 2844 2564 inquit,
2887 2497 3030 2566 equi,
3065 2513 3164 2552 nec
3190 2497 3241 2551 in
3271 2499 3450 2554 taber-

1878 2584 2082 2640 naculis
2113 2584 2209 2639 viri
2231 2585 2627 2655 beneplacitum
2648 2594 2732 2641 est
2759 2587 2830 2652 ei,
2859 2588 2910 2642 id
2935 2596 3036 2653 est,
3061 2589 3113 2642 in
3133 2589 3452 2644 conﬁdentia

1877 2676 2225 2732 habitationis
2252 2694 2377 2732 sure.
2409 2676 2560 2733 Unde
2581 2687 2635 2733 et
2661 2677 2878 2734 Graecus
2906 2695 3012 2734 non
3038 2679 3167 2736 dicit
3193 2681 3244 2734 in
3277 2680 3452 2735 taber-

1877 2769 2102 2832 naculis,
2132 2769 2228 2825 sed
2253 2770 2307 2824 in
2337 2770 2502 2825 tibiis.
2526 2769 2652 2826 Sive
2671 2785 2821 2840 ergo,
2845 2771 3036 2840 inquit,
3063 2773 3116 2827 in
3143 2789 3301 2829 cursu
3328 2775 3453 2842 equi

1877 2855 2253 2924 conﬁdentem,
2275 2858 2390 2914 sive
2410 2859 2464 2913 in
2487 2859 2598 2914 suis
2619 2859 2765 2915 tibiis
2790 2869 3201 2930 praesumentem
3219 2870 3454 2918 contem-

1876 2957 1968 3003 net
2007 2948 2284 3005 Dominus.
2313 2948 2468 3016 Quod
2491 2963 2592 3006 nos
2619 2949 2779 3006 latius
2805 2950 3030 3006 dicimus
3060 2969 3074 3005 :
3105 2951 3207 3018 Qui
3232 2951 3454 3008 conlidit

1877 3039 1932 3094 in
1962 3039 2207 3098 libertate
2233 3041 2439 3096 arbitrii
2467 3041 2571 3106 sui,
2601 3041 2746 3111 quod
2775 3057 2876 3112 per
2895 3042 3033 3098 hanc
3057 3041 3240 3112 fugiat,
3270 3057 3453 3112 perse-

1875 3138 2129 3198 quentem
2166 3131 2407 3186 incurrit.
2439 3129 2541 3196 Qui
2578 3131 2797 3186 conlidit
2825 3132 2879 3186 in
2908 3132 3104 3188 virtute
3150 3148 3341 3190 cursus
3369 3135 3454 3188 sui

189 3222 366 3276 caelos
407 3219 655 3284 nubibus,
689 3219 740 3274 id
767 3228 848 3274 est
887 3221 1145 3290 apostolis
1184 3221 1295 3275 suis
1331 3221 1547 3276 tradidit
1585 3221 1773 3277 faciem
1801 3229 1848 3290 ο
1877 3219 2150 3289 spiritalis,
2198 3220 2344 3289 quod
2369 3220 2541 3290 possit
2579 3221 2632 3276 in
2663 3221 2806 3278 tibiis
2831 3223 2944 3277 suis
2969 3231 3120 3278 stans
3161 3222 3452 3279 immobilis

189 3311 460 3365 caelorum
490 3318 794 3380 suorum,et
837 3311 1090 3380 praecepit
1117 3311 1196 3364 eis
1234 3318 1292 3365 ut
1319 3310 1449 3365 dent
1477 3319 1632 3366 teme
1659 3312 1775 3382 plu-

190 3404 356 3467 viam,
390 3407 449 3456 et
476 3417 663 3456 omnes
688 3410 874 3470 gentes
902 3409 1160 3464 terrenas,
1188 3402 1241 3456 in
1269 3403 1483 3456 nomine
1506 3403 1698 3468 Patris,
1723 3413 1778 3458 ct

191 3491 330 3556 Filii,
349 3498 406 3546 et
425 3490 658 3561 Spiritus
677 3492 862 3556 sancti,
879 3491 1082 3546 cmlesti
1098 3492 1278 3548 nimbo
1298 3492 1636 3562 perfundant.
1656 3494 1777 3550 llmc

190 3581 374 3651 pluvia
397 3579 647 3650 producit
675 3581 727 3634 in
756 3581 1028 3636 montibus
1066 3580 1245 3636 fenum
1273 3597 1381 3651 quo
1410 3583 1620 3636 alantur
1643 3585 1743 3638 sini

190 3670 470 3740 plieiores,
499 3669 697 3739 quippe
724 3684 790 3724 ex
819 3668 1010 3737 quibus
1039 3685 1162 3740 pars
1199 3672 1429 3726 maxima
1458 3672 1510 3726 in
1551 3672 1646 3727 Dei
1674 3687 1774 3742 po-

191 3760 314 3828 pulo
345 3759 749 3827 comprobatur.
805 3758 920 3813 Non
967 3761 1109 3814 enim
1157 3769 1383 3830 possunt
1422 3763 1770 3831 spiritualium

191 3850 308 3903 cibo
342 3847 494 3902 relici
524 3847 577 3902 hi
618 3849 708 3917 qui
757 3849 981 3904 terrenis
1008 3851 1215 3904 actibus
1242 3850 1506 3920 occupati,
1539 3853 1771 3905 membra

192 3947 374 3994 tamen
404 3939 654 3992 videntur
672 3938 942 3994 Ecclesim.
969 3938 1032 3994 Hi
1056 3949 1285 4006 montes,
1316 3941 1367 3995 id
1395 3950 1496 4005 est,
1521 3942 1772 4011 apostoli,

192 4045 291 4083 non
342 4038 405 4082 ut
444 4028 546 4096 ipsi
586 4029 876 4083 verticibus
921 4031 1179 4085 mentium
1207 4047 1422 4085 suarum
1469 4031 1776 4087 altitudines

194 4135 376 4173 rerum
406 4119 703 4173 caelestium
735 4120 787 4172 in
816 4121 937 4174 cibo
957 4119 1206 4176 oﬂerunt.
1240 4120 1589 4192 Per/“edorum
1631 4123 1774 4177 enim

193 4220 260 4262 cst
281 4209 489 4264 solidus
517 4210 656 4263 cibus
681 4209 838 4280 (Heb.
869 4210 942 4280 v).
973 4210 1104 4276 Quis
1124 4212 1264 4264 enim
1293 4227 1414 4266 cum
1435 4211 1514 4264 eis
1540 4211 1775 4279 disputet

195 4302 256 4352 de
294 4300 632 4368 jejuniorum
670 4301 1087 4370 perseverantia,
1118 4301 1185 4355 de
1213 4300 1400 4354 diurna
1430 4309 1484 4354 et
1512 4310 1771 4356 nocturna

197 4378 586 4461 (mupatione',
633 4391 919 4444 eruditioni
959 4390 1150 4445 divina:
1192 4390 1511 4458 conjuncta?
1548 4391 1668 4460 quis
1705 4392 1772 4448 de

199 4483 417 4536 minutis
439 4482 882 4550 suggestionum?
923 4482 1043 4550 quis
1083 4483 1150 4536 de
1179 4491 1489 4552 contemptu
1531 4485 1768 4538 omnium

1877 3324 2212 3381 permanere,
2254 3325 2361 3364 non
2389 3319 2691 3381 permanet.
2723 3310 2834 3367 Nec
2860 3312 2961 3367 ista
2988 3313 3173 3368 dicens
3201 3312 3449 3378 excludo,

1874 3416 1942 3454 ne
1970 3401 2183 3454 coneris
2209 3407 2386 3464 stare;
2417 3399 2510 3454 sed
2532 3415 2730 3456 moneo
2752 3416 2819 3456 ne
2847 3409 2902 3456 te
2927 3409 3082 3470 putes
3101 3418 3198 3472 per
3225 3403 3450 3457 liberum

1874 3490 2045 3543 solum
2075 3489 2354 3544 arbitrium
2380 3489 2583 3558 fugere.
2617 3487 2808 3544 Currat
2835 3504 3028 3558 equus,
3049 3491 3119 3544 sit
3144 3500 3360 3560 paratus
3382 3491 3450 3544 ad

1875 3579 2093 3634 bellmn.
2123 3577 2213 3635 Sic
2255 3578 2396 3634 enim
2434 3580 2696 3650 scriptum
2724 3589 2803 3634 est
2839 3597 2852 3633 :
2901 3577 3076 3651 Equus
3120 3589 3338 3652 paratur
3381 3582 3450 3634 ad

1873 3669 2012 3724 diem
2035 3667 2172 3732 belli,
2198 3668 2450 3726 Dominus
2469 3681 2641 3725 autem
2658 3669 2880 3725 salutem
2899 3669 3078 3726 tribuit
3107 3670 3286 3743 (Prov.
3310 3673 3446 3744 ut).

1875 3755 2076 3814 Tamen
2125 3759 2253 3815 dum
2299 3762 2472 3816 curris
2520 3761 2686 3816 dicito
2739 3779 2752 3815 :
2803 3761 2948 3817 Deus
2988 3763 3238 3818 virtutem
3264 3765 3452 3820 tribuit

1873 3862 2015 3916 equo
2043 3864 2184 3914 meo,
2210 3857 2268 3903 ut
2291 3859 2550 3905 caneret.
2584 3851 2722 3906 Deus
2749 3851 2899 3908 dedit
2930 3852 3072 3908 tibiis
3096 3853 3230 3909 meis
3266 3869 3450 3926 perse-

1872 3941 2170 3996 verantiam
2199 3950 2258 3994 ut
2282 3950 2496 3996 starem.
2524 3941 2640 3996 Non
2655 3957 2784 4012 ergo
2799 3953 2955 4014 putes
2979 3943 3125 4012 quod
3152 3952 3205 3999 te
3234 3943 3451 4000 libertas

1869 4027 2080 4082 arbitrii
2127 4030 2202 4082 tui
2246 4029 2319 4082 ita
2365 4030 2579 4093 habeat,
2611 4032 2764 4100 quasi
2807 4045 2997 4087 navem
3040 4048 3138 4102 per
3162 4048 3322 4102 quam
3368 4035 3448 4088 vis

1873 4119 2101 4176 evadere
2151 4120 2409 4175 barbaros
2443 4121 2511 4175 de
2545 4122 2744 4186 littore,
2777 4138 2876 4193 per
2901 4139 3064 4192 quam
3105 4125 3184 4178 vis
3220 4124 3450 4180 evadere

1871 4211 2121 4267 fluctibus
2140 4212 2334 4281 pelagi,
2358 4227 2456 4282 per
2481 4229 2643 4282 quam
2668 4215 2746 4268 vis
2773 4215 2840 4268 ad
2862 4215 3090 4284 patriam
3117 4230 3278 4284 quam
3306 4216 3448 4272 desi-

1872 4304 2030 4358 deras
2057 4304 2366 4373 pervenire;
2397 4302 2491 4358 sed
2536 4305 2581 4358 si
2613 4303 2870 4360 Dominus
2904 4305 3249 4375 imperaverit
3279 4309 3450 4364 ventis

1872 4393 2164 4464 prosperis,
2194 4401 2250 4448 et
2288 4393 2527 4448 adversis
2567 4393 2780 4449 ﬂatibus
2826 4395 3099 4450 silentium
3138 4395 3366 4462 dederit,
3404 4398 3450 4453 s‘i

1872 4484 2103 4538 latentes
2141 4484 2304 4540 vades
2340 4484 2786 4540 demonstravcrit
2815 4525 2830 4550 ,
2871 4495 2928 4543 et
2973 4500 3220 4544 somnum
3269 4489 3450 4545 tulerit

199 4585 379 4627 rerum
406 4572 734 4627 labentium?
757 4574 877 4641 quis
911 4573 978 4627 de
1006 4583 1314 4643 contemptu
1343 4576 1580 4630 omnium
1612 4577 1768 4631 vitio-
1797 4583 1846 4643 Ῑ)
1871 4574 2292 4641 gubernantibus
2325 4575 2518 4641 nautis,
2550 4587 2605 4631 et
2632 4579 2832 4646 absque
2883 4579 3099 4634 lmsione
3127 4587 3339 4650 portum
3372 4579 3448 4633 in-

201 4667 342 4718 rum?
379 4661 508 4730 Quis
534 4680 656 4720 cum
685 4665 764 4719 eis
792 4675 914 4734 agat
941 4667 1006 4720 de
1047 4667 1396 4721 invisibilihus
1423 4667 1770 4737 profectibus,

204 4760 256 4805 ut
291 4755 334 4807 si
383 4754 502 4820 quis
541 4754 827 4824 episc0pus
867 4754 1000 4820 Deo,
1043 4756 1085 4809 si
1114 4758 1233 4825 quis
1269 4758 1504 4826 pontifex
1533 4756 1770 4818 Christo.

202 4858 291 4910 per
317 4843 618 4898 invisibiles
653 4851 878 4899 conatus
914 4853 969 4900 et
995 4846 1191 4912 gradus
1219 4845 1353 4914 q'uos
1383 4847 1435 4900 in
1465 4847 1628 4902 corde
1672 4863 1770 4903 suo

205 4931 479 5001 disposuit,
510 4941 569 4988 ut
586 4933 822 5002 quandiu
847 4933 916 4988 de
935 4935 1038 4989 isto
1065 4951 1290 5005 corpore
1318 4945 1492 5005 exeat,
1519 4938 1773 4993 ascendat

211 5029 257 5074 ct
291 5039 565 5092 nunquam
602 5024 909 5089 descendat,
952 5024 1180 5080 oll'erens
1218 5042 1411 5096 corpus
1460 5045 1613 5084 suum
1661 5031 1772 5087 Deo

211 5107 429 5167 hostiam
461 5113 669 5178 vivam;
698 5113 941 5182 quotidie
967 5115 1198 5184 seipsum
1228 5118 1298 5170 ita
1329 5120 1544 5188 corpori
1573 5118 1767 5176 Christi

209 5206 488 5269 associans,
515 5213 576 5259 ut
601 5220 800 5275 corpus
837 5206 953 5274 ejus
994 5207 1208 5274 corpori
1250 5208 1444 5263 Christi
1473 5211 1764 5265 admixtum

209 5307 355 5348 unum
376 5313 558 5366 corpus
576 5297 870 5351 secundum
893 5297 1206 5366 Apostolum
1230 5298 1271 5362 (1
1292 5299 1408 5352 Cor.
1425 5301 1490 5357 Vl)
1508 5301 1629 5355 liat?
1644 5301 1764 5358 Haec

210 5392 256 5434 ct
285 5386 362 5438 his
389 5388 580 5440 similia
622 5387 819 5441 dantur
845 5389 897 5442 in
926 5388 1065 5450 cibo,
1093 5390 1324 5456 quicum
1356 5390 1521 5446 Paulo
1544 5403 1771 5463 possunt

211 5471 379 5529 dcere
419 5495 432 5529 :
476 5477 609 5531 Mihi
653 5477 872 5531 mundus
919 5479 1198 5546 cruciﬁxus
1234 5491 1310 5533 est
1347 5491 1398 5534 et
1439 5499 1530 5553 ego
1573 5492 1764 5539 mundo

211 5563 396 5628 (Colat.
428 5570 518 5638 vi).
542 5569 690 5624 Sicut
719 5584 847 5636 ergo
868 5570 1198 5632 ostendimus
1218 5573 1566 5640 Spiritualium
1589 5576 1764 5630 cibum

212 5655 422 5710 solidum
450 5661 682 5714 virorum
713 5659 1090 5728 perfecturum,
1123 5663 1463 5718 ostendamus
1511 5681 1650 5720 nunc
1675 5667 1764 5734 ju~

217 5758 494 5804 mentorum
518 5752 712 5814 fenum,
733 5752 871 5820 quod
896 5752 1192 5821 producunt
1215 5754 1267 5806 hi
1291 5768 1422 5823 quos
1444 5772 1604 5826 supra
1626 5757 1760 5812 dixi-

1875 4668 2024 4737 gredi
2051 4666 2258 4735 fecerit,
2301 4684 2428 4738 ages
2459 4680 2580 4740 post
2607 4671 2719 4725 huic
2746 4673 2945 4739 gratias
2977 4673 3107 4736 Deo,
3140 4689 3245 4726 non
3295 4674 3446 4737 navi;

1874 4761 2074 4830 gratias
2102 4760 2231 4826 Deo,
2264 4777 2369 4814 non
2399 4769 2576 4815 nautm
2606 4761 2786 4826 (Rom.
2823 4763 2898 4832 κ).
2942 4762 3050 4818 Nec
3081 4765 3181 4818 ista
3211 4763 3450 4820 dicentes

1873 4853 2205 4909 exeludimus
2226 4869 2413 4908 navem
2439 4863 2492 4908 et
2516 4863 2724 4919 nautas,
2749 4854 2843 4909 sed
2866 4856 3035 4923 magis
3063 4863 3118 4910 et
3145 4870 3336 4911 navem
3361 4873 3450 4911 or-

1875 4959 2064 4998 namus
2090 4951 2145 4998 et
2169 4951 2376 5004 nautas,
2401 4944 2594 5011 quibus
2620 4944 2784 4997 Deum
2809 4947 3087 5014 praesulem
3111 4946 3448 5002 confitemur.

1875 5032 1931 5088 Si
1960 5034 2103 5088 enim
2144 5033 2294 5086 navis
2319 5049 2424 5086 non
2455 5033 2658 5096 fuisset,
2686 5036 2869 5104 utique
2897 5035 3041 5103 quod
3073 5037 3327 5093 Dominus
3354 5053 3449 5108 gu-

1873 5125 2125 5179 bernaret
2143 5139 2251 5178 non
2273 5131 2433 5177 esset.
2466 5125 2521 5179 Si
2542 5133 2716 5178 nauta:
2742 5141 2850 5180 non
2880 5136 3080 5193 essent,
3103 5143 3238 5197 quos
3267 5129 3449 5184 Domi-

1871 5230 1972 5272 nus
2012 5217 2275 5272 excitarct
2314 5233 2420 5270 non
2462 5225 2657 5270 essent.
2703 5218 2756 5272 Si
2797 5219 2916 5274 vela
2967 5238 3073 5275 non
3113 5231 3311 5286 essent,
3343 5238 3449 5277 non

1869 5313 2050 5364 essent
2094 5307 2288 5374 quibus
2335 5307 2486 5360 daret
2534 5322 2788 5377 proSpera
2823 5309 2985 5365 llabra
3029 5321 3325 5366 ventorum.
3373 5311 3448 5367 lla

1870 5413 2000 5467 ergo
2027 5397 2365 5453 dicamus:Si
2397 5400 2674 5453 arbitrium
2702 5402 2751 5454 in
2785 5411 2837 5456 te
2861 5419 2964 5456 non
2997 5404 3151 5456 fuerit
3181 5405 3331 5456 bona!
3353 5420 3446 5455 vo-

1877 5489 2106 5550 luntatis,
2139 5505 2246 5542 non
2277 5489 2379 5542 erit
2409 5497 2581 5543 tecum
2613 5507 2719 5559 pax
2751 5492 2861 5545 Dei.
2899 5493 2954 5545 In
2986 5503 3125 5546 terra
3157 5494 3298 5544 enim
3344 5508 3443 5560 pax

1871 5579 1965 5633 llei
1994 5595 2114 5634 cum
2160 5580 2466 5634 hominibus
2513 5581 2664 5636 lionzc
2696 5584 3002 5637 voluntatis.
3035 5584 3294 5651 Objicilur
3325 5585 3443 5637 huic

1871 5670 1989 5722 loco
2020 5685 2117 5722 nos
2144 5670 2244 5723 hoc
2289 5672 2358 5723 ita
2383 5671 2580 5732 dicere,
2616 5681 2668 5726 ut
2700 5674 2972 5726 videamur
2995 5675 3220 5727 lmininis
3251 5675 3442 5729 volun-

1872 5767 2033 5812 tatem
2073 5761 2377 5827 ostendere,
2421 5763 2562 5831 quod
2593 5763 2686 5818 Dci
2715 5763 2939 5831 gratiam
2971 5765 3268 5821 antecedat.
3303 5765 3440 5837 Vigi-
