3926 6176
505 358 614 415 585

1851 350 2119 409 ARNOBII
2159 352 2462 412 JUNIORIS

3683 357 3780 411 566

507 474 685 527 lauter
721 485 838 540 age,
867 478 923 526 et
962 485 1069 525 non
1099 467 1451 532 calumniose,
1489 477 1544 524 et
1574 467 1694 524 vide
1730 469 1960 538 gratiam
1987 469 2085 525 Dei
2115 475 2159 530 Α
2188 469 2374 525 venire
2403 485 2508 524 non
2547 483 2734 540 posse;
2769 469 2838 523 ita
2884 469 2934 523 in
2983 484 3076 524 eos
3105 469 3445 527 dilectionem
3487 487 3545 526 se
3585 471 3781 525 habere

506 564 814 633 generalem
865 577 1028 631 super
1074 576 1236 616 omne
1282 561 1563 615 hominum
1619 559 1840 616 effusam
1893 575 2084 631 genus.

503 652 704 708 Omnes
747 653 1018 707 antecedit
1072 653 1244 722 gratia
1294 652 1578 722 multiplici
1633 653 1882 721 largitate
1925 653 2087 708 diffu-

508 758 582 799 sa.
632 742 919 798 Descendit
955 743 1022 798 de
1067 743 1207 798 cmlo
1255 743 1396 797 Deus
1435 743 1654 798 homine
1693 758 1802 797 non
1848 743 2085 797 volente.

507 833 697 888 Docuit
747 835 998 904 exemplo
1052 843 1108 890 et
1160 835 1346 900 verbo,
1401 835 1619 889 homine
1675 850 1783 888 non
1837 825 2083 903 rogante.

502 924 667 992 Signa
732 925 899 979 multa
961 935 1020 979 et
1081 925 1307 980 virtutes
1371 913 1438 978 ad
1501 941 1562 979 se
1635 923 2085 982 manifestandum

503 1017 772 1080 exercuit,
829 1017 1047 1072 homine
1101 1018 1262 1070 etiam
1319 1016 1656 1085 prohibente.
1708 1015 2088 1071 Mortalitalem

503 1118 744 1164 nostram
787 1109 1042 1179 suscepit,
1088 1109 1306 1163 homine
1347 1110 1660 1177 ignorante;
1716 1108 1920 1174 irrisus,
1962 1124 2087 1163 cru-

503 1201 710 1266 cilixus,
755 1201 895 1255 inter
941 1201 1238 1255 homicidas
1288 1209 1550 1264 mortuus,
1597 1199 1858 1268 sepultus,
1909 1213 2090 1252 resur-

502 1292 662 1356 rexit,
695 1300 750 1345 et
798 1292 850 1345 in
893 1291 1062 1347 cmlos
1089 1291 1347 1346 ascendit.
1376 1291 1499 1345 llaec
1537 1291 1718 1346 omnia
1761 1289 1828 1344 ad
1858 1290 2091 1344 hominis

502 1381 750 1449 salutem,
774 1382 840 1436 ad
871 1383 1101 1436 hominis
1121 1383 1513 1447 liberationem,
1533 1381 1599 1434 ad
1625 1380 1856 1435 hominis
1876 1382 2086 1448 redem-

500 1472 760 1542 ptionem,
801 1473 869 1528 ad
898 1473 1128 1528 hominis
1173 1487 1450 1538 coronam,
1479 1473 1547 1527 ad
1589 1473 1820 1528 hominis
1862 1475 2089 1542 gloriam

500 1565 745 1618 exercuit
771 1563 1032 1619 Christus.
1079 1564 1214 1619 Nota
1262 1565 1374 1630 tibi,
1407 1565 1754 1632 calumniose,
1785 1565 1927 1636 quod
1967 1567 2088 1622 dico

501 1653 570 1707 ad
599 1655 830 1711 hominis
873 1656 1121 1718 salutem,
1153 1671 1262 1710 non
1305 1655 1534 1709 volentis
1581 1669 1754 1723 neque
1801 1657 2083 1711 currentis.

2194 570 2640 625 commemorant,
2670 561 2762 630 qui
2793 561 2983 616 timent
3021 578 3136 625 eos,
3166 565 3295 616 etin
3318 577 3414 616 eos
3445 563 3531 631 qui
3567 574 3783 631 sperant

2194 654 2248 707 in
2295 653 2596 708 eruditione
2635 667 2842 708 eorum.
2873 651 2940 705 Et
2985 653 3090 708 hoc
3125 652 3193 707 de
3232 653 3539 707 hominibus
3576 661 3782 707 tantum

2195 745 2354 814 longe
2381 751 2464 800 est
2492 759 2524 799 a
2563 744 2967 814 comparatione
2996 744 3126 810 Dei,
3153 754 3412 813 quantum
3456 745 3618 814 longe
3646 754 3727 800 est
3756 761 3785 802 a

2197 835 2473 891 divinitate
2502 837 2826 890 humanitas.
2857 835 3101 890 Humana
3131 837 3272 891 enim
3305 847 3493 892 natura
3522 838 3786 892 imbecilla

2197 944 2316 985 cum
2343 929 2433 994 sit,
2473 927 2692 982 minime
2720 943 2850 982 sane
2895 928 3096 996 absque
3123 927 3290 983 divini
3338 936 3502 983 nutus
3547 928 3786 982 subsidio

2193 1028 2452 1090 praestare
2475 1019 2766 1089 quidquam
2794 1019 2922 1076 boni
2967 1011 3302 1090 potest.'Sed
3349 1018 3688 1088 comparatio
3725 1016 3789 1069 ad

2193 1111 2527 1182 apertionem
2555 1112 2637 1166 rei
2669 1111 2826 1166 dicta:
2853 1110 2919 1165 ad
2947 1125 3099 1180 spem
3140 1125 3240 1165 nos
3265 1118 3322 1164 et
3359 1107 3782 1164 misericordiam

2195 1201 2432 1258 divinam
2460 1201 2718 1272 impellat,
2750 1209 2810 1255 ut
2835 1215 3022 1257 eorum
3051 1200 3342 1270 participes
3389 1200 3585 1263 faciat,
3629 1214 3784 1266 super

2192 1310 2329 1364 quos
2354 1303 2438 1350 est
2463 1294 2857 1365 beneplacitum
2886 1293 3135 1358 Domino,
3165 1293 3258 1362 qui
3288 1298 3477 1362 regnat
3505 1291 3565 1346 in
3595 1289 3779 1346 sarcula

2197 1387 2530 1442 saeculorum.
2556 1385 2744 1440 Amen.

2677 1473 2897 1529 PSALM
2907 1473 2990 1530 US
3025 1473 3276 1530 CXLVII.

2549 1565 2776 1620 Alleluia
2816 1565 2996 1634 Αεεωί
3023 1574 3080 1620 et
3108 1564 3400 1620 Zachariae.

2264 1654 2467 1720 Lauda,
2515 1654 2826 1717 Jerusalem,
2876 1640 3179 1720 Dominum,
3216 1655 3376 1710 lauda
3412 1654 3587 1709 Deum
3623 1664 3775 1717 tuum,

499 1747 638 1813 Quid
664 1745 748 1802 est
775 1763 905 1817 ergo
929 1749 1074 1817 quod
1097 1749 1362 1816 legimus?
1384 1745 1727 1802 Ostendimus
1751 1749 1845 1803 tibi
1871 1759 2088 1806 antece-
2190 1746 2341 1802 Sion.
2377 1745 2634 1812 Quoniam
2655 1748 2966 1819 confortavit
2992 1764 3134 1802 seras
3165 1756 3432 1818 portarum
3453 1757 3686 1810 tuarum,
3709 1747 3788 1800 be-

499 1838 715 1892 dentem
759 1839 985 1906 gratiam
1040 1838 1135 1892 Dei
1163 1837 1469 1906 generalem
1519 1839 1758 1893 omnium
1808 1840 2085 1896 hominum
2119 1843 2164 1902 Β
2190 1839 2389 1893 nedixit
2409 1836 2536 1909 filiis
2567 1839 2666 1892 tuis
2694 1839 2750 1891 in
2780 1846 2848 1892 te.
2881 1835 2982 1902 Qui
3011 1839 3183 1908 posuit
3211 1838 3341 1908 ﬁnes
3363 1846 3477 1890 tuos
3505 1854 3711 1907 pacem,
3737 1843 3778 1890 et

500 1928 695 1983 bonam
725 1929 1074 1983 voluntatem.
1102 1927 1239 1981 Nota
1265 1928 1380 1994 tibi,
1410 1927 1806 1998 praedestinate,
1836 1929 1978 2000 quod
2007 1931 2089 1986 lo-
2189 1929 2344 1999 adipe
2371 1931 2616 2002 frumenti
2662 1930 2824 1984 satiat
2870 1939 2934 1982 te.
2971 1927 3072 1992 Qui
3100 1931 3288 1983 emittit
3331 1929 3599 2000 eloquium
3644 1945 3778 1984 sum

499 2033 654 2088 quor,
686 2019 927 2074 omnium
957 2019 1281 2088 generaliter
1303 2019 1500 2075 bonam
1529 2019 1862 2076 voluntatem
1889 2020 2087 2078 Christi

498 2111 668 2179 gratia
696 2110 799 2165 hoc
845 2111 1036 2165 ordine
1063 2125 1172 2180 quo
1213 2109 1443 2165 diximus
1489 2109 1788 2174 antecedit,
1820 2111 1865 2167 si
1907 2119 2086 2168 tamen

498 2216 598 2272 pro
619 2202 871 2257 omnibus
897 2210 1074 2268 natus,
1103 2202 1148 2256 si
1178 2210 1358 2256 tamen
1388 2218 1486 2272 pro
1516 2202 1763 2257 omnibus
1791 2217 1996 2274 passus.
2027 2205 2083 2260 Si

497 2307 606 2346 non
652 2305 816 2361 negas
842 2307 942 2361 pro
971 2291 1218 2347 omnibus
1246 2300 1538 2355 mortuum,
1588 2291 1632 2347 si
1657 2307 1779 2346 eum
1826 2291 2086 2364 Apostolo

496 2385 692 2441 asseris
730 2384 877 2454 quod
911 2401 1084 2439 omnes
1113 2384 1346 2440 homines
1373 2384 1478 2438 vult
1505 2384 1674 2439 salvos
1702 2384 1818 2455 ﬁeri
1858 2384 1920 2457 (Ι
1947 2385 2082 2440 Tim.

497 2481 554 2545 ιι)
577 2495 592 2545 ;
623 2493 721 2549 age
749 2494 910 2546 nunc,
944 2478 1074 2534 tolle
1101 2485 1156 2532 te
1175 2492 1204 2531 a
1227 2477 1465 2548 generali
1485 2478 1675 2546 gratia,
1709 2477 1776 2532 ad
1796 2479 2084 2548 specialem

496 2571 710 2635 accede,
741 2579 796 2626 et
841 2570 1088 2625 similiter
1113 2584 1239 2624 cum
1285 2569 1545 2639 Apostolo
1573 2568 1745 2624 clama
1774 2587 1788 2621 :
1817 2568 1934 2625 Non
1963 2586 2084 2626 om-

497 2664 580 2719 nis
623 2663 946 2733 generaliter
987 2663 1152 2718 homo
1197 2661 1376 2716 salvus
1403 2662 1525 2725 erit,
1568 2661 1664 2716 sed
1693 2661 1869 2717 omnis
1895 2663 2082 2730 homo,

496 2755 802 2824 quicunque
829 2754 1159 2809 invocaverit
1181 2767 1376 2807 nomen
1391 2752 1622 2816 Domini,
1642 2752 1730 2808 hic
1754 2753 1934 2809 salvus
1955 2755 2078 2810 erit.

497 2845 643 2900 Vade
663 2859 792 2914 ergo
812 2845 880 2899 ad
909 2844 1178 2900 oﬂicinam
1207 2845 1420 2911 medici,
1444 2845 1538 2914 qui
1563 2845 1707 2900 ultro
1734 2846 1882 2901 venit
1908 2845 1974 2902 ad
2001 2848 2081 2904 ci-

496 2936 714 2990 vitatem
745 2944 1005 2991 nostram.
1023 2935 1142 2991 Non
1170 2935 1353 3004 utique
1379 2936 1534 2991 nobis
1562 2937 1892 3005 rogantibus,
1916 2940 2086 2995 omni-

497 3026 595 3081 bus
642 3025 797 3081 nobis
842 3025 1082 3081 medicus
1109 3025 1438 3095 supervenit,
1469 3025 1737 3080 ofﬁcinam
1785 3029 1994 3097 aperuit
2030 3037 2085 3083 et

496 3131 684 3172 vocem
711 3116 909 3182 emisit,
937 3131 1042 3186 qua
1071 3130 1135 3171 ac
1163 3114 1206 3170 si
1237 3131 1412 3186 praeco
1441 3116 1748 3172 exclamans
1769 3116 1904 3172 dixit
1934 3137 1947 3172 :
1984 3118 2083 3173 Ve-

2191 2019 2618 2087 terrte,velo°citer
2643 2022 2805 2075 currit
2828 2037 2996 2075 sermo
3029 2021 3163 2090 ejus.
3189 2017 3293 2084 Qui
3316 2019 3406 2073 dat
3445 2021 3624 2074 nivem
3659 2021 3780 2073 sicut

2189 2110 2386 2176 lanam,
2416 2110 2654 2166 nebulam
2683 2111 2817 2165 sicut
2843 2112 3074 2164 cinerem
3100 2110 3320 2182 spargit.
3364 2107 3529 2162 Mittit
3563 2110 3780 2179 crystal.

2189 2203 2295 2257 lum
2323 2219 2474 2258 suam
2500 2203 2629 2256 sicut
2649 2201 2924 2265 buccellae,
2949 2211 3072 2255 ante
3090 2202 3280 2272 faciem
3307 2201 3516 2272 frigoris
3536 2201 3658 2270 ejus
3679 2201 3780 2271 quis

2186 2291 2494 2350 sustinebit?
2514 2291 2732 2346 Eminet
2761 2291 2970 2346 verbum
2997 2307 3145 2346 suum
3175 2299 3225 2344 et
3253 2291 3547 2362 liquefaciet
3580 2308 3664 2354 ea,
3690 2292 3779 2359 ﬂa-

2189 2380 2261 2435 bit
2280 2383 2490 2453 spiritus
2519 2382 2652 2452 ejus,
2683 2393 2733 2436 et
2759 2384 2923 2452 ﬂuent
2945 2399 3108 2453 aqute.
3143 2379 3248 2445 Qui
3273 2383 3554 2435 annuntiat
3581 2384 3777 2436 uerbum

2187 2488 2334 2526 suum
2363 2471 2544 2534 Jacob,
2569 2473 2804 2543 justitias
2845 2482 2896 2526 et
2926 2473 3130 2543 judicia
3167 2489 3262 2526 sua
3303 2470 3491 2526 Israel.
3536 2471 3671 2527 Non
3713 2476 3778 2542 [e-

2185 2565 2257 2618 cit
2287 2565 2460 2619 taliter
2485 2567 2627 2620 omni
2652 2567 2872 2630 nationi,
2897 2576 2948 2619 et
2958 2564 3161 2636 judicia
3187 2581 3284 2620 sua
3305 2581 3408 2620 non
3435 2568 3778 2637 manifestasit

2185 2656 2281 2712 eis.

2761 2741 3178 2783 COIIBNTANUI
3187 2765 3201 2779 .

2255 2841 2461 2908 Lauda,
2489 2841 2810 2904 Jerusalem,
2843 2841 3150 2898 Dominum.
3182 2840 3300 2897 Non
3329 2857 3428 2912 pro
3453 2857 3562 2896 una
3598 2858 3656 2895 re
3679 2843 3778 2895 lau-

2185 2937 2346 2993 datur
2380 2952 2411 2991 a
2440 2937 2657 2991 civitate
2684 2942 2869 2991 sancta
2899 2933 3176 2989 Dominus.
3207 2932 3412 2989 Causas
3449 2947 3585 3001 ergo
3618 2933 3780 2987 laudis

2187 3026 2322 3096 ejus,
2351 3043 2414 3083 ac
2441 3028 2486 3082 si
2513 3029 2870 3096 interrogaret
2897 3026 3010 3096 ipsa
3034 3025 3222 3081 civitas
3250 3040 3373 3080 eum
3400 3026 3491 3094 qui
3513 3041 3638 3079 eam
3662 3025 3778 3079 hor-

2191 3125 2394 3174 taretur
2422 3119 2490 3176 ad
2517 3120 2726 3182 laudes,
2759 3117 2907 3174 audit
2933 3118 3035 3173 sibi
3082 3118 3151 3172 ab
3199 3117 3523 3172 exhortante
3566 3116 3778 3186 exposio

495 3211 602 3264 nite
639 3209 709 3263 ad
735 3226 816 3264 me
843 3223 1021 3264 omnes
1053 3206 1268 3280 (Matth.
1302 3207 1401 3277 ιι).
1428 3206 1546 3262 Jam
1587 3207 1750 3264 modo
1789 3217 1914 3280 post
1949 3211 2088 3265 hanc
2115 3213 2161 3276 C
2192 3219 2294 3265 tas.
2317 3209 2677 3280 inquitzEum
2701 3210 2878 3277 lauda,
2907 3209 3034 3278 quia
3062 3208 3387 3265 confortavit
3415 3223 3568 3263 seras
3605 3217 3774 3278 porta-

496 3315 682 3356 vocem
708 3300 978 3356 antecedit
999 3299 1250 3355 voluntas
1270 3300 1514 3368 gratiam.
1542 3298 1602 3354 Si
1627 3300 1771 3354 enim
1799 3301 2080 3367 volueritis,

497 3392 686 3460 inquit,
710 3401 760 3446 et
787 3391 1055 3446 audieritis
1075 3407 1174 3456 me,
1206 3407 1320 3464 qua;
1340 3391 1475 3445 bona
1499 3397 1618 3444 sunt
1641 3399 1792 3445 terra:
1811 3391 1996 3445 edetis.
2023 3389 2086 3446 Si

495 3493 664 3538 autem
691 3483 989 3546 nolueritis,
1023 3481 1228 3554 gladius
1266 3497 1354 3536 vos
1393 3481 1622 3536 comedet
1651 3479 1810 3550 (Isai.
1844 3483 1904 3552 ι).
1937 3481 2086 3538 Sicut

495 3589 624 3643 ergo
645 3572 936 3628 antecessit
964 3572 1138 3641 gratia
1163 3571 1496 3626 voluntatem
1535 3570 1785 3638 hominis,
1816 3571 1870 3626 in
1901 3579 2084 3627 osten-

494 3666 648 3719 sione
693 3665 808 3729 sui,
839 3670 893 3719 et
922 3663 974 3718 in
1006 3662 1356 3732 adapertione
1386 3662 1660 3727 veritatis;
1695 3662 1768 3717 ita
1816 3663 2088 3719 antecedit

497 3755 743 3809 voluntas
787 3753 1025 3808 hominis
1069 3752 1297 3821 gratiam
1325 3749 1442 3806 Dei.
1473 3750 1592 3806 Non
1621 3753 1764 3807 enim
1786 3753 1936 3823 prius
1963 3754 2090 3824 bap.

496 3846 695 3908 tizaris,
728 3852 783 3899 et
808 3845 886 3900 sie
911 3843 1050 3898 velle
1080 3842 1270 3913 incipis
1309 3843 1556 3909 credere;
1584 3844 1679 3899 sed
1719 3845 1869 3915 prius
1895 3845 2088 3900 volun-

499 3948 661 3995 tatem
692 3949 837 3994 tuam
857 3937 1152 4009 perfectam
1171 3937 1396 3992 exhibes
1417 3936 1703 4004 sacerdoti,
1723 3944 1778 3993 et
1797 3935 2087 3994 confessio-

498 4046 618 4086 nem
635 4040 779 4084 tuam
803 4029 906 4084 tuis
930 4028 1082 4083 labiis
1107 4027 1316 4099 pandis,
1346 4035 1401 4084 et
1429 4028 1502 4083 ita
1520 4027 1736 4084 demum
1755 4028 1824 4084 ad
1852 4027 1947 4084 Dei
1965 4042 2088 4098 gra-

497 4126 623 4180 tiam
651 4134 708 4179 ut
736 4123 1084 4193 consequaris
1108 4123 1342 4192 attingis.
1375 4121 1546 4190 Quam
1570 4128 1893 4179 consecutus
1917 4120 2088 4178 conﬂ-

497 4218 713 4284 teberis,
745 4217 871 4286 quia
901 4216 1080 4271 omnia
1111 4214 1207 4269 Dei
1236 4215 1377 4269 dona
1398 4213 1668 4269 credendo
1694 4222 1750 4269 et
1770 4212 2085 4269 desideran-

496 4311 565 4366 do
589 4317 908 4366 consecutus
935 4323 1014 4362 es.
1046 4305 1110 4360 Et
1139 4306 1212 4361 ita
1238 4305 1454 4361 demum
1480 4306 1723 4360 ultimum
1751 4305 1912 4375 hujus
1941 4305 2084 4374 psal-

495 4401 567 4457 mi
595 4401 834 4456 cantabis
865 4417 878 4452 :
903 4397 1039 4466 Quia
1056 4397 1452 4467 beneplacitum
1473 4405 1555 4451 est
1580 4395 1809 4451 Domino
1836 4410 1999 4466 super
2018 4396 2087 4450 ti-

495 4501 703 4548 mentes
730 4507 883 4556 cum,
915 4499 970 4546 et
1007 4490 1061 4544 in
1103 4504 1199 4545 eos
1221 4488 1313 4558 qui
1349 4496 1571 4559 sperant
1615 4488 1667 4542 in
1717 4487 2083 4543 misericordia

2188 3321 2305 3360 rum
2355 3313 2586 3359 tuarum.
2645 3303 2808 3358 Vides
2857 3317 2986 3370 ergo
3026 3303 3172 3372 quia,
3207 3309 3474 3379 ut.supra
3521 3299 3771 3362 diximus,

2187 3405 2428 3452 nostrum
2451 3403 2534 3450 est
2554 3410 2734 3450 serare
2753 3403 2956 3465 portas,
2981 3393 3224 3448 hostibus
3245 3393 3502 3462 impetum
3533 3390 3772 3447 facienti-

2186 3488 2306 3553 bus,
2331 3486 2426 3543 sed
2453 3486 2665 3541 Domini
2694 3494 2778 3541 est
2805 3484 3113 3540 confortare
3139 3499 3290 3540 seras
3318 3493 3604 3554 portarum
3625 3483 3763 3539 Jeru.

2185 3578 2387 3644 salem;
2419 3591 2549 3646 ergo
2577 3584 2660 3633 est
2686 3577 2879 3632 civitas
2918 3574 3214 3632 Jerusalem
3256 3575 3314 3630 in
3350 3589 3456 3644 qua
3503 3577 3772 3646 prapheue

2185 3667 2450 3731 habitant,
2473 3667 2527 3722 in
2551 3681 2659 3736 qua
2687 3663 2934 3723 Christus
2965 3666 3240 3737 praedicat,
3275 3674 3332 3721 et
3358 3666 3588 3722 virtutes
3607 3668 3771 3722 diver-

2186 3774 2275 3814 sas
2303 3766 2540 3826 exercet,
2573 3759 2628 3815 in
2656 3774 2760 3830 qua
2788 3760 2990 3830 patitur
3016 3773 3252 3823 crucem,
3301 3757 3356 3812 in
3394 3772 3501 3827 qua
3537 3759 3768 3813 omnium

2187 3856 2312 3906 sunt
2356 3863 2556 3916 genera
2597 3859 2817 3920 peracta
2843 3851 3119 3906 virtutum.
3151 3850 3256 3918 Qui
3283 3864 3415 3919 ergo
3451 3851 3572 3906 haec
3600 3851 3770 3908 omnis

2187 3942 2330 3997 intus
2358 3941 2414 3996 in
2441 3941 2618 3996 anima
2657 3953 2753 3997 sua
2799 3941 2888 3998 die
2916 3949 3187 4011 noctuque
3226 3941 3545 4007 meditatur,
3573 3942 3768 3997 habens

2187 4032 2329 4088 intra
2356 4047 2416 4088 se
2441 4033 2754 4103 prophetas,
2785 4031 3056 4088 Christum
3075 4040 3132 4088 et
3155 4033 3452 4104 apoStolos,
3477 4033 3672 4089 civitas
3689 4031 3770 4086 Je—

2189 4125 2420 4182 rusalem
2449 4126 2640 4190 factus,
2671 4125 2872 4181 claudit
2890 4133 3076 4196 portas
3099 4126 3316 4181 inimico
3338 4134 3395 4181 et
3413 4125 3622 4194 angelis
3640 4125 3768 4193 ejus,

2188 4226 2244 4275 et
2268 4233 2492 4275 necesse
2509 4226 2595 4274 est
2613 4225 2671 4274 ut
2699 4233 2846 4273 seras
2865 4206 2990 4274 fidei
3007 4217 3203 4274 clausis
3229 4216 3558 4286 ingressibus
3576 4216 3764 4270 mittat.

2186 4309 2320 4364 Nam
2348 4311 2496 4375 ﬁdes,
2527 4323 2670 4380 spes,
2695 4309 2947 4370 charitas,
2978 4313 3086 4364 tres
3113 4322 3249 4363 sem
3275 4315 3401 4362 sunt
3427 4306 3604 4362 missae
3641 4320 3765 4360 con-

2187 4410 2270 4456 tra
2298 4401 2603 4465 diabolum;
2629 4400 2724 4456 sed
2751 4408 2807 4454 et
2835 4399 2968 4455 fides
2992 4397 3203 4464 deficit,
3245 4407 3302 4453 et
3339 4413 3464 4468 spes
3491 4397 3763 4452 mollescit.

2188 4501 2245 4549 et
2271 4493 2506 4548 charitas
2530 4491 2864 4560 refrigescit,
2888 4490 2990 4545 nisi
3011 4489 3155 4546 dono
3183 4488 3380 4544 luerint
3406 4487 3579 4544 sancti
3607 4485 3764 4556 Spiri-

495 4586 630 4656 ejus,
655 4583 942 4640 excludere
969 4583 1158 4638 volens
1191 4581 1559 4636 extollentiam
1588 4579 1958 4644 humanitatis,
1991 4595 2084 4633 vo-
2111 4574 2164 4634 D
2189 4590 2276 4638 tus
2319 4581 2652 4638 confortatze.
2694 4580 2830 4637 Cum
2872 4594 3001 4648 ergo
3041 4579 3355 4636 confortata:
3401 4578 3599 4632 fuerint
3641 4590 3762 4631 sene

496 4679 754 4732 luntatem
783 4675 1085 4730 Divinitatis
1108 4671 1389 4744 expressit.
1408 4670 1522 4727 Scit
1541 4671 1685 4725 enim
1701 4669 1842 4726 Deus
1873 4671 2084 4726 hostem

497 4778 736 4825 nostrum
772 4776 902 4824 tunc
944 4767 1098 4822 nobis
1125 4780 1289 4837 posse
1317 4766 1642 4833 subrepere,
1671 4779 1790 4818 cum
1842 4779 1943 4818 nos
1969 4763 2086 4818 sine

497 4864 686 4918 timore
706 4863 886 4918 divino
905 4860 1186 4931 repererit.
1205 4857 1274 4913 Et
1294 4858 1414 4913 ideo
1434 4855 1502 4912 ad
1523 4855 1816 4912 remedium
1841 4865 2082 4911 nostrum

497 4954 864 5024 pronuntiavit
905 4953 1009 5007 hoc
1037 4950 1272 5014 dictum,
1303 4949 1458 5021 quasi
1487 4949 1577 5018 qui
1625 4947 1831 5004 diceret
1862 4967 1874 5001 :
1908 4947 2076 5003 Bene-

497 5046 749 5116 placitum
778 5052 861 5100 est
887 5043 999 5100 Dco
1026 5058 1189 5114 super
1215 5058 1310 5098 eos
1334 5043 1426 5112 qui
1454 5056 1484 5096 a
1523 5040 1738 5095 diabolo
1767 5040 2078 5094 liberantur.

497 5140 611 5193 Non
638 5136 781 5192 enim
828 5135 970 5190 Deus
998 5136 1191 5191 affectu
1219 5134 1450 5198 ducitur,
1482 5139 1539 5186 ut
1586 5131 1653 5185 ab
1681 5130 1986 5185 hominibus
2015 5123 2092 5181 ti?

498 5238 734 5294 meatur,
764 5227 858 5282 sed
885 5225 1253 5282 misericordia
1285 5233 1429 5278 totus
1471 5223 1711 5276 misereri
1739 5221 1866 5274 dum
1908 5219 2088 5274 studet

497 5318 722 5384 homini,
742 5319 852 5373 vult
873 5333 942 5372 ex
958 5317 1184 5387 imperio
1209 5315 1417 5368 timoris
1447 5313 1558 5367 lieri
1579 5313 1720 5382 quod
1753 5309 2086 5382 profuturum

492 5409 597 5479 ipsi
620 5407 825 5464 homini
851 5423 949 5478 pro
978 5413 1128 5460 certo
1149 5403 1444 5472 cognoscit.
1463 5400 1611 5455 Sicut
1639 5401 1731 5470 qui
1763 5401 1968 5454 litteras
1998 5397 2087 5452 do-

497 5509 641 5566 cent,
673 5501 920 5554 timorcm
947 5495 1273 5552 discentibus
1301 5503 1356 5548 et
1383 5503 1643 5548 terrorem
1672 5493 1944 5556 inducunt,
1979 5506 2085 5544 non

499 5595 684 5663 utique
728 5589 1088 5647 necessarium
1134 5588 1436 5655 magistris,
1487 5585 1580 5642 sed
1611 5587 1764 5640 valde
1811 5585 2088 5653 discipulis

502 5685 854 5756 profuturum.
889 5682 956 5736 Et
982 5683 1121 5737 sicut
1149 5681 1268 5736 illos
1297 5681 1588 5736 exhorrent
1616 5679 1704 5748 qui
1747 5678 1862 5732 sine
1891 5677 2087 5731 timore

502 5786 554 5830 et
577 5776 693 5830 sine
719 5790 813 5845 spe
841 5782 984 5840 sunt,
1009 5775 1182 5830 sciunt
1202 5774 1344 5829 enim
1368 5789 1461 5828 eos
1491 5771 1556 5825 ad
1579 5770 1931 5838 eruditionem
1959 5785 2082 5838 per-

2187 4682 2469 4746 portarum
2491 4681 2726 4735 tuarum,
2750 4671 3139 4728 benedicentur
3185 4668 3277 4724 filii
3318 4669 3396 4724 tui
3444 4670 3498 4724 in
3545 4678 3614 4723 te.
3655 4667 3762 4721 Filii

2190 4765 2266 4818 tui
2295 4771 2441 4830 sunt,
2473 4763 2564 4832 qui
2593 4772 2687 4818 tuo
2708 4761 3067 4816 informantur
3092 4759 3360 4830 exemplo,
3389 4760 3504 4815 sive
3533 4759 3585 4812 in
3607 4758 3761 4816 bono.

2187 4856 2303 4911 sive
2329 4855 2384 4910 in
2406 4854 2570 4908 malo.
2603 4853 2671 4908 Hi
2699 4867 2862 4922 ergo,
2888 4852 3091 4921 inquit,
3129 4851 3184 4906 in
3213 4857 3268 4906 te
3294 4849 3692 4911 benedicentur,
3721 4846 3765 4899 si

2189 4961 2326 5002 sera:
2354 4953 2630 5015 portarum
2660 4952 2870 4999 tuarum
2897 4943 2952 4998 in
2980 4951 3035 4997 te
3065 4941 3264 4997 fuerint
3285 4939 3601 4996 confortatus
3625 4955 3637 4990 :
3669 4953 3760 5005 po-

2186 5041 2331 5095 nitur
2353 5039 2474 5094 linis
2503 5047 2625 5094 tuus
2669 5039 2720 5092 in
2763 5051 2898 5107 pace
2923 5035 3052 5091 dum
3079 5034 3193 5090 dies
3219 5033 3496 5088 advenerit
3533 5040 3588 5086 ut
3612 5044 3764 5085 exeas

2186 5131 2254 5187 de
2283 5130 2502 5194 mundo,
2535 5138 2590 5184 et
2617 5129 2826 5185 actibus
2870 5127 2976 5181 tuis
3010 5125 3262 5180 omnibus
3303 5120 3461 5178 linem
3511 5123 3760 5191 imponas.

2190 5221 2303 5276 Pax
2329 5222 2434 5276 erit
2453 5237 2575 5275 cum
2605 5219 2718 5274 Deo
2744 5217 2863 5273 ﬁnis
2883 5225 3035 5281 tuus,
3061 5217 3115 5270 in
3139 5230 3249 5284 quo
3275 5229 3396 5270 cum
3423 5214 3570 5269 exire
3596 5223 3763 5278 unpe-

2187 5313 2280 5379 ris,
2309 5312 2466 5382 adipe
2489 5310 2738 5366 frumenti
2768 5309 2930 5364 satiat
2958 5315 3030 5362 te.
3054 5306 3174 5376 Ipse
3194 5306 3297 5362 hoc
3327 5304 3454 5360 facit
3471 5303 3561 5374 qui
3580 5299 3761 5358 emittit

2191 5405 2463 5472 eloquium
2490 5418 2646 5458 suum
2673 5411 2848 5468 terrae,
2873 5400 2927 5455 id
2955 5407 3056 5461 est,
3087 5398 3180 5469 qui
3202 5398 3426 5452 verbum
3453 5411 3603 5452 suum
3625 5391 3760 5446 misit

2188 5497 2244 5550 in
2292 5495 2534 5549 Mariam.
2583 5491 2648 5547 Et
2695 5502 2806 5547 tam
2849 5490 3108 5546 velociter
3135 5490 3305 5544 currit
3332 5502 3512 5543 sermo
3539 5485 3678 5554 ejus.
3709 5490 3760 5536 ut

2189 5601 2309 5640 cum
2337 5600 2432 5654 per
2461 5593 2540 5638 tot
2560 5583 2723 5636 millia
2753 5597 3016 5636 annorum
3046 5581 3100 5634 in
3125 5580 3240 5634 sola
3259 5577 3443 5632 Judaaa
3475 5585 3626 5632 notus
3651 5571 3757 5625 (νει

2189 5677 2258 5729 rit
2282 5675 2424 5730 Deus
2447 5713 2461 5737 ,
2506 5689 2647 5727 nunc
2690 5673 2830 5726 intra
2855 5685 3058 5741 paucos
3088 5683 3279 5732 annos,
3311 5683 3411 5722 nec
3449 5668 3591 5738 ipsos
3615 5661 3760 5715 Indi-6

2190 5768 2353 5822 lateat
2381 5782 2408 5818 a
2446 5773 2598 5836 parte
2626 5763 2858 5818 Orientis
2881 5803 2896 5830 ,
2947 5777 3046 5817 nec
3094 5775 3240 5828 ipsos
3285 5758 3527 5815 Britones
3555 5773 3580 5810 a
3619 5762 3757 5826 parte
