3884 6184
263 240 360 295 565

263 351 535 409 Occidentis

263 448 343 500 dat
388 443 550 497 nivem
596 441 735 496 sicut
784 440 980 493 lanam.
1026 438 1224 492 Lanam
1257 438 1422 492 voluit
1450 453 1548 506 pro
1578 437 1810 505 tegmine

264 550 552 594 memorare.
595 532 657 589 Si
684 534 913 604 fuerint,
963 532 1162 600 inquit,
1209 540 1418 600 peccata
1472 540 1640 584 uestra
1680 529 1812 584 sicut

263 629 517 688 coccinum,
547 623 677 679 velut
705 623 879 678 lanam
907 623 1121 694 efﬁciam
1153 619 1307 692 (Isai.
1342 621 1404 692 ι).
1435 619 1646 676 Docens
1682 633 1810 688 ergo

262 733 344 772 eos
367 717 452 785 qui
473 715 626 784 adipe
665 714 916 768 frumenti
954 714 1246 776 satiantur,
1279 711 1423 781 quod
1449 711 1661 766 candidi
1706 727 1810 764 una

261 807 336 861 die
361 808 409 860 in
433 805 563 858 albis
593 805 829 859 vestibus
856 818 952 873 per
980 811 1152 857 totum
1180 803 1365 856 orbem
1393 801 1706 871 procedant,
1733 801 1814 857 his

262 898 492 952 Dominus
525 896 772 950 nebulam
801 896 939 950 sicut
961 895 1196 950 cinerem
1224 896 1445 965 spargit.
1468 895 1670 950 Nebula
1693 910 1814 965 qua:

221 1029 234 1048 .
262 988 384 1042 sicut
405 986 533 1041 cinis
559 986 844 1054 spargitur,
870 987 1059 1054 pruina
1087 1000 1207 1054 qua:
1242 985 1418 1054 fruges
1447 985 1720 1040 universas
1742 986 1817 1040 in-

261 1087 331 1130 tra
357 1086 502 1131 terra:
531 1076 734 1131 viscera
760 1076 970 1131 clausas
997 1076 1308 1145 impingunt,
1333 1091 1453 1145 quae
1471 1085 1675 1145 quanto
1695 1077 1815 1147 plus

261 1165 539 1220 incubuerit
583 1165 746 1229 satis,
800 1173 948 1220 tanto
995 1167 1210 1220 uberius
1256 1165 1468 1246 prolicit
1514 1168 1566 1220 in
1615 1166 1822 1226 aristis.

261 1255 490 1310 Pruinam
518 1269 648 1324 ergo
679 1272 777 1310 nos
803 1256 854 1310 in
884 1256 998 1311 istis
1025 1271 1162 1324 quos
1189 1257 1347 1325 adipe
1376 1256 1625 1313 frumenti
1655 1257 1818 1311 satiat

260 1348 510 1418 Dominus,
553 1348 802 1417 ponimus
848 1349 1204 1402 tentationum
1233 1348 1579 1411 afﬂictiones,
1623 1350 1816 1419 quibus

259 1451 318 1491 eo
342 1438 562 1508 amplius
590 1435 876 1507 proﬁciunt
905 1439 956 1492 in
989 1439 1187 1504 futuro,
1231 1448 1432 1509 quanto
1460 1441 1580 1510 plus
1621 1439 1818 1497 fuerint

260 1528 304 1582 in
329 1529 566 1598 presenti
596 1529 852 1598 perpessi.
888 1527 1088 1584 Dehinc
1115 1530 1346 1584 mittitur
1366 1531 1675 1600 crystallum
1699 1539 1816 1586 tan-

259 1635 401 1688 quam
425 1619 588 1674 frusta
616 1621 786 1689 panis.
818 1619 1142 1691 Crystallum
1171 1622 1274 1676 hoc
1300 1622 1574 1690 grandinis
1615 1637 1815 1678 memo-

1097 231 1561 290 COMMENTARII
1602 233 1666 288 IN
1705 233 2033 290 PSALMOS.
2078 233 2269 289 PSAL
2312 234 2582 290 CXLVIII.

611 349 807 418 ubique
835 347 1003 402 currit
1031 347 1287 402 velociter
1315 362 1493 401 sermo
1535 347 1683 414 ejus,
1715 347 1804 414 qui
1838 353 1877 404 Α
1911 347 2067 416 pullis
2098 357 2155 401 ut
2182 365 2281 400 suo
2308 360 2467 403 cantu
2496 367 2523 403 a
2557 359 2711 403 nocte
2738 351 2972 404 dividant
2995 360 3228 406 ium-tem.
3261 351 3360 417 Qui
3383 354 3493 408 ela-

3387 234 3495 291 566

1913 448 2060 492 mant
2088 438 2302 508 quidem
2336 451 2392 494 ut
2411 441 2547 494 alios
2577 442 2829 503 excitent,
2858 441 2955 509 ipsi
2983 457 3111 496 vero
3132 443 3339 494 cunctis
3365 444 3494 508 vigi-

1912 528 2144 585 lantibus
2169 531 2458 585 dormiunt.
2491 531 2640 597 Quod
2689 547 2815 599 ergo
2861 532 2927 585 ad
2972 532 3221 586 ruborem
3271 533 3495 586 dixerim

1916 627 2174 685 nostrum,
2191 621 2282 688 qui
2307 622 2602 675 excitamus
2623 622 2686 674 ad
2716 622 2920 675 Iaudem
2947 622 3036 676 Dei
3059 624 3259 690 eosqui
3285 623 3334 675 in
3359 623 3499 677 cmlo

1915 719 2076 774 sunt,
2127 711 2367 768 dicentes
2400 731 2411 764 :
2445 712 2680 767 Laudato
2716 715 2998 768 Dominum
3029 731 3124 770 vos
3163 717 3252 782 qui
3283 717 3412 770 estis
3444 717 3495 768 iu

1914 801 2084 866 cmlis,
2105 800 2320 855 laudate
2349 817 2472 856 eum
2501 811 2557 854 et
2583 817 2680 856 vos
2699 803 2788 870 qui
2810 803 2939 858 estis
2963 803 3014 856 in
3046 803 3288 858 excelsis.
3309 803 3414 858 Sed
3441 814 3496 859 et

1915 891 2038 958 soli,
2067 900 2122 946 et
2144 891 2303 958 lunaz,
2337 903 2392 946 et
2417 893 2604 957 stellis,
2630 901 2684 947 et
2716 893 2929 955 lumini.
2952 899 3006 947 et
3035 894 3183 948 cretis
3210 895 3495 959 caelorum,

1915 988 1971 1036 et
1998 981 2152 1050 aquis
2178 996 2296 1050 qua:
2321 987 2446 1036 sunt
2472 996 2633 1050 super
2651 981 2835 1045 cmlos,
2867 988 2925 1035 ut
2951 982 3170 1037 laudent
3215 982 3496 1038 Dominum

1916 1069 2261 1141 imperamus.
2290 1070 2393 1140 Ipsi
2419 1087 2548 1125 vero
2569 1070 2881 1136 dormimus,
2904 1087 3024 1126 cum
3050 1073 3174 1126 talia
3203 1087 3368 1142 opera
3391 1089 3498 1128 non

1919 1162 2158 1227 facimus,
2190 1163 2243 1218 in
2270 1164 2465 1234 quibus
2497 1164 2742 1218 laudetur
2779 1164 2919 1219 Deus
2943 1171 3000 1220 et
3022 1165 3370 1220 benedicatur
3399 1181 3471 1220 no

1918 1268 2040 1308 men
2062 1253 2198 1322 ejus.
2225 1253 2352 1319 Sed,
2392 1255 2536 1324 quod
2568 1255 2719 1324 pejus
2747 1265 2847 1320 est,
2893 1263 2948 1309 et
2985 1256 3128 1324 quod
3151 1257 3269 1312 sine
3296 1258 3498 1325 gemitu

1917 1342 2198 1398 dicendum
2221 1359 2327 1398 non
2355 1353 2456 1409 est,
2471 1360 2570 1415 per
2583 1361 2680 1399 nos
2706 1361 2900 1399 nomen
2923 1345 3133 1400 Domini
3160 1347 3498 1416 blasphema-

1921 1443 2024 1496 tur,
2049 1450 2170 1489 cum
2196 1435 2247 1488 in
2265 1435 2467 1504 judicio
2492 1452 2748 1506 personas
2770 1437 3080 1506 accipimus,
3103 1453 3225 1492 cum
3247 1437 3315 1493 ad
3337 1441 3497 1494 vesti-

1919 1534 2180 1591 mentum,
2229 1536 2284 1582 et
2321 1527 2388 1581 ad
2434 1529 2680 1593 annulos,
2712 1537 2767 1582 et
2793 1529 2858 1582 ad
2884 1529 3082 1597 glorias
3109 1529 3387 1585 hominum
3413 1540 3497 1586 at-

1919 1616 2221 1679 tendentes,
2252 1632 2512 1686 personas
2539 1633 2833 1688 pauperum
2865 1620 3179 1676 refutamus.
3211 1621 3304 1676 Ille
3339 1636 3498 1690 quem

259 1718 332 1765 rat
363 1710 452 1766 Dei
481 1710 864 1780 lapidationem
887 1749 904 1776 ,
951 1725 1112 1780 quam
1139 1712 1368 1781 panibus
1392 1712 1576 1768 fractis
1601 1720 1655 1767 et
1682 1714 1814 1768 buc-
1849 1700 1894 1760 Β
1923 1712 1978 1760 ιιι
2003 1716 2182 1762 tacere
2211 1715 2385 1776 ρυιειε.
2416 1718 2592 1776 Semel
2629 1717 2987 1780 θοηιεῐιψιιιεν
3029 1711 3287 1777 abiectus.
3311 1722 3367 1766 ει
3404 1729 3500 1783 Pro

259 1801 392 1856 cellis
416 1801 693 1867 assimilat.
726 1800 1013 1857 Cieduntur
1039 1803 1182 1857 enim
1208 1803 1492 1860 credentes
1529 1812 1588 1859 ut
1615 1804 1814 1859 metalli

257 1891 605 1961 cujuscunque
631 1893 874 1958 materia,
904 1909 1013 1948 non
1041 1900 1100 1948 ut
1144 1895 1447 1950 moriantur
1465 1935 1482 1961 ,
1527 1895 1622 1950 sed
1661 1902 1723 1948 ut
1749 1893 1815 1948 ad

256 1991 434 2037 statum
461 1998 490 2036 a
518 1998 630 2052 quo
659 1982 968 2038 ceciderant
995 1993 1338 2040 revocentur.
1395 1984 1624 2040 Additur
1671 1986 1816 2054 quod

256 2079 366 2126 ante
386 2071 570 2127 faciem
603 2071 816 2141 frigoris
837 2073 952 2140 ejus
974 2075 1149 2129 nullus
1168 2075 1444 2130 subsistat.
1473 2075 1670 2130 Verum
1690 2077 1814 2146 quia

255 2162 408 2231 ﬁdelis
426 2173 515 2225 est,
541 2172 598 2217 et
622 2179 724 2218 non
751 2165 973 2233 patietur
997 2181 1086 2219 eos
1113 2166 1300 2218 tentari
1328 2181 1486 2236 supra
1512 2182 1666 2237 artam
1697 2183 1816 2237 pos-

255 2261 360 2305 sunt
403 2252 442 2324 (l
480 2251 606 2307 Cor.
638 2252 728 2322 χ),
777 2254 942 2308 mittit
989 2254 1207 2309 verbum
1235 2270 1392 2310 suum
1419 2265 1475 2312 et
1512 2256 1820 2326 liquefaciet

254 2355 330 2404 ea,
358 2341 407 2395 id
456 2351 556 2407 est,
593 2344 796 2398 renatis
840 2342 984 2398 ﬂavit
1025 2344 1254 2414 Spiritus
1289 2354 1524 2410 sanctus,
1565 2355 1621 2402 et
1645 2345 1818 2404 ﬂuunt

252 2446 390 2500 aqua:
405 2448 469 2488 ex
489 2435 685 2500 oculis,
705 2445 763 2489 ut
791 2435 905 2490 ista:
933 2451 1084 2506 aqua:
1110 2436 1290 2492 lavent
1315 2437 1502 2494 sordes
1530 2455 1738 2506 omnes,
1762 2448 1820 2497 et

252 2523 470 2577 maculas
497 2524 725 2579 abluaut
751 2535 1116 2595 peccatorum.
1146 2526 1215 2582 Et
1241 2528 1362 2596 quis
1385 2537 1469 2584 est
1493 2531 1586 2599 qui
1607 2530 1722 2586 haec
1738 2527 1820 2586 fa-

251 2611 349 2664 cit?
374 2613 489 2680 quis
526 2614 719 2682 utique
759 2614 912 2678 alius,
943 2615 1045 2670 nisi
1073 2617 1120 2671 is
1143 2617 1235 2685 qui
1264 2619 1574 2687 pronuntiat
1594 2619 1819 2676 verbum

249 2715 386 2755 suum
412 2701 603 2767 Jacob,
624 2703 858 2772 justitias
877 2714 932 2759 et
946 2705 1146 2773 judicia
1166 2721 1261 2762 sua
1281 2707 1483 2764 Israel?
1505 2707 1820 2780 Ubicunque

251 2789 394 2848 Israel
418 2803 516 2862 est,
542 2795 645 2863 qui
675 2795 817 2850 videt
846 2796 1010 2852 Deum
1029 2838 1044 2861 ,
1077 2798 1149 2852 ibi
1175 2798 1434 2866 justitiam
1462 2800 1604 2857 Deus
1635 2809 1818 2858 osten-

252 2882 331 2938 det
354 2900 514 2939 suam.
548 2885 698 2941 Deus
725 2887 866 2941 enim
895 2887 1035 2943 sicut
1059 2888 1127 2943 ad
1153 2889 1532 2959 indulgendum
1566 2890 1817 2950 ﬂentibus

253 2982 301 3029 et
324 2978 701 3045 paenitentibus
728 2979 847 3048 pius
871 2987 972 3042 est,
1004 2979 1077 3033 ita
1105 2979 1172 3034 ad
1197 2980 1522 3036 reddendum
1548 2998 1649 3052 pro
1665 2983 1818 3052 justi-

1919 1797 2086 1851 nihilo
2114 1798 2329 1852 habitus
2349 1839 2366 1863 ,
2417 1814 2611 1854 nomen
2639 1800 2855 1854 beatum
2885 1800 3098 1855 lacessit
3127 1801 3500 1872 blasphemiis;

1916 1887 2048 1956 quid
2071 1902 2200 1957 ergo
2223 1888 2289 1943 ad
2309 1889 2494 1946 laudes
2519 1890 2634 1953 Dei,
2660 1899 2715 1945 et
2733 1890 2800 1946 de
2825 1891 2976 1947 cmlis
3000 1891 3220 1961 angelos
3241 1901 3297 1947 et
3323 1894 3502 1948 omnia
3530 1882 3534 1885 ’

1917 1992 2039 2046 qua:
2067 1979 2120 2034 in
2141 1979 2219 2034 eis
2243 1988 2371 2035 sunt
2398 1981 2728 2045 excitamus;
2775 1990 2831 2037 et
2858 1982 2926 2038 de
2975 1992 3117 2038 terra
3160 1984 3322 2038 etiam
3358 1985 3503 2055 ipsos

1919 2068 2203 2134 dracones,
2225 2078 2280 2124 et
2299 2081 2596 2139 serpentes,
2621 2080 2675 2125 et
2696 2073 2961 2136 volucres,
2984 2084 3038 2128 et
3057 2075 3254 2143 ignem,
3278 2083 3334 2131 et
3351 2090 3503 2144 gran-

1918 2159 2118 2224 dinem,
2151 2168 2208 2214 et
2250 2160 2495 2228 spiritum
2528 2163 2867 2230 tempestatis
2904 2179 3187 2230 vocamus;
3219 2165 3503 2222 invitamus

1917 2258 2132 2306 montes
2151 2261 2208 2306 et
2237 2251 2423 2317 colles,
2454 2252 2596 2320 ligna
2628 2253 2901 2310 fructifera
2927 2257 3198 2323 universa,
3229 2272 3384 2328 reges
3420 2261 3502 2330 ip-

1917 2356 2009 2398 sos
2034 2349 2092 2398 et
2124 2342 2415 2412 principes,
2444 2352 2500 2399 et
2541 2360 2729 2399 omnes
2751 2345 2978 2414 judices,
3014 2363 3227 2403 omnem
3249 2348 3503 2418 juventu-

1918 2439 2027 2488 tem
2055 2441 2110 2488 et
2137 2448 2354 2488 omnem
2379 2441 2730 2500 senectutem,
2758 2436 3014 2503 virgines,
3038 2436 3282 2506 juvenes,
3309 2448 3365 2494 et
3385 2455 3502 2496 om-

1919 2521 2007 2578 nia
2050 2536 2170 2591 qua:
2215 2522 2315 2578 sub
2357 2523 2498 2578 coelo
2539 2525 2710 2578 sunt?
2737 2523 2934 2581 Omnes
2956 2527 3023 2580 ad
3052 2528 3264 2584 laudem
3291 2530 3503 2586 Domini

1916 2614 2244 2679 excitamus,
2283 2629 2674 2684 provocamus,
2707 2615 3008 2682 hortamur,
3029 2625 3086 2672 et
3121 2619 3362 2676 infelices
3400 2622 3501 2692 ipsi

1916 2703 2228 2761 dormimus.
2278 2704 2348 2759 At
2387 2706 2592 2761 utinam
2629 2706 2984 2763 dormiremus
3011 2723 3204 2766 somno
3226 2713 3425 2782 carnis,
3445 2723 3502 2769 et

1916 2812 2027 2853 non
2046 2797 2548 2853 inconsiderationis
2567 2807 2766 2853 nostra:
2783 2814 3164 2869 soporaremur
3180 2803 3497 2870 gravedine!

1915 2887 2057 2944 Ecce
2081 2888 2261 2942 omnia
2289 2887 2345 2942 in
2383 2903 2549 2943 unum
2577 2903 2697 2957 quae
2723 2890 3074 2945 excitavimus
3102 2903 3498 2960 convenerunt,

1917 2980 2019 3050 ipsi
2045 2979 2310 3036 dracones
2332 2995 2432 3035 nos
2455 2989 2510 3035 et
2538 2989 2816 3051 serpentes
2862 2991 2916 3036 et
2953 2983 3139 3039 bestiae
3167 2993 3222 3039 et
3250 2985 3498 3041 universa

254 3065 317 3118 tia
342 3065 704 3123 laborantibus
726 3067 918 3136 justus.
952 3067 1068 3124 Non
1100 3067 1223 3125 fecit
1244 3071 1423 3127 taliter
1442 3075 1590 3128 omni
1610 3076 1814 3131 nationi
1841 3057 1888 3122 (ἶ
1917 3084 2114 3140 peoora
2144 3070 2516 3140 ἱηοτθβεώιιηιν
2545 3072 2785 3127 dicentes
2817 3091 2830 3126 ε
2864 3073 3000 3139 Ουίά
3034 3089 3132 3128 "03
3158 3075 3405 3130 θκείωίίδ
3432 3077 3500 3130 ad

252 3156 374 3212 sicut
396 3158 499 3224 isti,
529 3160 717 3228 utique
737 3159 939 3213 nationi
963 3174 1079 3228 qua:
1098 3160 1185 3216 die
1203 3170 1472 3231 noctuque
1491 3179 1642 3234 spem
1660 3181 1812 3222 suam

254 3242 352 3299 Deo
377 3253 430 3300 et
459 3248 778 3302 cbaritatem
815 3250 1069 3304 ostendit.
1102 3248 1168 3304 Et
1194 3250 1324 3304 nulli
1348 3251 1546 3320 judicia
1573 3269 1669 3309 sua
1701 3272 1814 3310 ma-

253 3332 483 3404 nifestat,
536 3338 643 3393 nisi
684 3338 766 3392 his
806 3339 897 3408 qui
944 3339 1157 3395 Βοωὶηί
1203 3343 1452 3398 mandata
1501 3347 1813 3419 respiciunt,

252 3425 511 3482 credentes
537 3427 687 3498 quod
718 3431 831 3498 ipse
862 3444 960 3485 nos
998 3430 1051 3485 in
1097 3447 1196 3486 suo
1233 3431 1436 3500 judicio
1472 3444 1694 3491 censeat
1719 3439 1813 3493 ad-

253 3511 524 3583 juvandos,
554 3517 644 3573 cui
673 3518 840 3586 gloria
871 3519 926 3573 in
954 3521 1147 3576 saecula
1183 3524 1518 3579 smculorum.
1551 3526 1739 3581 Amen.

718 3620 1033 3684 PSALMUS
1069 3626 1336 3687 CXLVIII.

609 3717 838 3772 Alleluia
863 3718 1039 3788 Aggmi
1077 3728 1132 3775 et
1160 3722 1444 3779 Zachariae.

316 3825 539 3884 Laudate
571 3829 849 3885 Dominum
870 3833 933 3886 de
951 3835 1109 3899 caelis,
1132 3836 1340 3892 laudate
1359 3856 1472 3893 eum
1497 3842 1552 3895 in
1579 3846 1814 3899 excelsis.

257 3911 472 3972 Laudate
497 3935 615 3974 eum
634 3959 648 3982 ,
681 3937 856 3976 omnes
886 3925 1057 3994 angeli
1083 3926 1224 3994 ejus;
1254 3927 1464 3984 laudate
1504 3949 1618 3986 eum
1643 3950 1820 3990 omnes

253 4004 447 4062 uirtum
474 4009 610 4079 ejus.
651 4006 884 4064 Laudate
909 4029 1043 4074 eum,
1072 4015 1150 4069 sol
1181 4025 1230 4069 et
1253 4017 1406 4083 luna;
1446 4019 1654 4076 laudate
1681 4039 1816 4099 eum,

253 4111 415 4152 omnes
441 4101 608 4156 stella
635 4110 683 4154 et
711 4101 898 4156 lumen.
925 4102 1158 4159 Laudale
1184 4125 1318 4172 eum,
1350 4111 1461 4163 cali
1489 4112 1746 4178 caelorum,
1766 4128 1818 4173 et

253 4200 388 4254 aqua
418 4204 532 4259 qua
569 4205 728 4259 super
765 4192 917 4245 caelos
952 4202 1072 4246 sunt
1110 4195 1318 4249 laudent
1363 4215 1548 4254 nomen
1589 4199 1816 4258 Domini.

255 4273 378 4339 Quia
402 4281 512 4350 ipse
539 4281 677 4335 dixit
709 4290 758 4334 et
783 4284 924 4352 facta
948 4294 1100 4348 sunt,
1129 4287 1239 4354 ipse
1266 4288 1531 4344 mandavit
1564 4300 1614 4344 et
1651 4302 1824 4348 creata

252 4375 378 4420 sum.
407 4367 606 4424 Statuit
627 4385 687 4422 ea
708 4371 761 4423 in
790 4373 1034 4425 saeculum
1057 4377 1172 4428 etin
1197 4376 1444 4430 saxulum
1468 4380 1823 4451 steculi:prae-
1851 4414 1899 4474 υ

253 4466 439 4524 ceptum
460 4461 636 4529 posuit
662 4469 712 4513 et
736 4477 838 4514 non
865 4463 1164 4529 prateribit.
1198 4463 1430 4520 Laudate
1459 4467 1734 4524 Dominum
1757 4471 1821 4526 de

253 4552 396 4611 terra,
419 4558 468 4602 et
486 4549 740 4603 dracones
760 4559 808 4602 et
828 4566 1000 4604 omnes
1019 4551 1209 4622 abyssi.
1238 4553 1383 4625 Ignis
1402 4595 1416 4618 ,
1444 4559 1641 4628 grando
1658 4599 1673 4626 ,
1707 4562 1816 4627 nix,

252 4636 452 4720 glacies,
480 4640 698 4706 spiritus
721 4640 1081 4709 procellarum,
1104 4659 1218 4713 quin
1243 4645 1444 4713 faciunt
1462 4647 1667 4702 verbum
1685 4649 1819 4720 ejus.

255 4718 446 4779 Montes
474 4736 523 4780 et
552 4744 727 4780 omnes
763 4729 937 4794 colles,
969 4729 1110 4800 ligna
1152 4733 1422 4804 fructifera
1455 4745 1504 4789 et
1533 4718 1716 4792 omnes
1735 4754 1821 4793 ce-

147 4814 153 4820 ’
255 4815 342 4867 dri.
369 4815 555 4874 Bestia:
568 4829 618 4873 et
634 4822 867 4874 universa
889 4836 1366 4895 pecora,serpentes
1390 4836 1441 4880 et
1459 4827 1685 4883 volucres
1705 4847 1824 4900 pen-

255 4916 398 4961 uatie.
433 4907 600 4981 Reges
631 4920 779 4966 terra:
805 4923 854 4966 et
881 4930 1058 4968 omnes
1082 4917 1277 4985 populi,
1303 4919 1560 4988 principes
1581 4931 1630 4974 et
1647 4938 1822 4976 omnes

254 4993 438 5052 iudices
466 5007 635 5054 terrm.
674 5000 895 5056 quenes
923 5013 972 5056 et
1000 5005 1222 5076 virgines
1241 5047 1255 5070 ,
1287 5023 1431 5062 senes
1461 5026 1573 5064 cum
1593 5011 1824 5080 juniori-

253 5083 335 5139 bus
360 5088 572 5144 laudent
599 5109 782 5146 nomen
813 5093 1050 5161 Domini,
1079 5098 1198 5167 quia
1226 5101 1508 5154 exaltatum
1536 5111 1613 5155 est
1640 5119 1822 5158 nomen

252 5176 353 5242 ejus
381 5180 560 5234 solius.
604 5180 871 5254 Confessio
900 5185 1008 5255 ejus
1048 5203 1200 5256 super
1239 5189 1417 5243 caelum
1446 5201 1496 5244 et
1527 5201 1745 5259 terram,
1777 5205 1827 5249 et

253 5265 488 5322 exultauit
532 5287 693 5324 cornu
729 5275 902 5343 populi
938 5277 1038 5330 sui.
1087 5277 1327 5348 Hymnus
1364 5281 1596 5336 omnibus
1633 5287 1826 5339 sanctis

252 5355 373 5422 ejus,
402 5360 527 5429 ﬁliis
557 5361 742 5430 Israel,
773 5368 958 5436 populo
978 5371 1412 5441 appropinquanti
1441 5374 1560 5428 sibi.

823 5493 1254 5536 COMMENTARIUM.

319 5571 676 5649 Consuetudo,
707 5587 868 5642 immo
897 5590 974 5644 vis
997 5591 1236 5656 qumdam
1271 5597 1582 5651 naturaliter
1605 5599 1829 5668 imperat

1915 3160 2101 3216 laudes
2123 3159 2256 3215 Dei?
2277 3163 2628 3217 convenimus
2654 3172 2710 3216 ut
2734 3163 3006 3218 vobiscum
3043 3163 3208 3218 Deum
3248 3165 3499 3220 laudare-

1915 3265 2054 3315 mus,
2080 3257 2137 3304 et
2164 3247 2462 3306 invenimus
2482 3261 2659 3308 vestro
2689 3253 2819 3331 vitio
2848 3253 3036 3308 viduas
3067 3254 3500 3324 blasphemantes

1915 3356 2111 3395 nomen
2143 3350 2404 3397 sanctum.
2436 3341 2735 3412 Pauperes,
2779 3345 3078 3414 orphanos,
3107 3354 3163 3400 et
3190 3362 3379 3403 omnes
3407 3349 3498 3418 qui

1915 3432 2016 3489 sibi
2044 3433 2231 3486 adesse
2260 3441 2446 3487 contra
2473 3441 2727 3504 potentes
2773 3450 2880 3489 non
2928 3444 3218 3505 poterant,
3267 3453 3498 3506 quorum

1917 3540 2014 3578 vos
2038 3540 2294 3594 personas
2321 3526 2696 3595 despicientes,
2723 3527 2947 3581 divitum
2978 3527 3251 3596 iujustitiis
3278 3527 3498 3584 faveba-

1921 3615 2006 3678 tis,
2030 3615 2330 3684 erectisque
2356 3616 2524 3670 oculis
2551 3614 2620 3670 ad
2644 3617 2999 3671 sublimitates
3027 3616 3230 3681 mundi,
3261 3618 3343 3672 his
3378 3624 3498 3672 tan-

1919 3713 2034 3759 tum
2052 3712 2262 3760 vestros
2283 3706 2479 3760 hilares
2499 3713 2660 3776 atque
2681 3705 2919 3762 aliahiles
2939 3707 3213 3764 tradentes
3227 3719 3495 3779 aspectus,
3551 3719 3555 3722 ’

1918 3811 2182 3865 pauperes
2201 3798 2354 3866 quasi
2379 3797 2638 3866 quosdam
2661 3813 2798 3866 quos
2819 3797 2960 3854 Deus
2988 3799 3135 3854 abuti
3164 3802 3496 3871 przeceperit,

1921 3885 2190 3940 renuistis.
2226 3882 2348 3941 Haec
2375 3886 2440 3940 ad
2471 3902 2569 3942 nos
2597 3888 2836 3943 omnium
2876 3889 3039 3944 verba
3081 3897 3237 3956 sunt;
3275 3891 3343 3945 ad
3379 3906 3498 3955 nos,

1922 3973 2161 4041 inquam,
2192 3975 2284 4042 qui
2311 3976 2550 4043 quotidie
2589 3977 2746 4045 hujus
2785 3979 2975 4048 psalmi
3005 3982 3131 4035 tuba
3153 4023 3168 4045 ,
3203 3997 3300 4050 per
3330 3990 3500 4036 totum

1923 4065 2201 4131 mundum,
2227 4082 2348 4120 mox
2381 4075 2438 4121 ut
2466 4070 2692 4137 coeperit
2720 4085 2913 4124 aurora
2937 4070 3042 4125 diei
3071 4072 3325 4127 inchoare
3352 4073 3500 4141 prin-

1923 4154 2142 4224 cipium,
2175 4154 2420 4209 universa
2441 4170 2560 4224 quae
2589 4157 2642 4210 in
2672 4158 2809 4212 creto
2847 4167 2904 4212 et
2948 4173 3066 4227 qua:
3101 4159 3155 4214 iu
3193 4168 3335 4214 terra
3378 4172 3500 4215 sunt

1925 4246 1993 4302 ad
2037 4245 2358 4302 laudandum
2383 4255 2438 4302 et
2464 4248 2886 4304 benedicendum
2922 4249 3091 4304 Deum
3122 4266 3497 4322 provocamus.

1926 4337 2127 4393 Verum
2147 4335 2285 4392 sicut
2310 4336 2630 4392 medicinam
2657 4347 2881 4394 evacuat
2901 4339 3093 4396 medici
3116 4343 3500 4398 incontinentia

1924 4428 2266 4496 :egrotantis,
2311 4435 2366 4482 et
2411 4444 2518 4484 non
2565 4431 2828 4500 permittit
2853 4432 3149 4502 profectum
3180 4434 3295 4504 ejus
3322 4444 3508 4491 osten-

1928 4517 2057 4574 dere
2084 4520 2382 4585 medicinae,
2410 4536 2519 4576 sum
2543 4521 2812 4578 defectum
2853 4525 3100 4594 ingerens
3126 4527 3504 4593 continentia;

1929 4613 2002 4667 ita
2029 4628 2128 4669 uos
2155 4613 2255 4669 ista
2283 4615 2463 4670 omnia
2492 4616 2708 4683 utimur,
2739 4632 2858 4686 quae
2882 4618 3043 4672 etiam
3069 4619 3114 4673 si
3138 4617 3384 4689 placeant
3408 4637 3511 4675 no-

1930 4702 2012 4757 bis
2039 4703 2164 4757 dum
2191 4704 2477 4773 leguntur,
2522 4705 2648 4760 dum
2694 4715 3112 4763 contemnuntur
3149 4725 3256 4766 non
3293 4713 3510 4783 placere

1931 4793 2276 4849 ostendimus.
2312 4795 2503 4851 Nescio
2524 4810 2632 4865 quo
2662 4798 2805 4851 enim
2832 4800 2992 4854 modo
3014 4816 3120 4856 non
3142 4812 3323 4874 potest
3352 4808 3508 4862 nobis

1931 4884 2151 4938 omnino
2193 4885 2426 4951 suaderi,
2476 4901 2543 4940 ne
2590 4902 2875 4954 personam
2913 4890 3149 4960 cujusvis
3187 4898 3504 4964 peccatoris,

1903 4973 2089 5040 etiam
2117 4974 2161 5026 si
2182 4973 2357 5042 justus
2394 4975 2495 5039 sit,
2545 4975 2999 5045 negligentissime
3026 4982 3335 5050 abutamur;
3365 4987 3510 5056 quod

1928 5061 2115 5115 vitium
2149 5069 2205 5116 ut
2233 5070 2542 5132 amputetur
2588 5080 2620 5118 a
2671 5067 2826 5121 nobis
2871 5066 3152 5126 Dominum
3200 5088 3505 5130 exoremus.

1929 5151 2046 5223 Ipse
2089 5154 2228 5208 enim
2279 5155 2669 5211 correctionem
2714 5173 2923 5214 morum
2968 5164 3362 5232 postulantibus
3406 5182 3506 5222 an-

1932 5245 2082 5310 nuit,
2131 5244 2222 5312 qui
2262 5245 2314 5298 in
2355 5253 2560 5300 tantum
2600 5247 3011 5306 liberalitatibus
3064 5255 3146 5307 his
3199 5254 3401 5320 aflluit,
3453 5266 3510 5310 ut

1935 5335 2047 5402 ipse
2087 5336 2312 5403 imperet
2346 5337 2488 5405 quod
2529 5347 2743 5406 petatur
2775 5359 2787 5392 :
2823 5340 2990 5396 Petite
3016 5384 3029 5408 ,
3074 5345 3273 5412 inquit,
3321 5356 3370 5398 et
3416 5348 3510 5400 da-

1935 5421 2066 5476 bitur
2103 5425 2274 5488 robis;
2313 5430 2523 5496 qutcrile
2561 5439 2610 5482 et
2648 5431 2947 5495 invenietis,
2985 5433 3186 5502 pulsate
3222 5445 3271 5488 et
3309 5440 3511 5506 aperie-

1931 5523 2012 5567 tur
2051 5515 2184 5570 vobis
2214 5515 2360 5576 (Luc.
2399 5519 2492 5585 xi).
2529 5519 2806 5586 Antecedit
2833 5522 2999 5588 gratia
3045 5523 3136 5575 Dei
3180 5525 3510 5580 voluntatem

1932 5605 2197 5664 hominis.
2257 5614 2310 5659 et
2359 5609 2469 5660 vult
2519 5617 2570 5660 ut
2616 5610 2860 5662 voluntas
2905 5610 3133 5664 hominis
3166 5609 3254 5665 Dei
3287 5617 3510 5684 gratiam
