3926 6176
457 278 562 337 567

1790 280 2058 338 ARNORII
2100 281 2400 340 JUNIORIS

3573 282 3666 346 568

457 393 738 448 antecedat
777 394 1025 464 petitura.
1059 394 1190 448 Cum
1227 405 1402 449 autem
1448 399 1648 465 petenti
1697 397 1895 458 donat,
1939 412 2022 449 sc-
2063 401 2104 455 Α
2133 399 2377 464 exemplo
2409 397 2527 452 vive
2578 415 2642 455 ac
2684 415 2892 455 morum
2942 409 3240 457 nostrorum
3292 401 3670 459 :edilicationem

435 485 639 550 -quitur
654 485 979 538 voluntatem
1006 502 1017 536 :
1045 483 1228 539 Omnis
1246 489 1398 551 enim,
1419 488 1605 556 inquit,
1620 490 1704 556 qui
1725 490 1928 557 petierit
1951 507 2029 539 (tr-

462 577 596 646 cipit.
630 574 878 629 Petamus
905 589 1052 642 ergo,
1085 586 1138 629 ut
1168 587 1223 630 et
1253 592 1348 629 nos
1374 593 1494 631 cum
1533 577 1736 644 angelis
1762 577 2024 637 omnibus,

456 676 510 720 et
550 683 668 720 cum
719 666 980 720 universis
1006 667 1286 721 virtutibus
1315 667 1428 735 ejus
1459 668 1510 721 in
1558 667 1752 722 divinis
1786 667 2028 720 laudibus

453 757 786 826 participium
815 758 1105 826 capiamus,
1134 767 1187 810 et
1215 758 1350 810 sicut
1379 757 1444 810 de
1487 758 1588 811 illis
1616 757 1810 811 dicitur
1841 776 1851 809 :
1879 755 1994 810 Prar
2019 790 2026 798 -

451 858 662 918 ceptum
691 849 868 917 posuit
888 849 1029 916 quod
1061 864 1164 900 non
1187 849 1494 916 pmterihit,
1520 849 1590 902 ita
1622 857 1677 902 et
1705 865 1803 903 nos
1821 865 2013 918 przcce-

451 950 599 1010 ptum
644 939 854 993 Domini
900 952 1295 992 conservemus.
1329 938 1405 992 De
1447 939 1591 992 omni
1621 954 1749 993 vero
1776 947 2020 993 creatura

450 1031 646 1084 dicitur
669 1029 794 1097 quia
824 1031 936 1098 ipse
964 1029 1095 1081 dixit
1125 1037 1178 1082 et
1208 1029 1341 1082 iacta
1365 1037 1505 1093 sunt,
1524 1029 1626 1085 hoc
1652 1039 1752 1094 est,
1777 1047 1871 1099 per
1892 1031 2023 1085 Ver-

451 1121 576 1173 bum
609 1120 701 1173 Dei
750 1119 886 1173 facta
915 1133 1057 1183 sunt,
1087 1117 1554 1186 Patreloquente,
1589 1119 1721 1173 Filio
1765 1130 1979 1174 creante
2005 1160 2019 1184 ,

447 1218 601 1263 sanet
624 1230 634 1258 ι
656 1209 855 1278 Spiritu
884 1210 1182 1273 animante,
1214 1217 1407 1262 statuta
1439 1219 1563 1262 sunt
1600 1210 1650 1263 in
1681 1222 1934 1264 :elcrmun
1967 1222 2020 1264 et

449 1300 500 1352 in
528 1298 778 1353 smculum
806 1298 1005 1360 surculi,
1038 1298 1088 1350 id
1117 1306 1215 1359 est,
1248 1299 1480 1364 quandiu
1508 1306 1590 1354 est
1618 1300 1718 1354 hoc
1747 1302 2016 1364 saeculum,

447 1389 499 1440 in
530 1387 779 1440 scculum
817 1387 993 1441 saaculi
1033 1396 1276 1453 manent,
1307 1387 1358 1440 in
1404 1403 1514 1456 quo
1541 1397 1664 1443 sunt
1711 1399 1889 1444 omnia
1919 1393 2019 1446 ista

447 1493 563 1545 quze
611 1476 810 1531 faciunt
852 1477 1071 1531 verbum
1115 1477 1262 1544 ejus,
1307 1477 1357 1531 id
1404 1480 1812 1544 est,-elementa
1861 1482 2014 1550 ignis,

445 1569 741 1634 grandinis,
776 1569 910 1622 nivis
937 1569 1260 1636 et'spiritus
1306 1570 1654 1638 tempestatis.
1686 1570 1809 1626 Haec
1836 1572 2014 1626 omnia

445 1661 683 1715 serviunt
721 1659 980 1712 voluntati
1007 1659 1120 1720 Dei,
1151 1667 1205 1712 et
1245 1659 1358 1714 hmc
1397 1659 1596 1714 faciunt
1623 1661 1765 1729 quod
1794 1663 2012 1716 verbum

2134 485 2419 540 Dominicis
2442 491 2842 558 congregationi
2870 491 3209 556 exhibemus;
3239 493 3475 547 [natantes
3503 509 3599 548 non
3625 495 3669 548 in

2129 577 2296 643 gloria
2329 578 2532 643 mundi,
2566 594 2739 648 neque
2768 581 2820 634 in
2848 582 3046 636 divitiis
3073 583 3268 647 seculi,
3294 582 3388 636 sed
3416 583 3468 636 in
3504 597 3566 637 eo
3590 585 3668 653 qui

2131 681 2227 720 nos
2256 665 2400 732 fecit,
2430 667 2554 722 dum
2591 684 2962 735 nasceremur;
2987 672 3111 739 quia
3140 671 3190 725 in
3219 687 3285 726 eo
3313 679 3528 741 apparet
3553 669 3674 726 ﬁlios

2127 753 2253 808 Sion
2279 771 2413 822 esse,
2440 757 2491 811 id
2519 766 2620 822 est,
2643 757 2907 823 Ecclesice,
2929 762 2976 814 si
3003 761 3055 814 in
3078 775 3200 828 rege
3227 770 3410 814 nostro
3438 769 3492 815 et
3510 761 3672 814 Domi-

2129 860 2198 898 no
2225 847 2565 911 exsultemus,
2589 847 2863 902 laudantes
2891 863 3084 903 nomen
3105 849 3216 917 ejus
3235 849 3286 901 in
3312 849 3494 913 choro,
3515 849 3564 900 id
3583 857 3670 913 est,

2124 951 2244 988 cum
2273 936 2417 990 omni
2445 937 2663 1006 populo,
2695 939 2748 991 in
2781 946 3062 1009 tympano,
3100 937 3152 992 id
3176 947 3272 1002 est,
3304 939 3357 992 in
3385 940 3672 994 extensione

2123 1025 2262 1080 follis
2293 1026 2460 1080 nostri
2487 1028 2752 1096 corporei.
2789 1028 2930 1082 Bene
2956 1029 3099 1082 enim
3127 1037 3299 1102 sonat,
3325 1043 3445 1083 cum
3483 1035 3561 1083 est
3593 1043 3671 1082 so-

2121 1115 2315 1180 brium,
2347 1115 2599 1170 mundum
2627 1126 2681 1171 et
2725 1128 2946 1171 castum.
2979 1117 3090 1172 Nec
3116 1105 3314 1172 sotum‘
3337 1118 3391 1172 in
3419 1125 3670 1188 tympano,

2119 1205 2213 1258 sed
2250 1213 2305 1259 et
2341 1205 2395 1258 in
2423 1206 2678 1274 psalterio
2723 1208 3012 1276 psallamus
3049 1209 3118 1262 ei.
3148 1207 3263 1262 Non
3297 1209 3440 1262 enim
3473 1209 3671 1263 castitas

2120 1302 2175 1347 et
2201 1295 2518 1349 abstinentia
2539 1311 2636 1349 nos
2657 1296 2951 1365 perducunt
2979 1297 3043 1351 ad
3056 1296 3239 1363 Deum,
3254 1299 3297 1352 si
3327 1313 3422 1352 nos
3443 1297 3670 1352 deserue-
3758 1347 3761 1374 ε

2119 1385 2189 1438 rit
2227 1384 2502 1452 integritas
2540 1383 2688 1452 ﬁdei,
2713 1400 2837 1454 qua:
2885 1387 2936 1439 in
2983 1387 3166 1442 decem
3201 1386 3416 1442 chordis
3456 1387 3668 1457 psallerii

2113 1475 2434 1530 declaratur.
2467 1475 2617 1531 Tunc
2642 1479 2784 1532 enim
2832 1478 3203 1545 cognoscimus
3229 1478 3355 1546 quia
3393 1476 3670 1546 beneplaci—

2119 1573 2228 1618 tum
2255 1573 2337 1619 est
2366 1565 2590 1620 Domino
2618 1567 2672 1618 in
2697 1567 2949 1635 populum
2969 1581 3143 1631 suum,
3169 1581 3291 1621 cum
3319 1567 3569 1634 superbos
3586 1567 3671 1619 hu-

2118 1655 2402 1708 niiliaverit
2440 1655 2491 1708 in
2520 1655 3044 1722 condemnationem,
3075 1665 3130 1710 et
3178 1656 3492 1718 exaltaverit
3532 1670 3663 1710 man-

447 1751 561 1816 ejus
589 1750 920 1818 pumeperit.
944 1749 1181 1817 Denique
1203 1750 1483 1817 imperavit
1508 1751 1756 1818 procellis
1783 1759 1838 1806 et
1865 1752 2015 1820 quie-
2051 1755 2091 1812 Β
2118 1751 2299 1799 ϐιιθιοε
2327 1745 2378 1798 iit
2407 1745 2654 1800 εθιιιῐθω-
2682 1744 2850 1810 Tunc,
2899 1747 3134 1814 inquam.
3176 1746 3511 1814 agnoscimus
3546 1743 3671 1815 quod

446 1851 662 1906 verunt;
697 1841 973 1910 imperavit
992 1839 1164 1893 ventis
1190 1839 1439 1894 ﬂantibus
1465 1849 1520 1894 et
1543 1840 1820 1904 siluerunt,
1836 1850 2014 1896 osten-

445 1935 634 1990 dentes
678 1935 820 1988 hunc
849 1947 967 1986 esse
994 1930 1146 1998 cujus
1174 1945 1365 1984 nomen
1395 1931 1560 1985 solius
1608 1931 1679 1984 ita
1725 1932 2013 1985 exaltatum

445 2034 548 2090 c-t,
581 2033 638 2079 ut
665 2026 733 2079 sit
760 2023 1024 2079 confessio
1053 2021 1166 2089 ejus
1208 2036 1368 2089 super
1395 2021 1586 2075 coelum
1627 2028 1681 2076 et
1722 2029 1936 2085 terram,
1962 2034 2014 2078 et

445 2119 500 2170 in
543 2118 747 2170 nomine
773 2115 882 2184 ejus
923 2129 1070 2166 omne
1109 2128 1238 2183 genu
1265 2113 1500 2180 ﬂectatur
1530 2113 1825 2179 calestium,
1853 2123 2012 2167 terre-

445 2209 626 2260 strium
647 2214 696 2259 et
722 2208 1042 2276 infernarum
1069 2204 1234 2274 (Phil.
1267 2205 1344 2272 ιι).
1388 2203 1452 2257 Et
1482 2205 1596 2274 ipse
1623 2205 1878 2260 exultavit
1902 2221 2014 2261 cor-

447 2315 516 2352 nu
565 2297 744 2366 populi
792 2297 892 2360 sui,
922 2297 994 2350 ita
1025 2303 1082 2350 ut
1125 2295 1306 2366 hymni
1336 2303 1597 2349 canantur
1626 2296 1677 2350 in
1726 2303 1839 2351 toto
1885 2298 2014 2352 orbe

447 2399 711 2444 terrarum
739 2387 984 2442 omnibus
1008 2387 1206 2441 sanctis
1233 2386 1367 2454 ejus,
1397 2395 1453 2441 et
1483 2387 1602 2441 liliis
1628 2387 1788 2442 Israel
1816 2391 2015 2459 populo

445 2477 891 2548 appropinquanti
913 2475 982 2529 ei.
1010 2475 1126 2529 Filii
1154 2476 1266 2529 sive
1295 2477 1346 2529 in
1376 2476 1518 2530 bono
1545 2479 1808 2546 exemplo,
1823 2479 1935 2535 sive
1963 2482 2014 2533 in

444 2570 608 2634 malo,
651 2567 944 2621 imitatores
986 2566 1038 2619 in
1071 2567 1235 2620 sacris
1263 2566 1617 2620 voluminibus
1663 2569 2014 2636 appellantur.

445 2657 683 2726 Denique
711 2657 836 2712 dum
857 2663 1064 2711 constat
1090 2656 1234 2724 quod
1273 2656 1360 2709 lilii
1390 2654 1615 2710 Abrahae
1642 2667 1821 2712 essent
1847 2659 1902 2713 hi
1924 2661 2015 2728 qui

447 2747 726 2801 Dominum
743 2752 982 2800 nostrum
999 2741 1179 2797 Jesum
1196 2742 1462 2796 Christum
1479 2752 1594 2800 arte
1611 2759 1670 2799 se
1688 2748 1945 2815 putabant
1964 2759 2018 2804 et

445 2836 572 2890 dolo
602 2833 1004 2896 circumvenire,
1020 2832 1147 2885 dicit
1171 2832 1248 2885 eis
1271 2849 1283 2884 :
1308 2831 1411 2885 Vos
1424 2849 1488 2886 ea:
1501 2843 1648 2903 patre
1675 2836 1878 2890 diabolo
1896 2840 2018 2892 estis

448 2921 1028 2994 (Joan.vm).Cumque
1068 2921 1141 2974 illi
1168 2921 1406 2975 dicerent
1427 2937 1483 2976 se
1516 2931 1723 2991 patrem
1752 2925 2014 2980 Abraham

449 3015 664 3075 habere,
697 3013 784 3065 ille
813 3010 1084 3080 respondit
1115 3027 1128 3062 :
1160 3008 1220 3064 Si
1257 3010 1352 3079 ﬁlii
1379 3009 1601 3065 Abrahae
1631 3015 1833 3078 essetis,
1862 3032 2016 3083 opera

2121 1856 2260 1894 nunc
2287 1840 2568 1906 credimus,
2606 1855 2726 1896 cum
2770 1840 3038 1896 exsultant
3061 1839 3231 1894 sancti
3276 1840 3331 1893 in
3372 1839 3549 1908 gloria,
3593 1839 3670 1908 qui

2119 1949 2260 1988 nunc
2308 1935 2556 1988 L'etantur
2585 1934 2638 1988 in
2679 1934 2945 1993 cubilibus
2971 1935 3114 2000 suis,
3140 1942 3510 2004 exspectantes
3548 1931 3670 1986 diem

2118 2025 2501 2079 retributionis.
2534 2024 2666 2079 Nam
2693 2025 2785 2094 qui
2830 2024 3131 2080 habuerunt
3155 2040 3302 2080 nunc
3339 2023 3670 2078 exaltationes

2119 2116 2211 2170 Dei
2253 2117 2303 2170 in
2327 2117 2570 2171 faucibus
2595 2117 2724 2182 suis,
2757 2124 2998 2186 tempore
3021 2131 3129 2186 quo
3157 2116 3392 2172 confessi
3433 2123 3550 2170 sunt
3573 2115 3673 2182 glo-

2118 2207 2249 2260 riam
2279 2205 2475 2262 Christi
2503 2207 2592 2276 qui
2623 2213 2704 2262 est
2731 2207 2997 2262 exaltatus
3037 2207 3090 2261 in
3117 2221 3294 2272 cruce,
3322 2207 3413 2275 qui
3444 2213 3522 2260 est
3545 2203 3672 2259 exal-

2117 2304 2258 2350 tatus
2286 2297 2339 2350 in
2362 2297 2772 2362 resurrectione,
2799 2297 2890 2366 qui
2929 2305 3010 2352 est
3036 2297 3306 2352 exaltatus
3331 2297 3383 2350 in
3411 2296 3557 2352 omlo.
3582 2295 3672 2348 llas

2115 2385 2204 2452 qui
2235 2386 2533 2440 habuerunt
2563 2387 2918 2441 exaltationes
2946 2385 3040 2441 Dei
3069 2387 3122 2442 in
3151 2386 3391 2441 faucibus
3415 2387 3540 2448 suis,
3567 2385 3671 2454 qui-

2117 2489 2327 2542 cunque
2351 2475 2535 2529 habuit
2562 2476 2799 2530 interibit
2824 2475 3046 2546 perﬁdia
3073 2477 3356 2530 hominum
3386 2476 3670 2545 impiorum.

2119 2566 2181 2619 lli
2210 2579 2341 2634 ergo
2369 2581 2476 2620 non
2521 2575 2668 2620 metu
2695 2565 2979 2632 carniﬁcis,
3009 2582 3115 2620 non
3159 2566 3446 2621 verberum
3491 2575 3671 2619 terrore

2117 2655 2366 2724 perculsi,
2393 2655 2491 2710 has
2516 2655 2870 2710 exaltationes
2889 2655 3098 2710 Domini
3125 2657 3408 2711 siluerunt.
3431 2655 3560 2722 Quin
3589 2655 3670 2708 im-

2116 2761 2225 2810 mo,
2254 2753 2457 2814 quanto
2488 2747 2608 2816 plus
2644 2747 2784 2817 passi
2822 2745 3017 2801 fuerint
3048 2746 3373 2816 allligentes,
3407 2756 3547 2802 tanto
3568 2747 3669 2816 plus

2117 2837 2434 2893 conﬁtentes
2474 2839 2728 2893 existunt.
2760 2838 2825 2892 lli
2876 2839 3148 2894 habebunt
3191 2839 3404 2908 gladios
3438 2838 3670 2908 ancipites

2118 2928 2170 2980 in
2218 2929 2460 2983 manibus
2505 2929 2636 2994 suis,
2666 2929 2718 2984 id
2771 2937 2871 2995 est,
2912 2929 3203 2984 sententias
3260 2930 3450 2984 mortis
3483 2937 3672 2982 aaternte

2117 3026 2173 3072 et
2195 3033 2365 3087 poena:
2401 3027 2672 3088 perpetua:
2710 3018 2776 3074 ad
2804 3018 3094 3074 faciendam
3135 3019 3426 3074 vindictam
3473 3019 3523 3072 in
3559 3031 3669 3086 gen-

447 3104 666 3157 Abrahaz
686 3099 1091 3174 faceretis.Ergo
1111 3101 1164 3154 hi
1185 3117 1324 3155 nunc
1346 3100 1434 3154 lilii
1453 3103 1702 3172 hymnum
1722 3105 2006 3174 accipiunt,
2037 3108 2084 3170 Ο
2113 3106 2254 3161 tibus
2274 3145 2289 3170 ,
2344 3115 2400 3161 et
2452 3108 2841 3178 increpationes
2903 3109 2956 3161 in
3007 3108 3217 3177 populis
3239 3149 3253 3171 ,
3285 3108 3358 3162 ad
3403 3106 3670 3177 alligandos

447 3194 536 3261 qui
564 3192 774 3247 lsraelis
793 3197 1065 3245 sectantur
1083 3191 1404 3260 exemplum.
1427 3190 1493 3245 Et
1515 3191 1651 3246 sicut
1676 3192 1782 3255 ille,
1808 3195 2013 3263 patien-

449 3288 518 3339 t-ia
557 3293 614 3339 et
644 3283 746 3338 ﬁde
772 3281 1086 3353 proﬁciens,
1115 3285 1310 3339 meruit
1339 3282 1472 3338 facie
1519 3284 1584 3338 ad
1613 3283 1799 3340 faciem
1830 3285 2011 3340 Domi-

449 3391 570 3429 num
599 3375 763 3429 Deum
791 3373 992 3439 videre,
1021 3375 1158 3430 unde
1182 3374 1346 3429 Israel
1374 3375 1669 3445 appellatus
1694 3383 1795 3438 est,
1827 3377 1878 3431 id
1907 3385 2009 3438 est,

448 3465 619 3518 ridens
647 3463 811 3518 Deum
839 3462 988 3534 (Gen.
1026 3465 1219 3531 xxxii);
1253 3465 1417 3519 Deum
1445 3475 1620 3520 autem
1650 3467 2014 3522 desiderantes

447 3556 664 3607 sudium
687 3555 786 3608 sibi
809 3554 1010 3608 monita
1029 3553 1174 3607 dari:
1195 3553 1339 3607 Beati
1363 3555 1552 3609 mando
1572 3555 1751 3619 corde,
1774 3557 1893 3626 quia
1913 3558 2011 3626 ipsi

449 3645 608 3696 Deum
629 3644 862 3697 videbunt
885 3642 1190 3714 (Matth.v);
1223 3644 1295 3697 ita
1313 3644 1392 3697 bis
1411 3645 1502 3712 qui
1523 3644 1612 3698 lilii
1639 3643 1753 3712 ejus
1777 3660 1874 3714 per
1901 3646 2015 3699 imi-

447 3737 699 3786 tutionem
725 3733 840 3800 ejus
861 3732 984 3787 facti
1011 3740 1154 3796 sunt,
1179 3733 1430 3802 hymnum
1461 3734 1697 3803 praecipit
1723 3734 1862 3799 cani,
1886 3735 2009 3804 quia

445 3841 539 3890 per
567 3823 875 3876 munditiam
899 3822 1076 3877 cordis
1103 3831 1377 3876 merentur
1407 3833 1462 3876 ut
1492 3822 1701 3877 videant
1728 3823 1892 3878 Deum
1917 3840 2010 3894 ap-

443 3914 884 3987 propinquantem
915 3913 964 3967 ei
992 3913 1084 3981 qui
1113 3923 1300 3980 regnat
1338 3914 1390 3967 in
1432 3916 1623 3968 saecula
1671 3908 2005 3971 seculorum.

445 4007 630 4059 Amen.

935 4092 1245 4148 PSALMUS
1284 4093 1510 4148 CXLIX.

1109 4207 1350 4262 Alleluia.

512 4318 726 4373 Cantate
753 4317 973 4372 Domino
1003 4319 1253 4372 canticum
1292 4335 1494 4384 novum,
1526 4320 1639 4373 laus
1678 4323 1790 4391 ejus
1832 4324 1886 4375 in
1933 4339 2008 4374 cc-

406 4471 418 4481 ,
439 4410 594 4463 etesia
621 4417 931 4462 sanctorum.
977 4405 1198 4460 Laetetur
1229 4407 1396 4462 Israel
1427 4410 1480 4461 in
1509 4427 1566 4464 eo
1602 4411 1686 4480 qui
1725 4413 1843 4481 fecit
1869 4428 2002 4478 eum,

437 4511 485 4553 et
512 4501 638 4570 ﬁlia:
659 4499 787 4554 Sion
808 4500 1058 4551 exsultent
1084 4501 1134 4550 in
1156 4516 1270 4569 rege
1297 4517 1407 4553 suo.
1433 4498 1668 4554 Laudent
1689 4519 1870 4556 nomen
1893 4503 2005 4572 ejus

438 4595 488 4645 in
517 4593 700 4652 choro;
723 4593 776 4645 in
807 4600 1044 4660 tympano
1065 4599 1110 4643 et
1137 4592 1378 4658 psalterio
1407 4591 1630 4660 psallant
1656 4595 1721 4647 ei.
1756 4592 1890 4657 Quia
1919 4595 2004 4649 be-

437 4682 739 4750 neplacitum
759 4692 832 4734 est
853 4680 1072 4732 Domino
1096 4681 1145 4732 in
1169 4681 1352 4748 papula
1372 4695 1483 4743 suo,
1505 4689 1551 4732 et
1581 4682 1823 4734 exaltabit
1852 4700 2000 4737 man-

436 4782 604 4825 suetos
643 4775 695 4825 in
738 4773 973 4826 salutem.
1035 4767 1350 4824 lirtsltabunt
1379 4771 1542 4823 sancti
1565 4772 1616 4824 in
1646 4771 1828 4841 gloria,
1861 4775 2001 4827 lwta—

436 4864 619 4917 buntur
643 4864 696 4915 in
724 4861 969 4916 cubilibus
1005 4863 1130 4915 suis.
1195 4862 1548 4917 Exultationes
1578 4861 1678 4917 Dei
1704 4864 1759 4917 in
1799 4875 1999 4936 gutture

435 4970 626 5015 eorum,
654 4962 703 5006 et
732 4954 890 5024 gladii
926 4955 1172 5024 ancipites
1199 4955 1251 5006 in
1281 4953 1516 5007 manibus
1561 4969 1756 5008 eorum.
1786 4955 1869 5007 Ad
1917 4957 2001 5026 fa-

434 5045 666 5097 ciendum
694 5043 964 5097 vindictam
995 5045 1044 5096 in
1083 5043 1400 5108 nationibus,
1429 5044 1802 5113 increpationes
1823 5045 1879 5099 in
1919 5063 2005 5116 po-

434 5135 584 5200 pulis.
619 5133 699 5185 Ad
726 5132 1014 5203 alligandos
1036 5149 1178 5203 reges
1201 5149 1372 5186 eorum
1395 5135 1445 5186 in
1469 5133 1809 5202 compedibus,
1839 5144 1888 5189 et
1909 5152 2004 5189 nn-

430 5222 554 5274 biles
575 5237 747 5276 eorum
770 5222 822 5274 in
845 5221 1058 5273 manicis
1081 5221 1355 5290 [erreis.Ut
1377 5223 1570 5291 faciant
1591 5223 1644 5276 in
1663 5225 1736 5278 eis
1749 5223 2002 5293 judicium

431 5315 791 5383 conscriptum,
821 5313 985 5382 gloria
1010 5311 1119 5364 Ιιωσ
1144 5320 1219 5364 est
1239 5311 1470 5366 omnibus
1498 5316 1687 5368 sanctis
1707 5316 1836 5386 ejus.

1003 5438 1433 5479 COMNENTABIUI.

503 5537 776 5592 Canticqu
834 5551 1028 5590 novum
1085 5544 1362 5589 cantamus
1410 5535 1635 5590 Domino
1692 5538 1906 5606 quando
1948 5540 1998 5592 in

433 5628 667 5682 novitate
707 5628 826 5681 vitae
875 5626 1206 5680 ambulamus
1249 5626 1299 5678 in
1331 5626 1554 5681 ecclesia
1597 5635 1903 5683 sanctorum
1948 5639 2000 5683 et

2114 3211 2268 3266 reges
2306 3212 2492 3252 eorum
2542 3199 2596 3252 in
2641 3198 3011 3269 compedibus,
3059 3207 3114 3252 et
3158 3199 3367 3256 nobiles
3407 3211 3582 3254 eorum
3626 3197 3670 3251 in

2115 3287 2339 3342 vinculis
2385 3285 2590 3343 ferreis.
2641 3288 2841 3354 Quibus
2889 3304 3030 3345 nunc
3065 3287 3256 3342 dicitur
3309 3302 3344 3340 a
3400 3287 3614 3341 Domino
3656 3302 3668 3336 :

2113 3376 2367 3432 Sedebitis
2413 3393 2565 3448 super
2603 3377 2872 3433 duodecim
2911 3379 3139 3440 thronos,
3157 3378 3454 3450 judicantes
3498 3375 3668 3428 duodev

2109 3471 2208 3523 cim
2263 3469 2422 3524 tribus
2476 3469 2645 3524 Israel
2697 3469 2926 3539 (,Matth.
2980 3471 3130 3536 ιιι).
3189 3468 3254 3522 ΙῘί
3307 3483 3442 3536 ergo
3495 3468 3666 3520 faciunt

2111 3563 2164 3616 in
2206 3562 2285 3616 eis
2307 3561 2567 3630 judicium
2612 3561 2990 3630 conscriptum.
3035 3561 3138 3630 lpsi
3184 3560 3326 3614 enim
3377 3558 3668 3628 judicabunt

2110 3654 2366 3710 mundum
2394 3669 2494 3724 pro
2518 3653 2771 3724 operibus
2791 3652 2983 3722 impiis,
3007 3652 3097 3720 qui
3118 3659 3240 3706 sunt
3267 3667 3298 3704 a
3322 3651 3522 3704 mundo
3545 3647 3667 3702 afﬂi-

2111 3745 2183 3800 cti
2209 3759 2308 3814 pro
2335 3744 2583 3814 operibus
2608 3745 2736 3798 Suis.
2761 3735 3002 3811 Cumque
3025 3741 3383 3811 iudicaverint
3401 3740 3564 3794 sancti
3589 3753 3669 3791 eos

2111 3851 2282 3906 reges,
2307 3853 2337 3891 a
2366 3837 2558 3906 quibus
2579 3836 2802 3906 judicati
2845 3843 2987 3900 sunt,
3016 3843 3144 3889 tunc
3169 3834 3272 3888 erit
3313 3834 3489 3902 gloria
3515 3830 3668 3885 omni-

2110 3931 2208 3984 bus
2226 3928 2424 3984 sanctis
2450 3928 2586 3996 ejus.
2615 3927 2774 3982 Modo
2816 3927 3100 3995 unicuique
3143 3923 3340 3979 dicitur
3373 3942 3388 3977 :
3420 3923 3482 3978 Si
3520 3919 3668 3975 credis

2109 4021 2277 4076 cidere
2305 4019 2435 4074 bona
2456 4019 2665 4073 Domini
2691 4019 2745 4072 in
2768 4028 2906 4072 terra
2925 4017 3211 4078 viventium,
3233 4025 3478 4084 enpecta
3507 4012 3666 4065 Domi-

2111 4127 2232 4164 num
2259 4119 2310 4164 et
2331 4125 2426 4179 age
2451 4109 2664 4163 viriliter
2692 4107 2808 4178 (Ps.
2839 4106 3016 4173 Im);
3048 4105 3094 4159 si
3121 4104 3311 4167 credis,
3337 4119 3445 4158 non
3473 4102 3668 4156 desinas

2111 4206 2378 4268 spectare,
2409 4207 2464 4253 et
2497 4198 2572 4252 εἰς·
2591 4206 2644 4253 te
2681 4212 2780 4267 pro
2803 4204 2954 4252 certo
2999 4195 3144 4265 quod
3169 4194 3346 4250 credis
3382 4191 3668 4248 desiderare

2108 4289 2404 4358 cognoscis.
2434 4287 2586 4342 Hanc
2629 4287 2768 4341 enim
2797 4286 3021 4354 gloriam
3051 4284 3296 4338 omnibus
3321 4282 3521 4338 sanctis
3555 4289 3666 4332 tunc

2107 4379 2493 4448 gratulabimur
2529 4377 2792 4442 evenisse,
2824 4377 2868 4430 si
2915 4376 2969 4430 in
3011 4389 3328 4443 quacunque
3367 4371 3667 4428 necessitate

2041 4461 2084 4520 D
2109 4471 2267 4540 positi
2296 4468 2528 4522 animum
2559 4469 2769 4536 penitus
2797 4483 2902 4521 non
2931 4475 3217 4529 mutemus,
3243 4463 3336 4518 sed
3366 4468 3666 4532 exspectan-

2110 4568 2191 4614 tes
2242 4559 2524 4615 Dominum
2549 4558 2804 4626 quotidie,
2846 4557 2946 4626 ipsi
2988 4571 3086 4626 per
3121 4554 3435 4626 patientiam
3481 4549 3666 4622 gratias

2109 4647 2402 4706 referamus
2429 4647 2520 4717 qui
2542 4656 2728 4716 regnat
2756 4648 2806 4701 in
2837 4647 3028 4702 saecula
3056 4646 3394 4702 saeculorum.
3419 4643 3602 4697 Amen.

2671 4775 2981 4832 PSALMUS
3003 4775 3108 4830 CL.

2766 4887 3010 4941 Alleluia.

2178 4999 2412 5054 Laudate
2438 4999 2718 5055 Dominum
2762 5000 2818 5053 in
2844 4999 3037 5053 sanctis
3081 4999 3226 5070 ejus;
3253 4999 3458 5054 laudate
3483 5013 3593 5052 eum
3616 4988 3664 5049 ιίι

2106 5092 2428 5160 ﬁrmamento
2449 5092 2648 5146 virtutis
2668 5091 2798 5160 ejus.
2823 5087 3054 5142 Laudate
3065 5106 3180 5143 eum
3193 5091 3246 5143 in
3265 5088 3525 5143 virtutibus
3542 5089 3661 5159 ejus;

2106 5181 2314 5234 laudate
2333 5197 2446 5234 eum
2468 5182 2744 5234 secundum
2764 5180 3136 5234 multitudinem
3157 5182 3520 5251 magnitudinis
3544 5182 3662 5250 ejus.

2108 5271 2343 5324 Laudate
2378 5287 2494 5324 eum
2537 5271 2590 5323 in
2619 5287 2746 5327 sono
2789 5271 2948 5334 tubw;
2978 5269 3188 5323 laudate
3219 5288 3332 5324 eum
3360 5274 3411 5324 in
3438 5272 3664 5340 psalteria

2105 5371 2154 5413 et
2180 5361 2400 5414 cithara.
2425 5359 2657 5414 Laudate
2689 5376 2803 5413 eum
2833 5361 2887 5413 in
2914 5369 3155 5429 tympano
3183 5369 3230 5412 et
3262 5360 3448 5422 choro;
3471 5360 3666 5412 laudata

2105 5467 2219 5502 eum
2247 5452 2301 5503 in
2333 5450 2537 5504 chordis
2582 5459 2630 5501 et
2671 5465 2886 5519 organo.
2923 5447 3152 5500 Laudate
3192 5464 3303 5500 eum
3334 5449 3383 5500 in
3429 5446 3662 5515 cymbalis

2103 5543 2227 5595 bene
2253 5542 2582 5602 sonantibus;
2615 5542 2820 5594 laudate
2842 5559 2952 5594 eum
2975 5541 3024 5594 in
3058 5539 3298 5609 cymbalis
3321 5536 3659 5610 jab'lulioxis:

2102 5636 2268 5687 omnis
2291 5637 2498 5697 spiritus
2530 5633 2698 5686 laudet
2725 5632 3012 5685 Dominum.
