3884 6184
241 330 337 384 569

802 458 1236 499 COIIENTABIUI.

307 619 612 675 Laudamus
635 618 914 674 Dominum
947 619 999 673 in
1019 618 1219 673 sanctis
1239 618 1366 684 suis,
1397 618 1611 686 quando
1630 632 1816 673 eorum

240 711 518 766 imitamur
544 710 807 780 exempla,
838 710 1112 780 sequimur
1148 709 1378 774 monita,
1410 709 1647 778 regulam
1675 709 1811 764 obti-

239 817 448 857 nemus.
481 800 783 855 Laudamus
809 815 932 854 eum
979 800 1034 854 in
1080 797 1416 853 ﬁrmamento
1455 800 1668 855 virtutis
1705 800 1822 869 ejus

233 906 357 948 eum
383 891 593 944 tinuum
617 887 738 944 ﬁdei
757 898 951 943 nostra;
978 903 1204 956 agonem
1233 888 1580 952 ostendimus,
1603 898 1658 944 et
1683 891 1821 944 sicut

233 981 411 1036 sancti
440 985 882 1048 contempsenmt
909 993 1113 1048 pmnas,
1142 979 1324 1033 hostes
1341 979 1592 1041 visibiles,
1622 980 1696 1034 ita
1724 995 1821 1035 nos

237 1071 523 1126 invisibilis
567 1070 740 1125 hostis
807 1068 1190 1124 delectationes
1239 1069 1473 1138 ingestas
1522 1070 1816 1138 abjicimus.

235 1160 548 1214 Laudamus
575 1173 696 1213 eum
726 1158 777 1212 in
805 1173 940 1213 sono
971 1157 1136 1221 tubae,
1165 1173 1284 1211 cum
1313 1159 1455 1226 quod
1484 1158 1538 1212 in
1567 1173 1695 1213 aure
1723 1174 1819 1211 au-

234 1250 489 1314 divimus,
521 1248 566 1302 si
591 1256 802 1317 tempus
822 1248 1079 1314 exegerit,
1110 1261 1271 1315 super
1297 1256 1436 1302 tecta
1464 1248 1622 1317 positi
1645 1248 1820 1302 excla-

233 1355 465 1404 memus,
495 1355 599 1392 non
619 1339 855 1392 timentes
881 1353 968 1391 eos
992 1339 1079 1408 qui
1108 1337 1344 1391 occidunt
1371 1353 1554 1407 corpus
1594 1337 1812 1407 (Matth.

235 1446 262 1482 x
299 1432 338 1488 l.
381 1427 686 1483 Laudamus
713 1443 834 1482 eum
863 1427 917 1481 in
944 1427 1198 1496 psalterio
1225 1435 1282 1482 et
1317 1427 1520 1481 cithara
1539 1467 1554 1492 ,
1582 1427 1626 1481 si
1664 1427 1717 1481 in
1745 1427 1822 1482 ci-

233 1519 391 1572 thara
422 1519 625 1586 lignum
652 1518 826 1573 crucis
851 1517 1253 1586 amplectamur,
1271 1526 1325 1573 et
1346 1518 1398 1572 in
1421 1518 1675 1587 psalterio
1699 1533 1833 1573 con-

234 1609 528 1663 fessionem
557 1609 877 1664 catholicam
907 1616 1198 1673 tent-anuis.
1232 1608 1469 1664 Raucum
1496 1609 1637 1664 enim
1665 1618 1822 1664 sonat

226 1699 383 1768 quod
432 1699 756 1754 catholicum
793 1714 899 1754 non
949 1698 1228 1768 probatur.
1257 1697 1558 1753 Laudamus
1601 1714 1724 1752 eum
1765 1699 1818 1754 in

227 1797 492 1860 tympano
518 1798 573 1844 et
591 1787 780 1852 choro,
811 1786 1024 1858 quando
1053 1788 1108 1842 in
1129 1788 1537 1843 conversatione
1567 1787 1816 1842 reddendi

970 325 1490 383 ANNOTATIONES
1526 327 1615 382 AD
1655 323 1966 394 QUEDAM
2003 324 2536 384 EVANGELIORUM
2575 323 2769 380 LOCA.

1830 450 1881 506 Α
1907 443 2087 512 positi,
2121 451 2432 514 tympanum
2455 439 2700 510 corporis
2727 437 2896 494 nostri
2932 435 3148 506 optimis
3175 437 3492 492 deseramus

1920 534 2201 604 exemplis.
2263 531 2569 587 Laudamus
2619 545 2742 585 eum
2791 529 2844 583 in
2890 527 3107 583 chordis
3164 534 3221 580 et
3266 539 3490 592 organo,
3576 599 3582 604 _

3381 318 3491 380 5⁸10

1917 623 2134 691 quando
2174 621 2495 678 chordarum
2523 634 2644 689 qua:
2691 625 2818 674 sunt
2847 617 2900 672 in
2952 616 3158 670 cithara
3193 623 3376 670 nostra
3407 613 3493 667 ﬁla

1919 712 2123 779 integra
2152 725 2482 765 exercemus.
2510 709 2683 762 Etiam
2705 705 3012 778 pudicitiam
3034 719 3192 772 quam
3217 703 3485 758 continen-

1920 801 2007 853 tiu:
2034 800 2327 855 calamellis
2368 799 2435 853 ab
2463 798 2610 853 omni
2637 797 2876 864 rubigine
2913 795 3118 864 peccati
3145 793 3494 858 mundantes,

1921 892 2031 946 Deo
2072 907 2236 946 sonos
2264 890 2546 944 melliﬁuos
2571 888 2904 943 exhibemus.
2935 885 3235 940 Laudamus
3269 899 3391 938 eum
3439 883 3492 938 in

1921 981 2178 1052 cymbalis
2220 981 2359 1035 bene
2407 980 2758 1039 sonantibus,
2816 984 2872 1030 et
2927 977 3066 1030 bene
3120 975 3490 1040 tinnientibus,

1919 1070 2137 1140 quando
2156 1071 2296 1126 labia
2323 1077 2506 1126 nostra
2535 1069 2604 1124 ad
2632 1069 2825 1123 bonam
2855 1066 3275 1137 persuasionem,
3300 1074 3356 1119 et
3379 1065 3493 1134 spi-

1920 1161 2129 1216 ritalem
2154 1161 2585 1232 explanationem
2615 1167 2879 1228 aptamus.
2910 1157 3200 1211 lnvitamus
3228 1164 3407 1209 autem
3435 1163 3494 1209 ut

1919 1252 2093 1306 omnis
2131 1251 2346 1320 spiritus
2393 1250 2572 1305 laudet
2619 1249 2920 1313 Dominum,
2969 1245 3182 1316 quando
3236 1239 3493 1315 spirialia

1921 1341 2248 1412 spiritalibus
2301 1347 2704 1410 comparantes,
2764 1338 2892 1392 nihil
2935 1336 3277 1392 concedimus
3321 1336 3492 1400 carni,

1920 1430 2014 1486 sed
2041 1446 2200 1485 omne
2227 1429 2484 1500 quidquid
2510 1429 2560 1484 ei
2588 1428 2820 1494 libuerit,
2853 1435 3021 1482 totum
3049 1425 3257 1495 spiritui
3285 1427 3492 1481 manci-

1919 1528 2128 1591 pantes,
2159 1520 2513 1590 spiritualium
2541 1519 2812 1574 imitamur
2837 1517 3079 1587 exempla
3098 1558 3112 1582 ,
3141 1529 3240 1586 per
3263 1530 3490 1584 quorum

1920 1619 2109 1666 euntes
2135 1611 2378 1680 vestigia,
2416 1609 2698 1665 credamus
2738 1623 2835 1663 nos
2859 1607 2926 1662 ad
2955 1606 3164 1661 Domini
3192 1605 3492 1660 misericor-

1918 1702 2060 1758 diam
2106 1703 2405 1772 pervenire,
2446 1701 2532 1757 cui
2559 1701 2729 1770 gloria
2762 1707 2817 1756 et
2843 1699 3124 1772 imperium
3175 1713 3274 1768 per
3312 1696 3492 1752 omnia

1919 1791 2110 1847 secula
2139 1791 2474 1846 saeculorum.
2505 1789 2696 1845 Amen.

524 2075 1303 2158 ANNOTATIONES
1378 2078 1510 2154 AD
1581 2034 2022 2173 QUZEDAM
2095 2084 2908 2164 EVANGELIORUM'
2955 2087 3233 2166 LOCA.

503 2427 966 2485 TESTIMONIUM
1003 2428 1177 2486 GILB.
1218 2427 1514 2487 COGNATI
1530 2471 1546 2494 ν

292 2522 402 2588 Qui
431 2521 569 2575 male
607 2521 701 2576 llas
730 2521 1094 2576 annotationes
1132 2521 1311 2576 tribuit
1339 2521 1569 2578 Arnobio
1596 2521 1745 2591 Afro.

290 2701 763 2772 Commendabunt
792 2702 897 2758 hoc
939 2700 1260 2772 opusculum
1301 2701 1582 2772 archetypi
1615 2717 1685 2757 ex
1711 2717 1820 2771 quo

216 2775 526 2842 desumpta:
563 2772 646 2826 haa
675 2771 1314 2842 AnnotationesAArnobii
1361 2772 1414 2842 in
1460 2771 1817 2842 evangelista-

215 2859 346 2897 rum
364 2840 502 2904 loca,
526 2849 786 2903 vetustas,
806 2841 1000 2896 deinde
1023 2840 1154 2894 ﬁdes
1173 2842 1374 2904 optima
1397 2841 1450 2894 in
1467 2841 1817 2898 describendo

218 2927 422 2980 magna
441 2910 752 2965 diﬁicultate
762 2910 898 2980 libro
915 2911 1171 2966 obsoletis
1183 2910 1581 2966 characteribus
1593 2911 1812 2980 scripto,

216 2982 286 3035 ad
321 2979 430 3035 hoc
453 2981 526 3033 ita
554 2981 694 3034 inter
735 2996 792 3033 se
819 2979 1232 3045 cohazrentihus,
1257 2990 1316 3034 ut
1343 2995 1449 3034 non
1495 2980 1669 3036 dicam
1691 2979 1815 3036 sen-

217 3053 452 3105 tentiam
498 3065 529 3103 a
571 3049 853 3112 sententia,
887 3049 981 3103 sed
1029 3049 1248 3104 verbum
1297 3065 1326 3103 a
1354 3050 1520 3102 verbo
1560 3050 1814 3106 dirimere

217 3121 328 3174 nisi
357 3127 572 3188 assueto
601 3134 883 3188 operosum
905 3118 992 3172 sit.
1013 3117 1259 3185 Ejusdem
1285 3119 1502 3172 Arnobii
1524 3117 1814 3174 Commen-

215 3189 349 3243 tarii
380 3190 433 3242 in
464 3187 700 3243 Psalmos
719 3187 1005 3258 Davidicos
1028 3189 1156 3242 editi
1180 3189 1291 3256 jam
1321 3188 1525 3258 pridem
1561 3198 1810 3258 exstant;

127 3267 134 3276 '
216 3258 454 3311 alterius
481 3274 608 3330 vero
656 3257 854 3330 laudati
887 3257 1010 3330 libri
1061 3266 1267 3330 septem
1297 3257 1553 3330 adversus
1589 3257 1812 3330 Gentes,

216 3343 458 3398 imorum
487 3328 538 3379 iu
587 3327 832 3396 catalogo
883 3327 1526 3398 illustrium'scriptorum
1573 3329 1816 3382 meminit

216 3397 276 3451 Β.
317 3396 705 3467 Hieronymus.

810 3483 904 3539 EX
942 3482 1218 3540 IOANNE.

895 3575 1078 3633 Csrur
1119 3578 1158 3632 Ι.

295 3667 368 3722 In
388 3669 643 3739 principio
657 3677 770 3722 erat
786 3667 1025 3732 Verbum,
1039 3679 1087 3722 et
1108 3668 1328 3722 Verbum
1345 3677 1458 3723 erat
1477 3669 1618 3737 apud
1629 3666 1809 3731 Deum,

217 3773 266 3817 et
322 3758 482 3850 Deus
512 3769 625 3814 erat
657 3758 878 3814 Verbum
917 3777 936 3814 :
991 3761 1086 3815 hoc
1128 3769 1240 3814 erat
1275 3763 1330 3815 in
1371 3761 1626 3830 principio
1675 3761 1814 3830 apud
1840 3796 1884 3850 η

221 3851 417 3904 Deum.
444 3847 634 3902 Omnia
669 3866 760 3920 per
786 3850 954 3920 ipsum
977 3851 1116 3920 facta
1136 3857 1273 3916 sunt,
1299 3860 1350 3904 et
1365 3850 1476 3904 sine
1501 3849 1593 3904 illo
1620 3851 1813 3921 factum

219 3950 300 3998 est
323 3941 480 4005 nihil,
505 3941 643 4010 quod
664 3943 857 4012 factum
875 3948 970 3995 est.

298 4030 632 4101 Principium
653 4031 796 4086 Deus
820 4039 921 4096 est,
951 4030 1042 4100 qui
1067 4031 1395 4101 principator
1420 4044 1538 4085 esse
1573 4030 1810 4084 omnium

221 4124 420 4178 voluit.
450 4122 506 4177 In
535 4122 637 4178 hoc
663 4123 844 4190 itaque
887 4123 1130 4192 principe
1160 4129 1278 4178 erat
1309 4122 1565 4187 Verbum,
1595 4123 1698 4177 hoc
1726 4131 1813 4178 est

155 4285 160 4288 _
223 4212 481 4270 Christus
513 4215 618 4269 :de
643 4229 752 4283 quo
791 4213 938 4280 dicit,
968 4214 1203 4269 Verbum
1232 4223 1350 4270 erat
1378 4215 1517 4284 apud
1550 4216 1732 4280 Deum,
1760 4224 1817 4270 et

225 4306 377 4361 Deus
405 4312 524 4359 erat
548 4303 801 4359 Verbum.
830 4302 1076 4360 Ostendit
1102 4304 1370 4360 Christum
1416 4320 1484 4360 ex
1526 4305 1638 4360 Deo
1689 4321 1814 4375 pro-

224 4396 478 4460 cessisse,
515 4395 583 4449 de
610 4409 718 4464 quo
744 4403 798 4451 et
824 4395 876 4450 in
900 4396 1088 4466 psalm.
1121 4413 1243 4451 xuv
1271 4413 1376 4452 vox
1403 4406 1624 4467 paterna
1647 4397 1814 4452 dixit:

227 4485 510 4541 EructaVit
535 4500 631 4542 cor
657 4501 834 4542 meum
862 4488 1094 4542 Verbum
1140 4489 1340 4542 bonum
1371 4504 1385 4540 :
1417 4488 1522 4543 hoc
1547 4495 1631 4542 est
1663 4486 1819 4542 Chri-

227 4586 400 4640 stum,
432 4591 531 4646 per
555 4592 712 4646 quem
742 4578 920 4632 omnia
951 4578 1087 4632 facta
1116 4586 1259 4643 sunt,
1291 4585 1483 4648 prmter
1508 4577 1670 4643 idola,
1699 4592 1818 4649 quae

228 4668 352 4721 sine
380 4667 604 4720 arbitrio
624 4666 820 4721 Christi
849 4667 987 4722 facta
1027 4677 1182 4732 sunt,
1213 4667 1281 4722 dc
1312 4667 1504 4737 quibus
1531 4666 1818 4737 Apostolus

231 4757 371 4811 dicit
401 4773 416 4808 :
447 4755 658 4812 Scimus
671 4757 794 4826 quia
819 4757 949 4812 nihil
977 4765 1060 4813 est
1086 4757 1305 4812 idolum.
1395 4753 1409 4769 ’

729 4865 861 4923 CAP.
899 4867 964 4922 ll.
1000 4868 1076 4924 De
1104 4869 1318 4938 nuptiis.

307 4959 411 5015 Die
449 4962 598 5016 tertio
637 4963 830 5031 nuptia:
855 4959 1048 5032 ﬁebant
1075 4962 1133 5016 in
1160 4960 1303 5016 Cana
1342 4959 1602 5026 Galilaue;
1630 4969 1680 5016 et
1707 4966 1820 5015 erat

229 5057 405 5104 mater
428 5048 552 5105 Iesu
577 5047 667 5104 ibi.
695 5049 916 5104 Vocatus
943 5058 1021 5104 est
1037 5057 1208 5104 autem
1226 5057 1276 5103 et
1299 5049 1472 5114 Iesus,
1502 5051 1552 5104 et
1579 5049 1817 5121 discipuli

229 5142 355 5212 ejus
375 5141 446 5194 ad
465 5142 698 5212 nuptias;
726 5149 775 5196 et
800 5142 973 5196 uinum
1000 5157 1104 5195 non
1135 5140 1405 5208 habebant,
1426 5148 1529 5197 etc.

310 5229 474 5287 Facta
493 5238 620 5286 sunt
637 5231 738 5286 ista
765 5230 978 5296 omnia;
1013 5230 1108 5285 sed
1144 5230 1344 5286 habent
1374 5231 1702 5300 spiritualem
1733 5229 1817 5284 in-

239 5320 538 5376 tellectum.
570 5319 797 5390 Nuptias,
831 5320 1055 5384 scilicet,
1097 5319 1404 5389 conjunctio
1431 5319 1629 5375 Christi
1657 5329 1737 5375 est
1764 5328 1821 5375 et

239 5410 512 5475 Ecclesiae,
545 5411 649 5468 hoc
668 5418 770 5476 est,
795 5425 947 5467 novae
982 5409 1112 5478 legis
1138 5410 1457 5466 traditionis.
1487 5410 1695 5480 Hydrim
1718 5426 1816 5464 au-

241 5511 352 5556 tem
373 5508 578 5571 septem
599 5500 820 5570 lapidea:
843 5499 1106 5555 Ecclesias
1131 5511 1334 5568 septem
1349 5517 1511 5570 super
1531 5510 1678 5570 petra
1709 5500 1819 5553 fun-

241 5589 396 5642 datas
441 5590 829 5644 demonstrant.
873 5591 1040 5658 Aqua,
1074 5591 1268 5658 inquit,
1323 5591 1488 5658 plt-na:
1523 5610 1532 5642 :
1564 5591 1668 5646 hoc
1713 5601 1816 5652 est,

246 5682 491 5748 baptismi
524 5682 709 5750 gratia.
746 5681 897 5748 Quod
929 5691 1105 5734 autem
1135 5682 1257 5735 dicit
1280 5701 1287 5730 :
1309 5683 1592 5749 Cupientes
1621 5692 1817 5736 metre-

1846 2433 1892 2494 B
1919 2437 2004 2485 tas
2020 2429 2205 2498 binas,
2249 2431 2303 2486 hi
2323 2438 2447 2487 sunt
2473 2433 2566 2502 qui
2584 2432 2939 2488 matrimoniis
2961 2431 3271 2502 junguntur.
3290 2432 3494 2490 Ternas

1918 2530 2099 2577 autem
2125 2523 2417 2593 capientes,
2460 2532 2587 2579 sunt
2613 2525 2882 2595 spiritales
2919 2533 2976 2580 et
3017 2525 3373 2590 continentes,
3401 2527 3493 2596 qui

1920 2612 2196 2672 Trinitatis
2222 2614 2507 2670 virtutibus
2549 2615 2854 2685 implentur.
2885 2615 3286 2671 Architriclinus
3313 2623 3494 2673 autem

1917 2702 2130 2774 Moyses
2145 2715 2247 2767 est,
2266 2721 2496 2775 sponsus
2512 2721 2684 2760 novus
2695 2705 2937 2760 Christus
2955 2712 3056 2768 est,
3070 2720 3206 2774 aqua
3233 2707 3287 2761 in
3311 2706 3493 2761 vinum

1915 2810 2176 2852 conversa
2203 2797 2468 2868 passionis
2489 2812 2733 2852 cruorem
2755 2797 3106 2852 demonstrat.

2420 2907 2549 2962 CAP.
2590 2905 2678 2961 lll.
2717 2907 2978 2962 Demco.

1985 3017 2057 3072 Et
2075 3035 2305 3090 egressus
2337 3019 2486 3074 Iesus
2516 3019 2579 3093 de
2608 3020 2794 3092 templo
2812 3058 2827 3084 ,
2855 3020 2976 3073 dum
3005 3021 3232 3075 ambulat
3253 3023 3378 3077 vidit
3403 3023 3496 3078 Ito-

1915 3109 2103 3162 mincm
2126 3126 2316 3164 meum
2344 3126 2376 3162 a
2397 3111 2659 3164 nativitale
2685 3127 2798 3164 sua.
2828 3108 2898 3163 Et
2923 3111 3359 3184 interrogaverunt
3381 3129 3501 3168 eum

1913 3198 2156 3269 discipuli
2193 3200 2328 3270 ejus,
2356 3200 2615 3254 dicentes:
2651 3199 2840 3266 Rabbi,
2869 3202 2983 3271 quis
3022 3203 3272 3270 peccavit,
3319 3203 3400 3258 llic
3426 3221 3499 3258 an

1913 3298 2149 3358 parentes
2177 3290 2308 3360 ejus,
2331 3292 2450 3361 quia
2481 3307 2646 3345 cretus
2683 3300 2837 3345 natus
2857 3292 2968 3344 est?
2987 3292 3320 3362 Respondeas
3344 3293 3497 3349 Iesus

1915 3378 2049 3431 dixit
2075 3379 2179 3433 illis
2203 3396 2222 3432 :
2252 3377 2434 3449 Neque
2460 3381 2708 3450 peccavit.
2735 3396 2896 3451 neque
2933 3392 3170 3450 parentes
3215 3384 3327 3453 ejus
3344 3423 3360 3446 ,
3405 3384 3496 3439 sed

1913 3479 1971 3524 ut
1997 3472 2453 3542 manifestarentur
2480 3488 2636 3540 opera
2667 3471 2760 3530 Dei
2786 3472 2842 3525 in
2871 3472 2980 3525 illo.
3014 3470 3145 3526 Haec
3184 3473 3379 3538 dicens,
3404 3492 3494 3528 ea:-

1913 3562 2052 3629 spuit
2076 3562 2133 3614 in
2163 3571 2317 3626 terra,
2347 3569 2397 3615 et
2422 3562 2541 3632 fecit
2562 3561 2724 3614 lutum
2752 3562 2818 3615 de
2844 3572 3026 3632 sputo,
3048 3573 3097 3616 et
3123 3563 3290 3617 linioit
3320 3565 3496 3618 oculos

1914 3652 2025 3720 ejus
2046 3652 2172 3715 luto,
2213 3653 2441 3723 dixitque
2468 3653 2552 3706 ei:
2585 3651 2727 3706 Vade
2751 3653 2821 3706 ad
2848 3653 3099 3722 piscinam
3121 3655 3281 3718 Siloe,
3311 3664 3360 3708 et
3378 3656 3496 3710 lava

1917 3743 2090 3797 oculos
2113 3753 2242 3797 tuos.
2268 3743 2402 3797 Abiit
2429 3759 2568 3814 ergo,
2593 3753 2642 3797 et
2661 3745 2802 3808 lavit,
2819 3755 2868 3798 et
2894 3745 3026 3798 renit
3045 3756 3250 3815 accepta
3277 3747 3486 3802 visione.

1985 3830 2199 3888 Cmcum
2224 3833 2367 3902 quod
2401 3833 2553 3897 dixit,
2585 3847 2752 3903 genus
2781 3835 3055 3889 hominum
3083 3835 3364 3903 gentilium
3401 3836 3494 3892 de-

1916 3930 2197 3987 monstrat,
2227 3924 2426 3992 quique
2452 3939 2483 3978 a
2512 3924 2791 3979 nativitate
2817 3925 2872 3979 in
2909 3925 3223 3980 accitudine
3272 3925 3494 3980 erraba-

1915 4028 2052 4068 mus.
2102 4012 2302 4067 Siloam
2349 4022 2566 4076 autem,
2623 4013 2824 4068 fontem
2880 4014 3092 4069 luminis
3138 4015 3493 4086 interpretan-

1917 4114 2003 4159 tur
2032 4123 2045 4158 :
2076 4103 2221 4173 quod
2265 4113 2348 4159 est
2374 4104 2659 4175 baptisma,
2702 4105 2843 4160 unde
2869 4105 3046 4161 cordis
3077 4107 3262 4162 oculos
3294 4107 3490 4161 illumi-

1917 4210 2126 4250 namus.

2397 4302 2526 4359 CAP.
2565 4303 2655 4359 IV.
2685 4303 2762 4359 De
2791 4303 3014 4358 Lazaro.

1987 4413 2113 4467 Fuit
2157 4420 2326 4468 autem
2351 4414 2557 4484 quidam
2601 4414 2860 4484 inﬁmus,
2899 4414 3104 4468 nomine
3145 4411 3406 4476 Lazarus,
3431 4415 3492 4468 de

1916 4507 2129 4560 castello
2156 4505 2345 4561 Marias
2365 4515 2414 4560 et
2441 4505 2666 4562 Marthae
2685 4507 2878 4561 sororis
2913 4507 3044 4578 ejus.
3081 4505 3210 4562 Haac
3229 4515 3303 4561 est
3325 4517 3494 4562 autem

1917 4595 1977 4652 Π
1979 4599 2094 4652 aria
2121 4613 2236 4668 qua:
2258 4607 2479 4652 unxerat
2511 4597 2792 4653 Dominum
2820 4607 3106 4668 unguento,
3135 4606 3187 4652 et
3213 4608 3492 4654 eaterserat

1915 4688 2094 4758 pedem
2112 4688 2225 4758 ejus
2243 4689 2445 4757 capillis
2464 4690 2593 4749 suis,
2617 4688 2762 4758 cujus
2787 4690 2951 4758 frater
2963 4689 3208 4758 infirmus
3230 4698 3360 4752 erat,
3383 4697 3489 4743 etc.

1989 4777 2153 4834 Facta
2171 4786 2298 4834 sunt
2323 4779 2426 4834 ista
2456 4779 2654 4843 omnia,
2684 4778 2778 4833 sed
2799 4779 2996 4833 habent
3013 4779 3305 4848 spiritalem
3334 4781 3486 4836 intel-

1917 4868 2146 4934 lectum;
2175 4884 2297 4924 nam
2328 4867 2560 4922 Lazarus
2596 4881 2765 4936 genus
2806 4867 3096 4923 humanum
3141 4868 3491 4935 demonstrat,

1916 4957 2011 5028 qui
2032 4958 2088 5012 in
2117 4966 2294 5015 morte
2319 4957 2722 5014 condormiebat
2745 4957 3054 5028 priusquam
3082 4958 3324 5016 Christus
3340 4963 3492 5016 veni-

1916 5057 2020 5104 ret.
2053 5047 2260 5103 Martha
2289 5055 2468 5110 autem
2492 5055 2548 5103 et
2585 5045 2780 5112 Maria,
2803 5046 3041 5104 Ecclesia
3068 5056 3124 5105 et
3145 5049 3276 5105 ﬁdes
3295 5051 3490 5105 intelli-

1842 5152 1893 5212 Ῑ)
1917 5145 2132 5206 guutur,
2154 5142 2405 5206 rogantes
2423 5133 2690 5192 Christum
2718 5143 2778 5191 ut
2796 5135 3053 5192 Lazarum
3071 5140 3370 5196 suscitaret.
3398 5139 3490 5192 La-

1922 5225 2048 5297 pide
2070 5235 2252 5283 autem
2277 5225 2530 5282 devoluta
2555 5226 2624 5284 de
2650 5236 2998 5285 monumento
3014 5267 3030 5293 ,
3060 5230 3165 5285 hoc
3189 5238 3273 5284 est
3297 5229 3490 5284 duritia

1920 5319 2196 5375 hominum
2222 5317 2291 5374 de
2309 5318 2471 5375 corde
2493 5327 2718 5375 remota.
2752 5319 3008 5388 Quartum
3030 5328 3207 5375 autem
3227 5319 3366 5374 diem
3391 5334 3489 5373 ex»

1918 5409 2141 5465 citatum
2163 5451 2178 5476 ,
2235 5408 2644 5479 Evangeliorum
2683 5411 3015 5468 demonstrat
3063 5410 3312 5478 ﬁguram,
3371 5424 3491 5475 que

1920 5502 2075 5556 nobis
2113 5500 2363 5555 duritiam
2400 5500 2577 5556 cordis
2614 5502 2891 5572 repellent.
2931 5500 3083 5566 Quod
3120 5507 3296 5553 autem
3334 5495 3488 5564 dixit,

1922 5591 2256 5660 Lacrymatus
2310 5600 2384 5644 est
2431 5591 2618 5655 Iesus,
2675 5592 2742 5647 dc
2792 5591 3100 5646 inﬁdelitate
3151 5587 3346 5643 scilicet
3399 5585 3489 5642 Iu-

1917 5682 2150 5734 dzeoruui
2162 5721 2174 5734 .
