3926 6176
528 289 623 346 5'"

1201 395 1328 450 Car.
1363 393 1423 449 ν.

601 511 866 566 Ambulate
885 509 1004 562 dum
1044 508 1205 560 lucem
1235 507 1458 571 habetis,
1488 523 1552 560 ne
1581 507 1798 560 tenebrat
1838 521 1922 559 ros
1965 523 2103 559 com-

526 603 874 676 prehendant;
917 600 1004 671 qui
1030 600 1166 652 enim
1191 597 1422 651 ambulat
1457 599 1512 651 in
1553 597 1791 662 tenebris,
1823 599 1982 650 nescit
2005 613 2104 668 quo

526 696 695 751 radat.
729 693 855 748 Cum
874 709 996 762 ergo
1017 695 1179 744 lucem
1199 690 1416 756 habetis,
1439 689 1631 746 credite
1655 691 1710 744 in
1731 690 1910 752 lucem,
1933 699 1990 743 ut
2009 689 2109 761 ﬁlii

524 788 651 840 lucis
680 785 796 856 fieri
814 785 1040 855 possitis.

598 876 794 930 Lucem
835 873 978 943 quod
1018 873 1166 935 dicit,
1213 873 1299 926 lex
1333 871 1430 926 Dei
1469 879 1570 938 est,
1601 872 1653 926 in
1681 887 1786 942 qua
1833 873 2108 927 ambulare

523 967 800 1022 debemus.
831 965 1104 1020 Tenebras
1146 971 1324 1017 autem
1345 962 1487 1032 quod
1515 963 1651 1017 dixit
1680 964 1977 1031 ignorantia
2005 972 2104 1020 est.

523 1055 770 1112 Christus
796 1055 886 1110 lux
915 1061 1018 1121 est,
1048 1054 1284 1108 tenebrae
1311 1063 1490 1108 autem
1519 1055 1878 1109 antichristus.

895 1169 1026 1223 CAP.
1066 1166 1154 1222 Vl.
1193 1165 1271 1222 De
1299 1167 1409 1222 vite
1436 1175 1492 1221 et
1516 1168 1752 1238 palmite.

598 1279 710 1350 Ego
735 1296 868 1343 sum,
894 1279 1084 1347 inquit,
1115 1277 1234 1332 vitis
1265 1293 1405 1342 vera,
1434 1286 1485 1330 et
1521 1276 1683 1330 Pater
1710 1294 1849 1332 meus
1878 1279 2114 1350 agricola

525 1381 603 1426 est
626 1388 642 1425 :
663 1387 862 1425 omnem
877 1371 1142 1440 palmitem
1163 1370 1216 1421 in
1238 1383 1318 1421 me
1342 1384 1447 1423 non
1470 1369 1712 1440 ferentem
1733 1371 1956 1440 fructum
1974 1369 2116 1424 exci-

528 1464 630 1530 det,
653 1472 702 1517 et
729 1464 784 1517 in
804 1463 976 1533 ignem
1004 1462 1190 1515 mittet.

600 1552 792 1607 Merito
841 1549 1086 1606 Christus
1116 1551 1237 1606 vitis
1264 1561 1375 1617 est,
1405 1551 1497 1622 qui
1528 1551 1689 1605 vitam
1719 1551 1874 1606 nobis
1907 1549 2114 1616 attulit;

491 1694 494 1696 γ
529 1651 678 1698 recte
705 1649 760 1697 et
788 1640 950 1696 Pater
976 1640 1092 1710 ejus
1113 1641 1421 1709 agricultor,
1439 1641 1563 1709 quia
1591 1641 1775 1696 mundi
1794 1640 2121 1708 gubernator

1851 276 2119 333 ARNOBII
2157 274 2456 333 JUNIORIS

3639 285 3723 342 δη

2876 394 3002 450 Car.
3047 396 3108 452 11.

2217 575 2233 588 ο
2291 505 2401 559 Vox
2437 507 2706 560 clamantis
2754 509 2805 559 in
2859 507 3098 562 deserto:
3147 507 3340 562 Parate
3385 511 3508 564 vium
3542 511 3724 577 Domini,

2207 605 2371 651 rectas
2399 597 2556 668 facite
2580 597 2790 651 semitas
2814 596 2910 651 Dei
2940 599 3136 661 nostri;
3165 601 3330 653 omnis
3371 600 3509 653 vallis
3533 603 3729 671 implebi-

2209 697 2308 752 tur,
2333 697 2384 741 et
2409 689 2574 743 omnis
2600 705 2746 744 mons
2763 697 2814 743 et
2831 689 2976 744 collis
3004 690 3369 756 humiliabitur,
3384 700 3430 745 et
3453 703 3589 747 erunt
3605 712 3734 760 prava

2208 780 2262 832 in
2293 779 2508 833 directa.

2283 870 2486 925 Vallem
2507 871 2651 940 quod
2680 871 2834 935 dixit,
2860 871 3116 926 mundum
3146 871 3303 926 istum
3332 855 3740 941 demonstraue-

2211 961 2415 1031 pictum
2440 961 2641 1017 Christi
2669 961 2934 1017 doctrina.
2975 961 3184 1017 Montes
3208 970 3383 1018 autem
3410 973 3464 1018 ει
3487 965 3636 1020 colles
3662 967 3741 1021 hu-

2211 1053 2401 1107 miliati
2449 1053 2674 1123 perﬁdia
2701 1052 2909 1107 scilicet
2927 1052 3148 1119 diaboli,
3177 1063 3234 1108 et
3268 1053 3523 1109 idolorum
3548 1058 3737 1122 cultura,

2211 1157 2331 1211 qua:
2379 1143 2432 1196 in
2484 1143 2772 1197 adventum
2800 1141 2998 1197 Christi
3030 1143 3308 1198 bumiliata
3346 1154 3468 1199 sunt
3502 1153 3644 1215 atque
3664 1148 3738 1201 de-

2212 1250 2416 1305 pressa.
2445 1233 2599 1300 Quod
2627 1241 2806 1288 autem
2855 1233 2991 1289 dixit
3031 1251 3043 1287 :
3075 1234 3247 1290 Erunt
3273 1251 3432 1306 prava
3461 1236 3510 1288 in
3555 1237 3739 1302 directa,

2213 1327 2319 1380 hoc
2355 1325 2424 1381 de
2462 1327 2742 1394 gentilium
2781 1328 3048 1396 pravitate
3087 1327 3334 1394 dicebat,
3355 1329 3446 1397 qui
3475 1345 3603 1385 nunc
3625 1340 3741 1384 recta

2211 1415 2406 1472 itinera
2434 1416 2770 1486 gradiuntur.

2615 1505 2747 1562 Car.
2785 1507 2871 1562 ιιι.
2912 1506 2990 1563 De
3015 1507 3138 1564 cibo
3165 1505 3404 1564 Joannis.

2289 1618 2440 1675 Cibus
2460 1629 2630 1674 autem
2656 1619 2878 1674 Joannis
2905 1627 3054 1674 erant
3081 1620 3313 1686 locusta,
3342 1629 3390 1674 et
3413 1620 3510 1674 mel
3537 1620 3741 1675 silvestre.

528 1742 634 1799 est,
663 1735 753 1802 qui
775 1733 982 1803 pluvias
1008 1740 1066 1786 et
1093 1741 1336 1802 tempora
1365 1731 1520 1801 quasi
1545 1733 1720 1788 bonus
1741 1733 1915 1788 cultor
1941 1733 2112 1788 admi-
2145 1743 2194 1803 Β
2294 1711 2550 1803 Low?“
2577 1727 2712 1781 quas
2737 1712 2893 1803 dimi
2920 1713 3243 1803 PPWIOV‘W
3270 1713 3545 1803 mulum“)
3557 1712 3746 1803 ξθφοη·

529 1827 743 1880 nistrat.
794 1823 1075 1879 Palmitem
1102 1839 1233 1880 vero
1281 1823 1427 1893 quod
1472 1823 1608 1878 dixit
1643 1823 1989 1890 fructiferum,
2016 1840 2116 1879 no-

529 1923 699 1970 strum
722 1915 979 1985 populum
1000 1912 1283 1985 signiﬁcat.
1311 1913 1699 1968 Inﬁ'uctuosum
1726 1922 1928 1981 autem,
1956 1915 2120 1970 haere-

530 2005 759 2061 ticorum
787 2004 955 2075 ﬁgura
983 2011 1088 2070 εει,
1117 2018 1278 2074 quam
1305 2004 1442 2074 ignis
1467 2011 1762 2074 exspectat.

949 2114 1080 2171 Car.
1123 2116 1228 2172 VII.
1269 2116 1347 2172 De
1384 2116 1672 2171 Abraham.

599 2227 862 2283 Abraham
912 2237 1060 2298 pater
1086 2237 1249 2283 uester
1283 2230 1597 2300 exspectavit
1640 2237 1696 2283 ut
1738 2229 1930 2285 videret
1981 2229 2117 2285 diem

529 2338 715 2386 meum,
739 2329 788 2375 et
816 2321 964 2386 vidit,
993 2329 1044 2374 et
1071 2322 1274 2392 gavisus
1303 2329 1399 2375 est.

600 2412 918 2480 Priusquam
945 2411 1194 2468 Christus
1222 2411 1448 2474 venerit,
1474 2423 1601 2468 ante
1626 2411 1734 2468 duo
1756 2412 1922 2468 millia
1942 2427 2116 2467 anno-

533 2518 653 2558 rum
695 2502 966 2559 Abraham
1010 2501 1322 2570 delunctus;
1359 2502 1631 2572 quomodo
1683 2517 1813 2572 ergo
1860 2503 2118 2558 Dominus

530 2594 682 2656 dixit,
697 2593 965 2650 Abraham
985 2593 1118 2648 vidit
1137 2593 1279 2648 diem
1307 2609 1506 2660 meum,
1529 2601 1586 2649 et
1603 2595 1816 2662 gavisus
1833 2595 1950 2649 est?
1969 2593 2120 2648 Tunc

528 2683 756 2749 scilicet,
788 2699 910 2739 cum
957 2682 1107 2738 Isaac
1144 2683 1213 2738 ad
1245 2683 1515 2738 victimam
1534 2683 1734 2751 lignum
1763 2683 2032 2754 portabat,
2063 2692 2120 2739 et

531 2774 756 2827 arietem
783 2774 1016 2829 victima:
1055 2773 1273 2842 dignum
1300 2773 1465 2839 dedit,
1495 2781 1552 2828 et
1573 2773 1812 2843 gaudens
1839 2772 2008 2828 ﬁlium
2027 2789 2118 2828 re-

530 2863 692 2932 cepit,
725 2871 853 2918 tunc
900 2865 1219 2929 exsultavit,
1249 2865 1376 2934 quia
1416 2866 1591 2922 crucis
1626 2865 1828 2934 lignum
1856 2865 2016 2931 vidit,
2063 2873 2118 2920 et

533 2951 800 3010 Christum
826 2970 1108 3025 passurum
1133 2957 1404 3025 cognovit.

926 3063 1054 3120 cip.
1096 3065 1228 3121 Vill.
1269 3065 1344 3122 De
1362 3065 1538 3135 gladio
1559 3063 1721 3122 Petri.

603 3172 789 3228 Simon
823 3174 983 3245 igitur
1007 3173 1198 3228 Petrus
1225 3173 1416 3230 habens
1443 3175 1700 3246 gladium,
1723 3176 1903 3231 eduxit
1925 3185 1976 3232 et
1999 3195 2118 3250 per-

535 3265 691 3320 cussit
728 3281 929 3319 servum
962 3266 1210 3338 principis
1238 3267 1582 3335 sacerdotum,
1629 3279 1680 3324 et
1715 3273 1999 3342 amputauit
2039 3271 2120 3328 illi

534 3357 823 3412 auriculmn
849 3358 1105 3424 dextram,
1134 3367 1191 3414 et
1211 3369 1407 3416 cetera
1433 3374 1553 3431 qute
1577 3371 1893 3432 sequuntur.

607 3446 743 3502 Cum
771 3455 930 3504 antea
959 3449 1220 3506 Dominus
1259 3452 1574 3523 praeceperit
1599 3451 1876 3524 discipulis
1911 3454 2024 3510 suis
2054 3468 2122 3509 ne

535 3540 754 3610 quidem
782 3541 989 3610 virgam
1016 3542 1072 3596 in
1111 3543 1196 3597 via
1227 3543 1447 3610 ferrent,
1477 3545 1750 3614 quomodo
1773 3559 1903 3614 ergo
1931 3538 2122 3602 Petrus

534 3631 734 3687 exemit
760 3632 1014 3700 gladium,
1044 3641 1100 3688 et
1124 3635 1422 3704 amputavit
1437 3637 1730 3691 auriculam
1755 3650 1924 3707 puero
1943 3651 2123 3693 sacer-

536 3721 710 3788 dotis;
741 3731 796 3778 et
823 3723 1079 3780 Dominus
1107 3726 1156 3780 ei
1183 3723 1318 3780 dixit
1347 3743 1363 3778 :
1396 3723 1632 3780 Reconde
1651 3727 1880 3797 gladium
1908 3735 2049 3781 tuum
2068 3728 2122 3782 in

537 3811 739 3866 thecam
781 3829 927 3866 suam
953 3811 1216 3868 iGladius
1255 3813 1460 3869 scilicet
1495 3814 1727 3885 Spiritus
1765 3824 1982 3872 sanctus
2019 3824 2121 3882 est,

538 3900 680 3956 sicut
729 3902 1007 3971 apostolus
1052 3899 1248 3958 Paulus
1295 3903 1363 3958 ad
1410 3901 1671 3976 Ephesios
1721 3906 1997 3972 meminit;
2027 3921 2124 3961 au-

539 3992 708 4047 licula
737 4000 916 4048 autem
945 4002 1219 4064 amputata
1249 3995 1462 4051 auditus
1500 3995 1806 4053 Judmorum
1844 4004 1956 4064 est,
1987 3999 2126 4054 sicut

538 4085 703 4141 lsaias
747 4085 928 4142 dixit:
978 4087 1220 4153 Domine,
1249 4091 1362 4162 quis
1403 4090 1624 4144 credidit
1668 4091 1871 4146 auditui
1907 4093 2125 4147 nostra?

541 4174 720 4234 Theca
749 4193 878 4234 vero
908 4177 1098 4236 Petrus
1125 4188 1259 4248 erat,
1291 4181 1345 4236 in
1373 4195 1482 4252 quo
1511 4181 1740 4252 Spiritus
1768 4182 1863 4238 Dei
1899 4182 2118 4238 latebat.

1082 4331 1176 4385 EX
1214 4331 1589 4389 ΜΑΤΤΗᾹΣΟ.

1200 4443 1380 4500 Cum
1421 4445 1462 4500 l.

610 4579 926 4649 Aperientes,
951 4578 1138 4647 inquit,
1169 4577 1433 4634 thesauros
1461 4595 1600 4644 suos,
1630 4580 1922 4636 obtulerunt
1939 4586 1984 4637 ei
2011 4599 2124 4638 mu-

537 4671 689 4736 lera,
719 4686 924 4734 aurum,
940 4670 1118 4724 thuset
1144 4669 1442 4740 myrrham;
1470 4679 1520 4724 et
1543 4687 1788 4741 responso
1803 4673 1985 4727 moniti
2005 4685 2127 4727 sunt

540 4760 600 4817 tn
626 4763 838 4827 somnis,
868 4777 935 4815 ne
959 4767 1330 4816 reverterentur
1350 4759 1420 4814 ad
1449 4757 1727 4829 Herodem,
1750 4763 1842 4816 sed
1859 4780 1949 4833 per
1967 4765 2126 4818 alium

541 4853 680 4907 viam
699 4855 914 4924 regressi
933 4864 1071 4908 sunt.

617 4943 769 4998 Tunc
792 4943 998 5000 scilicet
1032 4945 1172 5014 magi
1211 4946 1472 5016 praesagio
1497 4946 1716 5017 spiritus
1743 4945 1957 5002 Christo
2005 4964 2125 5002 mu-

543 5047 678 5089 nera
707 5033 1046 5090 merebant:
1097 5054 1308 5103 aurum,
1355 5039 1580 5105 scilicet,
1629 5039 1782 5108 quasi
1828 5040 1968 5107 regi;
2015 5041 2128 5093 thus

539 5131 728 5181 autem
755 5126 910 5194 quasi
938 5125 1071 5194 Deo,
1103 5128 1217 5183 sive
1244 5129 1368 5197 quia
1397 5129 1661 5199 passionis
1707 5130 2130 5184 immolationem

538 5217 1020 5283 demonstrabant;
1077 5220 1290 5289 myrrha
1351 5229 1531 5274 autem
1583 5220 1870 5289 sepulturae
1923 5220 2132 5288 signum

540 5309 888 5365 «ostmdebat.
921 5310 1058 5379 Magi
1088 5321 1266 5367 autem
1296 5312 1396 5380 ipsi
1418 5321 1574 5384 typus
1597 5313 1930 5369 credentium
1958 5323 2132 5368 erant.

546 5398 792 5456 Herodes
821 5410 1002 5457 autem
1047 5401 1245 5458 diaboli
1293 5402 1560 5471 signiﬁcat
1584 5403 1826 5471 ﬁguram.
1857 5401 2013 5468 Quod
2042 5417 2140 5457 au-

549 5502 662 5548 tem
691 5494 861 5563 magis
887 5493 1089 5550 dictum
1111 5503 1212 5558 est,
1246 5508 1313 5548 ne
1331 5503 1729 5550 reverterentur
1756 5495 1822 5549 ad
1844 5494 2135 5558 Herodem,

548 5586 660 5640 hoc
707 5595 808 5651 est,
839 5587 930 5655 qui
977 5601 1042 5641 ex
1094 5586 1342 5654 gentibus
1369 5587 1438 5642 ad
1483 5587 1753 5643 Christum
1785 5587 2024 5652 veniunt,
2071 5601 2138 5640 ne

551 5692 747 5734 rut-sus
763 5677 834 5733 ad
864 5678 1136 5734 diabolum
1165 5686 1520 5735 revertantur.

2141 3099 2188 3159 C

2218 1810 2390 1857 strant
2423 1799 2644 1870 ﬁguram
2665 1843 2680 1868 ,
2711 1803 2802 1872 qui
2832 1802 2898 1856 ad
2933 1800 3197 1858 Joannem
3227 1802 3524 1858 veniebant.
3556 1801 3644 1856 Mel
3667 1818 3746 1856 au-

2217 1902 2324 1948 tem
2355 1894 2584 1950 fructum
2625 1894 2923 1951 dulcedinis
2958 1910 3146 1950 eorum
3190 1895 3537 1959 demonstrat,
3559 1909 3746 1964 quorum

2216 1988 2531 2044 credulitate
2557 1995 2612 2044 ει
2641 1987 2742 2043 ﬁde
2761 1986 2998 2044 Joannes
3018 1989 3380 2044 saturabatur.

2623 2120 2753 2177 Car.
2784 2119 2872 2176 IV.
2902 2121 2980 2177 De
3006 2121 3128 2192 pala
3156 2128 3214 2177 et
3245 2135 3392 2176 area.

2289 2253 2521 2321 Habetis,
2551 2256 2732 2326 inquit,
2763 2256 2938 2327 palam
2965 2257 3018 2310 in
3047 2273 3202 2309 manu
3228 2272 3342 2322 sua,
3371 2252 3746 2326 purgabitareant

2215 2363 2380 2412 suam,
2423 2357 2472 2400 et
2499 2346 2702 2417 colliget
2741 2349 3050 2418 frumentum
3077 2347 3132 2400 in
3172 2346 3376 2410 horrea,
3417 2345 3580 2415 paleas
3614 2355 3747 2397 auten

2217 2436 2474 2491 comburet
2498 2436 2606 2508 igni
2631 2433 3055 2507 inexstinguibili.

2299 2528 2493 2582 Arcam
2524 2526 2668 2596 quod
2695 2526 2859 2592 dixit,
2888 2525 3142 2580 mundum
3173 2525 3335 2580 istum
3375 2523 3617 2592 intelligit.
3641 2521 3748 2576 Fru-

2218 2629 2457 2672 mentum
2487 2633 2617 2671 νει-ο
2643 2617 2788 2686 quod
2813 2615 2966 2679 dixit,
3006 2615 3177 2671 sancti
3204 2624 3265 2670 et
3293 2613 3471 2670 ﬁdeles
3495 2613 3748 2681 intelligun-

2220 2718 2326 2763 tur.
2361 2707 2519 2762 Palea
2542 2722 2692 2772 vero,
2716 2721 2930 2762 crucem
2957 2705 3312 2760 demonstrat.
3337 2703 3582 2759 Horreum
3605 2708 3748 2755 autem

2221 2799 2498 2871 paradisus
2543 2808 2646 2865 est,
2679 2797 2770 2852 ubi
2809 2796 2980 2852 sancti
3008 2796 3364 2866 colliguntur;
3397 2794 3553 2870 palea:
3586 2800 3748 2854 autem,

2219 2892 2365 2946 leves
2385 2901 2440 2946 et
2466 2891 2659 2961 perditi
2678 2890 2944 2954 homines,
2973 2889 3065 2958 qui
3093 2889 3148 2944 in
3176 2890 3476 2959 gehennam
3495 2886 3749 2946 mittuntur,

2220 2989 2275 3036 et
2296 2981 2401 3050 igni
2429 2990 2747 3034 exuruntur.

2565 3067 2692 3124 Car.
2723 3067 2786 3123 V.
2822 3067 2899 3124 De
2921 3065 3126 3138 jejunio
3154 3075 3209 3123 et
3237 3065 3460 3137 templo.

2296 3179 2362 3234 Et
2399 3197 2512 3236 cum
2535 3183 2824 3253 jejunasset
2849 3180 3018 3246 Jesus,
3053 3187 3232 3251 postea
3267 3180 3462 3244 esuriit,
3487 3184 3534 3230 et
3557 3172 3670 3227 dixit
3697 3168 3749 3220 ad

2218 3289 2334 3326 eum
2365 3273 2410 3326 is
2449 3273 2536 3344 qui
2576 3281 2734 3326 tentat
2755 3288 2772 3325 :
2796 3270 2860 3326 Si
2886 3268 3057 3324 Filius
3085 3269 3182 3324 Dei
3210 3287 3287 3334 es,
3311 3270 3393 3323 dic
3429 3277 3482 3320 ut
3499 3263 3668 3336 lapides
3683 3257 3749 3312 isti

2220 3378 2378 3432 panes
2406 3362 2558 3430 ﬁant.
2592 3360 2689 3414 Ille
2715 3370 2886 3415 autem
2906 3359 3041 3414 dixit
3066 3361 3112 3413 ei
3147 3375 3164 3412 :
3196 3357 3327 3414 Non
3352 3360 3408 3412 in
3431 3355 3536 3411 solo
3559 3368 3671 3425 pane
3691 3349 3749 3403 ri-

2217 3453 2288 3504 vit
2316 3453 2486 3516 homo,
2517 3451 2608 3505 sed
2633 3452 2688 3504 in
2715 3452 2856 3505 omni
2885 3448 3031 3505 verba
3059 3447 3178 3505 Dei.
3206 3447 3352 3502 Tunc
3379 3444 3635 3513 assumpsit
3657 3455 3744 3493 eum

2221 3545 2480 3610 diabolus,
2509 3555 2560 3598 et
2586 3547 2766 3599 statuit
2802 3561 2916 3599 eum
2943 3559 3098 3614 super
3133 3545 3354 3615 pinnam
3381 3540 3564 3612 templi,
3584 3545 3627 3590 et
3649 3534 3750 3587 dixit

2221 3635 2299 3689 illi
2326 3651 2346 3690 :
2376 3633 2438 3690 Si
2463 3633 2632 3688 Filius
2661 3633 2760 3688 Dei
2787 3650 2862 3699 es,
2892 3635 3038 3688 mitte
3066 3642 3113 3687 te
3139 3634 3261 3688 hinc
3300 3634 3549 3694 deorsum,
3574 3635 3618 3680 et
3638 3621 3743 3678 esci-

2223 3726 2365 3796 pient
2395 3735 2441 3780 te
2475 3726 2677 3796 angeli,
2706 3741 2768 3780 ne
2810 3726 2942 3796 forte
2976 3723 3212 3793 oﬂ'endas
3251 3724 3324 3778 ad
3367 3721 3578 3794 lapidem
3609 3712 3749 3788 pedm

2221 3822 2386 3868 tuum.

2292 3902 2536 3959 Christus
2558 3902 2806 3972 jejunans
2833 3917 2932 3959 nos
2957 3901 3245 3966 esuriebat,
3272 3917 3410 3971 quos
3427 3896 3617 3969 iustitia
3639 3897 3751 3946 satu-

2223 3997 2395 4060 rabit;
2426 3996 2632 4066 lapides
2655 4002 2834 4050 autem
2874 4011 2973 4050 nos
2993 3994 3210 4058 fuimus,
3237 3995 3336 4062 qui
3361 3991 3593 4048 duritiam
3612 3980 3752 4039 oordit

2224 4088 2526 4145 habuimus.
2558 4087 2839 4158 Templum
2863 4095 3043 4142 autem
3069 4085 3406 4142 Christianos
3432 4080 3652 4152 homines
3680 4071 3746 4125 dc-

2229 4187 2509 4244 Iuonstrat,
2538 4177 2706 4234 Paulo
2728 4178 2973 4248 apostolo
3000 4177 3248 4232 dicente:
3271 4176 3379 4231 Vos
3397 4174 3520 4230 estis
3544 4163 3752 4236 templum

2222 4269 2340 4324 Dei.
2364 4267 2652 4337 Fastigium
2691 4275 2869 4322 autem
2898 4267 3084 4336 templi
3109 4258 3347 4322 charitas
3373 4275 3482 4329 est,
3512 4275 3597 4332 per
3628 4267 3753 4324 quam

2225 4361 2468 4416 Christus
2496 4362 2548 4416 in
2575 4359 2892 4414 Christianis
2937 4358 3204 4422 ascendit;
3234 4357 3378 4425 quod
3407 4363 3573 4410 autem
3609 4345 3754 4400 diabo~

2152 4449 2201 4510 D
2226 4453 2310 4508 lus
2335 4453 2549 4508 Christo
2576 4451 2736 4516 dixit,
2761 4450 2910 4505 Mitte
2939 4459 2993 4504 te
3020 4450 3088 4505 de
3132 4449 3336 4520 templo
3377 4448 3497 4503 hinc
3532 4442 3753 4497 deorsum.

2226 4544 2331 4600 hoc
2349 4551 2433 4599 est
2459 4561 2471 4597 :
2505 4541 2767 4597 suadebat
2794 4539 3008 4596 Christo
3039 4547 3097 4594 ut
3123 4539 3192 4594 de
3215 4547 3398 4594 nostra
3425 4531 3662 4591 charitate
3682 4522 3753 4576 de-

2227 4635 2526 4691 scenderet.
2557 4631 2634 4687 Ne
2662 4631 2818 4697 forte,
2851 4631 3041 4700 inquit,
3087 4628 3328 4685 oﬁendas
3354 4627 3422 4682 ad
3448 4620 3655 4692 lapidem
3687 4626 3752 4680 Ill“

2229 4725 2350 4781 dem
2398 4735 2580 4790 tuum;
2626 4725 2731 4782 hoc
2769 4731 2872 4789 εει,
2917 4724 3071 4794 quasi
3120 4722 3212 4792 qui
3251 4716 3505 4777 increduli
3541 4716 3753 4767 essemuso

2232 4818 2400 4873 veluti
2429 4817 2683 4871 duritiam
2713 4815 2948 4886 lapidum
2990 4813 3330 4870 haberemus.
3361 4809 3438 4864 ita
3461 4799 3757 4861 offensionem

2233 4917 2473 4964 nostram
2499 4906 2714 4962 Christo
2743 4904 3048 4975 objiciebat.

2908 5013 3038 5070 Car.
3062 5012 3148 5068 Vl.

2307 5132 2434 5188 Esto
2463 5130 2712 5203 benignus
2739 5126 3033 5181 adversario
3060 5134 3147 5180 tuo
3174 5125 3276 5178 cito
3293 5163 3308 5186 ,
3338 5121 3456 5176 dum
3483 5133 3533 5172 es
3689 5105 3758 5203 illo

2237 5228 2291 5280 in
2318 5225 2401 5278 via
2418 5263 2433 5288 ,
2465 5237 2531 5276 ne
2569 5195 2701 5292 forte
2727 5215 3053 5271 adversarius
3081 5214 3255 5268 tradat
3291 5223 3340 5268 te
3357 5208 3543 5283 jndici,
3568 5209 3614 5257 et
3629 5195 3759 5270 jam

2240 5314 2511 5379 ministris,
2538 5319 2588 5366 et
2615 5312 2669 5364 in
2699 5324 2954 5364 carcerem
2981 5306 3228 5359 mittaris.

2314 5373 2690 5460 Adversarium
2715 5398 2860 5471 quod
2887 5398 3040 5462 dixit,
3069 5397 3388 5451 exteriorem
3422 5385 3670 5471 hominem
3689 5373 3760 5427 ἀο-

2244 5503 2524 5559 monstrat,
2554 5494 2660 5547 hoc
2695 5470 2778 5545 est
2822 5487 3110 5551 carnalem,
3150 5500 3272 5541 cum
3308 5498 3416 5553 quo
3441 5481 3537 5533 iter
3562 5470 3759 5559 facimus-

2245 5587 2343 5641 Via
2373 5551 2550 5640 autem
2579 5582 2857 5636 transitum
2886 5579 3044 5646 hujus
3089 5578 3266 5633 muli
3312 5551 3636 5630 demonstrat.
3661 5551 3763 5606 Huic

2246 5690 2374 5746 ergo
2417 5672 2724 5730 adversario
2769 5668 2986 5737 benigni
3013 5669 3199 5731 simus,
3245 5667 3346 5722 hoc
3388 5667 3482 5720 est,
3509 5655 3639 5706 caste
3667 5651 3762 5697 cum
