3884 6184
162 419 166 422 η
217 356 326 412 573

951 339 1467 400 ANNOTATIONES
1501 341 1589 394 AD
1627 334 1940 406 QUAEDAM
1981 331 2517 390 EVANGELIORUM
2558 331 2752 387 LOCA.

3374 325 3472 385 574

218 472 315 526 illo
346 468 596 528 vivamus,
628 478 696 518 ne
725 461 860 517 l'ort‘e
887 461 957 514 oh
999 459 1227 513 admissa
1281 456 1465 510 illicita
1507 453 1682 508 tradat
1711 466 1807 504 nos
1836 452 1883 510 Α
1911 458 2147 503 nostrain
2174 443 2516 511 mdilicentus,
2547 447 2647 501 hoc
2671 455 2769 508 est,
2798 460 2991 514 corpus
3015 451 3256 497 nostrum
3284 446 3481 498 sancti-

215 559 402 631 iudici,
425 557 530 611 hoc
556 563 634 609 est
663 552 896 607 Christo.
925 549 991 604 Et
1013 549 1177 618 iudex
1202 545 1422 621 (inquit)
1446 543 1722 612 ministris,
1749 541 1800 594 id

218 661 306 708 est
334 649 565 720 angelis;
597 655 652 702 et
693 644 868 713 angeli
897 643 950 698 in
987 656 1257 698 carcerem
1286 655 1386 694 nos
1435 635 1667 700 tradant,
1699 634 1803 688 hoc

219 751 306 800 est
331 743 384 797 in
409 735 730 810 gehennam.

874 819 1004 877 Cxp.
1043 819 1154 875 VII.

291 938 530 1006 Nesciet,
557 937 740 1010 inquit,
770 933 981 989 sinistra
1013 943 1100 986 tua
1137 930 1259 1000 quid
1290 928 1450 1000 faciat
1479 927 1664 980 dextra
1696 935 1801 988 tua,

218 1042 278 1087 ut
302 1035 373 1087 sit
398 1031 717 1098 eleemosyna
745 1034 834 1079 tua
860 1026 914 1078 in
941 1022 1214 1077 absconso.

298 1124 495 1177 Dextra
523 1133 626 1175 nos
663 1131 875 1178 sumus,
905 1113 1032 1182 quia
1059 1108 1330 1165 Christum
1358 1107 1601 1172 colimus,
1632 1105 1723 1174 qui
1753 1104 1808 1158 in

220 1217 414 1271 dextra
436 1210 612 1265 Patris
637 1206 806 1262 sedet.
833 1203 1060 1258 Sinistra
1083 1210 1262 1256 autem
1289 1196 1458 1254 Judaei
1482 1204 1624 1260 sunt,
1647 1201 1811 1262 atqiie

221 1302 483 1361 hmretici.
525 1297 760 1355 Proinde
803 1295 1012 1352 nesciat
1051 1293 1266 1348 sinistra
1313 1303 1438 1360 pars
1478 1286 1607 1356 quid
1651 1284 1811 1339 facint

223 1395 436 1449 dextra.

862 1451 990 1508 CAP.
1032 1449 1163 1503 VIII.

295 1577 478 1632 Nolite
505 1571 643 1629 vobis
670 1567 888 1626 condere
911 1566 1176 1619 thesauros
1199 1578 1349 1631 super
1377 1571 1535 1622 terra,
1563 1555 1650 1609 ubi
1678 1553 1814 1607 tinea

225 1679 274 1726 et
322 1674 626 1723 comestura
670 1659 1042 1720 exterminant,
1069 1660 1118 1706 et
1157 1649 1244 1705 ubi
1282 1651 1422 1721 fures
1461 1646 1714 1716 effodiunt
1763 1651 1815 1696 et

228 1765 491 1834 furantur.
517 1751 881 1810 Thesaurizate
916 1755 1087 1802 autem
1123 1741 1261 1798 vobis
1300 1741 1568 1795 thesauros
1595 1737 1650 1790 in
1668 1734 1810 1796 cazlo,

227 1852 313 1907 ubi
337 1853 476 1922 fures
505 1863 610 1901 non
636 1841 904 1912 eﬂ'odiunt,
928 1852 1087 1909 neque
1110 1836 1370 1906 furantur,
1398 1837 1505 1884 etc.

298 1916 524 1998 Terram
563 1951 727 2008 quam
769 1933 924 1996 dixit,
965 1925 1327 1984 habitaculum
1362 1919 1606 1991 corporis
1646 1916 1816 1972 nostri

229 2033 516 2102 signiﬁcat.
545 2005 850 2082 Thesaurus
868 2034 997 2077 vero
1026 2017 1157 2074 ﬁdes
1194 2022 1294 2071 est.
1325 2009 1481 2080 Quod
1509 2021 1638 2078 ergo
1671 2025 1684 2060 :
1711 2005 1821 2060 No-

231 2097 326 2180 lite
353 2121 510 2178 vobis
535 2117 767 2176 condere
796 2115 1076 2169 thesauros
1104 2109 1158 2163 in
1186 2115 1360 2170 terra,
1388 2102 1494 2158 hoc
1519 2107 1622 2165 est,
1653 2097 1822 2154 nolite

233 2213 604 2272 thesaurizare
632 2209 686 2264 in
711 2219 893 2268 carne,
925 2202 1014 2257 ubi
1043 2200 1185 2254 tinea
1211 2195 1426 2268 (inquit)
1441 2189 1698 2255 comedit,
1721 2188 1824 2242 hoc

234 2315 320 2363 est
339 2303 589 2366 avaritia,
616 2301 731 2355 sive
774 2294 972 2359 libido;
1003 2299 1058 2346 et
1084 2289 1228 2344 fures
1269 2283 1558 2348 ell‘odiunt,
1588 2282 1694 2336 hoc
1719 2285 1822 2343 est,

236 2395 505 2458 diabolus,
545 2391 639 2460 qui
683 2386 840 2442 ﬁdem
883 2383 1119 2446 furatur;
1165 2377 1260 2434 sed
1299 2373 1594 2437 :Condite,
1633 2370 1823 2441 inquit,

238 2489 527 2543 thesauros
552 2459 609 2538 iu
635 2479 795 2544 coelo,
816 2477 920 2530 hoc
946 2480 1047 2538 est,
1076 2471 1129 2525 in
1158 2468 1368 2539 spiritu,
1397 2465 1489 2534 qui
1515 2462 1708 2519 caelum
1747 2459 1829 2513 in-

240 2577 529 2646 telligitur;
553 2573 692 2628 sicut
723 2564 999 2638 apostolus
1025 2559 1224 2615 Paulus
1252 2557 1386 2612 dixit
1413 2574 1428 2608 :
1452 2553 1554 2622 Qui
1595 2552 1828 2608 semina-

242 2670 384 2726 verit
415 2668 468 2722 in
511 2677 693 2726 carne,
720 2660 789 2714 de
836 2669 998 2712 carne
1045 2657 1215 2706 metet
1257 2646 1692 2717 corruptionem;
1739 2642 1832 2711 qui

244 2767 432 2814 autem
460 2749 805 2810 seminaverit
833 2745 900 2802 de
920 2742 1130 2816 Spiritu,
1156 2740 1224 2795 de
1250 2737 1440 2810 spiritu
1479 2741 1646 2790 metet
1669 2732 1833 2786 vitam

244 2859 526 2907 teternam.

925 2904 1054 2962 CAP.
1094 2900 1187 2957 IX.

319 3032 428 3098 Qui
455 3029 595 3086 vides
635 3029 882 3099 festucam
910 3023 963 3075 in
991 3019 1141 3074 oculo
1171 3014 1350 3087 fratris
1371 3013 1482 3075 tui,
1519 3007 1716 3064 trabem
1742 3022 1837 3059 au-

251 3137 351 3179 tem
381 3125 439 3177 in
459 3119 607 3176 oculo
627 3125 713 3170 tuo
739 3130 842 3168 non
867 3109 1182 3166 consideras.

465 3173 539 3265 ad
568 3205 849 3264 haereticos
868 3202 1022 3266 dixit,
1044 3197 1136 3269 qui
1162 3193 1362 3250 audent
1389 3205 1508 3247 cum
1536 3186 1730 3245 Judaeis
1762 3185 1840 3240 al-
1865 3173 1914 3238 C
1944 3182 2136 3230 tamus.

255 3303 476 3366 tercari,
506 3302 572 3355 de
598 3309 826 3369 quorum
870 3290 1042 3347 oculis
1068 3287 1306 3342 eximere
1343 3298 1403 3338 se
1439 3286 1631 3352 putant
1674 3277 1843 3332 festu-

253 3409 404 3459 cam,
443 3393 546 3447 hoc
583 3367 666 3444 est
703 3396 920 3441 coronas
957 3380 1099 3435 illius
1141 3376 1342 3448 spinea:
1386 3373 1637 3434 festucas,
1687 3377 1745 3422 ut
1788 3367 1843 3420 in

255 3456 432 3544 oculis
459 3481 568 3538 suis
594 3478 801 3533 trabem
831 3489 938 3528 non
963 3471 1217 3533 sentiant,
1247 3467 1352 3522 hoc
1377 3471 1460 3520 est
1485 3460 1658 3530 crucis
1684 3456 1848 3513 otl‘en-

255 3579 495 3632 sionem.

935 3632 1067 3689 CAP.
1109 3628 1176 3684 X.

329 3750 589 3824 Nunquid
623 3747 870 3820 colligunt
908 3745 972 3798 de
1014 3741 1179 3813 spinis
1219 3753 1374 3799 uvas,
1411 3742 1500 3788 aut
1545 3733 1607 3788 de
1649 3730 1851 3786 tribulis

261 3845 429 3915 ficus?
458 3818 548 3897 Sic
574 3818 926 3896 omnis'arbor
953 3833 1088 3888 bona
1116 3827 1276 3884 bonos
1305 3827 1502 3898 fructus
1528 3822 1682 3894 facit;
1711 3818 1852 3874 mala

261 3945 444 3990 mrtem
468 3930 621 3986 arbor
647 3928 816 3984 malos
845 3927 1042 3996 fructus
1065 3920 1215 3990 facit.

333 4023 534 4095 Spinas
552 4036 688 4090 quas
705 4017 840 4073 dixit
865 4023 920 4069 et
938 4011 1180 4074 tribulos,
1212 4009 1446 4062 haereses
1465 4000 1850 4069 intelliguntur,

264 4119 333 4172 de
379 4092 572 4185 quibus
613 4109 843 4164 fructum
884 4101 1106 4172 iustitiae
1145 4111 1306 4152 nemo
1351 4093 1570 4160 colligit,
1601 4092 1707 4144 hoc
1748 4095 1851 4149 est,

269 4163 331 4172 -ν
382 4163 570 4185 -ι---η
635 4163 645 4164 κ
884 4163 905 4172 -

269 4215 537 4278 martyres
563 4219 630 4258 ex
656 4198 922 4256 haereticis
966 4207 1126 4249 nemo
1163 4188 1428 4245 meminit.
1457 4184 1630 4238 Arbor
1674 4163 1876 4234 autem

272 4268 601 4352 mala'vetus
625 4292 788 4346 hamo
814 4292 927 4350 est,
967 4282 1059 4352 qui
1107 4279 1279 4334 malos
1315 4275 1517 4330 fructus
1545 4271 1702 4335 facit,
1750 4268 1855 4322 hoc

271 4395 379 4450 est,
428 4389 670 4454 peccata,
717 4377 964 4432 libidines
1009 4379 1067 4428 et
1113 4367 1422 4430 avaritiam;
1468 4361 1629 4415 arbor
1678 4366 1858 4412 autem

275 4445 446 4538 bona,-
471 4488 602 4530 crux
630 4445 731 4533 est,
757 4481 876 4538 qua:
901 4463 1132 4519 fructum
1155 4459 1275 4513 vita:
1293 4451 1636 4511 credentibus
1659 4445 1854 4502 attulit.

278 4851 395 4890 etim
433 4835 541 4887 viro
568 4826 809 4900 sapienti,
838 4822 926 4894 qui
966 4815 1246 4888 aedificavit
1282 4811 1491 4866 domum
1530 4821 1678 4860 suam
1715 4820 1866 4873 super

282 4939 500 4998 petram.
547 4895 821 4974 Descendit
855 4911 1045 4984 pluvia,
1087 4905 1402 4959 advenerunt
1429 4897 1680 4968 flumina,
1712 4895 1870 4962 flave-

283 4991 401 5071 runt
428 5012 585 5075 venti,
615 5018 664 5062 et
688 5006 1009 5076 itnpegerunt
1037 4999 1093 5050 in
1127 4995 1335 5048 domum
1362 4991 1528 5053 illam,
1558 4994 1609 5040 et
1635 5001 1741 5039 non
1777 4999 1864 5036 ce-

284 5109 439 5169 cidit;
471 5101 690 5174 fundata
716 5097 854 5152 enim
883 5093 982 5164 fuit
1024 5104 1176 5158 super
1210 5094 1431 5156 petram.
1462 5079 1530 5133 Et
1568 5079 1738 5134 omnis
1780 5076 1868 5147 qui

286 5168 428 5251 audit
455 5168 607 5250 verba
635 5207 770 5255 mea,
800 5195 849 5242 et
887 5199 991 5239 non
1030 5181 1154 5254 facit
1194 5193 1274 5241 ea,
1323 5171 1559 5229 similabo
1603 5186 1718 5224 eum
1756 5168 1868 5222 virs

288 5289 469 5351 stulto,
521 5286 606 5357 qui
662 5277 938 5350 aedificavit
989 5274 1194 5327 domum
1244 5281 1395 5323 suam
1433 5279 1586 5333 super
1627 5274 1862 5319 arenam.

291 5350 563 5432 Descendit
596 5373 790 5444 pluvia,
819 5370 1069 5438 [laverunt
1103 5362 1258 5424 venti,
1294 5359 1618 5428 impegerunt
1666 5353 1718 5405 in
1771 5350 1866 5405 do-

292 5488 426 5529 ntnm
449 5469 614 5531 illam,
637 5474 685 5518 et
712 5461 920 5524 cecidit,
950 5466 999 5512 et
1027 5458 1168 5528 facta
1195 5461 1270 5507 est
1309 5450 1462 5504 ruina
1507 5445 1622 5516 ejus
1649 5457 1860 5514 magna.

365 5562 519 5618 Petra
570 5558 777 5615 scilicet
821 5550 1062 5608 Christus
1097 5560 1198 5611 est,
1245 5551 1432 5597 auctor
1478 5536 1862 5609 apostolorum.

298 5653 516 5707 Domum
540 5655 719 5704 autem
747 5655 906 5712 quam
934 5638 1086 5702 dixit,
1117 5631 1476 5690 habitaculum
1499 5626 1748 5697 corporis
1773 5639 1867 5677 no-

299 5746 390 5802 stri
417 5751 512 5799 est.
545 5740 601 5795 In
630 5741 732 5794 hac
758 5734 916 5805 igitur
943 5740 1114 5802 petra,
1145 5729 1258 5784 hoc
1278 5733 1359 5780 est
1383 5721 1619 5784 Christo,
1652 5718 1867 5773 domum

1907 540 2144 606 licenius,
2177 549 2235 594 ut
2254 556 2375 594 cum
2405 539 2620 594 [lumina
2644 546 2699 592 et
2727 545 2916 592 ventus
2955 535 3217 597 venerint,
3249 534 3352 588 hoc
3379 545 3481 598 est,

1905 629 2134 700 impetus
2175 627 2565 698 persecutionis
2605 634 2660 680 et
2693 625 2972 695 procellae,
3007 621 3226 691 impulsi.
3262 637 3369 675 non
3395 637 3484 676 ca-

1905 721 2112 776 damus.
2145 719 2320 774 Arena
2350 726 2527 772 autem
2564 733 2673 772 non
2701 716 2841 770 aliud
2866 730 3026 783 quam
3067 714 3297 767 hmreses
3325 712 3485 767 intel-

1906 813 2160 880 liguntur,
2191 826 2311 880 qua:
2337 809 2480 863 omni
2513 814 2830 876 tempestate
2851 805 3154 860 volvuntur.
3186 803 3362 873 Super
3387 804 3486 870 igi-

1908 907 1996 955 tur
2012 901 2149 954 hanc
2169 915 2406 963 arenam,
2431 899 2532 952 hoc
2555 905 2654 961 est,
2674 896 3251 964 hacresim,quicunque
3271 894 3487 948 domum

1907 1005 2060 1045 suam
2086 987 2459 1051 :edilicaverit,
2491 986 2685 1041 stultus
2712 992 2814 1039 est.
2844 984 2967 1038 Mox
2999 984 3140 1037 enim
3178 983 3489 1037 advenerint

1909 1081 2126 1136 ﬂumina
2165 1089 2220 1136 et
2260 1079 2427 1144 venti,
2454 1079 2558 1132 hoc
2594 1087 2679 1132 est
2721 1077 2954 1146 impetus
2991 1074 3397 1144 persecutionis,
3439 1081 3492 1127 et

1910 1169 2052 1228 illico
2081 1170 2255 1226 cadet.

2551 1234 2680 1290 CAP.
2719 1233 2832 1288 XII.

1987 1355 2108 1412 Non
2135 1361 2379 1425 possunt,
2408 1353 2599 1424 inquit,
2631 1349 2728 1420 ﬁlii
2757 1347 2933 1417 sponsi
2956 1344 3197 1416 jejunare
3219 1382 3234 1408 ,
3263 1342 3491 1414 quandiu

1914 1467 2028 1504 cum
2054 1448 2159 1502 illis
2179 1455 2263 1501 est
2290 1459 2525 1518 sponsus.
2561 1441 2775 1495 Venient
2793 1448 2962 1491 autem
2991 1435 3118 1494 dies,
3142 1436 3403 1503 auferetur
3429 1433 3492 1485 ab

1912 1543 1987 1596 eis
2039 1554 2278 1611 sponsus,
2322 1546 2372 1591 et
2411 1544 2528 1588 tunc
2561 1531 2872 1604 jejunabunt
2919 1527 3026 1580 illis
3071 1522 3264 1577 diebus.
3324 1519 3492 1574 Nemo

1915 1641 2085 1687 autem
2110 1629 2336 1685 immittit
2363 1625 2752 1681 commissuram
2784 1620 2947 1691 panni
2975 1616 3116 1670 rudis
3145 1616 3199 1668 in
3227 1614 3494 1667 vestimen-

1919 1731 2026 1776 tum
2053 1729 2210 1783 vetus,
2243 1717 2376 1772 tollit
2403 1716 2541 1769 enim
2567 1709 2934 1783 plenitudinem
2962 1707 3073 1776 ejus
3113 1722 3144 1756 a
3175 1704 3494 1761 vestimento,

1849 1812 1895 1872 Β
1919 1821 1968 1867 et
1994 1811 2162 1881 major
2181 1809 2405 1862 scissura
2431 1805 2522 1874 fit;
2553 1817 2714 1874 neque
2729 1799 3013 1853 immittunt
3040 1796 3212 1848 vinum
3239 1809 3423 1846 novum
3443 1792 3497 1843 in

1916 1912 2056 1958 utres
2096 1909 2307 1963 veteres,
2339 1896 2568 1967 alioquin
2605 1891 2798 1958 rumpit
2835 1891 3008 1943 vinum
3043 1895 3202 1948 utres,
3236 1892 3285 1938 et
3329 1885 3498 1938 vinum

1918 1993 2048 2064 perit
2073 1999 2122 2044 et
2147 1997 2310 2042 utres.
2342 1985 2450 2040 Sed
2485 1984 2692 2038 mittunt
2730 1981 2903 2034 vinum
2930 1992 3116 2034 novum
3143 1975 3198 2030 in
3233 1983 3374 2028 utres
3403 1988 3500 2026 no-

1917 2101 2025 2149 vos,
2054 2092 2104 2138 et
2128 2091 2344 2153 utraque
2361 2087 2648 2134 servantur.

1989 2173 2251 2242 Sponsus,
2278 2168 2523 2223 Christus
2550 2175 2662 2232 est;
2695 2163 2790 2220 lilii
2827 2168 3006 2217 autem
3034 2159 3239 2230 sponsi,
3266 2173 3365 2212 nos
3402 2172 3496 2212 su-

1921 2281 2061 2320 mus.
2091 2260 2324 2317 Proinde
2362 2259 2529 2327 siqui
2567 2255 2788 2313 lectioni
2811 2253 3079 2325 persistit,
3119 2265 3228 2305 non
3271 2247 3500 2318 ieiunat,

1925 2355 2050 2426 quia
2078 2367 2306 2424 sponsus
2324 2364 2447 2406 cum
2468 2348 2560 2404 illo
2581 2355 2684 2410 est,
2719 2345 2811 2414 qui
2831 2350 2915 2399 est
2932 2340 3194 2405 Christus,
3217 2339 3308 2407 qui
3329 2337 3463 2391 dixit
3487 2354 3499 2388 :

1925 2445 2040 2518 Ego
2067 2461 2186 2502 sum
2227 2443 2382 2514 panis
2400 2441 2554 2507 vitas;
2583 2447 2640 2493 et
2667 2445 2794 2492 tunc
2823 2427 3080 2504 incipient
3117 2430 3381 2501 ieiunare.
3413 2427 3502 2482 In-

1927 2537 2238 2593 dumentum
2272 2539 2452 2587 autem
2500 2543 2701 2584 novum
2735 2525 3008 2580 hominem
3043 2535 3242 2576 novum
3277 2518 3502 2573 demon-

1929 2636 2095 2692 strat,
2125 2633 2280 2680 vetus
2321 2631 2504 2678 autem
2543 2620 2911 2676 indumentum
2951 2620 3191 2668 veterem
3232 2607 3505 2663 hominem

1931 2717 2213 2787 signiﬁcat.
2244 2713 2303 2771 Si
2327 2714 2447 2782 quis
2471 2725 2600 2779 ergo
2620 2708 2892 2764 hominem
2917 2703 3250 2764 interiorem,
3275 2698 3378 2753 hoc
3403 2703 3505 2758 est,

1933 2808 2248 2881 spiritalem,
2296 2801 2637 2873 coniunxerit
2679 2812 2803 2854 cum
2847 2795 3136 2858 exteriore,
3167 2789 3221 2845 id
3259 2797 3361 2852 est,
3390 2801 3509 2842 car-

1936 2901 2066 2966 nali,
2095 2898 2354 2967 maiorem
2373 2894 2659 2949 scissuram
2681 2888 2824 2943 facit.
2845 2886 3041 2942 Vinum
3060 2882 3264 2938 s'eilicet
3292 2891 3511 2941 novum,

1937 2996 2328 3047 sacramentum
2356 2991 2455 3038 est.
2505 2979 2666 3036 Utres
2689 2985 2868 3033 autem
2887 2981 3119 3036 veteres,
3153 2968 3319 3024 ειυυωί
3368 2972 3512 3020 sunt.

1942 3082 2104 3140 Utres
2129 3093 2257 3134 vero
2280 3075 2405 3132 novi
2450 3089 2550 3130 nos
2576 3083 2792 3134 sumus,
2820 3064 2912 3138 qui
2959 3063 3028 3118 de
3065 3061 3169 3116 hoc
3202 3064 3379 3114 musto
3423 3069 3515 3125 po-

2558 3229 2688 3287 CAP.
2738 3225 2877 3282 XIII.

2014 3354 2148 3410 Ecce
2164 3350 2348 3408 mulier
2375 3344 2641 3419 sanguinis
2662 3342 2967 3413 proﬂuvium
2997 3332 3214 3390 habebat
3234 3347 3324 3403 per
3352 3342 3516 3382 annos

1944 3443 2230 3505 duodecim,
2247 3451 2301 3494 et
2321 3438 2534 3494 accessit
2555 3444 2709 3498 retro,
2726 3440 2777 3485 et
2807 3431 2970 3498 tetigit
2997 3426 3349 3482 vestimentum
3369 3421 3515 3489 ejus;

1947 3535 2147 3591 dicebat
2172 3532 2304 3588 enim
2327 3531 2467 3584 intra
2489 3543 2545 3581 se
2569 3541 2587 3578 :
2611 3523 2672 3579 Si
2712 3523 2922 3592 tetigero
2945 3525 3140 3570 tantum
3167 3512 3517 3566 vestimentum

1946 3627 2077 3698 ejus,
2118 3623 2262 3679 salva
2300 3635 2407 3674 ero.
2432 3616 2533 3671 Ille
2573 3622 2742 3668 autem
2778 3609 2913 3663 dixit
2950 3605 3018 3658 ad
3038 3600 3314 3672 discipulos
3357 3615 3478 3653 suos
3501 3614 3519 3650 :

1952 3687 2078 3781 fluis
2097 3731 2179 3771 me
2219 3711 2418 3783 tetigit?
2463 3705 2601 3762 sensi
2621 3703 2756 3758 enim
2795 3717 2829 3753 a
2856 3715 2938 3753 me
2969 3695 3137 3750 exisse
3162 3692 3418 3745 virtutem.
3458 3687 3524 3739 At

1947 3809 2036 3862 ubi
2057 3806 2182 3862 vidit
2222 3777 2407 3858 mulier
2444 3799 2538 3853 illa
2576 3809 2692 3866 quas
2724 3792 2959 3861 tetigerat
2982 3785 3338 3838 vestimentum
3376 3777 3523 3846 ejus,

1951 3914 2056 3956 non
2085 3911 2234 3966 posse
2257 3891 2436 3955 celari,
2470 3884 2687 3959 procidit
2708 3881 2776 3936 ad
2805 3878 2957 3951 pedes
2983 3875 3115 3946 ejus,
3147 3872 3320 3925 dicens
3349 3866 3524 3937 :Ego,

1952 3958 2192 4051 Domine,
2219 3984 2381 4055 tetigi,
2404 3981 2524 4054 quia
2545 3975 2794 4048 profluvio
2814 3967 3059 4026 vexabar.
3081 3964 3180 4020 Ille
3199 3969 3370 4016 autem
3397 3958 3530 4012 dixit

1953 4081 2021 4145 ei,
2052 4077 2215 4142 Filia,
2234 4073 2364 4144 fides
2393 4080 2482 4125 tua
2509 4077 2556 4123 te
2575 4066 2770 4120 salvam
2797 4061 2937 4133 fecit.

2026 4139 2339 4225 Factus-unt
2365 4163 2466 4216 ista
2487 4157 2664 4214 omnia
2681 4192 2698 4218 ,
2737 4151 2833 4207 sed
2859 4147 3062 4204 habent
3087 4141 3420 4215 spiritualem
3449 4139 3531 4194 in-

1957 4261 2246 4317 tellectum.
2276 4253 2412 4308 Nam
2437 4248 2629 4304 mulier
2665 4245 2720 4298 in
2747 4235 3066 4313 proﬂuvium
3109 4231 3383 4302 sanguinis
3403 4244 3532 4284 con-

1955 4367 2132 4416 versa,
2162 4344 2434 4409 Ecclesia;
2464 4342 2518 4396 in
2546 4337 2700 4406 cuius
2727 4332 3011 4399 imaginem
3031 4325 3141 4396 iam
3165 4332 3294 4379 tunc
3321 4320 3534 4375 Macha—

1960 4446 2073 4501 htea
2096 4410 2459 4510 iugulabatur,
2497 4429 2651 4498 cuius
2695 4421 2913 4490 sanguis
2933 4419 2986 4473 in
3025 4414 3255 4484 imagine
3283 4410 3535 4466 Ecclesiae

1883 4522 1936 4582 D
1960 4499 2278 4605 proﬂuebat.
2309 4523 2541 4582 Veniens
2565 4524 2746 4573 autem
2764 4511 3026 4574 Christus,
3053 4502 3266 4574 sanguis
3294 4500 3408 4571 eius
3422 4499 3533 4569 iam

1966 4816 2164 4873 corpus
2181 4795 2378 4855 Christi
2399 4799 2484 4850 est
2514 4808 2528 4843 ι
2558 4786 2704 4858 quod
2729 4789 2787 4839 et
2813 4795 2911 4837 nos
2939 4775 3267 4844 attingimus,
3294 4779 3351 4826 et
3375 4783 3538 4824 sana-

1969 4865 2118 4957 mur;
2145 4885 2428 4946 duodecim
2457 4887 2637 4936 autem
2665 4885 2837 4928 annos
2862 4865 3228 4938 apostolorum
3257 4873 3537 4915 numerum

1964 4982 2316 5038 demonstrat.

2593 5031 2724 5088 CAP.
2763 5025 2902 5083 XIV.

2035 5159 2172 5215 Ecce
2196 5171 2308 5228 ego,
2341 5147 2533 5218 inquit,
2556 5145 2702 5200 mitto
2728 5156 2816 5195 vos
2853 5138 2986 5194 sicut
3022 5149 3137 5190 oves
3163 5132 3218 5186 in
3250 5126 3416 5184 medio
3453 5125 3536 5179 lu-

1978 5266 2184 5324 porum.
2214 5222 2421 5309 listote,
2465 5235 2664 5306 inquit,
2695 5230 2968 5304 prudentes
3003 5228 3135 5282 sicut
3178 5229 3464 5293 serpentes,
3491 5222 3545 5269 et

1967 5342 2228 5413 simplices
2247 5337 2377 5393 sicut
2403 5327 2670 5388 columbae.

2039 5400 2220 5504 hopes
2256 5443 2393 5499 quos
2418 5422 2571 5484 dixit,
2604 5423 2976 5488 persecutores
3015 5405 3183 5464 nostri
3227 5411 3368 5459 sunt.
3399 5400 3542 5456 Oves

1970 5490 2151 5585 autem
2176 5490 2504 5580 nos-sumus,
2533 5510 2627 5581 qui
2647 5515 2894 5575 tempore
2929 5493 3317 5570 persecutionis
3340 5506 3371 5546 a
3400 5490 3536 5560 lupis

1968 5627 2294 5676 coercemur.
2325 5605 2430 5663 Sed
2458 5595 2856 5666 estote,inquit,
2889 5587 3049 5642 astuti
3077 5585 3213 5639 sicut
3239 5590 3537 5652 serpentes,

1971 5717 2025 5764 et
2053 5702 2317 5776 simplices
2341 5697 2479 5753 sicut
2506 5687 2793 5748 columbae:
2819 5682 2921 5736 hoc
2946 5684 3044 5736 est.
3076 5673 3213 5728 sicut
3237 5687 3458 5743 serpens
3487 5671 3542 5725 in
