3926 6176
507 311 591 368 ἴτε

483 430 801 485 necessitate
830 431 1013 484 mortis
1041 437 1199 500 caput
1227 447 1380 485 suum
1411 430 1568 497 celat,
1621 445 1822 500 corpus
1872 438 2052 484 autem
2083 433 2128 489 Α

481 535 639 574 suum
665 520 823 574 morti
854 520 1038 584 tradit;
1071 521 1144 574 ita
1173 530 1228 574 et
1251 537 1348 575 nos
1369 529 1530 590 caput
1549 529 1814 585 nostrum,
1832 522 1936 575 hoc
1954 528 2058 583 est,

479 609 780 673 Christum,
833 608 1070 663 colamus
1116 609 1454 675 conﬁtendo;
1503 625 1698 679 corpus
1733 618 1912 663 autem
1959 625 2061 663 no—

482 709 648 753 strum
680 699 816 767 lupis
872 700 1162 754 tradamus.
1195 700 1451 754 Columba
1476 708 1655 754 autem
1685 699 1922 754 Ecclesia
1951 709 2056 766 est,

479 787 630 856 cujus
658 785 766 850 ﬁlii,
792 790 1003 855 quoties
1032 791 1102 844 ob
1129 806 1319 844 nomen
1350 789 1549 843 Christi
1571 789 1909 854 occiduntur,
1925 803 2058 858 gau-

476 878 604 933 dent
633 886 688 933 et
715 880 1005 933 exsulumt.

1129 948 1260 1004 CAP.
1302 947 1414 1002 XV.

550 1057 742 1112 Nonne
768 1059 869 1113 duo
898 1077 1127 1129 passeres
1157 1078 1272 1115 asse
1303 1064 1557 1116 veneunt?
1581 1074 1635 1117 et
1675 1080 1805 1118 unus
1840 1079 1906 1118 ex
1945 1064 2048 1118 illis

475 1165 581 1201 non
620 1149 766 1201 cadet
798 1151 853 1202 in
883 1158 1019 1203 terra
1055 1152 1166 1204 sine
1195 1152 1452 1206 voluntate
1482 1152 1660 1207 Patris
1689 1155 1842 1208 vestri
1866 1156 1952 1224 qui
1993 1155 2048 1208 in

472 1240 612 1294 uelis
637 1249 731 1292 est.

541 1330 684 1383 Duos
713 1345 957 1399 passeres
981 1345 1116 1398 quos
1153 1331 1315 1395 dixit,
1347 1331 1566 1401 spiritus
1593 1341 1648 1387 et
1676 1335 1852 1386 anima
1886 1334 2048 1388 intel-

473 1420 739 1489 liguntur;
771 1422 909 1476 sicut
937 1422 989 1475 in
1019 1422 1224 1491 psalmo
1250 1422 1384 1476 dixit
1411 1441 1424 1476 :
1456 1424 1648 1476 Anima
1695 1433 1877 1478 nostra
1910 1424 2050 1479 sicut

472 1527 661 1581 passer
678 1519 859 1581 erepta
882 1520 964 1566 est
999 1512 1067 1566 de
1113 1513 1307 1582 laqueo
1331 1515 1655 1568 venantium.
1705 1514 1838 1569 Asse
1867 1523 2047 1570 autem

470 1599 614 1668 quod
640 1600 793 1664 dixit,
820 1601 1097 1654 denarium
1128 1600 1247 1654 ﬁdei
1273 1609 1374 1668 est,
1419 1616 1450 1654 a
1490 1617 1598 1670 quo
1637 1617 1758 1657 eum
1779 1604 2042 1659 venimus.

467 1689 632 1744 Terra
655 1697 834 1744 autem
862 1691 1026 1745 homo
1055 1692 1169 1760 ipse
1197 1699 1298 1758 est,
1321 1693 1411 1760 qui
1432 1693 1546 1746 sine
1576 1691 1748 1748 Patris
1771 1694 2045 1749 voluntate
2109 1743 2132 1760 ,

467 1797 568 1836 nec
595 1782 845 1848 animam,
873 1798 973 1838 nec
995 1783 1241 1852 spiritum
1271 1790 1448 1852 potest
1475 1785 1738 1855 accipere.
2076 1789 2120 1846 Β

1089 1915 1220 1970 CAP.
1270 1915 1406 1970 XVI.

546 2043 717 2110 Venit,
760 2045 945 2110 inquit,
974 2044 1125 2099 Jesus
1163 2048 1218 2099 in
1263 2063 1602 2118 sgnagogam,
1650 2058 1702 2104 et
1741 2051 1934 2106 invenit
1972 2053 2041 2107 ibi

465 2137 720 2191 hominem
751 2135 1017 2190 habentem
1045 2154 1256 2193 manum
1279 2141 1501 2206 aridam,
1524 2151 1574 2195 et
1595 2141 1727 2196 dixit
1745 2143 1825 2197 illi
1850 2143 2036 2199 Jesus:

463 2226 698 2282 Extende
726 2243 933 2281 manuni
956 2239 1112 2295 tuam,
1135 2238 1186 2283 et
1201 2232 1435 2284 extendit
1459 2249 1690 2300 manum,
1720 2243 1771 2288 et
1798 2235 1940 2304 facta
1963 2244 2041 2289 est

461 2335 592 2372 sana
617 2321 748 2372 sicut
775 2321 958 2374 altera.

531 2415 693 2470 Facta
719 2425 843 2471 sunt
869 2417 970 2471 ista
997 2418 1175 2472 omnia
1192 2458 1208 2484 ,
1235 2419 1329 2473 sed
1358 2420 1556 2476 habent
1595 2423 1927 2493 spiritualem
1957 2425 2040 2479 in-

461 2509 750 2574 tellectum.
793 2509 925 2564 Nam
963 2511 1166 2565 aridam
1195 2514 1385 2569 eodem
1431 2516 1567 2570 dixit
1593 2533 1828 2584 manum,
1873 2519 2039 2575 infru-

458 2600 632 2654 ctuosi
659 2601 892 2656 hominis
913 2603 1146 2657 ostendit
1178 2619 1481 2673 personam.
1515 2605 1743 2663 Proinde
1781 2609 2038 2666 Dominus

459 2690 594 2744 dixit
617 2692 682 2744 ad
711 2707 832 2746 eum
868 2711 880 2746 :
913 2691 1154 2748 Extende
1185 2710 1401 2750 manum
1432 2705 1596 2765 tuam,
1641 2710 1702 2754 ut
1740 2701 2038 2774 eleemosy-

460 2795 603 2840 nam,
635 2795 755 2835 cum
783 2783 1168 2849 misericordia,
1200 2793 1421 2841 extensa
1449 2804 1608 2845 manu
1631 2793 1851 2862 pauperi
1905 2809 2034 2864 por-

459 2870 714 2941 rigamus.

1065 2943 1195 2999 Cu.
1238 2943 1398 2999 XVII.

530 3049 714 3104 Simile
742 3060 838 3113 est,
880 3053 1066 3124 inquit,
1116 3071 1332 3125 regnum
1370 3057 1610 3112 carlorum
1645 3061 1884 3118 thesauro
1909 3065 2032 3120 abs-

458 3157 613 3196 conso
640 3143 693 3194 in
741 3160 887 3213 agro,
919 3161 1066 3216 quem
1103 3148 1189 3218 qui
1226 3149 1474 3202 invenerit
1518 3151 1668 3207 homo
1705 3155 2027 3224 absconsum,
2056 3146 2106 3210 (Ξ

457 3232 606 3286 vadet
624 3241 675 3286 et
699 3233 880 3287 vendet
898 3237 1069 3289 omnia
1095 3253 1208 3308 qua:
1234 3236 1402 3304 habet,
1420 3249 1471 3294 et
1495 3253 1628 3296 emet
1653 3261 1837 3314 agrum
1863 3248 2030 3303 illum.

524 3322 668 3390 Ager
711 3323 816 3388 hic,
858 3325 1084 3380 mundus
1129 3335 1239 3392 est;
1281 3329 1561 3386 thesaurus
1600 3342 1780 3388 autem
1820 3336 1876 3390 in
1903 3351 2033 3406 agro

455 3411 765 3479 absconsus,
796 3412 1058 3479 Christus,
1082 3418 1174 3484 qui
1204 3418 1361 3473 latuit
1385 3421 1630 3478 triduana
1651 3423 1739 3478 illa
1759 3428 2035 3494 passione;

453 3500 567 3556 sive
623 3499 709 3558 hic
744 3517 872 3572 ager
899 3505 1178 3574 paradisus
1217 3517 1302 3564 est
1334 3527 1346 3562 :
1391 3510 1675 3567 thesaurus
1716 3522 1895 3570 autem
1918 3518 2029 3572 vita

453 3601 651 3647 veterna
671 3603 771 3648 est.
800 3594 1029 3651 Proinde
1043 3598 1336 3654 vendamus
1362 3601 1617 3669 quidquid
1638 3603 1693 3658 in
1711 3603 1815 3662 hoc
1833 3607 2030 3666 saeculo

453 3682 729 3748 habemus,
762 3693 820 3739 ut
838 3682 905 3741 ad
929 3686 1076 3741 illum
1100 3702 1284 3756 agrum
1314 3693 1704 3760 perveniamus.

1054 3816 1184 3873 Car.
1225 3819 1408 3876 XVIII.

521 3942 592 3996 Et
618 3945 783 4016 coegit
801 3945 1082 4017 discipulos
1108 3957 1165 4003 ut
1191 3952 1528 4009 ascenderem
1557 3973 1758 4024 navem,
1780 3969 1830 4013 et
1854 3977 2028 4030 proce-

453 4034 631 4088 derent
657 4044 802 4094 trans
822 4053 985 4102 mare,
1017 4038 1179 4094 donec
1206 4044 1485 4099 remitteret
1511 4046 1707 4103 turbas.
1733 4049 1898 4105 Navis
1925 4069 2024 4105 au-

451 4136 553 4179 tem
594 4127 711 4196 jam
739 4138 852 4182 erat
885 4131 942 4184 in
979 4133 1149 4188 medio
1193 4137 1326 4190 mari
1378 4138 1616 4208 ﬂuctibus
1647 4143 1884 4211 turbata,
1926 4149 2024 4218 fuit

451 4219 585 4270 enim
625 4222 913 4275 contrarius
952 4231 1148 4278 ventus.
1197 4223 1397 4290 Quarta
1422 4240 1593 4285 autem
1647 4235 1824 4304 vigilia
1858 4239 2022 4290 noctis

450 4331 462 4358 ι
485 4309 578 4362 biit
605 4310 675 4362 ad
711 4311 828 4366 illos
857 4312 1125 4369 ambulans
1153 4317 1206 4369 in
1231 4321 1365 4372 mari
1373 4350 1388 4376 ,
1400 4329 1447 4372 et
1487 4339 1603 4376 cum
1630 4325 1862 4379 viderent
1885 4343 2020 4392 eum,

449 4398 637 4453 turbati
668 4408 807 4454 sunt.
833 4401 980 4456 Dixit
1009 4414 1192 4476 autem_
1219 4407 1400 4462 Simon
1429 4409 1620 4465 Petrus
1650 4429 1668 4466 :
1706 4413 1948 4479 Domine,
1975 4418 2019 4469 si

445 4499 498 4541 tu
527 4506 600 4555 es,
641 4491 767 4561 jube
805 4508 885 4545 me
919 4494 1090 4546 venire
1127 4495 1198 4548 ad
1226 4505 1274 4550 te
1313 4513 1467 4567 super
1493 4517 1674 4570 aquas.
1706 4503 1772 4556 At
1799 4505 1888 4559 ille
1909 4509 2018 4560 ait:
2047 4505 2099 4566 D

454 4581 614 4646 Veni;
643 4593 694 4638 et
725 4584 1040 4639 descendens
1070 4585 1258 4641 Petrus
1285 4606 1438 4660 super
1463 4608 1652 4660 aquam
1693 4595 2006 4661 ambulabat,

441 4683 498 4726 ut
520 4675 715 4728 veniret
741 4676 810 4728 ad
827 4675 1024 4731 Iesum.
1064 4676 1258 4732 Videas
1285 4691 1454 4735 autem
1484 4681 1671 4738 Petrus
1697 4687 1910 4752 ﬂuctum
1938 4706 2022 4743 va-

439 4762 604 4816 lidum
623 4766 903 4819 venientem
931 4767 1001 4818 ad
1026 4782 1098 4832 se,
1131 4770 1316 4834 timuit,
1346 4779 1395 4823 et
1422 4787 1536 4824 cum
1573 4777 1804 4842 coepisset
1831 4781 2013 4850 mergi,

440 4852 680 4906 clamavit
703 4854 908 4908 dicens:
929 4855 1165 4923 Domine,
1194 4859 1390 4914 salvum
1417 4878 1498 4914 me
1526 4863 1630 4932 fac,
1660 4872 1764 4918 etc.

510 4941 658 4997 Mare
684 4945 890 4999 scilicet
917 4948 1168 5002 saeculum
1212 4959 1324 5013 est;
1373 4952 1526 5006 navis
1554 4963 1734 5007 autem
1763 4954 1815 5008 in
1844 4969 2006 5023 quam

441 5031 671 5100 apostoli
694 5033 1066 5100 ascenderunt,
1098 5035 1337 5093 Ecclesia
1358 5042 1458 5095 est.
1485 5041 1640 5108 Quod
1659 5051 1838 5098 autem
1853 5045 2008 5112 dixit,
2050 5097 2056 5103 .

438 5118 684 5178 ﬂuctibus
705 5121 916 5178 turbata
943 5133 1043 5191 est,
1066 5128 1170 5183 hoc
1195 5137 1306 5194 est,
1337 5131 1480 5199 quod
1507 5131 1745 5188 Ecclesia
1766 5149 2013 5204 perseeu-

441 5215 588 5270 tione
628 5215 887 5287 pulsatur.
917 5216 1120 5274 Ventus
1168 5230 1347 5276 autem
1384 5225 1720 5290 contrarius,
1762 5225 2008 5284 diabolus

436 5313 538 5370 est,
567 5307 657 5376 qui
686 5305 938 5363 Ecclesiae
965 5311 1264 5366 contrarius
1289 5320 1389 5368 εει.
1420 5314 1574 5379 Quod
1619 5325 1799 5372 autem
1846 5318 2002 5385 dixit,

433 5405 623 5464 quarta
649 5397 825 5468 vigilia
870 5400 1045 5454 noctis
1072 5402 1220 5456 venit
1263 5404 1332 5458 ad
1358 5419 1485 5468 eos,
1516 5407 1796 5464 ambulans
1839 5426 2002 5480 super

435 5503 600 5552 mare,
630 5489 733 5544 hoc
776 5497 878 5558 est,
921 5491 1064 5562 quod
1102 5491 1276 5548 lucem
1305 5493 1576 5565 Evangelii
1623 5501 1778 5554 nobis
1804 5502 1999 5569 attulit,

433 5580 523 5646 qui
565 5581 617 5634 in
665 5591 838 5638 noctis
891 5581 1186 5652 ignorantia
1239 5579 1568 5654 jacebamus.
1619 5589 1772 5656 Quod
1821 5601 2001 5648 autem

435 5670 599 5737 dixit,
626 5673 869 5730 turbatus
898 5684 980 5730 est
1028 5675 1212 5732 Petrus
1240 5677 1348 5734 visa
1381 5687 1715 5750 tempestate,
1745 5684 1848 5739 hoc
1877 5693 1956 5740 est
1980 5727 1993 5751 ,

1815 316 2078 372 ARNOBII
2115 317 2419 377 JUNlOIllS

3608 333 3696 391 576

2157 429 2301 498 quod
2330 433 2385 486 in
2426 432 2676 502 passione
2705 433 2901 491 Christi
2931 437 3172 492 turbatus
3197 445 3280 493 est
3301 477 3316 504 ,
3359 445 3416 493 ut
3441 441 3589 496 etiam
3614 459 3696 500 ne-

2165 520 2340 586 gando
2368 520 2500 576 ﬁdes
2519 521 2635 591 ejus
2654 524 3102 594 submergeretur.

2788 637 2917 693 Car.
2958 639 3098 695 XIX.

2227 743 2379 799 Jesus
2403 756 2574 800 autem
2610 748 2743 803 dixit
2771 749 3036 819 discipulis
3056 753 3199 805 suis:
3221 752 3404 818 Amen,
3429 755 3538 808 dico
3561 759 3700 818 vobis,

2156 835 2276 902 quia
2319 835 2521 905 difficile
2555 838 2693 892 dives
2734 839 2946 895 intrabit
2987 842 3042 895 in
3080 859 3290 913 regnum
3327 845 3576 898 extorum.
3613 846 3694 901 lte-

2156 937 2268 976 rum
2298 924 2413 978 dico
2440 924 2578 980 vobis
2596 942 2614 979 :
2636 926 2842 996 facilius
2864 938 2940 982 est
2960 930 3210 983 camelum
3235 948 3329 1000 per
3348 934 3570 1002 foramen
3595 952 3701 988 acus

2155 1015 2396 1079 transire,
2417 1032 2568 1086 quam
2597 1017 2798 1071 divitem
2825 1020 2880 1072 in
2907 1036 3117 1090 regnum
3147 1020 3259 1077 Dei.

2225 1106 2451 1161 Divitem
2481 1110 2735 1179 populum
2760 1110 3036 1167 Judaicum
3073 1113 3227 1180 dixit,
3253 1117 3348 1186 qui
3381 1133 3499 1172 cum
3524 1119 3699 1175 divitiis

2154 1195 2218 1249 de
2245 1196 2478 1268 Egypto
2505 1200 2770 1263 exierunt,
2801 1201 2868 1256 de
2895 1195 3003 1270 quo
3032 1203 3084 1257 in
3116 1206 3322 1274 psalmo
3349 1207 3499 1273 dixit,
3521 1207 3698 1264 Divim

2150 1298 2410 1354 eguerunt
2437 1297 2492 1343 et
2519 1290 2838 1346 esurieruut.
2864 1287 3115 1348 Camelus
3143 1304 3321 1350 autem
3353 1314 3452 1352 nos
3493 1299 3695 1364 luimus,

2147 1377 2241 1446 qui
2271 1379 2401 1432 nihil
2429 1388 2634 1434 rectum
2664 1381 2717 1435 in
2759 1383 2912 1437 nobis
2942 1385 3250 1450 habuimus,
3280 1387 3372 1454 qui
3395 1403 3532 1444 nunc
3554 1391 3694 1444 sarci-

2149 1484 2271 1522 nam
2315 1479 2657 1539 peccatorum
2697 1475 3060 1543 exposuimus,
3090 1485 3147 1531 et
3171 1493 3270 1547 per
3315 1477 3548 1534 foramen
3585 1496 3694 1536 acus

2147 1559 2503 1627 introivimus,
2524 1563 2629 1618 hoc
2659 1573 2759 1630 est,
2794 1581 2890 1634 per
2937 1576 3137 1622 arctam
3167 1577 3221 1623 et
3250 1581 3525 1638 angustam
3550 1571 3691 1636 viam,

2145 1663 2264 1718 quae
2289 1649 2441 1703 duxit
2469 1651 2534 1704 ad
2563 1651 2746 1706 vitam.
2777 1653 2908 1708 Nam
2928 1653 3093 1711 Judas
3121 1657 3400 1713 Iscariotes
3426 1659 3566 1714 dives
3589 1660 3690 1724 fuit,

2145 1739 2212 1793 de
2240 1740 2414 1809 pretio
2439 1755 2547 1808 quo
2573 1741 2843 1798 Christum
2875 1745 3108 1813 tradidit,
3137 1747 3232 1802 sed
3260 1748 3314 1802 in
3345 1763 3559 1818 regnum
3597 1764 3690 1804 αες

2144 1829 2318 1883 lorum
2346 1845 2454 1884 non
2485 1830 2720 1887 intravit.

2791 1900 2922 1958 CAP.
2959 1901 3076 1959 XX.

2215 2008 2399 2065 Simile
2423 2020 2501 2066 est
2527 2029 2736 2084 regnum
2759 2014 2999 2069 calorum
3027 2015 3221 2071 homini
3241 2019 3600 2089 patrifamilias
3616 2021 3689 2090 qui

2057 2116 2064 2122 ·
2141 2103 2334 2172 prodiit
2378 2119 2531 2156 mane
2569 2104 2625 2157 in
2673 2106 2786 2176 foro
2815 2105 3097 2160 conducere
3124 2111 3392 2176 operarios
3428 2110 3480 2162 in
3515 2111 3689 2163 vineam

2140 2210 2315 2259 suam,
2352 2202 2400 2246 et
2428 2194 2621 2264 placuit
2658 2195 2736 2249 illi
2780 2213 2894 2250 cum
2940 2200 3190 2267 operariis
3228 2200 3448 2271 singulis
3484 2201 3689 2255 denariis

2141 2286 2361 2339 diurnis.
2395 2284 2463 2339 Et
2489 2304 2723 2358 egressus
2753 2289 2889 2343 circa
2918 2292 3099 2344 horam
3119 2302 3322 2345 sextam
3350 2301 3401 2346 et
3427 2309 3623 2356 nonam,
3649 2302 3689 2345 et

2139 2374 2273 2426 idem
2297 2376 2447 2445 fecit;
2467 2376 2560 2428 sed
2576 2387 2624 2430 et
2651 2377 2790 2430 circa
2811 2379 2989 2432 horam
3013 2380 3338 2434 undecimam
3363 2398 3588 2452 egressus
3605 2393 3686 2445 est,

2139 2473 2186 2516 et
2225 2466 2414 2518 invenit
2453 2467 2584 2520 alios
2628 2477 2825 2522 stantes
2846 2509 2860 2534 ,
2904 2481 2954 2524 et
2980 2473 3056 2525 ait
3090 2472 3194 2526 illis
3224 2489 3242 2526 :
3273 2471 3416 2538 Quid
3457 2475 3534 2527 hic
3559 2476 3688 2527 statis

2137 2558 2329 2610 otiosi?
2368 2555 2432 2609 Et
2459 2557 2536 2611 illi
2567 2560 2955 2628 responderunt,
2988 2559 3122 2625 Quia
3143 2580 3291 2617 nemo
3313 2580 3408 2618 nos
3434 2564 3686 2626 conduxit;

2136 2659 2186 2701 et
2213 2651 2286 2703 ait
2312 2649 2412 2703 illis
2437 2665 2454 2703 :
2475 2648 2557 2704 Ite
2585 2661 2635 2704 et
2655 2669 2742 2706 vos
2774 2653 2827 2706 in
2857 2655 3073 2708 vineam.
3108 2653 3330 2725 Vespere
3357 2667 3521 2710 autem
3549 2659 3685 2728 facta,

2137 2739 2270 2791 dixit
2315 2737 2567 2793 Dominus
2606 2745 2928 2811 procuratori
2972 2761 3097 2810 suo,
3142 2745 3428 2816 Uperarios
3464 2764 3611 2808 voca,
3646 2756 3686 2800 et

2136 2829 2292 2882 redde
2317 2830 2420 2883 illis
2460 2831 2760 2896 mercedem,
2790 2834 3042 2904 incipiens
3080 2851 3113 2888 a
3142 2838 3437 2891 novissimis
3461 2854 3605 2907 usque
3627 2844 3686 2890 ad

2134 2921 2345 2989 primos.
2378 2919 2504 2974 Cum
2531 2938 2652 2994 ergo
2678 2924 2928 2978 venissent
2957 2925 3044 2994 qui
3071 2927 3210 2980 circa
3242 2930 3562 2983 undecimam
3587 2930 3686 2998 fue-

2135 3021 2255 3063 rant
2284 3012 2484 3077 vocati,
2528 3023 2833 3083 acceperunt
2876 3015 3108 3086 singulos
3145 3017 3413 3072 denarios.
3453 3017 3685 3072 Venerunt

2135 3110 2304 3154 autem
2331 3108 2381 3153 et
2417 3101 2638 3170 priores,
2678 3115 2940 3174 sperantes
2969 3123 3025 3159 se
3065 3107 3288 3176 amplius
3315 3119 3619 3179 accepturos,
3644 3114 3684 3158 et

2135 3205 2251 3244 cum
2286 3193 2599 3262 accepissent
2626 3194 2857 3265 singulos
2885 3195 3157 3264 denarios,
3198 3209 3457 3268 eruperunt
3485 3213 3683 3252 murmu-

2134 3296 2254 3332 rare
2280 3280 2523 3335 adversus
2561 3283 2989 3352 patremfamilias
3026 3285 3253 3340 dicentes
3283 3303 3300 3340 :
3333 3286 3410 3340 Hi
3447 3285 3683 3340 novissimi

2132 3385 2238 3423 una
2275 3369 2405 3424 liora
2433 3373 2632 3442 operati
2657 3381 2797 3437 sunt,
2826 3382 2875 3426 et
2902 3390 3052 3444 pares
3075 3376 3194 3430 illos
3223 3376 3372 3432 nobis
3400 3379 3578 3449 fecisti,
3609 3376 3682 3445 qui

2130 3461 2463 3515 sustinuimus
2492 3459 2717 3516 laborem
2739 3465 2892 3518 totius
2919 3465 3040 3520 diei.

2203 3550 2594 3608 Paterfamilias
2612 3553 2854 3610 Christus
2880 3563 2981 3622 est,
3009 3556 3101 3626 qui
3128 3558 3409 3627 operarios
3433 3557 3682 3621 conducit,

2129 3640 2235 3695 hoc
2252 3649 2354 3706 est,
2378 3644 2470 3710 qui
2489 3643 2767 3699 credentes
2790 3645 2993 3714 colligit
3017 3653 3075 3700 ut
3093 3647 3398 3703 mercedem
3420 3650 3680 3719 accipiant.

2132 3731 2297 3786 Vinea
2326 3739 2527 3797 autem,
2558 3734 2764 3788 cultura
2786 3735 2918 3804 legis
2945 3745 3044 3791 est.
3076 3736 3339 3793 Denarius
3369 3749 3562 3804 autem,
3588 3738 3680 3791 vita

2127 3828 2328 3877 aeterna
2353 3830 2452 3877 est.
2477 3822 2622 3890 Quos
2646 3833 2825 3880 autem
2853 3825 2987 3882 dixit
3014 3827 3080 3882 ad
3109 3829 3297 3883 horam
3325 3831 3549 3900 primam
3568 3842 3678 3898 ope-

2125 3921 2293 3977 ratos,
2325 3915 2559 3982 virgines
2585 3925 2730 3980 sunt,
2771 3919 2865 3986 qui
2892 3934 2951 3974 se
2990 3919 3226 3975 laborem
3255 3923 3498 3990 corporis
3522 3929 3573 3975 et
3598 3934 3677 3974 ca-

2127 4001 2294 4057 lorem
2331 4004 2506 4059 carnis
2554 4007 2869 4062 sustinuisse
2895 4007 3098 4063 dicunt.
3128 4009 3326 4064 Forum
3346 4019 3526 4065 autem
3549 4024 3677 4063 mun~

2125 4093 2225 4148 dus
2255 4095 2355 4150 iste
2399 4096 2743 4167 intelligitur;
2773 4100 2866 4168 qui
2894 4109 3071 4154 autem
3110 4115 3230 4155 sero
3258 4101 3325 4155 ad
3354 4117 3492 4172 opus
3517 4114 3676 4156 acceso

2122 4195 2326 4250 serunt,
2361 4187 2687 4243 abstinentes
2713 4199 2858 4243 sunt.
2886 4188 3040 4256 Quod
3069 4199 3250 4245 autem
3279 4192 3446 4257 dixit,
3477 4203 3678 4260 vespere

2124 4278 2424 4333 mercedem
2473 4287 2824 4350 acceperunt,
2867 4282 2972 4336 hoc
3020 4286 3138 4347 est,
3179 4282 3324 4352 quod
3365 4284 3419 4336 in
3464 4283 3674 4337 adventu

2123 4370 2317 4425 Christi
2348 4372 2604 4441 recipient
2631 4373 2764 4427 casti
2790 4374 3089 4429 mercedem
3117 4374 3315 4430 laboris
3341 4375 3445 4430 sui.

2751 4481 2881 4538 Car.
2909 4481 3048 4538 XXI.

2198 4595 2263 4648 Et
2299 4595 2624 4648 adduxerunt
2664 4598 2829 4651 asina:
2856 4598 3079 4666 pullum,
3122 4611 3172 4653 et
3197 4601 3328 4654 sedit
3364 4619 3518 4672 super
3541 4615 3670 4662 eum;

2116 4699 2170 4742 et
2196 4687 2501 4755 deponentes
2528 4691 2825 4742 vestimenta
2853 4706 2947 4742 sua
2980 4691 3034 4742 in
3069 4692 3148 4743 via
3164 4731 3179 4754 ,
3208 4693 3302 4745 alii
3328 4703 3498 4746 autem
3520 4690 3669 4744 carde—

2120 4774 2244 4829 bant
2271 4793 2440 4831 ramos
2469 4779 2530 4830 de
2554 4777 2841 4843 arboribus,
2873 4790 2920 4832 et
2942 4779 3279 4848 projiciebant
3307 4791 3428 4834 ante
3453 4797 3579 4834 eum.
3612 4775 3670 4829 Et

2113 4868 2278 4923 turba:
2320 4868 2685 4922 antecedebant
2728 4886 2859 4933 eum,
2910 4870 3132 4926 dicentes
3177 4887 3195 4925 :
3244 4870 3499 4926 "osanna
3542 4869 3669 4923 Filio

2116 4955 2304 5010 David.

2183 5047 2362 5105 Asina:
2388 5064 2548 5118 quem
2575 5049 2709 5105 dixit
2751 5049 2974 5118 pullum,
3005 5051 3261 5120 populum
3293 5051 3560 5106 novellum
3585 5047 3666 5102 de-

2111 5151 2407 5209 monstrat;
2440 5145 2541 5199 hoc
2567 5152 2668 5209 est,
2720 5153 2960 5198 nostrum
2979 5183 2995 5209 ,
3025 5145 3117 5212 qui
3146 5153 3202 5200 et
3226 5146 3540 5216 pmsepium
3567 5143 3663 5196 Do-

2078 5248 2080 5252 '
2111 5235 2242 5290 mini
2269 5235 2353 5289 sui
2385 5235 2653 5302 cognovit,
2688 5235 2791 5290 hoc
2817 5245 2933 5302 est,
2963 5237 3152 5300 altare,
3183 5237 3275 5292 ubi
3303 5236 3500 5293 cibaria
3523 5231 3665 5289 colli-

2109 5326 2302 5393 gimus.
2334 5325 2511 5380 Turba
2539 5334 2719 5380 autem
2747 5341 2906 5394 quam
2941 5326 3076 5381 dixit
3113 5327 3431 5381 vestimenta
3467 5339 3560 5381 sua
3599 5320 3666 5390 ja-

2109 5423 2340 5478 ctantes,
2359 5415 2461 5469 hoc
2482 5422 2585 5479 est,
2605 5415 2747 5483 quod
2770 5416 3100 5472 credentium
3130 5416 3415 5471 multitudo
3442 5423 3663 5497 veterem

2109 5505 2380 5560 hominem
2407 5505 2788 5573 exspoliantes,
2819 5521 2876 5558 se
2905 5505 3205 5574 projicient.
3245 5507 3474 5561 Arbores
3497 5509 3663 5556 autem

2110 5595 2269 5649 iidem
2311 5596 2554 5650 homines
2593 5605 2732 5650 sunt.
2777 5595 2974 5651 Ramos
3003 5613 3130 5651 vero
3159 5598 3226 5650 de
3267 5597 3541 5652 arboribus
3577 5591 3661 5645 ab-

2108 5687 2445 5754 scindcntes,
2487 5697 2704 5756 peccata
2733 5697 2854 5742 sunt
2883 5704 3001 5756 qua:
3045 5690 3097 5744 in
3125 5690 3280 5745 nobis
3321 5687 3654 5745 vnrescebant.
