3926 6176
253 305 354 359 577

876 408 1003 464 CAP.
1040 408 1202 462 XXII.

316 503 511 567 Aliam,
545 501 744 570 inquit,
775 501 1074 570 parabolmn
1103 500 1296 552 audite.
1335 497 1466 550 Erat
1494 496 1702 567 quidam
1730 512 1824 565 pa-

245 594 558 664 terfamilias
586 594 672 664 qui
699 592 950 662 plantavit
980 593 1196 653 tineam,
1226 601 1275 642 et
1301 605 1468 659 sepem
1493 583 1579 641 illi
1608 588 1826 639 circum-

242 685 420 746 dedit,
462 693 512 735 et
539 683 672 752 fodit
702 682 759 734 in
795 698 856 734 ea
890 680 1086 743 lacum,
1124 689 1174 731 et
1207 677 1485 748 a'diﬁcavit
1523 685 1744 739 turrem,
1774 681 1826 728 et

241 778 435 831 locauit
461 792 576 830 eam
602 773 819 837 colonis,
850 782 898 826 et
924 774 1033 842 ipse
1055 787 1265 842 peregre
1290 771 1549 840 profectus
1576 775 1674 820 est.
1695 763 1824 820 Cum

238 877 420 921 autem
449 867 906 936 appropinquasset
934 873 1130 932 tentpus
1160 863 1414 932 fructuum
1432 898 1448 924 ,
1481 859 1621 912 misit
1649 873 1823 911 servos

237 973 368 1011 suos
396 957 466 1010 ad
491 956 712 1010 cultores
743 953 882 1018 illos,
913 962 969 1007 ut
995 954 1285 1022 acciperent
1312 952 1376 1004 de
1414 949 1662 1021 fructibus
1688 949 1820 1002 suis.

239 1047 433 1102 Coloni
462 1056 630 1099 autem
673 1045 1016 1116 appreltensos
1052 1059 1224 1096 servos
1245 1080 1262 1105 ,
1293 1040 1453 1094 alium
1492 1039 1822 1103 cmeiderunt,

238 1139 412 1191 aliam
466 1153 584 1191 vero
615 1135 1002 1206 lapidaverunt,
1031 1133 1190 1186 alium
1246 1130 1643 1184 decollaverunt.
1688 1127 1822 1182 Item

238 1230 392 1282 misit
408 1228 542 1282 alios
569 1242 762 1290 servos,
793 1225 962 1295 plures
983 1221 1260 1295 prioribus,
1279 1230 1328 1276 et
1358 1223 1586 1292 fecerunt
1617 1221 1722 1274 illis
1745 1221 1823 1273 si-

233 1322 458 1375 militer.
489 1317 783 1372 Novissime
809 1326 977 1369 autem
1005 1315 1145 1369 misit
1180 1315 1286 1368 illis
1319 1313 1486 1382 ﬁlium
1525 1327 1673 1366 suum
1707 1310 1825 1363 uni-

231 1432 380 1478 cum,
402 1413 581 1467 dicens
600 1427 619 1465 :
641 1409 890 1464 Forsitan
930 1409 1094 1477 filium
1131 1423 1298 1460 meum
1328 1402 1654 1470 verebuntur,
1676 1416 1824 1474 quent

230 1517 288 1562 et
306 1509 487 1577 ipsum
512 1501 886 1575 apprehensum
905 1498 1218 1553 ceciderunt.

308 1591 706 1649 Paterfamilias
730 1605 890 1658 quem
917 1587 1071 1652 dixit,
1102 1585 1274 1640 Patris
1298 1582 1696 1639 similitudinem
1724 1580 1823 1635 de-

230 1691 533 1740 monstrat.
557 1681 721 1735 Vinea
751 1695 912 1748 quam
939 1679 1072 1732 dixit
1099 1676 1417 1738 novellasse,
1446 1673 1533 1727 lex
1560 1687 1696 1728 nova
1718 1679 1819 1726 est.

992 293 1508 353 ANNO'I‘ATIONES
1547 294 1636 348 AD
1671 291 1982 360 QUIEDAM
2023 291 2554 348 EV’ANCELIOBUM
2595 292 2787 348 LOCA.

1845 415 1895 470 Δ

3397 295 3497 356 578

2533 408 2660 461 Car.
2699 407 2883 463 XXVI.

2001 495 2158 559 Tunc,
2187 497 2374 564 inquit,
2394 500 2478 568 qui
2505 500 2556 550 in
2580 499 2764 553 Judwa
2788 511 2924 563 sunt,
2955 503 3158 570 fugiant
3175 504 3247 558 ad
3269 517 3498 574 montes;

1929 594 1976 637 et
2016 588 2102 656 qui
2131 588 2184 638 in
2213 604 2338 657 agro
2365 598 2442 641 est
2463 629 2478 650 ,
2526 606 2628 642 non
2658 600 2940 644 revertatur
2968 602 3104 646 retro
3131 595 3200 646 ad
3227 598 3504 650 uestimen-o

1925 685 2031 728 tum
2066 693 2235 730 suum.
2279 677 2370 732 Va:
2403 689 2572 732 autent
2599 682 2984 751 prtegnantibus
3022 692 3072 735 et
3111 685 3418 741 lactantibus
3446 691 3498 743 in

1921 765 2028 819 illis
2051 765 2244 819 diebus.
2276 767 2437 822 Orate
2457 783 2625 824 autent
2653 780 2708 824 ut
2732 787 2836 825 non
2862 773 2958 842 ﬁat
2981 776 3104 846 fuga
3124 788 3288 830 vestra
3311 779 3494 842 hieme,

1923 857 2000 909 vel
2034 852 2267 910 sabbato.

1991 943 2171 1000 Iudaea
2210 947 2415 1003 scilicet
2445 956 2582 1003 terra
2609 958 2795 1006 sancta
2819 961 2924 1016 est,
2953 954 3054 1010 hoc
3081 967 3164 1013 est
3204 955 3340 1014 casti
3397 960 3494 1013 ho-

1923 1039 2116 1103 mines,
2145 1038 2236 1108 qui
2263 1053 2478 1092 carnem
2508 1046 2658 1093 suam
2697 1042 3115 1097 sanctilicarunt.
3145 1045 3388 1114 Fugiant,
3411 1050 3493 1102 iu-

1922 1129 2060 1196 quit,
2089 1127 2156 1181 ad
2183 1137 2414 1193 montes,
2439 1128 2542 1183 hoc
2569 1137 2668 1194 cst,
2699 1131 2765 1184 ad
2786 1133 3150 1200 apostolorum
3173 1137 3493 1194 doctrinam.

1925 1218 1993 1272 Et
2028 1219 2120 1287 qui
2149 1219 2201 1273 in
2249 1232 2380 1286 agro
2405 1229 2508 1282 est,
2550 1234 2656 1273 non
2685 1231 2985 1276 revertatur
3010 1225 3078 1278 ad
3126 1228 3496 1286 vestimentum

1924 1323 2112 1375 suum;
2136 1309 2240 1364 hoc
2263 1319 2383 1364 est:
2414 1311 2507 1379 qui
2533 1311 2584 1364 in
2613 1313 2808 1366 sarculo
2837 1322 2938 1380 est,
2977 1331 3081 1370 non
3112 1327 3411 1374 revertatur
3430 1322 3494 1374 ad

1925 1409 2160 1454 veterem
2210 1400 2500 1455 hominem.
2555 1402 2642 1457 Vae
2681 1411 2870 1476 autem?
2908 1409 3301 1474 praegnantibus
3329 1418 3385 1464 et
3415 1411 3494 1464 la-

1923 1490 2328 1555 ctantibus,hoc
2356 1499 2459 1553 est,
2479 1491 2700 1546 fratrum
2727 1495 2924 1562 quique
2948 1497 3285 1552 sacerdotum
3315 1501 3491 1553 avari-

1925 1579 2073 1644 tiam,
2102 1579 2248 1634 velut
2267 1595 2564 1650 prxegnans,
2596 1585 2924 1652 conceperit,
2948 1601 3026 1638 vae
3056 1586 3195 1642 illius
3222 1589 3341 1642 erit.
3394 1589 3492 1644 La-

1923 1677 2076 1724 ctaus
2104 1670 2148 1723 is
2176 1671 2294 1734 erit,
2318 1672 2409 1740 qui
2432 1672 2678 1726 mandata
2707 1672 2901 1728 Christi
2924 1691 3028 1729 non
3057 1686 3204 1730 recte
3223 1678 3492 1744 docuerit;

228 1773 434 1829 Turris
452 1781 652 1834 autem,
676 1769 914 1825 Ecclesia
941 1775 1042 1823 est.
1069 1766 1244 1822 Lacus
1269 1764 1565 1832 baptismus
1591 1769 1693 1816 est.
1716 1760 1821 1815 Co-
1850 1771 1894 1829 Β
1923 1759 2010 1814 hic
2037 1775 2143 1814 non
2171 1761 2312 1825 cibo,
2341 1761 2436 1816 sed
2464 1762 2603 1817 lacte
2632 1765 2851 1832 potavit.
2895 1765 3081 1820 Hieme
3127 1776 3305 1823 autem
3353 1771 3494 1837 quod

226 1863 356 1920 Ioni
391 1871 572 1917 autem
614 1859 781 1915 Judaei
809 1867 953 1914 sunt.
996 1856 1167 1927 Sepes
1193 1871 1339 1921 vero,
1365 1855 1497 1908 ﬁdes
1538 1861 1650 1918 est;
1681 1851 1821 1907 servi

223 1972 380 2027 quos
406 1955 542 2010 dixit
570 1954 804 2014 occisos,
836 1950 1109 2021 propheta:
1139 1947 1520 2016 intelliguntur.
1551 1943 1824 2004 Posterio-

225 2062 326 2102 res
355 2061 500 2115 quos
524 2045 661 2101 dixit
686 2045 896 2106 missos,
930 2040 1159 2111 apostoli
1185 2047 1338 2103 sunt,
1369 2052 1436 2091 ex
1463 2035 1658 2104 quibus
1686 2049 1823 2088 unus

221 2137 567 2201 decollatus,
585 2134 830 2207 )oannes
855 2142 958 2188 est.
981 2130 1278 2186 Novissime
1300 2135 1479 2183 autem
1503 2125 1696 2180 Filium
1724 2141 1819 2181 oc-

222 2228 510 2290 ciderunt,
535 2225 738 2281 scilicet
757 2223 1048 2278 Christum.

857 2314 988 2368 Car.
1017 2310 1206 2366 XXIII.

309 2431 554 2498 Reddite,
586 2431 773 2500 inquit,
803 2443 917 2500 qute
959 2425 1182 2482 Caesaris
1208 2433 1327 2479 sunt
1363 2423 1560 2478 Caesari
1578 2464 1594 2490 ,
1633 2430 1685 2476 et
1710 2439 1825 2494 qua

225 2524 340 2579 Dei
374 2533 496 2578 sunt
524 2523 654 2578 Deo.

302 2613 573 2668 Jubemur
591 2612 644 2666 in
670 2608 1043 2680 persecutione
1069 2605 1294 2661 reddere
1314 2620 1433 2674 qum
1453 2603 1678 2658 Cmearis
1698 2612 1823 2659 sunt

221 2706 479 2769 Caesari,
510 2705 615 2760 hoc
654 2710 775 2765 est,
817 2715 1013 2770 corpus
1053 2699 1106 2753 in
1140 2714 1247 2768 quo
1278 2698 1438 2751 habet
1467 2695 1818 2764 potestatem;

221 2799 470 2855 reddere
511 2814 630 2869 qua:
671 2798 766 2853 Dei
811 2803 976 2859 sunt,
1027 2794 1178 2859 Deo,
1229 2793 1472 2862 spiritum
1521 2789 1725 2845 scilicet
1767 2793 1824 2842 et

222 2891 426 2948 ﬁdem.

853 2955 986 3014 CAP.
1015 2953 1180 3010 XXIV
1193 2994 1206 3008 .

296 3072 568 3136 Fuerunt,
604 3071 804 3140 inquit,
835 3069 976 3138 apud
1019 3083 1112 3121 nos
1152 3074 1340 3136 septem
1371 3066 1576 3135 fratres.
1611 3061 1819 3115 Primus

217 3181 440 3225 eorum,
472 3178 634 3216 uxore
655 3161 836 3225 ducta,
869 3177 974 3213 non
1015 3157 1208 3212 relictis
1236 3156 1358 3226 [iliis
1394 3164 1624 3208 mortuus
1647 3162 1743 3214 est,
1769 3157 1818 3204 et
1845 3125 1904 3190 c-

216 3253 450 3323 reliquit
475 3267 684 3307 uxorem
705 3267 851 3305 suam
881 3249 1032 3321 fratri
1052 3264 1163 3301 suo.
1198 3245 1450 3300 Similiter
1469 3253 1516 3295 et
1543 3242 1816 3302 secundus,

215 3353 274 3400 et
308 3344 520 3406 tertius,
549 3349 598 3396 et
641 3351 880 3414 quartus,
930 3355 1086 3410 usque
1111 3336 1180 3390 ad
1219 3335 1521 3406 septimum;
1549 3331 1822 3384 novissime

216 3443 415 3488 autem
436 3433 662 3487 omnium
682 3441 731 3486 et
757 3431 941 3485 mulier
969 3429 1060 3500 def
1059 3437 1211 3483 uncta
1230 3434 1322 3480 est.
1357 3423 1424 3482 In
1453 3421 1821 3476 resurrectione

215 3540 360 3595 ergo
391 3521 539 3592 cujus
559 3537 733 3576 eorum
759 3521 855 3574 erit
874 3519 1042 3573 uxor?
1068 3533 1190 3570 nam
1217 3530 1393 3570 omnes
1420 3521 1610 3584 septem
1635 3510 1822 3564 habue-

217 3621 360 3667 runt
390 3611 538 3666 illam
564 3627 798 3666 uxorem.

295 3703 534 3774 Septem
559 3717 696 3773 quos
718 3701 851 3756 dixit
880 3699 1100 3763 fratres,
1130 3695 1463 3767 patriarchas
1490 3700 1694 3762 septem
1723 3691 1818 3746 de-

217 3799 569 3858 monstrant,
600 3792 692 3861 qui
719 3797 845 3846 sunt
871 3797 1077 3859 septem
1105 3787 1226 3842 libri
1253 3785 1442 3857 Moysi.
1465 3781 1614 3838 Uxor
1637 3791 1817 3836 autem

215 3899 432 3940 eorum
465 3881 744 3954 Synagoga
774 3889 874 3936 est.
903 3880 1144 3946 Cumque
1172 3891 1235 3931 ea
1264 3883 1470 3945 septem
1501 3873 1816 3944 patriarchm

218 3981 523 4041 coeuntes,
547 3987 731 4030 semen
753 3972 982 4044 nominis
1003 3970 1202 4026 Christi
1228 3968 1552 4034 infuderunt,
1575 3975 1631 4022 et
1659 3965 1815 4022 tidem

220 4080 517 4136 nunquam
544 4063 812 4134 concepit.

867 4130 994 4187 CAP.
1021 4129 1186 4184 XXV.

300 4225 560 4298 Insurget
583 4234 753 4279 autem
781 4240 992 4295 regnum
1018 4239 1169 4292 super
1192 4237 1426 4294 regnum,
1449 4229 1498 4275 et
1518 4236 1643 4292 gens
1663 4233 1816 4287 super

217 4326 443 4391 gentem
465 4355 481 4380 ,
537 4324 588 4369 et
631 4323 782 4369 erunt
809 4316 970 4386 fames
997 4321 1048 4366 et
1075 4321 1391 4366 terrtemotus
1418 4327 1510 4380 per
1547 4310 1660 4365 loca
1699 4309 1814 4363 sin-

218 4407 382 4479 gula.
417 4403 525 4459 Sed
554 4406 661 4459 [nec
689 4405 863 4459 omnia
887 4403 1040 4458 initia
1082 4412 1236 4456 erunt
1274 4403 1490 4474 gemitus
1519 4409 1568 4455 et
1596 4399 1810 4455 doloris.

221 4497 387 4550 Tunc
417 4496 621 4548 tradent
648 4511 734 4549 vos
766 4496 821 4548 in
849 4504 1082 4548 mortem.
1129 4491 1270 4547 Tunc
1295 4503 1460 4546 autem
1490 4492 1640 4546 multi
1671 4507 1818 4545 scan-
1845 4495 1892 4554 D

219 4585 628 4648 dalizabuntnr,
673 4592 723 4638 et
750 4583 954 4637 tradent
982 4601 1037 4638 se
1068 4583 1368 4636 alterutrum
1408 4579 1478 4633 ad
1504 4589 1737 4645 mortem,
1765 4590 1816 4634 et

219 4681 389 4738 multi
412 4676 869 4748 pseudoprophetae
887 4686 1178 4744 exsurgunt,
1203 4682 1252 4727 et
1278 4673 1517 4726 seducent
1536 4671 1743 4736 multos,
1765 4680 1816 4724 et

219 4783 455 4845 propter
504 4770 752 4825 scelerum
805 4766 1179 4821 abundantiam
1237 4766 1534 4836 refrigescet
1588 4763 1813 4816 charitas

218 4864 547 4925 multorum;
585 4859 672 4930 qui
711 4866 883 4912 autem
923 4855 1321 4928 perseveraverit
1346 4869 1505 4924 usque
1531 4853 1586 4906 in
1623 4852 1812 4923 finem,

218 4956 312 5007 hic
340 4950 519 5005 saluus
538 4949 656 5003 erit.

301 5042 558 5110 Regnum
576 5054 736 5109 super
755 5051 977 5106 regnum
1006 5034 1149 5107 quod
1176 5033 1388 5099 dicitur,
1414 5031 1520 5087 hoc
1539 5036 1640 5097 est,
1669 5027 1816 5100 quod

219 5147 403 5202 super
429 5143 652 5198 regnum
689 5128 888 5183 Christi
917 5128 1076 5182 audet
1104 5125 1348 5181 diabolus
1386 5123 1615 5178 hmreses
1644 5121 1815 5176 susci-

220 5229 375 5275 tare.
423 5216 619 5274 Fames
665 5225 844 5273 autem
888 5225 943 5272 et
982 5223 1334 5281 terratmotus,
1383 5215 1490 5270 hoc
1517 5219 1628 5278 est,
1670 5209 1815 5280 quod

222 5309 501 5380 aliquanti
521 5308 782 5373 homines,
807 5308 900 5377 qui
921 5315 1059 5362 terra
1089 5306 1472 5374 intelliguntur,
1503 5302 1697 5358 famem
1717 5315 1814 5373 pa-

224 5401 465 5465 tiuntur,
495 5400 600 5456 hoc
636 5407 753 5465 est,
783 5413 886 5454 nec
923 5397 1177 5467 Spiritum
1203 5396 1296 5450 Dei
1338 5411 1439 5451 nec
1478 5394 1810 5450 intellectum

223 5488 502 5545 habentes
522 5529 540 5555 ,
585 5487 652 5543 ad
679 5488 911 5543 htereses
949 5487 1334 5542 submoventur
1355 5524 1370 5550 ,
1403 5495 1458 5540 et
1491 5485 1707 5539 tradent
1729 5493 1814 5550 se;

226 5578 451 5648 inquit,
482 5578 536 5632 in
573 5587 830 5643 mortem;
861 5584 916 5631 et
957 5576 1463 5646 pseudopropheue,
1495 5576 1667 5644 inquit
1717 5591 1808 5630 ex-

226 5677 478 5739 surgent,
507 5677 568 5724 ut
586 5676 710 5740 pote
737 5667 1079 5737 Amapobius,
1093 5666 1185 5733 qui
1213 5666 1409 5720 multos
1436 5664 1666 5735 decepit.

1921 1848 2084 1914 dixit,
2123 1858 2335 1919 tempus
2376 1852 2623 1920 capiendi
2673 1853 2918 1909 homines
2971 1857 3234 1922 ostendit;
3267 1857 3393 1911 item
3441 1868 3495 1915 ut

1920 1935 2115 1992 ludatis
2147 1941 2372 1995 sabbato
2400 1941 2582 2009 fugere
2608 1959 2714 1996 non
2745 1943 2886 1998 licet.
2919 1943 3022 1999 Sed
3044 1945 3156 2013 jam
3182 1946 3249 2000 de
3281 1948 3495 2004 civitate

1919 2029 2173 2084 recedere
2193 2047 2298 2085 non
2328 2034 2604 2100 permittit.
2629 2033 2706 2086 Ita
2729 2044 2784 2089 et
2805 2051 2902 2090 nos
2922 2051 3136 2093 oremus
3163 2045 3222 2092 ut
3241 2041 3494 2094 saeculum

1920 2118 2104 2187 fugere
2131 2121 2416 2188 possimus,
2449 2137 2516 2176 ne
2542 2124 2610 2177 ab
2657 2125 2990 2191 antichristo,
3032 2128 3198 2182 veluti
3224 2131 3294 2185 ab
3322 2129 3494 2186 hieme

1921 2216 2015 2264 aut
2041 2210 2266 2265 sabbato
2292 2227 2744 2282 przeoccupemur.

2512 2325 2639 2381 CAP.
2679 2327 2887 2383 XXVII.

1993 2441 2156 2504 Tunc.
2185 2442 2376 2511 inquit,
2401 2443 2569 2498 simile
2614 2447 2953 2500 testimabitur
2996 2464 3211 2520 regnum
3251 2450 3491 2504 caelorum

1921 2533 2096 2587 decem
2139 2534 2439 2604 uirginibus,
2471 2551 2585 2606 qua:
2629 2546 2931 2606 acceperunt
2971 2538 3237 2607 lampades
3276 2556 3416 2604 suas,
3447 2550 3493 2594 et

1921 2625 2154 2677 exierunt
2198 2623 2397 2677 obviam
2426 2642 2614 2696 sponso
2641 2635 2690 2679 et
2717 2642 2940 2696 sponsae.
2973 2625 3205 2699 Quinque
3242 2639 3408 2682 autem
3431 2647 3494 2684 es

1919 2718 2027 2772 illis
2050 2719 2209 2789 fatua:
2243 2728 2412 2783 erant,
2441 2728 2490 2771 et
2516 2719 2737 2789 quinque
2764 2719 3037 2789 prudentes
3068 2738 3084 2774 :
3116 2723 3273 2791 fatua:
3302 2732 3492 2787 autem,

1922 2809 2147 2879 acceptis
2168 2807 2489 2878 lampadibus
2516 2811 2644 2871 suis,
2676 2826 2779 2863 non
2801 2811 3026 2862 tulerunt
3051 2811 3216 2865 oleum
3244 2828 3410 2865 secum
3441 2813 3493 2866 in

1920 2899 2057 2952 vasis
2106 2900 2234 2954 suis.
2294 2898 2583 2954 Prudentes
2630 2910 2799 2953 autent
2848 2905 3070 2954 tulerunt
3095 2906 3150 2955 in
3197 2903 3350 2968 rasis,
3381 2919 3491 2956 cum

1921 2986 2246 3058 lampadibus
2267 2989 2394 3044 suis.

1991 3079 2186 3135 Decem
2209 3079 2441 3149 virgines
2461 3094 2596 3149 quas
2622 3080 2773 3142 dixit,
2797 3080 3032 3148 quinque
3059 3080 3376 3149 sapientium
3399 3097 3492 3134 no~

1921 3170 2065 3224 mina
2094 3170 2338 3231 dicimus.
2377 3170 2428 3224 id
2455 3177 2556 3237 est,
2587 3185 2730 3240 Spes,
2766 3171 2912 3235 fides,
2944 3172 3193 3236 charitas,
3241 3173 3490 3236 castitas,

1922 3270 1976 3316 et
1997 3261 2355 3334 clecmosyna.
2391 3262 2530 3316 Vasa
2558 3272 2736 3317 autem
2767 3263 3112 3317 habitationis
3132 3278 3318 3317 eorum
3348 3273 3493 3327 sunt,

1920 3353 2024 3408 hoc
2048 3362 2150 3416 est,
2184 3353 2427 3408 homines
2474 3354 2526 3406 in
2553 3355 2746 3421 quibus
2767 3354 3086 3408 inhabitant.
3115 3353 3267 3418 Oleo,
3300 3355 3490 3422 inquit,

1918 3445 2124 3515 plenas,
2159 3445 2261 3499 hoc
2297 3453 2379 3498 est
2405 3445 2734 3513 spiritualem
2761 3447 3009 3512 gratiam.
3041 3444 3336 3515 Lampades
3364 3462 3492 3500 vero

1919 3535 2195 3603 vigilantia
2235 3535 2457 3605 spiritus
2480 3544 2621 3589 sunt.
2645 3535 2868 3589 Obviam
2915 3547 3104 3590 euntes
3141 3551 3360 3604 sponso,
3391 3537 3494 3592 hoc

1919 3634 2018 3690 est,
2043 3625 2278 3679 Christo.
2319 3623 2498 3678 Fatua:
2545 3633 2723 3678 autem
2753 3632 2877 3678 sunt
2923 3624 3037 3680 istis
3078 3626 3368 3692 contraria,
3400 3626 3490 3696 qui

1917 3717 2062 3785 quod
2093 3715 2273 3771 vident
2292 3725 2530 3786 sperant.
2560 3715 2676 3770 Alia
2707 3715 3012 3779 inﬁdelitas,
3039 3716 3194 3772 tertia
3223 3716 3338 3771 sine
3359 3717 3490 3772 cha-

1918 3807 2098 3868 ritate,
2129 3815 2319 3874 quarta
2374 3816 2549 3860 autem
2604 3807 2855 3870 carnalis,
2880 3808 3064 3877 quinta
3112 3823 3240 3864 vero
3291 3808 3490 3864 infruc~

1918 3904 2072 3950 tuosa
2105 3913 2116 3948 :
2149 3896 2340 3950 horum
2373 3897 2534 3950 etiam
2589 3896 2862 3966 lampades
2908 3898 3336 3966 exstinguuntur,
3366 3899 3490 3968 quia

1916 3990 2093 4045 oleum
2126 4005 2230 4044 non
2254 3989 2470 4052 habent,
2503 3989 2605 4042 hoc
2633 3997 2732 4053 est,
2763 3989 3095 4059 spiritualem
3133 3991 3379 4059 gratiam.

2536 4122 2628 4176 EX
2667 4120 2866 4177 LUCA.

2575 4233 2756 4288 Cum
2785 4234 2826 4288 I.

1989 4351 2212 4423 Ideoque
2258 4359 2495 4404 nascetur
2547 4345 2637 4402 tibi
2686 4347 2856 4418 filius;
2899 4343 3102 4401 vocabis
3143 4360 3325 4400 nomen
3375 4343 3487 4415 ejus

1913 4445 2200 4508 Joannem;
2230 4455 2278 4498 et
2304 4441 2451 4497 multi
2473 4457 2625 4511 super
2651 4441 2763 4510 ejus
2791 4440 3057 4493 nativitate
3081 4436 3408 4509 gaudebunt;
3437 4444 3488 4490 et

1919 4540 2094 4594 uinum
2121 4546 2170 4590 et
2197 4536 2413 4590 siceram
2437 4543 2542 4589 non
2576 4532 2730 4587 bibet.

1989 4629 2184 4683 Vinum
2234 4625 2378 4696 quod
2404 4624 2641 4681 Joannes
2685 4623 2868 4678 bibere
2914 4620 3244 4690 prohibetur,
3282 4618 3490 4681 luxuria

1916 4718 2248 4786 intelligitur.
2305 4715 2487 4771 Sicera
2533 4721 2736 4776 autem,
2773 4712 2950 4766 dactili
3000 4726 3189 4766 succus
3233 4716 3343 4773 est;
3381 4724 3488 4777 qua

1917 4827 2026 4866 non
2057 4808 2198 4864 aliud
2224 4821 2385 4876 quam
2409 4806 2587 4860 carnis
2611 4803 2943 4858 dulcedinem
2970 4800 3232 4870 intelligit.
3259 4797 3493 4854 Proinde

1915 4901 2020 4957 hoc
2040 4912 2208 4969 genus
2233 4895 2413 4968 poculi
2432 4893 2735 4966 spirituales
2759 4890 3032 4960 effugiant.

2572 5003 2702 5060 Car.
2742 5001 2809 5058 II.
2900 5031 2910 5053 .

1988 5119 2075 5176 Ne
2104 5121 2364 5185 dixeritis,
2394 5117 2611 5172 Patrem
2648 5115 2892 5170 habemus
2918 5114 3199 5168 Abraham.
3233 5113 3362 5170 Dico
3389 5131 3486 5167 au-

1917 5221 2017 5266 tent
2040 5209 2181 5265 vobis
2204 5209 2447 5278 quoniam
2473 5216 2652 5278 potens
2680 5214 2758 5260 est
2795 5205 2936 5259 Deus
2984 5205 3047 5258 de
3074 5203 3330 5276 lapidibus
3372 5204 3486 5257 istis

1912 5303 2164 5359 suscitare
2183 5300 2318 5371 ﬁlios
2343 5299 2584 5353 Abrahae.
2606 5297 2724 5351 Jam
2745 5297 2950 5368 quidem
2971 5299 3162 5352 securis
3189 5296 3259 5348 ad
3285 5295 3485 5348 radires

1914 5391 2155 5446 arborum
2178 5391 2343 5460 posita
2363 5397 2457 5442 est.
2484 5385 2664 5443 Omnis
2691 5404 2811 5460 ergo
2832 5385 2986 5441 arbor
3013 5404 3116 5441 non
3147 5386 3342 5456 faciens
3383 5385 3480 5454 fru-

1913 5493 2052 5536 ctum
2081 5479 2286 5543 bonum,
2309 5479 2592 5544 excidetur,
2621 5489 2669 5533 et
2689 5481 2742 5533 in
2771 5480 2940 5550 ignem
2967 5479 3214 5530 mittetur.

1985 5570 2217 5641 Lapides
2267 5584 2403 5638 quos
2456 5568 2608 5635 dixit,
2640 5567 2802 5623 Judaei
2851 5567 3236 5634 intelliguntur,
3264 5572 3483 5633 propter

1916 5664 2166 5719 duritiam
2197 5670 2251 5716 et
2279 5661 2700 5717 incredulitatem
2755 5675 2904 5715 suam
2951 5676 2963 5710 :
2997 5657 3064 5713 de
3115 5656 3308 5726 quibus
3345 5653 3484 5712 ﬁlios
