3884 6184
425 271 533 329 579
1416 260 1692 317 ANONYM
1701 259 1785 315 US
1823 257 2097 315 AUCTOR
2133 252 2679 311 PBIEDESTINATI.
3581 246 3679 300 580

429 386 656 443 Abrahzc
682 382 1036 445 resuscitavit,
1069 381 1173 435 hoc
1214 386 1314 443 est,
1346 376 1652 446 apostolos;
1683 374 1797 427 sive
1825 372 2001 440 genti—
2034 376 2078 432 Α
2108 380 2179 422 tes
2201 368 2434 422 viderunt
2466 366 2686 436 gloriam
2716 363 2853 433 ejus,
2879 370 2929 415 et
2967 360 3094 414 duos
3125 360 3261 413 uiros
3298 358 3381 428 qui
3430 373 3545 410 cum
3583 360 3682 425 ipso

432 480 560 531 lium
587 475 856 539 duritiam,
887 472 954 527 de
983 472 1176 539 quibus
1203 475 1466 538 martyres
1501 464 1801 519 coronavit.
1836 462 2011 515 Arbm
2112 460 2337 524 stabant,
2370 467 2417 512 et
2459 458 2701 511 dixerunt
2747 455 2817 507 ad
2846 453 3025 507 Iesum
3047 468 3065 505 :
3096 450 3363 522 Magister,
3386 448 3577 503 bonum
3618 459 3685 503 est

433 583 522 622 res
546 573 744 629 autem,
772 563 1018 617 homines
1046 559 1434 627 intelliguntur,
1463 553 1657 624 quibus
1684 552 1886 609 securis
1911 565 2012 620 po-
2111 551 2256 605 nobis
2278 550 2359 603 hic
2382 566 2514 613 esse,
2546 557 2595 601 et
2616 547 2868 619 faciamus
2890 542 3225 598 tabernacula
3252 543 3371 607 tria,
3402 540 3497 595 tibi
3515 557 3686 605 unum,

434 658 536 711 sita
581 663 681 720 est,
714 654 817 707 hoc
842 659 945 716 est,
975 650 1251 718 utriusque
1280 644 1611 701 Testamenti
1640 657 1885 706 acumen,
1915 656 2013 696 cu~
2110 652 2161 697 et
2188 641 2326 695 Mosi
2354 657 2533 706 unum,
2562 649 2614 694 et
2654 637 2791 693 Elite
2828 653 3021 702 unum,
3051 636 3334 690 nescientes
3378 632 3507 704 quid
3544 633 3687 686 dice-

433 748 519 818 jus
546 744 882 800 manubrium
910 756 1042 797 crux
1071 738 1405 807 intelligitur.
2112 742 2251 787 rent.

2182 823 2427 878 Christus
2452 821 2507 875 in
2529 826 2713 876 monte
2735 818 2951 874 excelso
2969 815 3246 886 sapientia:
3261 854 3277 878 ,
3305 828 3405 884 per
3431 813 3691 867 exercita-

1107 887 1237 944 θη·
1261 886 1349 941 m'
2116 917 2317 969 tionem
2350 913 2633 968 verborum
2661 910 3035 980 spiritualium,
3070 907 3212 961 Deus
3245 902 3481 960 Verbum
3510 902 3695 959 intellic

512 1025 712 1089 Nemo,
745 1024 949 1092 inquit,
1001 1023 1267 1074 lucernam
1314 1015 1589 1080 accendet,
1635 1023 1685 1068 et
1730 1022 1883 1085 ponet
1925 1010 2018 1065 sub
2118 1007 2278 1075 gitur,
2308 1014 2364 1060 et
2390 1003 2642 1068 creditur,
2675 1010 2733 1058 et
2755 1002 2980 1066 colitur,
3012 998 3305 1055 secundum
3330 997 3427 1050 Dei
3459 996 3695 1051 fortnam.

440 1118 634 1180 modio,
681 1086 769 1169 aut
796 1086 887 1167 sub
934 1128 1074 1166 uaso.
1122 1109 1229 1164 Sed
1273 1126 1428 1178 super
1476 1104 1841 1160 candelabrum
1869 1110 2024 1174 ponet
2119 1096 2507 1152 Vestimentum
2537 1094 2671 1163 ejus,
2694 1092 2837 1162 quod
2853 1091 3052 1146 factum
3080 1098 3166 1145 est
3193 1088 3401 1158 fulgens
3423 1086 3695 1180 sicut-uix,

442 1226 577 1274 eam,
691 1222 865 1260 omnes
902 1204 986 1272 qui
1014 1174 1376 1274 ingrediuntur
1401 1197 1627 1253 videant.
2122 1195 2206 1242 est
2251 1200 2531 1242 sermones
2555 1192 2612 1239 et
2632 1184 2846 1251 ,littera:
2872 1181 3308 1248 Evangeliorum.
3336 1174 3699 1274 quibus

515 1267 756 1353 Lucerna
794 1267 1038 1354 Christus
1073 1267 1173 1357 est,
1215 1292 1307 1361 qui
1334 1291 1489 1356 dixit,
1520 1288 1635 1357 Ego
1680 1302 1797 1342 sum
1844 1287 2024 1341 lumen
2124 1286 2206 1333 est
2260 1277 2495 1332 indutus.
2552 1275 2782 1347 Moyses,
2814 1274 2867 1327 id
2915 1281 3018 1337 est,
3069 1272 3158 1326 lex
3175 1310 3209 1361 ,ᾳ
3242 1280 3299 1325 et
3326 1269 3495 1333 Elias,
3526 1267 3579 1322 id

446 1389 606 1458 hujus
661 1387 877 1452 mundi;
908 1386 1023 1440 sive
1077 1358 1328 1439 mandata
1374 1381 1491 1451 ejus
1510 1419 1525 1445 ,
1555 1394 1674 1452 qum
1726 1378 2029 1433 illuminant
2125 1365 2833 1458 PWPhemr‘fOliO‘lmfmes
2859 1378 2981 1418 cum
3010 1360 3156 1458 ’05“;
3187 1359 3245 1416 Si
3272 1361 3398 1428 (ἰυίῧ
3421 1358 3699 1458 animi”

410 1447 609 1536 ‘corda
637 1485 841 1533 nostra.
864 1447 1060 1531 “sum
1090 1483 1287 1539 autem,
1318 1447 1549 1527 mundus
1571 1447 1674 1525 iste
1694 1470 2022 1539 intelligitur.
2128 1455 2319 1525 ιθιιὶείι
2370 1455 2665 1524 spiritalem
2694 1454 2867 1522 legem
2913 1451 3323 1508 convenientem
3366 1447 3699 1539 sermonibus

448 1570 704 1631 Medium,
729 1566 953 1630 scilicet,
978 1565 1228 1619 hzereses.
1264 1562 1657 1618 Candelabrum
1705 1538 1904 1624 autem,
1938 1573 2029 1613 ve-
2126 1544 2285 1610 56$".
2315 1553 2371 1599 ei»
2416 1546 2470 1600 in
2499 1544 2776 1614 prophetis
2828 1542 3199 1597 absconditam
3238 1541 3290 1595 in
3320 1538 3581 1631 mysterio
3624 1552 3702 1592 sa-

449 1663 583 1718 ritas
606 1629 725 1729 quae
746 1660 922 1713 lumen
943 1629 1295 1711 demonstrat.
1326 1652 1555 1708 Proinde
1574 1652 1713 1706 hanc
1733 1651 2028 1715 lucernam,
2065 1726 2092 1729 _
2130 1637 2406 1729 Pieﬂiiflm;
2438 1636 2526 1690 ille
2553 1636 2697 1689 Videt
2724 1634 2950 1729 Moysen
2964 1642 3019 1688 εί
3038 1631 3208 1729 Eli?!“
3239 1629 3517 1729 insloria.
3547 1643 3703 1729 ειυεξιι·

450 1752 555 1807 hoc
581 1759 683 1816 est,
712 1749 961 1803 mandata
986 1746 1202 1810 Christi,
1250 1760 1357 1798 non
1383 1742 1579 1799 saeculo
1613 1740 2024 1805 abscondamus,
2058 1726 2103 1785 Β
2130 1727 2200 1782 do
2227 1726 2421 1781 viderit
2461 1741 2557 1780 eos
2582 1740 2745 1779 unum
2772 1740 2894 1780 cum
2921 1722 3067 1779 Iesu.
3098 1722 3231 1777 Nam
3261 1722 3309 1775 si
3335 1722 3387 1775 in
3417 1735 3582 1774 unum
3609 1720 3703 1773 sint

452 1839 547 1895 sed
590 1809 755 1908 super
779 1835 1159 1892 candelabrum
1188 1847 1470 1903 ponamus,
1503 1838 1565 1885 ut
1610 1830 1787 1885 luceat
1810 1828 2028 1899 (inquit)
2133 1816 2407 1908 Christus,
2439 1823 2495 1870 et
2522 1816 2636 1908 lex,
2681 1824 2738 1870 et
2763 1815 3057 1908 prophetae,
3090 1822 3221 1908 tunc
3246 1820 3303 1867 et
3348 1811 3596 1866 Christus

454 1929 702 1985 omnibus
756 1925 1152 1981 introeuntibus
1200 1922 1254 1977 in
1301 1922 1539 1987 domum,
1572 1922 1676 1975 hoc
1720 1929 1802 1974 est
1846 1920 1899 1973 in
1931 1918 2033 1973 Ec—

450 2020 695 2075 clesiam.

1124 2126 1252 2181 CAP.
1284 2126 1374 2180 ιν.

526 2264 597 2320 Et
625 2264 856 2318 ascendit
880 2261 1032 2317 Iesus
1058 2263 1111 2315 in
1134 2270 1356 2315 montem
1378 2269 1435 2312 ut
1462 2268 1635 2314 oraret
1653 2276 1670 2324 ;
1690 2269 1740 2312 et
1759 2259 1879 2313 dum
1899 2270 2043 2314 orat.

458 2359 627 2429 factus
654 2364 729 2409 est
748 2364 983 2426 aspectus
1015 2354 1181 2407 vultus
1206 2353 1316 2422 ejus
1340 2353 1635 2405 immutatus
1659 2368 1676 2404 :
1698 2360 1746 2404 et
1768 2353 2036 2405 vestimen-

457 2456 565 2500 tum
586 2446 697 2516 ejus
728 2447 921 2517 factum
943 2453 1021 2498 est
1041 2444 1232 2508 album,
1263 2443 1520 2514 refulgens
1544 2444 1673 2496 sicut
1701 2444 1810 2496 nix.
1838 2442 1905 2496 Et
1924 2460 2039 2498 ecce

457 2537 551 2590 viri
590 2536 692 2590 duo
739 2534 1162 2605 colloquebanlur
1189 2550 1301 2586 cum
1331 2550 1390 2587 eo
1420 2550 1436 2585 :
1461 2544 1572 2587 erat
1600 2544 1771 2587 autem
1793 2533 1966 2588 Moses
1990 2544 2040 2589 et

462 2623 632 2689 Elius,
655 2634 965 2695 apparentes
984 2625 1038 2677 in
1058 2622 1245 2694 gloria.
1264 2620 1334 2674 Et
1362 2622 1600 2675 dicebant
1619 2638 1882 2676 excessum
1903 2624 2037 2693 ejus,

460 2732 610 2783 quem
639 2714 985 2783 completurus
1012 2722 1123 2766 erat
1147 2714 1205 2766 in
1242 2710 1551 2765 Jerusalem.
1606 2709 1792 2765 Petrus
1822 2728 1963 2777 vero,
1992 2720 2040 2767 et

461 2799 553 2872 qui
579 2817 694 2855 cum
736 2802 826 2856 illo
850 2809 1019 2865 erant,
1050 2800 1258 2871 gravati
1280 2810 1428 2853 erant
1448 2818 1480 2852 α
1507 2816 1706 2863 somno,
1729 2809 1779 2853 et
1818 2802 2043 2870 uigilan-

2136 1905 2301 1959 Filius
2328 1905 2739 1973 comprobatur;
2762 1912 2818 1958 et
2846 1904 2933 1958 lex
2953 1912 3007 1958 et
3034 1903 3313 1973 prophetas
3333 1916 3459 1955 vera
3488 1898 3705 1970 prophe-

2138 2007 2279 2051 tasse
2304 1998 2666 2061 inveniuntur,
2695 1996 2950 2064 quoniam
2980 1995 3063 2048 lex
3092 2002 3148 2048 et
3173 1993 3452 2063 prophetae
3468 1992 3705 2046 testimo-

2138 2086 2285 2139 nium
2329 2084 2591 2140 dederunt
2636 2085 2705 2139 de
2730 2083 2977 2146 Christo,
3008 2084 3360 2154 prmdicentes
3387 2096 3453 2137 ea
3483 2094 3606 2149 qua:
3631 2077 3707 2131 tuo

2141 2185 2259 2231 tura
2287 2185 2441 2231 erant
2486 2176 2553 2230 de
2599 2175 2840 2239 Christo;
2872 2184 2928 2229 et
2953 2174 3193 2230 Christus
3232 2172 3600 2227 testimonium
3622 2167 3710 2222 de-

2140 2269 2219 2323 dit
2246 2268 2350 2335 legi
2378 2275 2433 2322 et
2457 2267 2755 2337 prophetis,
2784 2266 3036 2334 quoniam
3065 2278 3193 2318 vera
3241 2261 3708 2331 prephetaverunt.

2143 2358 2481 2429 prophetiam
2510 2372 2697 2411 eorum
2722 2355 2850 2425 ipsis
2869 2355 3029 2409 rebus
3055 2351 3373 2422 adimplens.
3404 2347 3611 2403 Bonum
3644 2352 3710 2397 est

2144 2445 2291 2502 nobis
2321 2447 2401 2500 hic
2420 2463 2549 2510 esse,
2578 2454 2628 2500 et
2643 2447 2893 2517 faciamus
2924 2445 3043 2508 tria,
3074 2451 3202 2507 ctc.,
3234 2440 3285 2495 id
3311 2448 3413 2501 est,
3445 2438 3710 2492 adhaarea-

2146 2553 2265 2592 mus
2311 2537 2395 2592 his
2425 2538 2594 2591 tribus
2616 2535 2937 2605 conjunctis,
2967 2533 3236 2598 videlicet,
3264 2530 3502 2596 Christo,
3534 2525 3709 2597 Moysi.

2146 2636 2202 2681 et
2230 2627 2524 2697 prophetis.
2554 2625 2687 2681 Nam
2716 2626 2772 2681 in
2792 2641 2898 2682 ore.
2914 2626 3106 2680 horum
3132 2624 3291 2678 trium
3320 2629 3429 2678 stat
3458 2634 3619 2676 omne
3639 2617 3709 2687 ju-

2142 2715 2359 2771 dicium.
2392 2714 2537 2782 Quos
2564 2717 2656 2785 qui
2682 2730 2937 2785 separare
2965 2713 3273 2780 studebunt,
3300 2720 3460 2767 erunt
3478 2709 3711 2765 nescien—

2144 2813 2226 2861 tes
2251 2807 2379 2875 quid
2406 2806 2663 2869 dicerent.

1414 3059 2799 3237 ANONYMUS

1191 3326 1471 3436 AUC
1497 3331 1785 3440 TOR
1891 3334 3021 3448 PRIEDESTINATI.

462 2921 3707 2973 ψ

1501 3629 2640 3746 PROLEGOMENA
2666 3704 2703 3743 .

702 3925 1133 3993 GALLANDH
1174 3922 1823 3988 PROLEGOMENON
1866 3928 1972 3990 DE
2014 3932 2413 3999 ANONYMO
2456 3930 2828 4003 AUCTORE
2870 3936 3496 4002 PBJEDESTINATI.

1545 4043 1785 4107 (Gallaud.
1808 4046 1946 4099 Vett.
1972 4049 2173 4103 Patrum
2187 4052 2419 4107 Bibliotb.
2444 4062 2563 4108 tom.
2583 4054 2665 4119 X.)

544 4224 585 4279 ιο
617 4222 871 4290 Ουίειιειῐῐι
898 4218 1058 4275 me?"
1090 4225 1278 4273 θυειοι*
1298 4213 1695 4286 Ρτωάθειίηεῑὶ,
1750 4223 2056 4293 complures
2082 4229 2125 4290 C
2157 4237 2259 4284 est.
2290 4228 2631 4302 Quapropter
2675 4232 2742 4286 ad
2790 4232 3160 4290 Pmdesﬁnaﬁ
3201 4234 3406 4289 calcem
3432 4231 3710 4289 Arnobiana

479 4318 722 4372 feruntur
747 4312 1079 4369 eruditorum
1106 4309 1430 4378 conjectum
1470 4325 1604 4380 quas
1637 4312 1820 4367 multis
1859 4314 2061 4370 referre
2162 4328 2415 4389 excerpta
2434 4322 2690 4390 subjecit;
2712 4339 2833 4393 qme
2853 4323 3103 4395 deinceps
3122 4324 3609 4381 Sirmondianorum
3626 4321 3716 4377 edi-

483 4411 788 4481 singillatim
816 4407 1042 4463 instituti
1063 4407 1232 4461 nostri
1257 4407 1396 4461 ratio
1424 4405 1564 4461 haud
1592 4406 1737 4461 sinit.
1767 4405 1965 4461 Verum
1995 4421 2063 4462 ne
2162 4417 2251 4464 tor
2277 4410 2396 4465 aliis
2421 4412 2607 4480 viginti
2635 4414 2848 4469 circiter
2876 4414 3009 4469 locis
3032 4430 3100 4470 ex
3138 4414 3324 4471 iisdem
3348 4414 3565 4471 Arnobii
3582 4412 3715 4469 Com-

485 4502 658 4559 oﬂicio
687 4506 870 4555 nostro
898 4510 1118 4567 prorsus
1143 4494 1332 4551 deesse
1356 4495 1655 4561 videamur,
1682 4509 1747 4550 ea
1776 4504 1980 4549 tantum
2008 4496 2062 4551 in
2165 4500 2458 4566 mentariis,
2480 4501 2581 4556 sibi
2603 4502 2669 4557 ab
2691 4501 2963 4560 Harduino
2985 4504 3253 4570 indicatis,
3277 4506 3447 4560 auxit.
3478 4498 3714 4559 Simondi

485 4594 717 4649 medium
743 4590 1068 4646 adducemus
1096 4602 1215 4658 qum
1240 4586 1370 4655 quid
1389 4586 1456 4642 de
1475 4594 1696 4642 auctore
1722 4587 1841 4657 ipso
1868 4588 2065 4658 quidve
2165 4588 2613 4657 conjectationem
2653 4594 2931 4662 probatam
2976 4609 3191 4664 quoque
3224 4593 3443 4649 Petavio
3480 4593 3713 4649 novimus.

486 4684 551 4737 de
580 4683 721 4739 illius
744 4696 909 4752 opere
937 4678 1262 4735 censendum
1289 4678 1360 4733 sit
1386 4677 1516 4732 satis
1541 4675 1788 4746 prodant.
1823 4676 2067 4733 Sirmon-
2168 4675 2458 4746 Postquam
2482 4681 2624 4734 enim
2652 4682 3027 4738 animadvertit
3049 4684 3147 4757 (a),
3171 4681 3537 4739 Pnedestinati
3564 4691 3716 4736 aucto-

494 4771 585 4825 dus
612 4771 703 4840 qui
731 4778 974 4825 nostrum
1002 4781 1325 4838 anonymum
1344 4767 1662 4836 scriptorem
1681 4768 1883 4836 primus
1902 4768 1956 4822 in
1986 4768 2069 4823 lu-
2168 4781 2283 4823 rem
2311 4767 2510 4823 Fausto
2532 4768 2747 4827 Reiensi
2767 4773 3123 4844 antiquiorem
3141 4775 3348 4841 videri;
3376 4787 3599 4845 eumque
3616 4769 3716 4825 dum

492 4875 605 4913 ccm
635 4860 844 4925 extulit,
874 4873 995 4915 cum
1022 4858 1189 4914 codex
1211 4864 1384 4921 vetus,
1416 4857 1633 4927 optima:
1658 4858 1949 4929 (ueteroqui
1972 4874 2071 4915 no-
2171 4856 2227 4912 S.
2260 4857 2539 4926 Augustini
2567 4871 2748 4931 partes
2771 4872 2957 4918 contra
2982 4862 3396 4921 Przedestinatos
3426 4880 3489 4920 ac
3509 4860 3718 4929 Pelagia-

492 4956 580 5013 ιω,
598 4951 843 5003 auctoris
871 4964 1065 5005 nomen
1092 4948 1234 5004 haud
1263 4949 1596 5019 exploratum
1620 4948 1864 5012 haberet,
1896 4964 1964 5005 ne
1993 4950 2074 5003 in-
2172 4964 2271 5003 nos
2298 4949 2438 5003 tueri
2457 4950 2594 5007 velle
2616 4953 3019 5021 praeseferebat,
3036 4950 3328 5009 'manifeste
3347 4951 3720 5025 praevaricatum

492 5039 783 5109 scriptione
823 5049 1010 5109 captos
1057 5042 1274 5096 omnino
1303 5041 1438 5096 liber
1463 5039 1721 5111 prodiret,
1750 5039 2074 5095 adscititium
2175 5038 2369 5106 fuisse,
2398 5042 2594 5111 quippe
2622 5044 2714 5112 qui
2752 5044 2918 5098 multa
2961 5044 3248 5100 intexuerit
3273 5058 3393 5112 quae
3424 5037 3718 5108 Pelagianis-

494 5131 700 5200 ﬁngens
728 5130 958 5197 titulum,
989 5131 1356 5186 Pradestinati
1384 5133 1605 5188 nomine
1643 5146 1781 5202 opus
1808 5138 2075 5202 praenota-
2179 5146 2326 5186 mum
2372 5132 2670 5198 redoleant,
2703 5134 2917 5190 tandem
2953 5134 3224 5191 concludit
3262 5118 3379 5203 (bi:
3410 5153 3427 5185 ι
3462 5132 3573 5187 Νοιι
3595 5124 3719 5181 dieil—

494 5224 590 5278 vit.
623 5220 821 5277 Deinde
860 5222 1181 5291 conjecturis
1208 5224 1507 5293 indulgens,
1538 5223 1658 5278 libri
1678 5230 1950 5278 auctorem
1976 5222 2077 5276 Δι’·
2181 5224 2322 5279 milis
2350 5232 2492 5279 noue
2519 5239 2583 5279 ac
2609 5225 2751 5293 genii
2778 5234 2861 5281 est
2888 5225 3153 5281 Arnobius
3177 5223 3367 5279 Junior
3392 5225 3445 5278 in
3471 5223 3721 5277 Commen-

494 5314 713 5371 nobium
735 5311 1009 5368 Juniorem
1033 5313 1184 5382 cujus
1211 5322 1424 5369 exstant
1444 5315 1496 5369 in
1519 5313 1761 5370 Psalmos
1787 5313 2076 5369 Commen-
2183 5313 2322 5368 tario
2351 5313 2416 5368 ad
2460 5315 2720 5383 psalmum
2768 5332 3054 5373 cum”...
3101 5324 3163 5372 ut
3206 5316 3275 5371 ab
3316 5316 3503 5371 eodem
3538 5314 3723 5365 auctore

496 5404 646 5471 tarii,
678 5404 748 5460 ob
783 5404 909 5476 styli
933 5404 1421 5474 sententiarumque
1450 5402 1763 5461 afﬁnitatem
1783 5410 2077 5474 auguratus
2184 5411 2415 5473 utraque
2441 5403 2683 5475 profecta
2704 5407 2867 5463 videri
2884 5408 3091 5479 possint
3115 5424 3131 5463 :
3153 5404 3297 5477 quod
3320 5405 3510 5461 merito
3538 5394 3721 5455 Virido-

571 5580 648 5649 (a)
679 5577 880 5645 Petam,
934 5578 1121 5635 Theo].
1168 5577 1371 5647 dogm.,
1395 5585 1524 5633 tom.
1567 5578 1653 5643 IV,
1684 5587 1823 5650 part.
1871 5592 1929 5645 ιι,
1976 5574 2073 5633 lib.

571 5581 648 5649 (a)
679 5581 880 5645 Petam,
934 5581 1121 5635 Theo].
1168 5581 1371 5647 dogm.,
1395 5585 1524 5633 tom.
1567 5581 1653 5643 IV,
1684 5587 1823 5650 part.
1871 5592 1929 5645 ιι,
1976 5581 2042 5633 ιιι

504 5665 615 5711 ιιιι,
641 5664 758 5718 cap.
787 5651 838 5715 6,
874 5650 901 5719 ᾗ
934 5650 988 5704 3.

2261 5581 2337 5651 (ι)
2367 5582 2477 5652 ιιι..
2510 5587 2659 5653 ibid.,
2695 5586 2722 5659 §
2748 5586 2832 5640 ιι.
