3926 6176
227 283 342 346 581
1609 291 2132 350 PROLEGOMENA.
3414 303 3520 359 58!

223 399 308 454 eti
359 398 721 468 suspicantur.
771 417 790 450 ι
824 399 998 468 Atque
1025 399 1140 454 haec
1172 399 1359 455 eadem
1406 402 1671 455 sententia
1717 411 1830 456 tum
1862 413 1904 466 Α
1934 404 2184 470 conﬁcta,
2232 413 2286 460 et
2319 407 2416 461 toti
2447 409 2749 480 antiquitati
2789 419 2914 468 sunt
2941 429 3163 484 prorsus
3191 415 3370 483 ignota
3395 435 3409 481 ;
3434 421 3516 470 vel

224 489 589 545 Tillemontio
619 490 720 560 (α),
747 497 858 544 tum
887 505 1017 544 vero
1047 491 1099 544 in
1128 491 1314 560 primis
1351 490 1597 545 Historize
1626 492 1833 546 littera-
1936 497 1979 550 si
2025 499 2091 550 ad
2130 499 2305 552 vivum
2353 511 2682 569 resecentur,
2730 505 2888 558 dubia
2921 521 3042 561 esse
3079 517 3172 561 aut
3219 508 3350 562 falsa
3386 521 3522 562 mve-

216 581 328 634 rize
360 580 583 636 Gallica:
607 579 916 636 auctoribus
941 581 1187 635 arrisisse
1215 581 1545 651 comperitur
1575 581 1671 652 (ὁ).
1706 574 1708 576 ’
1939 587 2176 640 niuntur.
2225 587 2474 644 Secundo
2527 591 2664 646 libro
2710 595 3027 664 opusculum
3077 599 3326 662 exhibet,
3375 599 3520 665 quod

303 669 378 724 ll.
408 670 468 724 In
505 671 665 725 aliam
700 668 1026 725 sententiam
1055 670 1186 724 abiit
1216 669 1544 726 Holstenius.
1587 671 1639 726 Is
1684 686 1836 726 nam—
1937 675 2530 735 Pnedestinatianorum
2551 698 2764 739 errores
2785 687 3178 756 complectitur.
3207 689 3320 744 Hoc
3339 689 3513 758 Augu-

218 773 372 827 que,
402 775 463 814 ut
491 759 656 814 refert
683 758 920 813 Baunius
949 759 1044 831 (ο),
1091 759 1261 814 Roma
1301 759 1587 835 Sirmondo
1617 762 1834 816 nuntia-
1933 767 2076 822 stino
2105 783 2134 822 a
2165 767 2654 826 Przedestinatianis
2693 775 2878 830 scribit
2923 777 3255 844 attributum,
3287 788 3345 833 ut
3383 781 3518 836 tanti

220 849 329 913 vit,
371 850 424 903 in
465 849 802 904 bibliotbeee
847 849 1153 904 Barberinae
1190 850 1360 905 veteri
1397 850 1586 906 codice
1625 849 1836 906 Prtede-
1934 856 2174 912 doctoris
2229 859 2448 914 nomine
2497 875 2608 916 sua:
2661 864 2942 918 sententiae
2993 867 3460 934 patrocinarentur
3503 887 3517 922 :

219 938 426 991 stinati
456 953 591 1007 opus
618 935 883 992 Primasio
928 939 1163 1004 ascribi;
1193 938 1346 1008 cujus
1372 941 1576 995 codicis
1599 941 1835 996 auctori-
1933 948 2077 1018 quod
2107 957 2320 1015 tamen,
2370 951 2571 1020 inquit,
2623 968 2747 1007 cum
2796 953 3117 1010 leestinus
3163 957 3396 1024 legisset,
3447 959 3517 1014 ita

220 1036 410 1082 tatem
439 1029 748 1083 testimonio
774 1043 990 1097 quoque
1017 1028 1208 1085 lsidori
1235 1031 1479 1099 praesulis
1503 1031 1836 1100 Hispalensis

216 1115 550 1170 conﬁrmari
578 1117 922 1181 existimavit,
947 1118 1040 1186 qui
1061 1117 1221 1172 tradit
1238 1119 1316 1190 (ά)
1347 1119 1668 1175 Priutasium
1692 1120 1837 1190 Afri-

219 1221 426 1259 canum
455 1208 750 1276 episcopum
779 1209 1127 1276 composuisse
1155 1225 1390 1264 sermone
1427 1210 1736 1265 scholastica
1771 1211 1835 1264 de

222 1297 533 1355 hcresibus
565 1299 727 1354 libros
758 1309 860 1354 tres
888 1299 1108 1355 directos
1147 1301 1216 1354 ad
1253 1299 1602 1356 Fortunatam
1637 1304 1834 1373 episco-

1933 1039 2230 1105 exhorruit,
2263 1049 2320 1095 ut
2361 1040 2487 1096 illud
2511 1040 2715 1112 juberet
2754 1055 2994 1116 perpetuo
3025 1046 3262 1100 damnari
3291 1047 3518 1103 silentio.

1935 1128 2096 1185 Pater
2133 1130 2476 1188 Piccinardus
2510 1132 2776 1188 Evodium
2815 1133 3130 1192 Uz'alensem
3161 1135 3316 1205 hujus
3359 1137 3521 1194 libelli

1933 1223 2238 1291 suspicatur
2252 1231 2528 1278 auctorem
2544 1225 2639 1294 (m)
2655 1242 2670 1289 ;
2687 1226 2984 1282 hunceuim
2997 1225 3527 1280 Praedestinatianam

1939 1311 2184 1366 haeresim
2215 1329 2376 1383 quam
2430 1314 2483 1368 in
2520 1313 2873 1370 Adrumetino
2913 1317 3240 1370 monasterio
3278 1325 3527 1372 exortam

1935 1417 2055 1457 cum
2081 1401 2370 1458 Sirmondo
2398 1411 2604 1470 censet,
2632 1406 2864 1461 coluisse
2905 1405 3145 1475 conjicit.
3189 1404 3357 1460 Porro
3395 1405 3520 1460 huic

1936 1493 2125 1550 Evodil
2165 1494 2305 1550 libro
2334 1495 2388 1549 in
2435 1493 2638 1550 Gallias
2666 1495 2846 1552 delato
2885 1495 3166 1564 Augustini
3198 1511 3394 1551 nomen
3437 1497 3520 1550 in-

1933 1586 2210 1654 scriptum,
2243 1594 2297 1638 et
2325 1600 2394 1640 ex
2419 1601 2486 1641 eo
2513 1586 2892 1642 Vincentianas
2920 1589 3274 1656 objectiones,
3323 1587 3520 1655 quibus

1933 1673 2194 1728 satisfecit
2219 1673 2276 1728 S.
2304 1673 2556 1744 Prosper,
2587 1685 2826 1744 sumptas
2851 1684 3095 1731 autumat
3127 1695 3141 1729 :
3166 1677 3376 1745 aliaque
3403 1675 3524 1744 ejus

217 1771 359 1810 cum
415 1757 522 1812 hoc
576 1759 732 1814 titulo
788 1759 881 1828 qui
931 1759 1169 1834 dilutiori
1215 1761 1480 1830 tantisper
1532 1771 1832 1818 atramento
1865 1777 1908 1836 Β
1935 1763 2148 1830 generis
2177 1780 2284 1817 non
2325 1778 2494 1834 pauca
2531 1764 2765 1832 deducit,
2797 1781 2919 1833 qua:
2959 1780 3134 1834 neque
3163 1767 3317 1820 nobis
3345 1779 3525 1834 neque

223 1406 386 1459 pum.
422 1389 608 1456 Neque
646 1390 805 1444 aliter
831 1390 1042 1445 censuit
1089 1389 1368 1460 Rigaltius,
1400 1393 1492 1461 qui
1534 1395 1702 1449 semel
1731 1396 1832 1450 ite-

219 1495 469 1548 rumque
515 1478 886 1534 Przedestinati
931 1479 1125 1534 librum
1173 1481 1272 1536 sub
1322 1480 1569 1538 Primasii
1617 1485 1834 1540 nomine

221 1571 426 1626 laudat
449 1572 542 1642 (e).
567 1571 705 1639 Quin
729 1581 785 1628 et
803 1571 1142 1629 Mabillouius
1161 1573 1216 1628 in
1239 1574 1490 1642 Augiensi
1507 1575 1832 1632 bibliotheca

218 1677 283 1717 se
330 1663 640 1732 inspexisse
685 1671 918 1720 testatur
964 1663 1043 1736 (f)
1087 1663 1357 1719 Sirmondi
1387 1664 1831 1722 Praedestinatum

217 1849 476 1919 scriptus
505 1857 605 1916 est,
636 1850 729 1906 sed
756 1852 976 1921 antiqua
1005 1868 1168 1906 manu
1205 1871 1218 1905 :
1252 1851 1395 1922 Opus
1420 1855 1588 1907 sancti
1615 1853 1828 1909 Prima-

217 1941 286 1992 st'i
323 1940 578 2011 discipuli
603 1941 875 2012 Augustini
917 1942 980 1996 de
1019 1941 1294 1997 haresibus
1323 1959 1462 1997 num.
1504 1959 1588 2000 xc.
1631 1943 1829 2000 Verum

218 2039 349 2083 tum
385 2044 454 2084 ex
485 2030 673 2084 lsidori
705 2031 878 2085 verbis
908 2031 1077 2101 probe
1106 2032 1407 2100 intellectis,
1441 2041 1552 2087 tum
1579 2035 1740 2089 etiam
1765 2050 1830 2090 ex

217 2121 440 2177 litteris
465 2137 598 2192 quas
618 2121 688 2176 ad
717 2121 1051 2178 Holstenium
1093 2123 1411 2181 Sirmondus
1438 2126 1731 2196 rescripsit,
1763 2129 1832 2185 ab

218 2218 452 2273 editore
469 2218 966 2277 Sirmondianorum
990 2222 1044 2276 in
1070 2222 1214 2278 aditu
1247 2222 1835 2294 Praedestinatiapposi-

218 2309 315 2372 tis,
356 2309 502 2364 alios
527 2325 746 2378 prorsus
773 2313 1028 2384 anonymi
1055 2315 1226 2369 nostri
1254 2315 1422 2372 libros
1449 2317 1518 2372 ab
1564 2317 1630 2372 iis
1670 2316 1832 2371 fuisse

213 2414 371 2468 quos
399 2415 432 2453 a
465 2397 725 2455 Primasio
747 2402 1082 2473 conscriptos
1123 2413 1389 2460 memorat
1417 2406 1671 2470 Isidorus,
1702 2405 1832 2460 satis

1930 1853 2180 1921 cuiquam
2229 1856 2510 1925 probatum
2541 1857 2607 1911 iri
2633 1859 3017 1912 existimamus.
3067 1857 3197 1910 Nam
3229 1857 3520 1910 monachos

1928 1941 2307 2000 Adrumetinos
2323 1961 2352 2000 a
2371 1946 2958 2002 Praedestinatianorum
2977 1948 3137 2003 hare:
3151 1946 3194 2003 is
3213 1949 3519 2018 suspicione

1929 2033 2061 2088 satis
2090 2044 2280 2104 purgat
2307 2035 2546 2091 Norisius
2575 2036 2654 2106 (η)
2678 2053 2693 2102 ;
2735 2035 2968 2092 Evodius
2995 2048 3174 2092 autem
3207 2039 3298 2106 qui
3341 2037 3521 2105 Augu-

1930 2124 2057 2178 stini
2085 2124 2384 2180 doctrinam
2405 2126 2572 2194 probe
2597 2127 2788 2192 tenuit,
2821 2127 2873 2180 in
2899 2143 3018 2182 eam
3044 2128 3519 2196 reprehensionem

1931 2217 2124 2271 adduci
2165 2217 2542 2272 infirmissimis
2580 2219 2906 2288 conjecturis
2936 2235 3044 2274 non
3092 2219 3289 2284 debet;
3325 2228 3517 2274 caetera

1931 2326 2060 2364 vero
2087 2325 2207 2378 quae
2246 2311 2330 2364 his
2358 2310 2718 2368 fundamentis
2747 2314 3008 2376 nituntur,
3059 2328 3166 2367 non
3197 2314 3371 2368 minus
3395 2322 3520 2371 sunt

1931 2400 2216 2465 imbecilla,
2246 2409 2305 2454 ut
2333 2417 2400 2455 ne
2423 2402 2492 2455 sit
2519 2417 2654 2471 opus
2683 2401 2948 2458 refellere.
2975 2403 3128 2457 Hunc
3157 2403 3347 2456 librum
3371 2419 3401 2456 a
3430 2401 3520 2456 Se-

1930 2489 2300 2558 mipelagianis
2333 2494 2667 2560 suppositum
2704 2492 2972 2547 credimus
3012 2511 3025 2545 :
3064 2493 3156 2562 qui
3200 2493 3244 2547 si
3294 2493 3516 2547 diaboli-

1929 2597 2043 2634 cum
2059 2597 2300 2636 errorum
2324 2582 2626 2647 indicatum,
2649 2590 2786 2638 teste
2802 2581 3086 2652 Prospero,
3107 2584 3460 2638 confinxerun
3473 2595 3515 2646 t,

1929 2669 2531 2743 emque‘ascripserunt
2576 2673 2895 2744 Augustino,
2922 2674 3109 2742 quidni
3147 2675 3288 2728 hunc
3328 2673 3519 2728 librum

1929 2763 2201 2818 erroribus
2231 2763 2620 2819 redundantem
2649 2763 2866 2819 eosdem
2907 2763 3202 2833 scripsisse,
3252 2771 3306 2817 et
3333 2763 3519 2830 Augu-

1928 2854 2052 2907 stini
2082 2856 2297 2910 nomine
2318 2854 2548 2912 edidisse
2576 2855 2951 2926 suspicemur?
2990 2855 3190 2909 Auctor
3217 2869 3346 2908 vero
3373 2851 3520 2909 Prae-

1929 2945 2200 3010 dcstinati,
2233 2962 2355 3000 cum
2385 2948 2526 3002 hunc
2552 2947 2744 3001 librum
2769 2945 3066 3002 leestino
3097 2945 3336 3000 oblatum
3365 2954 3422 2999 et
3455 2947 3524 3000 ab

211 2498 473 2544 constat.
505 2489 769 2546 Praeterea
797 2492 864 2547 de
906 2491 1277 2549 Przedestinati
1307 2512 1472 2567 opere
1497 2497 1830 2567 quaestionem

213 2581 843 2652 historico-theologicam
855 2594 1158 2639 accuratam
1177 2586 1447 2655 evulgavit
1461 2585 1830 2654 Piccinardus,

210 2672 506 2742 simulque
534 2673 741 2742 putavit
769 2673 910 2728 illius
951 2683 1229 2730 auctorem
1273 2676 1437 2732 fuisse
1480 2684 1572 2732 aut
1601 2677 1831 2732 Vincen-

212 2764 362 2818 tium
395 2764 686 2832 quemdam
732 2766 1106 2837 presbyterum
1156 2767 1375 2822 natione
1421 2767 1653 2832 Gallum,
1680 2768 1831 2838 cujus

210 2855 482 2909 meminit
509 2853 814 2911 Gennadius
846 2857 944 2928 (g),
976 2865 1070 2912 aut
1090 2858 1269 2926 potius
1297 2856 1634 2912 Vincentium
1659 2859 1832 2914 Victo-

212 2962 342 3000 rem
403 2954 593 3000 contra
635 2961 795 3015 quem
845 2947 1012 3001 libros
1038 2947 1105 3001 de
1134 2947 1324 3001 Anima
1358 2956 1412 3002 et
1457 2947 1574 3018 ejus
1615 2945 1829 3016 Origine

209 3037 451 3106 scripsit
471 3035 526 3090 S.
563 3037 909 3104 Augustinus.
944 3037 1140 3092 Verum
1169 3037 1295 3106 quid
1334 3037 1402 3093 de
1439 3038 1580 3092 illius
1619 3037 1828 3107 placitis
1929 3051 1994 3091 eo
2025 3037 2334 3092 damnatum
2381 3045 2588 3101 narrat,
2635 3053 2742 3094 non
2790 3039 2968 3093 minus
3012 3038 3226 3093 videtur
3267 3036 3523 3105 ﬂuxisse;

208 3127 575 3182 scntiendum
622 3128 693 3182 sit
741 3128 841 3182 viri
877 3128 1072 3182 eruditi
1110 3127 1397 3198 prodidere
1444 3128 1544 3200 (It).
1587 3128 1826 3183 Aliorum
1853 3137 1898 3198 ε
1915 3129 2126 3200 quippe
2153 3127 2210 3182 S.
2229 3129 2548 3184 leestinus
2570 3129 2671 3185 hac
2695 3129 2763 3184 de
2786 3144 2845 3184 re
2871 3129 3000 3183 nihil
3017 3129 3191 3197 attigit
3213 3129 3264 3182 in
3287 3128 3519 3196 epistola

207 3233 400 3288 porro
428 3217 852 3286 conjectationes
879 3218 948 3274 de
980 3217 1202 3287 hujusce
1245 3218 1425 3288 aperis
1449 3227 1668 3274 auctore
1698 3218 1828 3272 nihil
1929 3236 2088 3288 quam
2102 3220 2198 3273 sub
2213 3221 2332 3273 vilzc
2347 3219 2572 3274 finemin
2587 3219 2835 3290 Prosperi
2851 3219 3146 3289 Hilariique
3159 3217 3524 3273 defensionem

209 3323 441 3371 moror,
491 3309 604 3362 sive
665 3306 923 3362 Harduini
968 3308 1058 3378 qui
1110 3323 1141 3362 a
1184 3307 1516 3375 Reginbaldo
1564 3308 1829 3362 monacho
1931 3311 2190 3364 exaravit.
2225 3309 2488 3366 Praeterea
2519 3327 2619 3366 nec
2647 3311 2702 3366 S.
2745 3311 3091 3381 Prosperum,
3148 3326 3246 3366 nec
3288 3311 3526 3378 reliquos

210 3399 592 3454 Benedictino
617 3407 741 3454 ante
769 3415 941 3453 annos
968 3397 1072 3452 850
1100 3383 1270 3454 fuisse
1307 3398 1500 3453 librum
1529 3407 1827 3462 exaratum,
1932 3398 1989 3451 S.
2023 3400 2303 3466 Augustini
2335 3399 2624 3468 discipulos
2667 3400 2898 3468 ﬁdeique
2944 3401 3224 3454 catholicas
3265 3400 3522 3455 vindices.

210 3490 386 3544 nullo
417 3496 556 3543 teste
585 3489 638 3542 in
678 3487 912 3543 medium
940 3489 1171 3558 prolato,
1206 3488 1432 3544 fidenter
1471 3487 1702 3542 afﬁrmat
1745 3487 1828 3556 (i),
1933 3504 2055 3544 eum
2081 3489 2272 3542 librum
2295 3490 2383 3558 qui
2411 3498 2611 3543 tantam
2641 3493 2930 3559 Augustino
2950 3490 3292 3551 calumniam,
3319 3496 3525 3542 tantum

212 3581 346 3635 sive
382 3576 576 3633 Oudini
598 3582 685 3649 qui
708 3579 948 3648 ejusdem
977 3581 1294 3650 scriptorem
1315 3579 1478 3634 fuisse
1495 3578 1831 3633 Vincentium
1937 3579 2056 3633 lldci
2081 3580 2375 3649 periculum
2415 3579 2694 3644 inferebat,
2728 3596 3018 3650 nunquam,
3070 3589 3130 3634 ut
3159 3579 3436 3646 Augustini
3467 3576 3528 3628 tl-

213 3670 588 3724 Lerinensem
613 3670 714 3725 sibi
744 3671 1028 3741 persuadet
1056 3673 1134 3742 (j)
1166 3690 1178 3726 :
1211 3686 1372 3740 quem
1417 3679 1704 3741 propterea
1735 3669 1832 3725 Hi-
1933 3669 2126 3738 deique
2171 3668 2472 3724 doctrinam
2516 3671 2869 3736 vindicarent,
2908 3670 3172 3726 refellisse
3221 3669 3528 3724 incredibile

211 3763 422 3817 storize
450 3761 724 3816 litterariae
751 3760 969 3817 Gallicae
997 3773 1243 3818 auctores
1276 3763 1446 3818 solide
1487 3778 1598 3833 pra:
1626 3764 1835 3818 creteris
1935 3769 2016 3814 est
2047 3759 2143 3829 (ο).
2178 3759 2415 3815 Tandem
2455 3761 2646 3816 tertius
2687 3761 2821 3816 liber
2864 3761 2990 3816 dum
3038 3762 3352 3832 praedictum
3393 3776 3528 3831 opus

1933 3849 2129 3917 rejicit,
2177 3850 2360 3920 plures
2411 3849 2818 3919 Pelagianorum
2866 3867 2929 3908 ac
2977 3851 3526 3923 Semipelagianorum

1935 3953 2149 3994 errores
2179 3940 2427 3994 inculcat.
2461 3939 2715 3995 Eamdem
2740 3957 2860 3997 cum
2890 3940 3107 4011 Pelagio
3136 3943 3362 4011 gratiam
3391 3957 3528 4011 pran-

1936 4031 2116 4096 dicat;
2149 4031 2306 4086 fidem
2333 4047 2398 4086 ac
2444 4033 2596 4086 bonas
2623 4033 2915 4089 voluntatis
2943 4035 3152 4088 initium
3200 4050 3318 4090 cum
3353 4033 3528 4090 Semi-

1936 4122 2232 4192 pelagianis
2273 4123 2534 4178 voluntati
2572 4124 2798 4190 tribuit;
2843 4127 3353 4195 concupiscentiam,
3417 4141 3524 4182 non

1938 4229 2094 4268 secus
2121 4230 2184 4270 ac
2209 4212 2468 4278 Julianus,
2503 4216 2739 4286 appellat
2775 4218 3010 4283 bonam;
3049 4219 3344 4288 iisdemque
3385 4235 3526 4288 pene

212 3852 544 3908 refutarunt
570 3851 666 3921 (It).
698 3851 807 3906 Sed
835 3853 938 3908 hac
965 3853 1033 3908 de
1060 3868 1119 3908 re
1146 3855 1353 3910 tantilla
1379 3855 1512 3910 satis
1537 3855 1724 3909 multa.

287 3939 398 3996 ιιι.
427 3938 544 3996 Jam
573 3957 702 3998 vero
727 3943 795 3998 ad
823 3959 960 4013 opus
981 3944 1154 4013 ipsum
1175 3946 1320 4013 quod
1350 3946 1562 4010 attinet,
1592 3947 1833 4001 virorum

214 4033 526 4088 doctorum
574 4034 751 4090 verbis
797 4036 998 4090 utimur
1043 4036 1140 4107 (ι),
1189 4038 1383 4105 quibus
1429 4038 1557 4093 illud
1602 4039 1837 4109 penitius

215 4123 474 4178 lectores
501 4135 809 4194 agnoscant.
849 4146 868 4179 ι
902 4127 1106 4184 Auctor
1125 4128 1324 4197 itaque,
1355 4130 1594 4199 quisquis
1619 4131 1837 4186 demum

212 4213 264 4268 is
298 4212 497 4280 fuerit,
528 4230 661 4286 opus
688 4231 842 4271 suum
887 4218 937 4272 in
967 4226 1078 4274 tres
1120 4217 1285 4274 libros
1314 4217 1633 4289 dispertivit.
1668 4220 1736 4275 Et
1778 4221 1834 4276 in

217 4306 418 4374 primo
464 4305 676 4374 quidem
725 4308 1014 4375 nonaginta
1062 4309 1325 4364 hzeresum
1352 4309 1675 4378 catalogum
1715 4325 1842 4367 con-
1941 4306 2119 4361 verbis
2145 4307 2330 4372 utitur,
2361 4321 2482 4375 qua:
2510 4309 2562 4361 in
2592 4305 2789 4364 Juliani
2818 4306 3128 4376 fragmentis
3156 4309 3420 4376 leguntur.
3447 4308 3525 4367 Ex

219 4395 437 4459 texuit,
467 4411 599 4465 quas
626 4411 694 4451 ex
720 4395 948 4468 Hygino,
975 4397 1261 4470 Polycrate
1300 4399 1555 4457 Africano
1581 4409 1636 4456 et
1655 4399 1839 4458 Helio-
1938 4413 2048 4468 qno
2090 4407 2234 4468 patet
2283 4406 2556 4454 auctorem
2609 4398 2912 4469 Pelagianis
2960 4417 3025 4456 ac
3079 4399 3520 4471 Semipelagianis

222 4485 399 4548 doro,
430 4501 568 4555 quos
591 4485 856 4542 baaresum
882 4489 1174 4558 scriptores
1211 4492 1510 4548 nominavit
1537 4500 1664 4547 ante
1691 4492 1835 4548 hunc
1862 4506 1914 4568 υ
1937 4491 2201 4546 haereticis
2227 4492 2602 4562 coaptandum.
2643 4511 2662 4544 ι
2698 4492 2814 4548 Huc
2840 4508 3010 4562 usque
3039 4493 3136 4548 viri
3164 4494 3377 4548 eruditi.
3416 4493 3522 4550 Ne-

224 4589 425 4638 nemo,
455 4573 584 4630 dicit
610 4587 922 4647 excerptas;
952 4595 1052 4635 nec
1081 4581 1431 4650 Augustinum
1453 4592 1737 4648 memorat,
1765 4599 1832 4638 ex
1940 4599 2045 4654 que
2073 4583 2400 4639 omittendus
2419 4584 2523 4639 hac
2557 4583 2624 4640 de
2647 4600 2707 4639 re
2737 4584 3111 4640 Tiliemontius
3141 4585 3238 4657 (p).

225 4666 398 4735 cujus
435 4666 574 4722 libro
601 4669 668 4724 de
696 4667 997 4728 Haeresibus
1043 4674 1301 4730 exscribit
1335 4675 1594 4744 quidquid
1641 4677 1834 4731 recitat
2010 4675 2095 4728 IV.
2135 4673 2572 4730 Prtedestinatum
2603 4674 2768 4730 edidit
2795 4674 3110 4730 Sirmondus
3139 4675 3359 4731 Parisiis
3382 4691 3528 4732 anno

225 4756 386 4825 quod
416 4758 488 4812 sit
513 4759 744 4826 bonum;
767 4765 968 4835 reliqua
991 4766 1133 4820 enim
1156 4767 1240 4821 vel
1259 4781 1326 4822 ex
1349 4768 1562 4836 ingenio
1589 4769 1837 4824 videntur
1948 4765 2096 4820 1645.
2131 4763 2450 4834 lnsequente
2495 4772 2677 4819 autem
2724 4779 2866 4820 anno
2893 4763 3052 4830 1644,
3099 4763 3299 4819 ibidem
3329 4765 3527 4836 prodiit

307 4935 398 5018 (ει)
431 4934 841 5018 [ἐμω-..[ᾏέω.
865 4937 1026 5018 eccl._1
1052 4947 1184 4993 tom.
1210 4936 1348 5018 XVI,
1379 4953 1502 5018 p_a_g.
1525 4937 1615 4992 21.
1701 5006 1802 5018 -.Α
1935 5002 1950 5018 ¹
2008 4934 2071 5018 (Δί)
2104 4932 2304 5018 Παίς,
2331 4933 2552 4987 Dissert.
2584 4929 2652 4986 de
2698 4929 2876 5001 Bapt.,
2911 4930 2938 5002 ᾗ
2971 4929 3057 4998 15,
3090 4930 3231 4987 inter
3278 4946 3403 5004 opp.
3438 4946 3525 4989 se-

312 5001 397 5130 Sb)
436 5003 572 5061 Hist.
607 5007 771 5064 littér.
804 5008 872 5063 de
902 5009 953 5062 la
985 5007 1210 5074 France,
1245 5001 1477 5073 tomfﬂ,
1514 5022 1672 5080 pagg.
1701 5006 1833 5063 349-
1935 5001 2086 5130 lec('t.'..
2117 5019 2172 5072 p.
2200 5001 2325 5086 Ξξῶ.
2561 5071 2573 5084 ι

353 5115 371 5128 .
2047 5074 2086 5130 tl
2119 5071 2335 5130 0udm..
2363 5071 2432 5127 de
2459 5070 2573 5127 Scn

228 5069 390 5134 35L"
1198 5069 1207 5074 ⁷
1460 5069 1468 5073 ⁷
1516 5069 1532 5080 ⁸
1587 5069 1647 5077 ⁷⁷
2009 5074 2086 5142 (j)
2112 5069 2335 5142 ouum.
2363 5071 2432 5142 de
2459 5070 2655 5142 Script.
2679 5069 2834 5142 eccl.,
2867 5077 2998 5124 tom.
3031 5069 3072 5135 Ι,
3103 5085 3228 5142 pag.
3265 5072 3398 5125 let?

2030 5085 2086 5213 ις
2109 5085 2664 5197 ἕίέἱὛηῑῑιῗὲῗ-Ῠῖἶένῖέ.
2679 5085 3228 5209 ῗιὲξζέιέἑῖωίοκιέῗ
3263 5085 3397 5215 ζιζὲῗ
3415 5143 3515 5201 315

1937 5226 2324 5352 widmann
2358 5281 2394 5335 l.
2427 5295 2502 5345 c.,
2530 5295 2654 5352 pag.
2687 5279 2934 5352 θείως.

2009 5349 2106 5424 gn.)
2139 5350 2258 5407 Vid.
2292 5351 2458 5406 Baun.
2490 5349 2695 5421 praefat.
2741 5351 2809 5406 ad
2846 5349 2980 5407 tom.
3012 5353 3033 5407 l
3061 5351 3196 5422 Opp.
3223 5349 3514 5420 Sirmond.,

1938 5421 2324 5564 §zn)_Noris.,
2381 5489 2747 5564 Hist-Pelag.
2795 5491 2885 5546 lib.
2930 5508 2996 5558 ιι,
3035 5505 3156 5560 cap.
3185 5486 3270 5555 15,
3315 5493 3443 5544 tom.
3492 5484 3518 5546 Ι

1932 5560 2077 5636 υρβέ
2099 5561 2305 5636 ῌριῖίεοι
2319 5575 2439 5636 pas.
2466 5560 2589 5636 441,

2005 5629 2080 5700 (ο)
2113 5631 2230 5711 Xit‘:
2267 5629 2489 5711 Pdgjyp:
2517 5632 2580 5685 ad
2610 5648 2734 5711 ann.
2765 5629 3049 5711 490,_§_3_3.
3209 5641 3263 5711 M-

2005 5697 2081 5773 (ρ)
2117 5697 2531 5764 ΤίΙΙιηηηἯὸιιι.
2561 5704 2692 5757 ccci.
2727 5711 2858 5754 tum.
2892 5697 3025 5762 XVI,
3058 5713 3178 5770 pag.
3209 5697 3301 5754 20.

316 5147 371 5216 (c
421 5143 616 5209 Baun.,
645 5145 848 5214 praefat.
881 5147 947 5202 ad
985 5155 1116 5201 tom.
1145 5145 1166 5200 Ι
1195 5146 1329 5217 Opp.
1365 5145 1659 5214 Sirmond.,
1694 5146 1722 5220 ᾖ
1753 5147 1806 5201 7.

316 5147 398 5286 (αξ
424 5213 556 5286 l_sid.
593 5213 773 5286 Πίσῃ..
805 5216 872 5272 de
899 5215 1098 5286 Script.
1131 5217 1288 5286 eccl.,
1319 5232 1440 5286 capi.
1474 5215 1526 5270 9.

339 5256 397 5352 Z)’
424 5256 1452 5357 ᾖῑᾷιὶιὶἶξέᾗὶὀἓὶΐὲξιῖἐὶιῗῖᾅὶῐ
1477 5256 1526 5270 ”’

340 5219 398 5281 d)
424 5219 556 5268 Isid.
593 5219 773 5284 Πίσῃ..
805 5219 872 5272 de
899 5219 1098 5286 Script.
1131 5219 1288 5282 eccl.,
1319 5232 1440 5338 αιέέ
1474 5219 1526 5270 9.
1704 5219 1711 5220 “

313 5219 391 5426 ge)
429 5283 647 5367 Rigalt,
678 5284 744 5338 ad
772 5286 931 5410 CyEr.
965 5287 1146 5368 epistt.
1179 5284 1249 5338 69
1281 5294 1336 5340 et
1365 5320 1382 5338 ι
1438 5327 1452 5340 .

315 5353 650 5437 ,λκιψριιη
693 5353 800 5410 lter
891 5373 1046 5421 erm.,
1088 5365 1231 5410 inter
1275 5356 1521 5412 Analect.
1568 5369 1693 5427 pag.
1742 5354 1830 5421 l5,

235 5424 376 5482 edit.
406 5424 580 5481 in-fol.

318 5496 398 5567 (g)
429 5492 666 5567 Qennad.
683 5496 750 5552 de
777 5494 888 5567 Vir.
920 5496 1134 5567 illustr.,
1159 5512 1287 5567 cap.
1317 5495 1404 5567 80.

344 5563 399 5648 ᾖ)
434 5563 622 5648 Βαχῃη
654 5566 858 5648 ιιι-περι.
891 5566 956 5619 ad
984 5576 1114 5622 tom.
1141 5563 1332 5648 _IA0'pp_.
1365 5566 1670 5648 Simori'dl
1699 5567 1826 5648 §.7;

245 5631 727 5755 Bnltcé'béObserv.
757 5636 850 5691 lib.
884 5652 938 5696 u,
982 5653 1102 5707 cap.
1137 5636 1219 5703 10,
1247 5631 1318 5691 ad
1361 5647 1490 5692 tom.
1525 5636 1587 5691 IV
1629 5631 1823 5715 Not-is,

245 5720 374 5755 ιιιιιζ.
437 5740 466 5754 .-
506 5742 520 5754 ι

245 5720 374 5778 pag.
398 5720 520 5755 πνι.
