3884 6184
452 284 557 338 583

1464 284 1833 339 ANOIW'MUS
1871 284 2142 340 AUCTOR
2183 285 2264 340 I'l'i
2296 284 2719 340 EDESTINATI.

3549 288 3632 344 58‘

453 399 655 454 Gallice
680 400 1156 470 peracrishnjusce
1179 400 1357 470 operis
1377 416 1604 455 censura
1631 401 1708 456 sic
1735 401 2016 470 inscripta:
2049 412 2096 467 Α
2125 402 2270 456 modi
2311 402 2570 471 judicium
2611 403 2732 457 tulit
2761 405 2840 475 (ά)
2874 421 2885 455 :
2925 423 2942 455 ι
2975 405 3103 471 Qua:
3146 405 3212 458 de
3257 405 3428 460 haeresi
3461 403 3634 460 Prterie-

452 489 677 545 Θρηίκη
694 492 765 545 du
793 491 1202 546 Pncdestinatus
1216 491 1284 544 du
1315 491 1378 547 P.
1412 492 1679 556 Sirmond,
1703 508 1799 561 par
1818 493 1866 544 le
1884 491 2022 543 sieur

453 584 657 650 Auoray
688 600 706 636 :
740 597 858 652 quae
884 583 1155 652 deinceps,
1187 581 1373 636 Latine
1418 580 1621 636 reddita
1659 582 1712 635 in
1740 579 2022 634 lIollandia

453 687 557 725 una
576 687 694 726 cum
719 670 1096 726 Pncdestinato
1115 687 1258 726 anno
1273 669 1430 736 1645,
1441 671 1590 740 prelo
1609 671 1892 725 commissa
1911 685 2028 739 per-

453 759 681 816 hibetur.
705 759 817 815 Sub
837 776 903 816 eo
925 761 1139 816 nomine
1162 761 1260 814 Dn.
1274 762 1477 831 Auvray
1499 759 1910 824 aliiArnaldum,
1933 758 2021 813 alii

453 863 582 906 vero
604 851 955 913 Blondellum,
980 859 1039 904 ut
1057 848 1245 905 Grotio
1265 851 1434 904 visum
1451 849 1550 919 (a),
1567 849 1735 904 latere
1753 849 2026 904 existima-

453 951 598 993 runt.
648 938 755 994 Sed
785 955 970 998 verum
997 953 1236 995 censm'ae
1262 947 1538 993 auctorem
1575 938 1738 994 fuisse
1770 936 2030 1007 comperi-

453 1044 571 1084 mus
586 1028 662 1100 (b)
684 1030 784 1084 Dn.
806 1030 870 1084 de
897 1030 1107 1094 Barcae,
1125 1029 1348 1085 Joannis
1360 1029 1597 1098 Vergerii
1612 1029 1799 1086 famosi
1819 1030 2028 1084 abbatis

451 1119 776 1191 San-Cyrani
796 1129 1068 1191 nepotem.
1090 1121 1226 1177 Hinc
1246 1137 1408 1178 causa
1433 1131 1490 1177 et
1510 1122 1722 1176 occasio
1740 1119 2026 1176 Sirmondo

457 1211 707 1268 Historia:
769 1212 1253 1270 Prwdestiuatiauw
1306 1215 1618 1280 scribendze,
1673 1229 1831 1282 quam
1878 1213 2026 1268 libris

454 1298 821 1358 Pmdestinati
865 1303 1205 1372 subjecimus.
1257 1303 1377 1372 Quo
1412 1305 1480 1360 de
1523 1318 1688 1374 opere
1729 1305 1876 1358 varia
1920 1305 2028 1360 cir-

451 1391 817 1461 cumferuntur
833 1394 1068 1448 virorum
1093 1393 1372 1449 doctorum
1388 1393 1608 1464 judicia.
1636 1391 1745 1448 Eos
1763 1393 1855 1462 qui
1872 1407 2026 1449 eam-

451 1483 571 1537 dem
597 1482 887 1540 Historiam
926 1485 1038 1540 suis
1064 1485 1332 1554 suffragiis
1367 1486 1805 1555 comprobarunt,
1836 1501 2026 1542 recen-

453 1583 536 1628 set
562 1575 1059 1632 Sirmondianorum
1083 1578 1260 1633 editor
1281 1578 1372 1648 (c).
1405 1578 1600 1634 Verum
1628 1579 1787 1634 aliter
1813 1579 2024 1635 censuit

451 1666 899 1722 eminentissimus
917 1669 1162 1737 scriptor,
1179 1668 1272 1736 qui
1298 1669 1366 1723 de
1392 1669 1558 1725 haece
1583 1668 1816 1725 Historia
1837 1669 2021 1737 hujus-

521 1839 602 2049 ἓξὲξ

629 1838 812 1913 gron,
825 1850 970 1913 part.
999 1859 1057 1913 n,
1085 1844 1252 1913 epist.
1273 1842 1396 1897 699.

632 1908 769 1984 l_list.
801 1908 1063 1984 li'ttér._de
1090 1908 1146 1984 la
1170 1912 1559 1984 FranceLtom.
1583 1912 1649 1980 II,
1679 1928 1800 1984 pag.
1831 1912 1952 1970 350.

627 1978 818 2044 Baun.,
850 1981 1053 2051 pnefat.
1085 1982 1152 2036 ad
1181 1990 1316 2036 tom.
1347 1980 1436 2048 IV,
1471 1980 1498 2054 ς
1529 1981 1582 2037 5.
1634 1978 1643 1980 ’
1679 1978 1696 1984 ’
1751 1978 1774 1984 ⁷
1838 2013 1840 2015 ›

2120 492 2406 546 stinatiana
2451 493 2736 546 edisseruit
2775 494 3121 558 Sirmondus,
3171 508 3235 547 ea
3276 494 3468 562 scripsit
3507 493 3636 549 effcta

2121 592 2298 650 mtate,
2331 585 2674 653 octogenario
2701 585 2894 654 major.
2923 585 2983 639 In
3008 585 3203 655 quibus
3233 594 3335 638 tam
3354 585 3495 653 longe
3517 601 3543 638 a
3567 601 3640 638 ve-

2121 675 2283 730 ritate
2307 674 2542 740 deﬂexit,
2570 683 2629 729 ut
2655 675 2894 743 ejusdem
2916 675 3147 730 Historia
3167 690 3197 728 a
3221 674 3448 729 Gilberto
3470 674 3639 743 Magni-

2122 782 2195 821 no
2218 782 2272 820 v.
2303 781 2353 820 c.
2383 764 2673 820 Galliarum
2695 765 2808 833 regi
2835 780 2867 818 a
2886 765 3142 830 consiliis,
3167 774 3223 818 et
3243 764 3294 818 in
3319 779 3458 818 sacra
3472 779 3528 818 ac
3546 779 3643 832 pro-

2127 857 2247 912 fana
2275 858 2498 912 historia
2537 857 2921 921 versatissimo,
2969 854 3145 909 fabula
3189 854 3473 922 ignominia:
3511 869 3642 908 causa

2126 949 2290 1005 fuerit
2314 957 2636 1019 nuncupata.
2692 948 2791 1004 Hic
2817 957 2996 1002 autem
3023 947 3253 1017 scriptor
3279 946 3407 1001 adeo
3430 946 3578 1001 solide
3593 963 3645 1003 ac

2127 1056 2352 1096 nervose
2378 1041 2479 1095 tria
2507 1041 2686 1111 priora
2720 1040 2896 1110 capita
2923 1039 3174 1094 Historia:
3215 1038 3569 1093 Simondiana:
3589 1039 3646 1094 de

2127 1129 2612 1185 Praedestinatianis
2636 1128 2897 1195 confutat,
2939 1137 2998 1184 ut
3034 1128 3329 1184 Ludovicus
3351 1127 3580 1182 Cellotius
3602 1128 3644 1182 in

2125 1223 2347 1277 historia
2367 1221 2811 1278 Gottcschalcana
2837 1223 2889 1275 in
2912 1236 3016 1291 qua
3032 1220 3331 1289 Maguinum
3346 1217 3645 1272 refellendum

2127 1312 2382 1382 suscepit,
2428 1312 2566 1366 libro
2606 1328 2663 1375 ιι,
2716 1326 2837 1380 cap.
2869 1310 2927 1375 2,
2974 1311 3066 1365 ubi
3106 1310 3174 1364 de
3217 1307 3646 1362 Przedestinatianis

2125 1401 2252 1470 agit,
2283 1416 2352 1456 ne
2379 1401 2600 1456 verbum
2638 1401 2851 1470 quidem
2897 1415 2998 1470 pro
3046 1414 3149 1454 suo
3194 1397 3468 1453 Sirmondo
3502 1398 3647 1451 eidem

2124 1493 2376 1562 Maguino
2399 1507 2664 1563 reponere
2690 1493 2945 1563 potuerit.
2976 1510 2996 1544 ι
3031 1490 3302 1547 Hactenus
3321 1507 3371 1545 v.
3392 1505 3440 1546 c.
3461 1489 3514 1545 In
3537 1504 3645 1545 earn-

2123 1582 2244 1638 dem
2272 1597 2440 1653 porro
2470 1583 2792 1639 sententiam
2819 1581 3191 1638 Tillemontius
3219 1581 3308 1652 (ε).

2126 1915 2166 1974 Ι.
2200 1847 2513 1974 galla-3.,
2559 1849 2698 1906 Hist.
2728 1848 2909 1920 Pelag.
2941 1804 3036 1906 lib.
3068 1867 3127 1918 ιι,
3156 1865 3275 1922 cap.
3313 1849 3365 1914 4,
3393 1848 3516 1921 Opp.
3543 1830 3648 1904 toni,

2153 1958 2166 1982 ’
2199 1933 2526 2058 ῗεῗϐἳῧῒεῖιῖη
2550 1988 2708 2046 Mém.
2738 1989 2895 2056 eccl.,
2921 1996 3054 2044 tom.
3087 1988 3225 2056 XVI,
3252 2003 3368 2060 pag.
3397 1987 3476 2042 l9.

459 2111 3624 2140 ..___.________________________________

1199 2218 1581 2279 SIRMONDI
1628 2219 2052 2281 PIUEFATIO
2096 2221 2176 2281 IN
2224 2223 2933 2288 PRIEDESTINATUM.

1896 2370 2240 2384 ψ

517 2469 948 2538 Quotiescunque
983 2466 1050 2523 ad
1088 2477 1160 2533 te,
1185 2482 1220 2522 ο
1251 2475 1462 2522 amator
1488 2466 1604 2532 Dei,
1631 2465 1798 2522 verba
1837 2466 2025 2522 docto-

455 2575 570 2614 rum
611 2559 898 2627 attingunt,
939 2557 1083 2612 illico
1126 2565 1251 2611 sunt
1277 2556 1488 2611 Domini
1516 2564 1781 2626 prmcepta
1817 2571 2024 2610 memo-

454 2649 638 2716 randa,
667 2637 863 2718 quibus
897 2648 1087 2717 jubere
1115 2647 1361 2716 dignatur
1399 2655 1458 2702 ut
1483 2647 1823 2702 attendamus
1848 2646 1916 2701 ab
1941 2647 2024 2700 his

453 2739 541 2808 qui
569 2740 790 2794 veniunt
810 2738 879 2792 ad
907 2753 1006 2792 nos
1034 2738 1087 2790 in
1113 2737 1312 2791 vestitu
1338 2736 1538 2800 ovium,
1563 2751 1632 2790 ne
1662 2735 1761 2790 sub
1780 2735 1884 2790 hoc
1905 2743 2022 2804 teg-

453 2827 592 2882 mine
618 2827 863 2896 luporum
891 2827 1068 2880 rabies
1097 2825 1366 2881 occultata
1394 2825 1586 2879 ovilem
1627 2823 2023 2894 simplicitatem

452 2916 685 2972 invadat.
715 2913 928 2970 Utinam
957 2916 1086 2969 mihi
1116 2916 1290 2971 verbis
1315 2916 1415 2970 ista
1436 2916 1634 2971 dixisse
1655 2913 1944 2978 sufﬁceret,
1967 2921 2024 2970 et

452 3021 578 3071 non,
594 3005 738 3076 quod
756 3015 839 3061 est
857 3021 978 3060 cum
995 3006 1223 3076 suspirio
1243 3006 1664 3071 memorandum,
1683 3004 2024 3060 manifestum

451 3101 520 3154 sit
545 3099 821 3155 miscuisse
846 3099 1052 3154 belluas
1069 3099 1216 3168 gregi
1243 3098 1521 3154 Dominico
1555 3117 1567 3151 :
1599 3099 1691 3168 qui
1722 3105 1869 3152 tanta
1895 3097 2023 3152 sub-

451 3190 643 3244 tilitate
660 3188 990 3245 clandestino
1009 3188 1157 3243 hiatu
1180 3203 1296 3244 sese
1316 3188 1594 3244 catholicis
1623 3188 2016 3251 immerserunt,

450 3287 508 3335 ut
534 3279 637 3350 ipsi
663 3279 832 3350 magis
851 3281 996 3335 cives
1021 3287 1330 3336 sanctorum
1357 3287 1414 3334 et
1431 3279 1711 3334 domestici
1734 3276 1856 3332 ﬁdei
1872 3277 2019 3333 aesti-

449 3377 680 3438 mentur,
724 3371 814 3440 qui
853 3370 1052 3425 inimici
1081 3369 1330 3426 Ecclesia:
1380 3377 1436 3425 et
1473 3370 1659 3425 hostes
1695 3368 2018 3424 dolosissimi

449 3462 892 3533 comprobantur!
926 3463 1175 3519 Dicentes
1211 3463 1321 3532 jam
1361 3463 1604 3519 homines
1643 3462 1718 3518 ita
1745 3461 2022 3532 praedesti-

447 3561 603 3610 natos
628 3553 695 3608 ad
731 3562 956 3609 mortem
987 3569 1082 3624 per
1119 3555 1214 3608 Dei
1251 3555 1659 3624 praescientiam,
1700 3561 1759 3608 ut
1786 3553 1892 3608 illis
1920 3568 2020 3608 nec

447 3645 625 3716 passio
655 3642 868 3708 Christi,
901 3659 1002 3698 nec
1026 3644 1359 3713 baptismatis
1386 3643 1706 3712 redemptio,
1738 3656 1838 3696 nec
1865 3641 2014 3700 tidcs,

447 3751 546 3790 nec
583 3750 706 3804 spes
741 3735 928 3804 possit,
971 3749 1071 3789 nec
1107 3735 1340 3789 charitas
1383 3734 1690 3788 subvenire.
1729 3731 1913 3797 Orent,
1962 3739 2018 3785 et

447 3824 658 3894 jejuniis
683 3840 748 3880 ac
775 3825 1127 3894 eleemosynis
1164 3833 1522 3894 occupentur;
1558 3824 1723 3890 nulla,
1753 3823 2015 3893 inquiunt,

458 3919 712 3984 poterunt
739 3913 945 3966 ratione
985 3912 1218 3977 liberari,
1239 3913 1364 3981 quia
1389 3929 1496 3968 non
1517 3921 1641 3967 sunt
1661 3913 2021 3983 praedestinati

454 4003 522 4058 ad
547 4002 731 4057 vitam.
779 4000 1032 4067 Econtra,
1079 4002 1134 4056 hi
1176 4017 1312 4071 quos
1353 4003 1748 4073 prmdestinatio
1803 4004 2021 4074 praescia

446 4092 744 4147 futurorum
771 4090 1062 4161 dispunxit,
1087 4091 1376 4161 negligant,
1406 4100 1773 4159 contemnant,
1793 4101 1848 4148 et
1863 4091 2022 4163 justi-

446 4184 576 4239 tiam
594 4181 818 4254 fugiant.
849 4181 938 4239 Sic
963 4183 1051 4238 isti
1078 4184 1242 4239 etiam
1269 4185 1514 4241 nolentes
1545 4187 1827 4241 trahuntur
1853 4185 1922 4239 ad
1939 4185 2021 4240 vi-

446 4280 575 4339 tam,
587 4273 727 4328 sicut
745 4271 822 4328 illi
835 4273 1075 4329 volentes
1095 4273 1164 4328 ad
1182 4274 1344 4329 vitam
1361 4275 1664 4346 pertingere
1684 4275 2022 4347 expelluntur

445 4363 499 4417 in
528 4371 776 4418 mortem.
816 4361 907 4420 Sic
933 4363 1048 4420 istis
1077 4380 1183 4419 non
1207 4366 1513 4435 petentibus
1538 4367 1714 4433 datur,
1754 4368 1891 4422 sicut
1917 4360 2022 4420 illis

447 4455 750 4525 petentibus
778 4455 1088 4525 denegatur.
1130 4454 1198 4509 Et
1225 4456 1311 4510 isti
1349 4458 1563 4526 quidem
1587 4475 1693 4513 non
1721 4469 2023 4529 quzerentes

446 4545 734 4614 invenient,
761 4548 836 4602 illi
860 4556 1038 4604 autem
1058 4556 1360 4618 quaerentes
1389 4550 1627 4605 invenire
1649 4566 1753 4604 non
1776 4563 2015 4621 possunt.

446 4637 565 4694 Istis
604 4639 819 4709 pietatis
858 4639 1022 4708 janua
1063 4653 1170 4694 non
1208 4640 1540 4710 pulsantibus
1578 4653 1874 4708 reseratur;
1918 4645 2021 4699 illis

445 4735 624 4783 autem
679 4729 823 4784 nulla
878 4731 1088 4786 ratione
1141 4731 1379 4800 poterit,
1437 4732 1600 4785 etiam
1657 4732 2020 4802 pulsantibus,

445 4821 607 4876 etiam
667 4821 1019 4878 clamantibus
1080 4823 1294 4893 aperiri.
1355 4823 1485 4890 Quis
1534 4823 1672 4880 hanc
1709 4825 1865 4880 fidem
1919 4827 2020 4880 ha-

447 4909 578 4966 bens
628 4912 967 4968 sacerdotum
1019 4913 1477 4970 benedictionibus
1539 4924 1701 4985 caput
1762 4917 2019 4971 inclinare

444 5000 748 5067 desideret,
807 5010 861 5056 et
915 5018 1100 5058 eorum
1167 5005 1270 5061 sibi
1325 5005 1572 5075 precibus
1634 5011 1691 5060 et
1743 5006 2020 5060 sacriﬁciis

445 5089 630 5148 credat
654 5107 813 5163 posse
839 5095 1112 5150 succurri?
1131 5095 1190 5151 Si
1209 5097 1348 5152 enim
1377 5099 1491 5154 haec
1517 5113 1619 5153 nec
1644 5096 1898 5168 prodesse
1924 5114 2020 5154 vo-

445 5183 695 5249 lentibus,
741 5198 839 5240 nec
864 5185 1054 5240 obesse
1079 5187 1384 5242 nolentibus
1423 5189 1680 5260 incipiant
1705 5187 1872 5256 credi,
1902 5203 2019 5244 ces-

446 5277 639 5333 sabunt
659 5276 837 5331 omnia
865 5276 958 5330 Dei
987 5276 1322 5332 sacerdotum
1343 5279 1534 5344 studia,
1558 5288 1614 5334 et
1638 5278 1884 5334 universa
1910 5293 2022 5333 mo-

445 5367 678 5423 nitorum
706 5367 1024 5422 adminicula
1049 5383 1185 5421 vana
1211 5369 1532 5425 videbuntur
1567 5385 1684 5425 esse
1723 5367 1971 5437 figmenta
2001 5386 2014 5420 :

449 5466 609 5526 atque
655 5460 726 5514 ita
749 5475 1111 5530 unusquisque
1149 5459 1259 5514 suis
1305 5462 1408 5515 erit
1435 5461 1577 5516 vitiis
1619 5470 1930 5531 occupatus,
1963 5467 2020 5514 ut

445 5547 722 5603 criminum
769 5566 987 5605 suorum
1026 5550 1436 5606 delectationem
1467 5551 1558 5605 Dei
1589 5551 2017 5620 praedestinatio—

447 5650 566 5693 nem
595 5639 879 5706 existi-net,
921 5651 974 5696 et
1003 5641 1068 5696 ad
1107 5641 1303 5697 bonum
1358 5657 1386 5695 a
1418 5641 1557 5696 nialo
1587 5641 1886 5707 transitum,
1918 5655 2018 5696 nec

2053 2475 2099 2534 Β
2126 2483 2222 2538 per
2247 2468 2584 2524 sacerdotum
2606 2468 2721 2535 Dei,
2748 2483 2846 2525 nec
2874 2484 2971 2539 per
2988 2470 3391 2526 conversionem
3409 2486 3560 2533 suam,
3581 2485 3661 2526 nec

2128 2575 2225 2629 per
2247 2560 2420 2628 legem
2459 2561 2787 2617 Dominicam
2809 2577 2867 2617 se
2892 2578 3050 2634 posse
3079 2563 3321 2618 invenire
3347 2562 3569 2619 confidat.
3589 2563 3651 2616 Si-

2125 2651 2311 2716 Ierem,
2350 2649 2540 2716 fateor,
2584 2660 2640 2706 et
2667 2667 3002 2722 nequaquam
3042 2654 3185 2724 stylo
3229 2662 3547 2723 percurrente
3571 2654 3652 2707 ista

2123 2740 2449 2810 detegerem,
2472 2742 2517 2796 si
2539 2742 2696 2796 toties
2721 2751 2776 2796 ut
2803 2751 3042 2798 tacerent
3063 2743 3342 2809 admoniti,
3370 2743 3537 2798 saltem
3562 2755 3650 2794 me-

2122 2831 2379 2886 diocriter
2413 2833 2774 2888 contentionis
2821 2847 2929 2887 sua:
2975 2833 3238 2902 impetum
3286 2839 3650 2905 temperassent;

2124 2938 2233 2978 non
2261 2922 2424 2977 etiam
2453 2923 2708 2978 audacter
2725 2925 2825 2977 sub
2851 2922 3134 2991 Augustini
3159 2925 3370 2979 nomine
3391 2924 3537 2979 libros
3551 2921 3651 2978 ede-

2123 3021 2260 3073 rent,
2291 3021 2348 3067 et
2373 3013 2695 3082 scriptorum
2720 3029 2941 3069 suorum
2963 3014 3161 3082 jaculis
3189 3017 3418 3070 membra
3442 3017 3650 3069 immacu-

2123 3100 2244 3155 lata:
2270 3103 2458 3155 matris
2487 3111 2682 3157 nostra:
2721 3102 2971 3158 Ecclesia:
3009 3105 3371 3160 vulnerarent.
3403 3104 3519 3172 Quis
3542 3104 3649 3156 filius

2120 3201 2344 3247 matrem
2366 3208 2515 3246 suam
2538 3193 2669 3247 credi
2698 3210 2804 3246 non
2833 3193 3048 3248 doleat?
3067 3196 3193 3263 quis
3220 3197 3514 3265 genitricem
3531 3207 3649 3247 suam

2123 3284 2390 3340 vulnerari
2417 3300 2524 3339 non
2551 3284 2805 3354 plangat?
2833 3285 2912 3339 An
2936 3287 3234 3342 tacebimus
3261 3289 3348 3341 illa
3379 3282 3651 3340 laborante?

2122 3373 2227 3429 Sed
2242 3375 2509 3430 silentium
2531 3385 2769 3431 nostrum
2788 3386 2966 3433 reatus
2978 3378 3279 3444 docebitur,
3299 3388 3351 3434 et
3366 3377 3650 3433 taciturnitas

2123 3465 2386 3520 videbitur
2412 3480 2530 3520 esse
2557 3481 2870 3521 consensus.
2904 3466 3074 3533 Quam
3103 3470 3248 3524 enim
3291 3477 3348 3523 tu
3387 3465 3649 3538 patientiam

2123 3557 2498 3613 taciturnitatis
2526 3566 2702 3627 putas,
2731 3559 2869 3614 hanc
2895 3559 3030 3614 alius
3069 3561 3450 3615 conscientiam
3470 3569 3648 3628 perver—

2119 3648 2291 3702 sitatis
2319 3648 2588 3702 existimat
2613 3666 2626 3701 :
2649 3649 2943 3717 prxSertim
2971 3649 3016 3703 si
3043 3656 3100 3704 et
3121 3649 3237 3719 ipse
3265 3658 3453 3711 taceas,
3482 3654 3531 3700 et
3553 3658 3648 3698 eum

2119 3737 2212 3806 qui
2253 3738 2398 3807 loqui
2439 3739 2669 3792 voluerit
2704 3753 2802 3808 pro
2826 3738 3141 3794 defensione
3179 3740 3364 3794 matris
3389 3733 3644 3793 communis

2046 3837 2092 3899 ρ
2123 3827 2341 3882 forsitan
2388 3829 2547 3883 silere
2597 3830 2906 3900 compellas.
2955 3829 3085 3885 Cum
3137 3839 3345 3900 tempus
3390 3825 3575 3883 tacendi
3609 3830 3650 3875 et

2127 3929 2334 3990 tempus
2361 3920 2613 3989 loquendi
2641 3923 2694 3976 in
2723 3922 2775 3977 id
2800 3922 3061 3992 sapientia
3088 3921 3270 3976 divina
3300 3918 3579 3979 instituerit,
3605 3919 3649 3966 ut

2122 4021 2177 4065 et
2204 4011 2462 4066 modestia
2503 4013 2557 4066 in
2596 4013 2829 4079 silentio,
2859 4023 2914 4068 et
2951 4014 3090 4068 ratio
3137 4024 3282 4070 esset
3328 4015 3378 4068 in
3406 4011 3568 4070 verbo,
3596 4019 3649 4059 ne

2123 4101 2260 4156 ultra
2287 4102 2584 4159 honestatis
2613 4105 2893 4158 terminum
2943 4105 3309 4174 unusquisque
3351 4104 3561 4170 linguam
3584 4093 3649 4148 vel

2118 4201 2393 4263 promeret
2414 4195 2500 4249 vel
2521 4203 2746 4263 teneret,
2774 4203 3022 4266 essetque
3047 4197 3344 4266 loquacitas
3368 4197 3647 4264 importuna.

2121 4291 2215 4338 aut
2242 4284 2574 4340 taciturnitas
2595 4285 2881 4350 obstinata,
2925 4302 3047 4341 cum
3071 4295 3356 4357 utrumque
3383 4284 3568 4338 veniret
3605 4278 3648 4331 in

2120 4377 2326 4440 vitium,
2358 4377 2504 4446 loqui
2525 4377 2661 4432 velle
2687 4392 2808 4432 cum
2847 4393 2955 4431 non
2977 4377 3190 4444 debeas,
3216 4387 3271 4432 et
3298 4377 3432 4431 nolle
3452 4388 3557 4429 cum
3575 4369 3648 4422 de-

2122 4469 2278 4532 beas;
2302 4466 2444 4522 istud
2463 4467 2623 4536 igitur
2648 4467 2700 4520 in
2723 4469 3038 4521 alterutrum
3066 4467 3363 4522 custodisse
3389 4463 3551 4519 habita
3575 4474 3646 4513 ra-

2120 4559 2266 4612 tione
2293 4557 2578 4627 perdoceo,
2624 4572 2744 4611 cum
2782 4567 2969 4611 contra
3011 4557 3205 4611 librum
3246 4555 3398 4610 matri
3441 4548 3648 4606 Ecclesia:

2121 4648 2428 4701 tendentem
2456 4647 2673 4702 insidias
2711 4647 2875 4701 divini
2921 4648 3031 4702 oris
3059 4662 3205 4701 arma
3233 4645 3474 4715 corripio.
3502 4643 3648 4704 etful

2119 4737 2304 4802 Goliae,
2335 4753 2401 4791 ex
2429 4752 2526 4791 suo
2554 4737 2766 4792 sibimet
2796 4737 2992 4807 gladio,
3037 4737 3308 4792 conlidens
3348 4737 3397 4789 in
3438 4730 3646 4786 Domino.

2120 4829 2236 4894 ejus
2283 4828 2545 4882 cervicem
2591 4828 2828 4882 abscide.
2860 4828 2960 4894 Qui
3001 4829 3165 4882 tristis
3213 4827 3387 4892 fuerit,
3414 4839 3503 4879 suo
3526 4815 3648 4887 ψιθεὶ

2121 4934 2238 4972 ntus
2271 4918 2529 4987 prodetur
2551 4919 2772 4988 judicio,
2810 4935 2928 4973 cum
2955 4919 3039 4973 sui
3067 4933 3335 4972 murmure
3362 4915 3646 4969 Philistreum

2122 5024 2183 5066 se
2207 5023 2326 5064 esse
2351 5010 2616 5064 detexerit
2647 5027 2658 5062 :
2692 5025 2900 5064 mecum
2930 5018 3105 5063 autem
3131 5009 3471 5077 gratulabitur
3503 4997 3648 5056 omnis

2120 5100 2211 5169 qui
2239 5100 2538 5171 allophylus
2558 5116 2664 5155 non
2685 5109 2785 5155 est.
2808 5100 2974 5168 Igitur
3000 5116 3119 5156 cum
3142 5100 3365 5155 sollicite
3391 5095 3588 5152 celatur,
3605 5093 3647 5139 et

2047 5195 2096 5255 D
2122 5191 2331 5246 occulte
2376 5191 2587 5260 legitur,
2618 5199 2672 5246 et
2712 5197 2868 5246 caute
2911 5191 3284 5254 conscribitur,
3331 5185 3529 5241 tandem
3564 5175 3646 5230 ali-

2117 5280 2351 5349 quando,
2373 5297 2478 5336 non
2500 5289 2610 5334 tam
2635 5280 2808 5338 editus
2826 5296 2983 5349 quam
3007 5280 3382 5349 deprehensus,
3405 5273 3465 5328 ad
3490 5277 3646 5325 manus

2121 5383 2330 5429 nostras
2352 5375 2594 5444 pervenit
2633 5375 2784 5438 liber,
2817 5374 2909 5442 qui
2951 5372 3298 5440 Augustinum
3340 5365 3572 5422 mentitur
3601 5357 3642 5408 in

2120 5464 2292 5527 titulo,
2316 5478 2436 5519 cum
2457 5480 2514 5518 se
2533 5465 2839 5518 haereticum
2861 5464 3106 5519 ostendat
3127 5464 3179 5517 in
3204 5469 3365 5516 textu.
3385 5455 3502 5523 Quis
3525 5447 3641 5504 cnim

2121 5555 2322 5609 nesciat
2341 5555 2689 5624 Augustinum
2712 5553 3068 5609 orthodoxum
3087 5568 3296 5622 semper
3314 5549 3463 5602 fuisse
3482 5544 3636 5598 docto-

2119 5659 2249 5709 rem,
2300 5653 2354 5700 et
2394 5655 2502 5699 tam
2549 5645 2831 5701 scribendo
2869 5660 3033 5714 quam
3084 5640 3393 5714 disputando
3429 5629 3641 5692 omnibus
