3884 6184
155 362 254 422 585

1530 356 1703 417 ΡΒοι
1711 358 2052 417 ΕϐῡΜΙ-ΞΝΑ.

3316 377 3419 432 586

158 479 424 535 haereticis
456 478 698 534 obviasse
719 477 743 531 ?
763 470 1018 532 Veientes
1048 488 1176 543 ergo
1205 469 1476 529 inimicum
1502 472 1623 529 lidei
1645 491 1744 530 ηοα
1768 483 1814 541 Α
1844 476 2227 531 catholicorum
2268 479 2462 549 scripta
2508 489 2695 535 contra
2735 482 3107 540 haereticorum
3135 498 3307 543 sectas
3334 491 3418 544 di—

162 578 284 627 stra:
313 571 455 624 inter
474 569 658 623 fratres
686 568 879 635 dogma
909 567 1178 632 inducere,
1202 567 1524 622 catholicum
1553 583 1743 637 supra-

161 661 403 715 liminare
444 659 557 712 libri
585 659 666 712 sui
699 659 903 712 titulum
931 666 1240 727 posuerunt.
1274 656 1374 722 Qui
1403 656 1553 719 liber,
1596 657 1742 711 velut

161 748 459 817 sepulcrum
498 746 686 811 fetens,
721 761 751 799 a
790 745 920 800 foris
959 745 1176 814 quidem
1205 745 1482 813 Augustini
1523 746 1739 800 nomine

159 839 455 903 dealbatur,
500 837 641 891 intus
677 852 807 891 vero
836 836 1058 889 scaturit
1082 836 1353 889 vermibus
1380 844 1732 888 mortuorum.

159 928 304 984 Hunc
330 928 525 983 librum
554 927 840 995 aliquando
869 926 967 980 sibi
1008 926 1245 980 oblatum
1280 925 1598 979 beatissima!
1625 940 1736 979 me-

157 1019 336 1073 moria:
375 1032 614 1072 summus
638 1015 877 1085 pontifex
905 1014 1226 1071 leestinus
1267 1016 1339 1069 ita
1380 1015 1734 1069 exsecrationi

155 1109 351 1171 habuit,
378 1117 439 1163 ut
467 1123 589 1162 eum
612 1116 873 1178 perpetuo
896 1106 1109 1175 juberet
1129 1105 1368 1160 damnari
1391 1106 1623 1159 silentio.
1654 1106 1732 1161 Eo

153 1199 314 1267 magis
361 1199 736 1253 haereticorum
790 1197 999 1250 animus
1046 1194 1431 1261 inﬂammatus,
1488 1197 1731 1252 clanculo

153 1304 263 1342 eum
287 1303 385 1358 per
404 1286 643 1341 diversas
667 1286 856 1340 domos
878 1286 1094 1340 tradidit
1118 1286 1460 1340 lectitandum
1488 1304 1499 1338 :
1534 1287 1731 1355 quique

152 1386 342 1448 quanto
374 1378 481 1446 legi
511 1378 721 1448 publice
747 1376 1047 1441 vetabatur,
1080 1384 1231 1430 tanto
1252 1377 1319 1430 ab
1343 1377 1420 1430 eis
1447 1377 1727 1431 assereba-

153 1475 230 1520 tur
257 1467 608 1536 insuperabili
654 1467 907 1534 aequitate
944 1466 1299 1535 conscriptus.
1349 1465 1538 1535 Sicque
1570 1465 1729 1534 perli-

151 1555 265 1608 dum
290 1557 466 1611 iniere
497 1556 797 1619 consilium,
819 1564 875 1608 ut
913 1554 964 1607 in
997 1555 1209 1607 modum
1232 1554 1455 1624 symboli
1485 1570 1589 1608 non
1621 1554 1729 1609 dis-

148 1648 418 1701 cutiendus
474 1648 777 1701 traderetur
826 1646 1118 1715 aliquibus,
1160 1646 1251 1700 sed
1291 1646 1602 1701 credendus.
1650 1646 1725 1700 Ita

148 1748 322 1794 contra
355 1741 501 1796 hunc
541 1741 890 1809 suscepimus,
925 1748 983 1794 ut
1020 1741 1302 1793 adversum
1344 1740 1548 1807 singula
1578 1741 1723 1794 blas-

1843 565 2092 620 micantia
2130 566 2330 623 idcirco
2358 585 2734 639 memoramus,
2766 581 2820 628 et
2848 590 3035 631 omnes
3055 577 3284 634 hzereses
3308 579 3419 634 sin-

1840 655 2060 722 gillatim
2089 672 2186 726 per
2209 659 2471 726 ordinem,
2506 661 2628 717 licet
2661 665 2905 732 strictim,
2930 670 3325 739 perscribimus,
3357 681 3418 728 ut

1838 746 2010 799 sciant
2049 763 2200 802 nova:
2240 749 2397 818 hujus
2436 751 2653 807 haeresis
2691 754 2996 814 inventores
3032 762 3269 817 omnium
3314 781 3415 821 nos

1838 836 2212 892 haereticorum
2241 839 2636 898 definitionibus
2665 845 2953 915 adversari,
2995 857 3050 904 et
3091 852 3285 906 nullius
3314 869 3411 909 εοε-

1835 941 1952 979 rum
1975 939 2163 982 contra
2192 945 2249 984 se
2277 931 2352 985 uti
2373 948 2654 989 consensu.
2679 933 2867 991 Cesset
2895 942 3068 995 omnis
3095 944 3411 1012 tergiversa-

1836 1018 1930 1082 tio,
1964 1025 2016 1073 et
2038 1021 2302 1078 calliditas
2340 1024 2719 1082 oblatrantium
2748 1030 2799 1083 in
2825 1032 3040 1086 modum
3066 1035 3213 1089 canis
3239 1037 3411 1091 vomi-

1833 1116 1920 1163 tus
1943 1125 2069 1164 suos
2090 1112 2203 1181 ipsa
2226 1113 2415 1169 iterum
2437 1116 2670 1171 sorbeat.
2693 1118 2890 1175 Omnes
2912 1139 2940 1175 a
2963 1122 3178 1179 Simone
3206 1135 3409 1197 emptas

1832 1200 2062 1256 hzereses
2088 1203 2401 1273 delegimus,
2434 1210 2726 1278 arguimus,
2755 1214 3188 1284 eondemuamus,
3220 1229 3274 1274 et
3299 1229 3410 1276 tam

1830 1292 2039 1348 ratione
2068 1309 2225 1362 quam
2273 1299 2592 1354 auctoritate
2636 1314 2912 1372 superatas
2960 1308 3307 1366 ostendimus.
3350 1311 3406 1366 ln

1830 1380 2134 1437 detectione
2177 1385 2337 1453 igitur
2370 1387 2611 1445 falsitatis
2651 1401 2704 1446 et
2741 1394 2793 1447 in
2831 1395 3140 1453 defensione
3168 1401 3408 1457 veritatis

1829 1472 2215 1529 catholicorum
2246 1492 2427 1532 sumus
2466 1482 2631 1535 secuti
2664 1485 2915 1551 vestigia;
2961 1497 3015 1541 et
3044 1489 3093 1542 id
3123 1492 3404 1560 gessimus,

1829 1573 1887 1619 ut
1917 1566 1967 1619 in
1998 1567 2171 1636 primo
2203 1569 2338 1623 libro
2370 1580 2606 1626 veterata
2643 1574 2907 1632 haereseos
2935 1584 3245 1648 superstitio
3284 1601 3406 1654 per-

1827 1664 2096 1723 patescat;
2122 1658 2175 1711 in
2198 1660 2431 1714 secundo
2454 1678 2579 1716 vero
2610 1682 2758 1718 omne
2784 1668 3175 1728 adiaventionis
3200 1691 3404 1733 venena

1826 1761 1932 1799 non
1964 1747 2191 1814 lateant;
2225 1752 2413 1807 tertius
2442 1770 2569 1809 vero
2612 1756 2747 1812 liber
2775 1760 3040 1818 luereseos
3066 1766 3286 1822 devictae
3318 1778 3396 1824 tu-

148 1835 471 1903 phemiorum
500 1836 616 1902 ejus
652 1836 813 1899 dicta,
841 1844 947 1888 tam
972 1833 1277 1887 rationabili
1308 1834 1532 1887 veritate
1561 1848 1720 1901 quam
1756 1842 1799 1899 B
1826 1837 2024 1891 mulum
2072 1840 2301 1909 lideiqne
2348 1853 2607 1915 tropzeum
2657 1853 2863 1906 cunctis
2906 1852 3159 1912 Erclesiis
3210 1862 3402 1918 tradat.

149 1923 288 1990 legali
306 1926 631 1980 auctoritate
654 1941 968 1995 pugnemus.
988 1924 1155 1991 Quem
1174 1925 1364 1978 librum
1392 1940 1496 1978 non
1520 1924 1722 1979 discer-

146 2023 340 2082 pentes,
370 2015 467 2069 sed
517 2016 778 2084 integrum
809 2031 931 2069 eum
960 2016 1028 2069 ab
1074 2016 1226 2069 initio
1255 2030 1423 2083 usque
1466 2016 1531 2069 ad
1562 2016 1720 2071 linem

147 2104 565 2171 pnescribentes,
598 2105 952 2173 nonagesitnm
981 2104 1246 2159 hmreseos
1273 2104 1596 2173 projecimus
1625 2105 1719 2159 sii-

146 2205 233 2255 vze,
264 2194 516 2247 arborem
547 2210 668 2247 eum
709 2195 1087 2263 nequissimam
1114 2194 1445 2262 detegentes,
1476 2194 1541 2248 ad
1567 2193 1719 2262 cujus

147 2283 364 2336 radicem
404 2284 616 2339 securis
643 2293 725 2338 est
766 2286 959 2353 posita,
988 2284 1055 2338 ad
1085 2285 1188 2339 hoc
1208 2293 1266 2338 ut
1287 2282 1564 2338 excidatur
1583 2292 1638 2338 et
1666 2285 1719 2338 in

145 2371 304 2438 ignem
337 2374 605 2427 mittatur.
640 2373 949 2445 Ubicunque
973 2383 1151 2429 autem
1181 2375 1418 2443 ejusdem
1443 2374 1561 2427 libri
1594 2381 1718 2428 sunt

144 2459 286 2521 dicta,
313 2462 471 2518 lineis
505 2479 533 2516 a
577 2474 724 2533 tergo
750 2480 1000 2520 versuum
1036 2465 1335 2533 jacentibus
1374 2464 1711 2531 deteguntur.

144 2546 257 2613 Qum
284 2550 405 2605 licet
435 2569 541 2621 pro
570 2554 682 2622 ipsa
719 2556 800 2609 sui
829 2556 1179 2625 perversitate
1225 2555 1364 2610 ultro
1404 2569 1465 2609 se
1493 2554 1715 2623 legenti-

144 2638 229 2692 bus
266 2642 519 2709 prodant,
572 2652 746 2698 tamen
784 2646 989 2713 egimus
1037 2654 1096 2700 ut
1137 2647 1338 2701 veritas
1373 2660 1406 2700 a
1431 2644 1711 2699 mendacio

144 2742 237 2781 non
264 2730 431 2783 solum
455 2732 639 2787 verbis
667 2735 1090 2796 rationabilibns,
1122 2735 1215 2790 sed
1236 2737 1398 2791 etiam
1424 2735 1609 2803 alogiis
1629 2736 1712 2788 in-

144 2819 470 2886 crepantibus
513 2820 864 2877 discernatur.
914 2822 1057 2879 Sane
1102 2822 1410 2880 Graecorum
1450 2841 1548 2879 nos
1577 2826 1710 2893 legis

1824 1924 2075 1983 Clemens
2097 1930 2275 1999 itaque
2297 1932 2568 1991 Romanus
2590 1940 2894 2011 episcopus,
2920 1942 3063 2001 Petri
3091 1948 3401 2018 discipulus,

1822 2012 2018 2071 Christi
2040 2019 2382 2087 dignissimus
2415 2034 2633 2097 martyr,
2659 2028 2893 2089 Simonis
2919 2036 3159 2092 haeresim
3191 2055 3219 2092 a
3244 2041 3403 2096 Petro

1821 2107 2068 2174 apostolo
2098 2125 2216 2163 eum
2247 2112 2364 2181 ipso
2403 2113 2621 2171 Simone
2658 2131 2959 2194 superatam
2990 2126 3219 2183 edocuit.
3253 2131 3402 2190 llunc

1819 2195 1990 2248 secuti
2036 2204 2161 2250 sunt
2206 2201 2375 2255 sancti
2433 2203 2631 2272 quique
2678 2210 2963 2265 orthodoxi
3015 2216 3146 2281 viri;
3194 2226 3249 2272 et
3301 2236 3400 2275 suo

1820 2285 2046 2353 quisque
2098 2296 2338 2359 tempore
2387 2294 2804 2366 uniuscujusque
2863 2302 3077 2360 haeresis
3123 2316 3298 2363 ortum
3347 2321 3399 2370 et

1820 2381 2093 2430 certamen
2123 2387 2179 2432 et
2207 2383 2428 2449 exitum,
2474 2402 2573 2456 per
2599 2389 2857 2457 plurimos
2901 2394 3083 2463 libros,
3133 2411 3188 2454 et
3234 2403 3395 2462 multa

1819 2465 1983 2520 millia
2014 2484 2262 2525 versuum
2288 2479 2723 2549 conscripserunt
2769 2501 2782 2536 :
2825 2500 2943 2553 quae
2973 2505 3069 2544 nos
3095 2493 3396 2561 epitoman-

1822 2560 1919 2619 tes,
1945 2553 2170 2622 juvante
2222 2561 2465 2631 Domino,
2516 2569 2620 2626 hoc
2648 2588 2754 2627 uno
2794 2575 2974 2630 libello
3016 2582 3393 2641 conelusimus.

1818 2642 2060 2701 Orabunt
2086 2665 2196 2721 pro
2240 2656 2394 2712 nobis
2422 2668 2606 2715 sancta
2654 2665 2847 2731 studia,
2878 2683 2996 2737 quae
3041 2671 3107 2726 ad
3155 2677 3391 2743 requiem

1816 2748 2066 2792 curarum
2105 2756 2322 2798 suarum
2351 2762 2448 2818 per
2482 2749 2625 2807 hunc
2668 2763 2908 2811 nostrum
2955 2759 3192 2817 laborem
3234 2767 3389 2821 attin-

1814 2836 1965 2895 gunL

602 3025 982 3088 VETERUM
1009 3030 1516 3092 'TESTIMONIA
1561 3030 1662 3090 DE
1706 3029 2509 3109 PBIEDESTINATORUM
2551 3051 2885 3120 H/ERESI.

144 3139 256 3197 Tuto
280 3142 547 3211 Paosesn,
573 3149 626 3200 in
656 3146 929 3215 Chronico,
951 3166 1017 3205 ex
1037 3149 1343 3206 bibliotheca
1365 3152 1425 3206 S.
1461 3151 1703 3206 Victoris.

199 3269 702 3330 Przedestinatorum
734 3278 968 3345 hmresis,
1000 3295 1119 3349 qua:
1142 3292 1166 3317 ι
1199 3282 1267 3336 ab
1295 3282 1589 3350 Augustino
1616 3298 1708 3336 ae-

139 3365 319 3434 cepisse
337 3368 545 3422 dicitur
567 3369 794 3436 initium,
812 3371 893 3425 his
911 3374 1238 3442 temporibus
1257 3389 1472 3443 serpere
1492 3390 1700 3431 exorsa.

193 3497 444 3557 Ausonius
473 3502 654 3572 junior
677 3506 730 3558 in
751 3505 1007 3575 psalmum
1033 3510 1360 3563 centesimum
1381 3518 1631 3564 octavum.

193 3634 378 3691 Dilexit
402 3639 843 3694 maledictionem
875 3642 1015 3705 Adae,
1047 3660 1165 3713 qum
1193 3660 1287 3714 per
1313 3643 1583 3702 Christum
1610 3663 1705 3702 au-

142 3708 301 3792 fertur,
327 3736 382 3781 et
409 3730 593 3784 veniet
620 3730 670 3783 ei
696 3749 709 3783 :
735 3739 790 3785 et
818 3733 987 3786 noluit
1013 3708 1439 3791 benedictionem
1463 3752 1582 3806 qua:
1611 3755 1706 3807 per

143 3810 383 3871 Christum
423 3819 668 3885 affertur,
700 3830 755 3874 et
782 3823 967 3892 utique
995 3825 1330 3894 elongabitur
1356 3828 1422 3881 ab
1449 3843 1534 3881 eo.
1567 3828 1704 3885 Nota

143 3916 197 3958 ex
230 3909 441 3964 arbitrio
484 3911 732 3966 evenisse
761 3921 819 3966 ut
848 3914 1032 3981 nollet,
1061 3927 1282 3988 propter
1317 3919 1555 3974 limresim
1583 3936 1703 3992 qua:

143 3992 251 4049 dicit
296 3997 456 4054 Deum
506 4000 643 4056 alios
688 4004 1093 4072 przedestinasse
1139 4010 1205 4063 ad
1248 4010 1697 4081 benedictionem,

143 4084 255 4139 alios
278 4089 340 4142 ad
368 4093 821 4150 maledictionem.
864 4096 954 4152 Sic
996 4100 1139 4154 enim
1179 4116 1245 4156 ex
1279 4103 1564 4159 dilectione
1602 4121 1698 4160 sua

142 4178 545 4238 maledictionem
574 4185 771 4242 habere
798 4189 1072 4258 probatur,
1105 4201 1160 4246 et
1188 4195 1329 4249 nolle
1353 4210 1507 4250 suum
1536 4197 1702 4253 bene-

142 4263 360 4327 dictionis
382 4277 659 4345 pmemium
689 4296 794 4333 non
817 4282 1032 4339 habere.

141 4374 354 4440 Fsusws
374 4384 615 4441 Reiensis
639 4392 904 4463 episcopus
936 4396 1007 4448 ad
1033 4394 1301 4454 Leontium
1321 4402 1689 4457 Arelatensem.

197 4490 335 4559 Quod
356 4509 452 4568 pro
473 4500 833 4560 sollicitudine
854 4510 1126 4575 pastorali,
1151 4513 1304 4567 beate
1320 4529 1457 4583 papa
1480 4514 1690 4583 Leonti,

140 4577 182 4633 in
214 4588 609 4648 condemnanth
658 4596 1141 4664 przedestinationls
1189 4619 1372 4661 errore
1407 4609 1691 4664 concilium

139 4682 434 4734 summorum
462 4684 758 4739 antistitum
788 4694 1169 4759 congregastis,
1202 4698 1463 4753 universis
1490 4698 1692 4755 Gallia-

138 4774 235 4818 rum
262 4765 507 4828 Ecclesiis
545 4778 882 4844 pnestitistis.

224 4873 516 4939 Gsaxsmus
543 4885 890 4946 Massiliensis
926 4895 979 4948 in
1009 4896 1138 4952 libro
1165 4899 1227 4953 de
1255 4900 1573 4960 eresibus.

192 4982 633 5055 Pnedestinatiani
680 5013 804 5058 sunt
851 5008 940 5075 qui
988 5009 1171 5065 dicunt
1210 5014 1355 5083 quod
1398 5017 1537 5072 Deus
1580 5036 1686 5076 non

137 5088 298 5171 (tumes
323 5087 385 5139 ad
416 5088 516 5144 hoc
542 5102 690 5149 creet
719 5104 779 5149 ut
806 5114 991 5154 omnes
1019 5104 1306 5171 salventur,
1350 5110 1442 5163 sed
1474 5121 1529 5166 ut
1550 5116 1687 5168 mul-

139 5163 333 5226 titudine
360 5175 631 5235 hominum
657 5197 880 5240 ornetur
903 5192 1145 5245 munlus.
1179 5194 1328 5260 Quod
1358 5206 1413 5251 et
1449 5201 1493 5253 si
1522 5216 1683 5269 gene-

136 5255 214 5362 rali
244 5265 606 5328 pnedicatione
634 5275 776 5330 dicat
806 5296 817 5329 :
861 5278 1041 5334 Venite
1071 5284 1140 5336 ad
1164 5302 1257 5347 me,
1284 5304 1457 5343 omnes
1485 5255 1570 5362 qu
1598 5294 1681 5347 la-

1249 5340 1257 5347 ,
1485 5340 1566 5362 τη-
1598 5340 1648 5347 --

137 5340 300 5453 gratis
325 5368 371 5410 et
403 5367 600 5418 onerati
626 5370 766 5431 estis,
799 5380 847 5423 et
876 5389 968 5441 ego
1005 5375 1232 5443 reﬁciam
1253 5395 1339 5433 vos
1363 5381 1575 5450 (Matth.
1607 5404 1679 5453 xi,

904 5430 926 5441 ν
1058 5430 1068 5443 ,
1288 5430 1297 5431 κ
1320 5430 1331 5433 ~
1365 5430 1575 5450 ν-ν--υη
1607 5430 1679 5453 "-1

134 5430 235 5505 98);
266 5460 361 5499 non
393 5458 566 5508 tamen
594 5472 783 5513 omnes
811 5475 872 5514 ea
905 5462 1174 5519 voluntate
1205 5479 1375 5535 vocet,
1407 5480 1464 5525 ut
1494 5490 1682 5532 omnes

195 5593 465 5691 2,3391}?
486 5606 707 5691 _Tilf0nis
746 5611 1012 5672 Chronico
1041 5622 1293 5691 scriptum
1324 5637 1438 5682 erat
1466 5632 1531 5685 ab
1572 5636 1680 5688 Au-

138 5669 1195 5774 ξὲἒξηῖξλὲίξῗὶξθχιυξ·ἰηῑρῐ-ρτᾳιέλῑυε-ςδῗ,
1228 5693 1313 5774 Ea;
1337 5669 1497 5753 libri:
1501 5669 1696 5774 3213;;

136 5736 241 5784 sliat"
271 5739 407 5792 male
425 5736 1195 5817 intellectis,rverissilneflloc’

412 5836 686 5902 ΡΑτιιοι.
738 5846 887 5907 Llll.

1714 4812 1769 4871 D

1808 3166 2104 3222 sequantur
2130 3173 2432 3221 vocantem.
2465 3167 2571 3226 Sed
2599 3172 2700 3230 nec
2736 3192 2924 3236 omnes
2952 3185 3042 3254 qui
3081 3174 3198 3256 ipso
3228 3190 3384 3262 inspi-

1807 3251 1964 3299 rante
2010 3248 2266 3308 obediunt
2315 3259 2583 3315 vocationi
2629 3264 2877 3324 dicuntur
2930 3248 3177 3345 accipere
3231 3248 3384 3338 exse-

1808 3337 2005 3402 quendi
2060 3342 2114 3396 in
2162 3344 2306 3401 bono
2371 3364 2536 3419 apere
2602 3337 3064 3423 perseverantiam
3120 3373 3211 3427 sed
3269 3387 3385 3444 post

1732 3451 1779 3516 ο
1808 3427 2005 3520 multos
2034 3430 2245 3490 labores
2272 3447 2326 3493 et
2351 3438 2568 3504 iustitia:
2593 3444 2809 3515 fructus,
2842 3454 2884 3507 si
2909 3472 3014 3511 non
3039 3456 3163 3514 sun't
3190 3427 3384 3520 de'sal:

1809 3518 2103 3574 vandorum
2127 3540 2367 3593 numero,
2399 3533 2791 3595 subtrahendae;
2817 3544 2895 3599 eis
2920 3548 3059 3603 vires
3086 3554 3294 3621 agendi,
3319 3574 3385 3614 ne

1801 3608 2096 3685 perdurent
2121 3614 2173 3667 in
2204 3617 2374 3686 bono;
2405 3630 2459 3676 et
2487 3639 2517 3679 e
2545 3629 2816 3685 cont‘rario
2846 3635 2965 3691 illos
2992 3641 3079 3709 qui
3110 3608 3385 3711 praedesti-

1805 3701 1915 3754 nati
1954 3713 2078 3757 sunt
2106 3707 2171 3761 ad
2201 3710 2670 3787 vitammternam,
2702 3724 2912 3782 etiamsi
2950 3730 3001 3785 in
3051 3736 3269 3803 perlidia
3300 3741 3384 3795 vel

1804 3795 1950 3848 omni
1970 3809 2166 3865 genere
2193 3808 2395 3873 peccati
2426 3810 2585 3880 longo
2613 3815 2856 3888 ten'apore
2884 3825 3208 3896 volutentur,
3236 3850 3385 3890 acce-

1800 3893 1989 3954 pturos
2018 3897 2355 3953 occasionem
2382 3918 2486 3972 qua
2514 3915 2568 3959 et
2588 3911 2809 3968 credant
2830 3914 2882 3970 in
2905 3916 3088 3985 Deum,
3113 3932 3168 3979 et
3192 3941 3382 3983 secun-

1801 3975 1926 4030 dum
1959 3979 2051 4035 Dei
2081 3998 2403 4057 prmceptum
2430 3995 2626 4065 vivant,
2652 4010 2709 4054 ut
2735 4009 3043 4073 possideant
3069 4017 3379 4075 societatem

1800 4077 2128 4127 sanctorum.
2162 4074 2277 4132 Tali
2305 4080 2615 4142 deﬁnitione
2654 4092 2704 4144 id
2732 4094 2926 4152 docere
2967 4104 3202 4170 student,
3234 4110 3379 4175 quod

1800 4159 1942 4216 Deus
1987 4179 2242 4233 personas
2279 4172 2550 4230 hominum
2593 4184 2834 4250 accipiat,
2867 4190 3008 4255 quod
3045 4194 3177 4248 alios
3215 4159 3374 4253 eliain

1799 4250 1995 4308 invitos
2042 4267 2162 4325 post
2202 4263 2365 4317 multa
2408 4268 2546 4321 mala
2577 4283 2740 4338 opera
2770 4250 3004 4333 attrahat
3031 4282 3097 4334 ad
3125 4285 3372 4352 salutem,

1798 4342 1934 4397 alios
1961 4355 2083 4413 post
2110 4347 2247 4403 bona
2278 4352 2485 4421 rejiciat
2512 4365 2566 4411 et
2600 4364 2886 4431 compellat
2926 4368 2979 4421 in
3019 4372 3234 4438 malum,
3266 4342 3374 4444 quo

1797 4444 2021 4502 pereant
2047 4438 2099 4491 in
2119 4448 2396 4500 :eternum.

1795 4544 2028 4605 Joannes
2054 4551 2288 4610 EBIGENA
2316 4568 2493 4614 contra
2528 4561 2952 4635 Gottesclzalcum,
2985 4573 3072 4627 lib.
3100 4592 3135 4640 ι,
3169 4593 3280 4647 cap.
3314 4578 3369 4632 4.

1865 4659 1991 4718 Haec
2032 4665 2190 4732 igitur
2220 4669 2432 4726 haeresis
2460 4671 2919 4748 Gotteszhalcana,
2952 4685 2995 4737 si
3028 4686 3118 4740 tali
3157 4691 3372 4749 nomine

1795 4758 1974 4819 potest
2001 4759 2200 4823 vocari,
2231 4760 2370 4814 inter
2405 4764 2537 4819 duas
2574 4767 2703 4821 alias
2740 4770 2966 4829 hzcreses
3005 4776 3105 4830 sibi
3143 4779 3370 4837 invicem

1794 4844 2138 4904 adversantes
2166 4854 2465 4909 medietatis
2496 4856 2615 4911 loco
2651 4864 2933 4919 constituta
2974 4878 3056 4924 est
3088 4888 3101 4923 :
3134 4872 3274 4927 inter
3301 4876 3368 4930 il-

1792 4936 1895 4989 lam
1945 4939 2103 5007 plane
2148 4957 2265 5011 qua:
2310 4946 2502 4999 dititur
2544 4947 2846 5018 Pelagiana,
2890 4965 2944 5010 et
2987 4960 3128 5016 illam
3160 4981 3278 5036 qua:
3318 4968 3370 5022 ei

1790 5038 2070 5095 repugnat.
2103 5031 2335 5097 Quarum
2367 5052 2467 5088 una
2498 5036 2638 5091 dono
2680 5041 2868 5098 divina:
2910 5053 3092 5116 gratia:
3122 5031 3364 5125 derogat,

1791 5116 1956 5171 altera
1979 5120 2273 5177 libertatem
2303 5125 2505 5182 azbitrii
2532 5132 2869 5190 condemnat.
2902 5138 3179 5212 Pelagiana
3202 5116 3367 5218 siqui;

1789 5206 1911 5262 dem
1942 5220 2085 5265 secta
2115 5213 2412 5271 libertatem
2453 5221 2658 5276 arbitrii
2696 5228 2972 5287 rationalis
3009 5244 3209 5292 natura:
3248 5206 3365 5293 tan.

1788 5308 1897 5353 tum
1921 5316 2041 5355 com
2065 5306 2275 5370 vendat,
2302 5315 2357 5359 ut
2383 5310 2498 5364 sine
2525 5312 2667 5367 dono
2693 5323 2876 5385 gratia:
2903 5324 2967 5377 ad
2990 5328 3361 5393 perliciendum

1785 5392 2017 5449 hominis
2039 5394 2297 5463 justitiam
2327 5401 2576 5460 sulliciat.
2607 5407 2735 5477 Ejus
2763 5428 2890 5468 vero
2920 5426 3061 5471 secta
3093 5423 3358 5473 Contraria

1784 5488 2027 5552 gratuita:
2055 5491 2237 5557 gratize
2281 5492 2479 5550 donum
2517 5499 2818 5569 confirmat,
2852 5516 2909 5559 ut
2945 5522 3005 5560 ea
3034 5508 3145 5561 sola
3181 5510 3231 5562 in
3260 5510 3360 5566 ho-

1944 5643 2233 5733 Augustini
2255 5650 2703 5733 obtrectatoribus
2724 5662 2791 5715 ad
2817 5662 3055 5733 Capitula
3079 5666 3354 5729 Gallorum

1782 5715 2109 5800 respondens
2137 5725 2362 5800 testatur
2387 5721 2767 5800 Prospecejus
2795 5715 2915 5787 illosr
2934 5715 3356 5800 doctrinam'aut

1782 5796 1888 5837 non
1919 5784 2281 5856 intelligendo,
2312 5802 2403 5846 aut
2432 5784 2649 5866 intelligi
2679 5784 2910 5858 nolendo

2821 5897 2949 5959 ~19
