3926 6176
252 247 391 329 53a

672 238 1263 301 PRAEDESTINATUS
1299 243 1452 300 SWE
1495 241 1801 298 PRJEDES'J

1912 241 2562 321 \TORUM‘HERESIS,
2618 244 2769 302 ETC.
2812 246 2938 302 LIB.
2980 247 3021 303 Ι.
3385 252 3490 305 590

252 374 369 434 clas,
406 374 591 422 aeterna
617 362 963 418 damnatione
1000 362 1245 417 multavit
1279 378 1292 416 :
1332 360 1534 415 docens
1560 360 1801 414 rationa-
1831 359 1881 419 A
1908 359 2110 440 pellare
2136 360 2454 425 voluerunt,
2488 363 2640 431 quasi
2668 370 2888 433 propter
2916 363 3193 419 scientiam
3224 367 3490 423 excellen-

251 459 425 525 biliter,
465 454 748 513 secundum
794 462 1009 509 sanctas
1035 452 1339 523 Scripturas
1379 453 1577 508 veteris
1605 451 1800 507 Testa-

249 551 425 614 menti,
462 547 622 602 Deum
649 545 739 614 qui
768 559 890 600 cum
919 543 1104 616 Moyse
1131 544 1342 599 locutus
1370 551 1478 611 est,
1510 544 1652 599 hunc
1680 557 1801 598 esse

248 643 458 700 omnium
502 646 837 701 creatorem,
888 644 944 691 et
987 636 1120 690 nihil
1168 636 1223 690 in
1259 636 1524 691 creaturis
1552 635 1802 689 omnibus

247 751 350 791 esse
384 731 518 805 quod
563 731 734 800 possit
777 745 878 800 pro
926 729 1009 784 sui
1056 737 1245 783 natura
1278 744 1397 783 esse
1422 729 1795 799 vituperabile.

246 826 413 882 Omnia
457 824 593 879 enim
639 837 759 892 qua:
805 822 1094 893 culpabilia
1118 820 1445 891 judicantur,
1478 829 1639 886 actu,
1691 836 1800 876 non

244 917 526 975 conditione
552 915 855 985 culpantur.
962 983 1027 1038 ω

300 1101 462 1157 Tertia
507 1098 727 1154 haeresis
767 1111 799 1151 a
843 1095 1074 1151 Basilide
1101 1094 1567 1150 Basilidiandrum.
1599 1094 1665 1150 Hi
1691 1103 1801 1151 tre-

241 1203 404 1251 centos
444 1191 716 1258 sexaginta
763 1197 820 1244 et
880 1188 1117 1257 quinque
1164 1188 1333 1244 etelos
1376 1202 1495 1243 esse
1537 1188 1794 1257 dicentes,

241 1294 402 1340 contra
429 1282 661 1351 Moyscm
690 1279 1016 1350 suscipiunt,
1049 1287 1104 1334 et
1130 1279 1296 1334 Deum
1329 1280 1517 1334 borum
1539 1280 1798 1336 ccclorum

241 1374 453 1428 Abrasax
479 1378 922 1428 commemorant.
967 1369 1123 1436 Quod
1162 1384 1360 1425 nomen
1392 1378 1419 1408 ι
1447 1368 1630 1425 Gmeca
1658 1372 1799 1426 ratio

241 1465 507 1519 litterarum
552 1462 604 1516 in
653 1461 795 1517 hanc
839 1475 1105 1516 summam
1152 1459 1494 1531 supputando
1522 1461 1794 1530 pertingit.

240 1560 485 1619 ΔΒΡΔΣΑΞ,
515 1553 567 1606 id
595 1560 713 1618 est,
744 1561 805 1615 Α.
834 1567 1030 1617 unum,
1071 1562 1126 1607 et
1153 1563 1209 1616 Β,
1240 1550 1367 1617 duo,
1395 1559 1450 1606 et
1477 1564 1527 1613 P,
1558 1562 1794 1618 centum,

241 1656 288 1703 et
310 1658 362 1712 Δ,
388 1660 566 1710 unum,
595 1652 653 1699 et
680 1653 739 1711 Σ,
770 1643 1001 1699 ducenta
1020 1684 1036 1708 ,
1065 1650 1121 1699 et
1149 1654 1207 1709 Α,
1236 1659 1432 1707 unum,
1474 1652 1529 1697 et
1556 1651 1612 1709 Ξ,
1644 1658 1800 1697 sexa-

1905 457 2034 514 tem,
2063 467 2185 507 cum
2212 454 2519 509 miseriores
2546 456 2912 525 superioribus
2940 472 3089 525 esse,
3122 473 3258 527 quos
3286 476 3492 517 memo-

1902 545 2156 608 ravimus,
2182 546 2530 600 haberentur.
2582 546 2749 602 Docet
2820 563 2914 603 eos
2941 551 3333 607 rationabiliter
3356 554 3489 608 bea-

1904 645 1989 691 tus
2019 636 2215 691 Paulus
2243 640 2520 707 apostolus
2549 655 2655 693 non
2679 638 2789 694 Deo
2811 642 3033 709 servire,
3065 643 3158 698 sed
3189 661 3287 700 suo
3315 650 3490 703 ventri

1902 734 1958 780 et
1986 726 2188 781 libidini
2213 768 2227 793 ,
2262 728 2476 783 inﬂatos
2503 744 2623 784 esse
2645 770 2659 794 ,
2710 737 2766 784 et
2792 732 2923 785 nihil
2952 734 3109 798 scire,
3142 744 3196 789 et
3225 746 3489 805 mgrotare

1901 817 2045 872 circa
2075 820 2398 887 quaestiones
2425 827 2481 875 et
2508 821 2795 876 verborum
2822 838 3044 893 pugnas.

2637 911 2745 966 VII.

1973 995 2513 1068 Carpoeratianorum
2552 1002 2779 1072 septima
2822 1011 2904 1058 est
2944 1004 3192 1069 hmresis,
3226 1021 3254 1059 a
3287 1006 3492 1078 Carpo-

1901 1099 2050 1145 crate
2096 1092 2349 1157 inventa,
2405 1094 2498 1162 qui
2544 1093 2773 1150 docebat
2817 1105 3117 1165 potestates
3146 1100 3491 1161 tenebrarum

1903 1182 2133 1236 transire
2172 1198 2276 1237 non
2323 1172 2646 1254 posseanisi
2691 1186 2836 1241 solos
2864 1202 2959 1241 eos
2987 1188 3077 1256 qui
3108 1190 3254 1243 omni
3284 1206 3344 1244 se
3374 1199 3491 1245 tur-

1899 1275 2128 1345 pitudini
2175 1277 2532 1332 miscuissent.
2593 1278 2657 1332 Ili
2702 1278 2987 1334 Dominum
3035 1290 3277 1336 nostrum
3307 1283 3488 1340 Jesum

1902 1365 1971 1420 de
1997 1374 2226 1435 utroque
2254 1383 2385 1423 sexu
2413 1369 2654 1437 genitum
2683 1371 2995 1425 asserebant
3013 1411 3027 1436 ,
3060 1372 3154 1428 sed
3182 1375 3344 1430 talem
3374 1376 3490 1430 ani-

1902 1472 2042 1511 mam
2074 1459 2348 1527 accepisse
2375 1474 2494 1528 qua:
2522 1476 2752 1529 superna
2780 1463 3038 1517 ccrlorum
3070 1464 3253 1519 sciret:
3284 1465 3487 1520 Resur-

1904 1550 2199 1603 rectionem
2247 1552 2490 1621 corporis
2535 1552 2903 1621 denegantes,
2955 1556 3249 1625 prophetas
3296 1557 3487 1612 Testa-

1903 1640 2079 1693 menti
2097 1642 2295 1695 veteris
2333 1642 2783 1698 condemnabam.
2825 1644 3105 1700 Habebam
3140 1650 3318 1702 autem
3351 1648 3489 1702 Mar-

240 1738 395 1806 ginta,
442 1733 574 1790 ﬁunt
626 1735 680 1788 in
723 1749 930 1789 summa
961 1733 1084 1788 565.
1134 1732 1245 1788 Hos
1284 1732 1522 1789 Ecclesia
1563 1743 1623 1788 ut
1650 1749 1800 1788 ener—
1832 1730 1873 1789 Β
1903 1733 2149 1787 cellinam
2180 1736 2465 1803 quamdam
2489 1777 2504 1801 ,
2554 1751 2674 1804 quze
2699 1738 2960 1806 imagines
2998 1738 3125 1794 Jesu
3161 1748 3217 1795 et
3257 1740 3405 1795 Pauli
3436 1750 3490 1796 et

236 1843 467 1898 gumenos
489 1834 828 1896 computans,
852 1840 960 1880 non
984 1823 1312 1889 altercando,
1345 1823 1440 1879 sed
1469 1822 1800 1895 projiciendo

236 1917 499 1973 damnavit.
1373 1914 1379 1920 ’

965 1982 1052 2037 IV.

295 2098 477 2165 Quarta
520 2098 907 2154 Nicolaitarum
944 2096 972 2136 ι’
1003 2112 1033 2152 a
1079 2097 1301 2153 Nicolao
1328 2098 1547 2154 hmresis
1595 2106 1679 2152 est
1707 2098 1801 2151 ad-

238 2190 444 2251 inventa,
473 2189 563 2259 qui
592 2184 737 2243 unus
764 2204 835 2244 ex
863 2196 1070 2258 septem
1100 2188 1417 2244 diaeonibus
1446 2189 1512 2243 ab
1541 2190 1801 2259 apostolis

240 2277 486 2332 ordinatus
513 2286 613 2333 est.
650 2277 756 2332 lste
784 2293 904 2332 cum
935 2278 1003 2332 de
1022 2278 1139 2332 zelo
1160 2279 1531 2347 pulcherrime
1559 2279 1802 2348 conjugis

235 2373 542 2442 culparetur,
589 2372 793 2427 docere
841 2373 1007 2442 coepit
1054 2371 1423 2427 indill‘erenter
1473 2373 1670 2428 debere
1723 2371 1801 2426 uti

236 2462 524 2532 coniugibus
545 2505 560 2529 ,
614 2480 724 2517 non
754 2465 925 2518 solum
963 2464 1139 2527 laicis,
1170 2463 1263 2518 sed
1290 2464 1451 2518 etiam
1481 2463 1565 2519 his
1592 2462 1682 2533 qui
1710 2478 1800 2517 sa-

237 2554 436 2609 cerdotii
480 2553 836 2623 fungerentur
880 2552 1078 2633 oﬂicio.
1131 2552 1243 2609 Hos
1271 2553 1545 2609 damnavit
1583 2562 1802 2608 sanctus

236 2642 445 2701 Joannes
487 2646 769 2715 apostolus
813 2655 870 2700 et
916 2646 1279 2714 evangelista,
1331 2654 1385 2701 et
1409 2645 1567 2715 jussit
1593 2653 1651 2699 ut
1677 2647 1800 2715 qui-

237 2752 423 2809 cunque
468 2756 587 2796 cum
639 2740 722 2796 eis
787 2739 873 2794 vel
918 2755 1241 2795 sermonem
1264 2740 1518 2809 colloquii
1559 2740 1804 2795 miscuis-

238 2838 372 2896 sent,
413 2847 478 2886 ex
510 2833 615 2888 hoc
646 2831 766 2902 ipso
791 2831 1171 2887 communione
1198 2833 1571 2902 privarentur:
1603 2832 1805 2889 docens

240 2921 600 2976 rationabiliter
630 2936 667 2976 a
712 2908 898 2976 mundi
933 2921 1140 2988 origine
1168 2921 1280 2978 Deo
1306 2923 1607 2978 castitatem
1638 2923 1804 2994 pluri-

238 3027 363 3099 mum
390 3012 682 3080 placuisse;
733 3027 878 3067 nunc
922 3019 1111 3092 autem.
1147 3013 1309 3068 etiam
1347 3013 1402 3068 in
1440 3012 1620 3083 seipse
1647 3013 1804 3069 Chri-

238 3110 360 3154 stum
402 3101 495 3157 Dei
531 3102 731 3157 Filium
777 3100 1042 3157 castitatis
1066 3101 1295 3169 gloriam
1339 3103 1647 3168 dedicasse,
1678 3120 1802 3159 cum

239 3192 472 3261 virginem
498 3195 785 3265 possidens
811 3203 1063 3259 matrem,
1084 3196 1236 3264 virgo
1264 3211 1564 3263 mansurus,
1597 3199 1802 3254 nullum

238 3283 595 3353 discipulorum
649 3301 869 3341 suorum
915 3286 1359 3347 commixtionem
1387 3288 1549 3342 etiam
1580 3289 1803 3358 legitimi

237 3376 447 3446 conjugii
475 3378 551 3432 uti
579 3376 849 3447 permisit,
882 3377 1066 3433 dicens
1089 3395 1103 3431 :
1137 3377 1199 3433 Si
1226 3380 1339 3450 quis
1367 3379 1474 3433 vult
1500 3382 1670 3434 venire
1689 3388 1805 3451 post

236 3483 322 3531 me,
350 3469 555 3539 abneget
598 3469 832 3539 seipsum
865 3469 991 3531 sibi,
1027 3476 1077 3524 et
1117 3468 1266 3523 tollat
1301 3485 1500 3523 erucem
1544 3487 1708 3533 suam,
1753 3479 1804 3525 et

237 3573 455 3631 sequatur
473 3578 551 3616 me
574 3560 793 3633 (Matth.
822 3577 928 3623 xvi,
960 3559 1075 3632 24).

969 3649 1036 3704 ν.

296 3736 476 3805 Quinta
504 3741 727 3797 haeresis
758 3740 1262 3795 Saturninianorum
1296 3750 1396 3807 est,
1429 3758 1459 3796 a
1487 3742 1797 3799 Saturnino.

238 3827 323 3884 llic
346 3831 519 3887 docuit
563 3840 778 3904 septem
825 3832 1045 3900 angelos
1072 3833 1332 3888 mundum
1361 3834 1574 3899 fecisse,
1608 3837 1804 3904 quibus

237 3921 369 3975 Cordi
394 3922 493 3977 fuit
534 3925 786 3979 libidines
833 3924 1105 3988 inserere,
1156 3932 1215 3977 ut
1242 3924 1369 3978 dum
1397 3941 1516 3980 sese
1543 3929 1803 3997 concupi-

237 4011 325 4065 scit
347 4027 410 4066 ex
436 4015 699 4069 alterutro
738 4015 1022 4070 diversitas
1048 4030 1237 4081 sexus,
1269 4017 1499 4072 mundus
1528 4034 1556 4071 a
1587 4021 1669 4073 sui
1700 4020 1805 4075 tinc

238 4099 512 4158 refrenatus
537 4106 713 4174 possit
740 4120 860 4161 esse
889 4115 1199 4175 perpetuus.
1244 4106 1354 4161 Hos
1380 4110 1803 4164 anathematiza—

237 4190 302 4243 vit
336 4193 516 4249 beatus
545 4194 785 4251 Thomas
826 4196 1024 4251 Christi
1072 4200 1378 4267 apostolus,
1411 4200 1610 4255 docens
1639 4204 1807 4257 ratio—

239 4284 465 4341 nabiliter
507 4288 768 4344 mundum
808 4289 1019 4343 initium
1049 4291 1332 4358 habuisse,
1364 4300 1415 4347 et
1439 4294 1564 4367 quia
1595 4294 1803 4350 initium

238 4373 439 4441 habuit,
490 4379 557 4434 ad
604 4381 769 4435 tinem
815 4395 936 4436 esse
982 4374 1287 4438 venturum.
1344 4385 1576 4452 Angelos
1623 4394 1803 4441 autem

238 4570 321 4612 eos
366 4577 471 4617 non
525 4564 769 4634 potuisse
815 4567 1165 4621 constituere.
1225 4566 1568 4625 Conditorem
1619 4581 1802 4629 autem

239 4655 400 4710 mundi
445 4674 612 4714 unum
662 4674 779 4716 esse
808 4661 1005 4727 Deum,
1055 4676 1216 4730 quem
1254 4661 1466 4737 Moyses
1493 4667 1805 4735 prtedicavit

237 4741 407 4802 fecisse
446 4750 645 4806 cmlum
689 4757 745 4806 et
793 4759 990 4806 terram
1010 4794 1023 4817 ,
1053 4761 1107 4807 et
1136 4768 1284 4808 mare
1311 4761 1366 4808 et
1392 4758 1572 4811 omnia
1600 4775 1720 4830 qua:
1748 4761 1805 4815 in

238 4833 307 4887 eis
331 4846 465 4895 sunt.

965 4911 1051 4968 VI.

298 5019 450 5075 Sexta
479 5024 698 5081 haeresis
725 5024 1121 5095 Gnosticorum,
1153 5029 1245 5100 qui
1272 5027 1639 5089 Gnostieos-se
1664 5045 1804 5106 cap-

303 5187 327 5217 ι
362 5179 484 5251 Leg.
538 5182 722 5239 Graeca
761 5187 961 5239 ratione
994 5202 1117 5241 cum
1157 5186 1427 5244 Cotelerio
1456 5189 1524 5245 ad
1562 5189 1791 5247 Constit.

243 5257 399 5309 apost.
426 5253 515 5307 lib.
548 5272 622 5309 vt.
645 5270 766 5309 can.
789 5254 843 5309 8.
873 5267 988 5309 not.
1016 5256 1070 5309 9.

273 5257 399 5317 post.
426 5256 515 5307 lib.
548 5272 622 5317 vt,
645 5270 766 5325 cap.
789 5256 843 5321 8,
873 5267 988 5310 not.
1016 5256 1070 5311 9.

305 5317 337 5398 ξ
364 5320 557 5398 Habuit
584 5325 1120 5398 Nicolausdiaconus
1157 5337 1499 5384 accusatores
1523 5345 1669 5397 suos,
1701 5333 1799 5387 ha-

242 5385 347 5472 buit
370 5402 421 5472 et
446 5392 773 5472 defensores.
818 5396 1089 5472 Utrosque
1123 5408 1373 5454 accurate
1417 5385 1668 5457 recenset
1698 5385 1805 5458 Co-

247 5457 466 5532 telerius,
496 5463 603 5521 loc.
631 5465 748 5532 cit.,
772 5474 883 5521 not.
918 5457 1005 5521 16.

313 5538 333 5609 ξ
372 5529 465 5609 Ms.
496 5529 780 5609 nugieuse,
814 5538 1085 5609 appellari.

309 5593 335 5632 ⁸
370 5599 463 5674 his.
494 5593 653 5674 Διιᾷη
681 5593 903 5662 cernenti

318 5675 340 5705 ⁸
375 5668 487 5730 lloc
502 5668 667 5745 caput
688 5676 746 5731 in
771 5692 873 5734 ms.
914 5676 1169 5750 Augiensi
1198 5677 1466 5736 decimum
1490 5690 1603 5747 est,
1636 5695 1698 5737 ac
1725 5680 1802 5737 sic

1863 1807 1869 1813 ’
1904 1824 2219 1896 Pythagora:
2248 1828 2550 1899 philosophi
2572 1832 2807 1900 ponebat
2835 1832 2887 1886 in
2913 1833 3090 1887 medio
3116 1835 3300 1904 populi
3328 1850 3488 1903 quem

1902 1915 2234 1983 decipiebat,
2279 1925 2334 1971 et
2374 1918 2603 1974 iaciebat
2645 1935 2740 1975 eos
2768 1921 2849 1976 his
2879 1922 3199 1989 imaginibus
3226 1924 3487 1977 honorem

1901 2004 2125 2060 Deitatis
2153 2008 2411 2062 exhibere
2438 2018 2493 2062 et
2521 2010 2799 2064 incensum
2826 2026 3047 2081 ponere.
3082 2011 3192 2066 Hos
3218 2012 3490 2069 damnavit

1902 2096 2043 2165 apud
2089 2096 2323 2169 Cyprum
2369 2100 2558 2153 beatus
2618 2100 2893 2155 Barnabas
2934 2100 3130 2155 Christi
3179 2102 3490 2173 discipulus,

1901 2185 2102 2241 docens
2149 2203 2245 2243 eos
2294 2189 2568 2244 ministros
2614 2205 2733 2245 esse
2779 2190 3023 2257 Satanae,
3070 2200 3126 2246 et
3154 2209 3261 2247 non
3292 2193 3491 2249 debere

1902 2279 2184 2333 constituit
2218 2280 2579 2336 Christianum
2620 2284 2835 2354 penitus
2871 2300 2992 2340 cum
3032 2285 3115 2340 his
3144 2286 3343 2341 habere
3371 2302 3487 2344 ser-

1902 2385 2137 2426 munem.

2625 2443 2759 2498 VIII.

1975 2552 2175 2610 Octava
2223 2556 2443 2612 bzeresis
2491 2555 2991 2623 Cerinthianorum,
3023 2574 3055 2613 a
3082 2557 3358 2614 Cerintho.
3404 2559 3493 2614 Di-

1904 2648 2098 2703 cebant
2124 2649 2378 2703 mundum
2419 2651 2488 2705 ab
2517 2650 2718 2718 angelis
2745 2650 2979 2717 factum,
3013 2648 3037 2687 δ
3070 2666 3232 2706 carne
3258 2652 3490 2706 circum-

1905 2740 2009 2794 cidi
2039 2740 2237 2795 debere
2262 2780 2277 2806 ,
2327 2742 2527 2819 veteris
2570 2741 2899 2797 Testamenti
2935 2742 3226 2797 secundum
3256 2743 3492 2797 litteram

1905 2831 2103 2886 debere
2149 2839 2417 2902 prmcepta
2463 2834 2684 2888 servari.
2743 2832 2925 2888 Jesum
2963 2835 3234 2890 hominem
3260 2843 3493 2889 tanlum-

1905 2922 2070 2977 modo
2115 2921 2279 2977 fuisse
2303 2961 2318 2986 ,
2371 2939 2480 2977 non
2506 2924 2896 2992 resurrexisse,
2928 2924 3022 2979 sed
3051 2925 3227 2981 adhuc
3251 2942 3496 2980 resurre«

1907 3021 2119 3067 cturum
2170 3028 2287 3067 esse
2334 3014 2724 3069 memorabant.
2783 3014 2895 3070 llos
2949 3016 3005 3070 in
3043 3014 3254 3071 Galatia
3290 3023 3495 3070 mterno

1827 3088 1873 3149 C
1908 3102 2252 3159 anathemate
2300 3103 2491 3159 beatus
2534 3106 2810 3175 apostolus
2850 3105 3050 3162 Paulus
3094 3096 3492 3163 candemnavit.

1908 3189 2017 3246 Hos
2046 3191 2276 3262 denique
2305 3183 2477 3263 tangit
2505 3195 2558 3249 in
2599 3210 2694 3251 sua
2724 3194 2965 3265 Epistola
2991 3211 3151 3266 quam
3182 3196 3249 3250 ad
3277 3195 3497 3253 Galatas

1905 3283 2070 3338 misit.

1893 3346 1907 3355 “
2032 3397 2036 3401 1
2633 3350 2776 3409 oIX.

1976 3464 2129 3520 Nona
2170 3465 2388 3521 haeresis
2434 3466 2853 3544 Nazarenorum.
2908 3465 3098 3520 Filium
3142 3467 3359 3537 quidem
3400 3468 3498 3525 Dei

1906 3558 2250 3624 conﬁtentur,
2292 3568 2506 3612 omnem
2537 3566 2716 3612 autem
2746 3559 2906 3613 ritum
2934 3558 3134 3614 'veteris
3164 3558 3496 3614 Testamenti

1903 3648 2127 3704 Judaico
2173 3664 2325 3705 more
2365 3658 2703 3705 conservant.
2765 3648 2875 3705 llos
2924 3648 3107 3704 docuit
3146 3649 3337 3705 beatus
3363 3665 3496 3719 apo-

1905 3743 2077 3798 stolus
2120 3740 2316 3796 Paulus
2362 3742 2560 3798 debere
2599 3743 2911 3813 spiritaliter
2955 3740 3260 3812 Scripturas
3301 3742 3495 3797 adver-

1905 3843 2051 3902 tere;
2076 3843 2131 3890 et
2158 3835 2257 3890 hos
2283 3836 2334 3890 in
2362 3833 2615 3891 Ecelcsiis
2650 3835 2668 3871 ί
2696 3834 2904 3889 Galatia
2928 3833 3302 3904 deprehendit,
3335 3843 3498 3902 atque

1906 3942 2014 3980 non
2070 3926 2470 3980 consentientes
2526 3924 2784 3979 doeti'inzn
2842 3939 2954 4005 sua:
3000 3924 3330 3979 anathemati
3374 3921 3497 3979 esse

1906 4019 2205 4075 constituit.

2633 4086 2765 4140 ΒΧ.

1983 4197 2197 4254 Decima
2244 4197 2461 4253 hieresis
2507 4196 2750 4251 Ebionei.
2812 4196 3095 4251 Hominem
3130 4197 3301 4250 solum
3333 4194 3496 4250 fuisse

1908 4293 2193 4348 Dominum
2238 4290 2420 4347 Jesum
2471 4288 2742 4345 Christum
2791 4297 3063 4352 asserunt,
3105 4298 3160 4341 et
3188 4288 3319 4355 legis
3342 4304 3495 4341 man-

1908 4384 2033 4439 data
2080 4399 2232 4439 more
2282 4382 2505 4437 Judaico
2562 4380 2910 4436 custodienda
2967 4380 3320 4436 constituunt.
3389 4378 3499 4434 Hos

133 4532 141 4540 _
239 4470 663 4540 omnipotentiam
695 4474 902 4555 habere.
934 4491 1043 4529 non
1071 4491 1259 4545 pOsse,
1292 4488 1348 4533 et
1386 4480 1506 4533 ideo
1546 4481 1803 4536 mundum
1834 4462 1885 4522 Β
1910 4475 2085 4531 Lucas
2127 4474 2452 4542 evangelista
2498 4472 2639 4543 apud
2681 4472 3069 4526 Antiochenam
3099 4470 3379 4526 ecclesiam
3410 4470 3496 4524 in-

1908 4570 2131 4625 veniens
2176 4567 2591 4631 condemnavit,
2639 4565 2841 4620 docens
2888 4563 3135 4631 angelum
3183 4561 3381 4616 dixisse
3429 4561 3498 4615 ad

1910 4642 2130 4718 Mariam
2161 4681 2172 4716 :
2208 4662 2435 4733 Spiritus
2466 4669 2674 4714 sanctus
2711 4659 3030 4728 superreniet
3065 4658 3118 4709 in
3147 4664 3228 4720 te,
3261 4663 3309 4709 et
3337 4657 3496 4711 uirtus

1908 4758 2161 4812 Altissimi
2190 4752 2513 4811 obumbrabit
2535 4760 2600 4805 te.
2636 4750 2765 4815 Ideo
2786 4758 2834 4803 et
2862 4749 2917 4801 id
2946 4748 3083 4819 quod
3104 4744 3166 4801 ea:
3192 4757 3237 4801 te
3256 4757 3494 4801 nascetur

1909 4859 2165 4914 sanctum,
2190 4847 2453 4901 vocabitur
2479 4841 2649 4898 Filius
2680 4839 2776 4894 Dei
2810 4837 2958 4894 (Luc.
2992 4856 3028 4904 ι,
3058 4835 3169 4904 55).

2658 4931 2742 4986 λι.

1981 5032 2275 5089 Undecima
2316 5026 2532 5084 haeresis
2560 5023 3060 5080 Valentinianorum
3078 5061 3093 5088 ,
3126 5036 3158 5076 a
3184 5020 3492 5077 Valentino.

1908 5190 2104 5260 legitur
2132 5206 2145 5240 :
2178 5186 2394 5260 Decima
2423 5183 2633 5236 hazresis
2678 5188 2756 5260 est
2792 5176 3221 5260 Nazarenortmt;
3254 5192 3374 5260 .cunt
3401 5173 3498 5260 i-

1915 5244 2040 5315 ιῖἶῖηι
2071 5258 2166 5312 Dei
2211 5257 2573 5326 conﬁteantur,
2617 5252 2790 5326 omnia
2840 5259 3015 5326 tamen
3038 5248 3218 5326 reteris
3247 5245 3374 5326 legis
3404 5244 3495 5297 ob—

1914 5314 2151 5392 servant;
2197 5314 2319 5399 quaz'
2353 5314 2635 5399 Christiani
2678 5337 2769 5390 per
2789 5318 3130 5399 .apostolicqnt
3167 5314 3496 5399 traditionnn

1912 5383 2015 5455 non
2040 5383 2315 5456 obseruant
2362 5383 2799 5460 carnalium-sed
2831 5383 3172 5457 spiritualiter
3209 5383 3496 5455 intelligere

1911 5471 2222 5525 didicerunt.

1988 5539 2008 5579 ί
2048 5539 2229 5603 Forte,
2263 5534 2505 5591 Galatiae.

1982 5620 2007 5658 8
2047 5610 2162 5665 Hoc
2189 5616 2349 5679 caput
2381 5608 2433 5662 in
2460 5622 2561 5660 nis.
2590 5604 2723 5672 Aug.
2748 5611 2947 5654 nonum
2976 5604 3077 5649 est.
