  <div class='ocr_page' id='page_1' title='image "/cluster/home/n/w/nwhite01/storage/ocr_20150623/53/hvd.32044073505091/303.png"; bbox 0 0 3884 6184; ppageno 0'>
   <div class='ocr_carea' id='block_1_1' title="bbox 446 268 541 325">
    <p class='ocr_par' dir='ltr' id='par_1_1' title="bbox 446 268 541 325">
     <span class='ocr_line' id='line_1_1' title="bbox 446 268 541 325; baseline -0.021 0"><span class='ocrx_word' id='word_1_1' title='bbox 446 268 541 325; x_wconf 60' lang='grc' dir='ltr'><strong>δεδι</strong></span> 
     </span>
    </p>
   </div>
   <div class='ocr_carea' id='block_1_2' title="bbox 1443 263 2691 323">
    <p class='ocr_par' dir='ltr' id='par_1_2' title="bbox 1443 263 2691 323">
     <span class='ocr_line' id='line_1_2' title="bbox 1443 263 2691 323; baseline 0.001 -3"><span class='ocrx_word' id='word_1_2' title='bbox 1443 264 1815 322; x_wconf 74' lang='lat' dir='ltr'><strong>ANONYMUS</strong></span> <span class='ocrx_word' id='word_1_3' title='bbox 1853 264 2129 320; x_wconf 78' lang='lat' dir='ltr'><strong>AUCTOR</strong></span> <span class='ocrx_word' id='word_1_4' title='bbox 2170 263 2691 323; x_wconf 66' lang='lat' dir='ltr'><strong>PREDESTINATI</strong></span> 
     </span>
    </p>
   </div>
   <div class='ocr_carea' id='block_1_3' title="bbox 3575 275 3662 333">
    <p class='ocr_par' dir='ltr' id='par_1_3' title="bbox 3575 275 3662 333">
     <span class='ocr_line' id='line_1_3' title="bbox 3575 275 3662 333; baseline 0 -6"><span class='ocrx_word' id='word_1_5' title='bbox 3575 275 3662 333; x_wconf 75' lang='lat'><strong>592</strong></span> 
     </span>
    </p>
   </div>
   <div class='ocr_carea' id='block_1_4' title="bbox 448 383 3664 460">
    <p class='ocr_par' dir='ltr' id='par_1_4' title="bbox 448 383 3664 460">
     <span class='ocr_line' id='line_1_4' title="bbox 448 383 3664 460; baseline 0.001 -16"><span class='ocrx_word' id='word_1_6' title='bbox 448 390 512 445; x_wconf 83' lang='lat' dir='ltr'><strong>lli</strong></span> <span class='ocrx_word' id='word_1_7' title='bbox 543 406 639 460; x_wconf 86' lang='lat' dir='ltr'><strong>per</strong></span> <span class='ocrx_word' id='word_1_8' title='bbox 664 388 936 445; x_wconf 93' lang='lat' dir='ltr'><strong>Orientem</strong></span> <span class='ocrx_word' id='word_1_9' title='bbox 965 389 1191 459; x_wconf 80' lang='lat' dir='ltr'><strong>dispersi</strong></span> <span class='ocrx_word' id='word_1_10' title='bbox 1218 388 1453 456; x_wconf 73' lang='lat' dir='ltr'><strong>graviter</strong></span> <span class='ocrx_word' id='word_1_11' title='bbox 1478 388 1570 442; x_wconf 86' lang='lat' dir='ltr'><strong>Dei</strong></span> <span class='ocrx_word' id='word_1_12' title='bbox 1597 385 1892 441; x_wconf 83' lang='lat' dir='ltr'><strong>Ecclesiam</strong></span> <span class='ocrx_word' id='word_1_13' title='bbox 1920 385 2029 440; x_wconf 85' lang='lat' dir='ltr'><strong>vul-</strong></span> <span class='ocrx_word' id='word_1_14' title='bbox 2059 392 2103 451; x_wconf 75' lang='grc' dir='ltr'>Α</span> <span class='ocrx_word' id='word_1_15' title='bbox 2135 387 2341 456; x_wconf 84' lang='lat' dir='ltr'><strong>primus</strong></span> <span class='ocrx_word' id='word_1_16' title='bbox 2386 386 2550 441; x_wconf 93' lang='lat' dir='ltr'><strong>homo</strong></span> <span class='ocrx_word' id='word_1_17' title='bbox 2597 386 2891 449; x_wconf 85' lang='lat' dir='ltr'><strong>amiserat,</strong></span> <span class='ocrx_word' id='word_1_18' title='bbox 2942 391 3240 440; x_wconf 77' lang='lat' dir='ltr'><strong>revocatur.</strong></span> <span class='ocrx_word' id='word_1_19' title='bbox 3283 383 3544 458; x_wconf 77' lang='lat' dir='ltr'><strong>Secunda,</strong></span> <span class='ocrx_word' id='word_1_20' title='bbox 3563 406 3664 448; x_wconf 79' lang='lat' dir='ltr'><strong>cura</strong></span> 
     </span>
    </p>
   </div>
   <div class='ocr_carea' id='block_1_5' title="bbox 446 478 2030 550">
    <p class='ocr_par' dir='ltr' id='par_1_5' title="bbox 446 478 2030 550">
     <span class='ocr_line' id='line_1_5' title="bbox 446 478 2030 550; baseline -0.003 -15"><span class='ocrx_word' id='word_1_21' title='bbox 446 489 734 545; x_wconf 89' lang='lat' dir='ltr'><strong>nerarunt,</strong></span> <span class='ocrx_word' id='word_1_22' title='bbox 778 480 1018 536; x_wconf 83' lang='lat' dir='ltr'><strong>dicentes</strong></span> <span class='ocrx_word' id='word_1_23' title='bbox 1045 479 1365 550; x_wconf 85' lang='lat' dir='ltr'><strong>profundum</strong></span> <span class='ocrx_word' id='word_1_24' title='bbox 1396 487 1452 533; x_wconf 91' lang='lat' dir='ltr'><strong>et</strong></span> <span class='ocrx_word' id='word_1_25' title='bbox 1479 478 1642 532; x_wconf 86' lang='lat' dir='ltr'><strong>altum</strong></span> <span class='ocrx_word' id='word_1_26' title='bbox 1670 492 1850 532; x_wconf 83' lang='lat' dir='ltr'><strong>secum</strong></span> <span class='ocrx_word' id='word_1_27' title='bbox 1880 491 2030 531; x_wconf 90' lang='lat' dir='ltr'><strong>com-</strong></span> 
     </span>
    </p>
   </div>
   <div class='ocr_carea' id='block_1_6' title="bbox 449 558 2030 640">
    <p class='ocr_par' dir='ltr' id='par_1_6' title="bbox 449 558 2030 640">
     <span class='ocr_line' id='line_1_6' title="bbox 449 558 2030 640; baseline -0.003 -13"><span class='ocrx_word' id='word_1_28' title='bbox 449 574 635 627; x_wconf 79' lang='lat' dir='ltr'><strong>mixta.</strong></span> <span class='ocrx_word' id='word_1_29' title='bbox 695 571 774 626; x_wconf 76' lang='lat' dir='ltr'><strong>Ex</strong></span> <span class='ocrx_word' id='word_1_30' title='bbox 800 572 994 640; x_wconf 83' lang='lat' dir='ltr'><strong>quibus</strong></span> <span class='ocrx_word' id='word_1_31' title='bbox 1021 571 1264 637; x_wconf 84' lang='lat' dir='ltr'><strong>duobus,</strong></span> <span class='ocrx_word' id='word_1_32' title='bbox 1298 570 1441 625; x_wconf 84' lang='lat' dir='ltr'><strong>velut</strong></span> <span class='ocrx_word' id='word_1_33' title='bbox 1465 584 1532 624; x_wconf 75' lang='lat' dir='ltr'><strong>ex</strong></span> <span class='ocrx_word' id='word_1_34' title='bbox 1560 558 1843 638; x_wconf 76' lang='lat' dir='ltr'><strong>conjugio&#39;,</strong></span> <span class='ocrx_word' id='word_1_35' title='bbox 1875 584 2030 622; x_wconf 89' lang='lat' dir='ltr'><strong>mun-</strong></span> 
     </span>
    </p>
   </div>
   <div class='ocr_carea' id='block_1_7' title="bbox 448 659 2031 732">
    <p class='ocr_par' dir='ltr' id='par_1_7' title="bbox 448 659 2031 732">
     <span class='ocr_line' id='line_1_7' title="bbox 448 659 2031 732; baseline -0.002 -16"><span class='ocrx_word' id='word_1_36' title='bbox 448 664 574 716; x_wconf 88' lang='lat' dir='ltr'><strong>dum</strong></span> <span class='ocrx_word' id='word_1_37' title='bbox 601 664 957 732; x_wconf 87' lang='lat' dir='ltr'><strong>processisse:</strong></span> <span class='ocrx_word' id='word_1_38' title='bbox 982 662 1149 717; x_wconf 89' lang='lat' dir='ltr'><strong>altum</strong></span> <span class='ocrx_word' id='word_1_39' title='bbox 1177 661 1419 717; x_wconf 84' lang='lat' dir='ltr'><strong>dicentes</strong></span> <span class='ocrx_word' id='word_1_40' title='bbox 1443 659 1679 725; x_wconf 81' lang='lat' dir='ltr'><strong>Patrem,</strong></span> <span class='ocrx_word' id='word_1_41' title='bbox 1708 659 2031 730; x_wconf 80' lang='lat' dir='ltr'><strong>profundum</strong></span> 
     </span>
    </p>
   </div>
   <div class='ocr_carea' id='block_1_8' title="bbox 451 749 2027 823">
    <p class='ocr_par' dir='ltr' id='par_1_8' title="bbox 451 749 2027 823">
     <span class='ocr_line' id='line_1_8' title="bbox 451 749 2027 823; baseline -0.001 -17"><span class='ocrx_word' id='word_1_42' title='bbox 451 752 663 815; x_wconf 82' lang='lat' dir='ltr'><strong>Filium,</strong></span> <span class='ocrx_word' id='word_1_43' title='bbox 694 767 924 822; x_wconf 87' lang='lat' dir='ltr'><strong>eumque</strong></span> <span class='ocrx_word' id='word_1_44' title='bbox 949 753 1084 807; x_wconf 81' lang='lat' dir='ltr'><strong>nihil</strong></span> <span class='ocrx_word' id='word_1_45' title='bbox 1113 753 1465 823; x_wconf 83' lang='lat' dir='ltr'><strong>assumpsisse</strong></span> <span class='ocrx_word' id='word_1_46' title='bbox 1492 751 1559 806; x_wconf 93' lang='lat' dir='ltr'><strong>de</strong></span> <span class='ocrx_word' id='word_1_47' title='bbox 1597 749 1764 804; x_wconf 82' lang='lat' dir='ltr'><strong>Maria</strong></span> <span class='ocrx_word' id='word_1_48' title='bbox 1794 750 2027 818; x_wconf 78' lang='lat' dir='ltr'><strong>virgine;</strong></span> 
     </span>
    </p>
   </div>
   <div class='ocr_carea' id='block_1_9' title="bbox 448 842 2027 914">
    <p class='ocr_par' dir='ltr' id='par_1_9' title="bbox 448 842 2027 914">
     <span class='ocr_line' id='line_1_9' title="bbox 448 842 2027 914; baseline 0 -19"><span class='ocrx_word' id='word_1_49' title='bbox 448 842 541 896; x_wconf 85' lang='lat' dir='ltr'><strong>sed</strong></span> <span class='ocrx_word' id='word_1_50' title='bbox 571 844 719 897; x_wconf 90' lang='lat' dir='ltr'><strong>illum</strong></span> <span class='ocrx_word' id='word_1_51' title='bbox 738 885 753 909; x_wconf 94' lang='lat'><strong>,</strong></span> <span class='ocrx_word' id='word_1_52' title='bbox 788 853 1041 912; x_wconf 90' lang='lat' dir='ltr'><strong>tanquam</strong></span> <span class='ocrx_word' id='word_1_53' title='bbox 1090 859 1285 913; x_wconf 88' lang='lat' dir='ltr'><strong>aquam</strong></span> <span class='ocrx_word' id='word_1_54' title='bbox 1316 860 1413 914; x_wconf 89' lang='lat' dir='ltr'><strong>per</strong></span> <span class='ocrx_word' id='word_1_55' title='bbox 1453 844 1625 898; x_wconf 90' lang='lat' dir='ltr'><strong>rivum</strong></span> <span class='ocrx_word' id='word_1_56' title='bbox 1654 850 1747 896; x_wconf 88' lang='lat' dir='ltr'><strong>aut</strong></span> <span class='ocrx_word' id='word_1_57' title='bbox 1775 842 2027 908; x_wconf 82' lang='lat' dir='ltr'><strong>ﬁstulam,</strong></span> 
     </span>
    </p>
   </div>
   <div class='ocr_carea' id='block_1_10' title="bbox 448 933 2032 1005">
    <p class='ocr_par' dir='ltr' id='par_1_10' title="bbox 448 933 2032 1005">
     <span class='ocr_line' id='line_1_10' title="bbox 448 933 2032 1005; baseline -0.001 -17"><span class='ocrx_word' id='word_1_58' title='bbox 448 936 564 989; x_wconf 84' lang='lat' dir='ltr'><strong>sine</strong></span> <span class='ocrx_word' id='word_1_59' title='bbox 592 936 698 990; x_wconf 89' lang='lat' dir='ltr'><strong>ulla</strong></span> <span class='ocrx_word' id='word_1_60' title='bbox 724 937 900 991; x_wconf 86' lang='lat' dir='ltr'><strong>carnis</strong></span> <span class='ocrx_word' id='word_1_61' title='bbox 933 937 1296 1005; x_wconf 78' lang='lat' dir='ltr'><strong>assumptione</strong></span> <span class='ocrx_word' id='word_1_62' title='bbox 1329 936 1602 989; x_wconf 82' lang='lat' dir='ltr'><strong>transisse.</strong></span> <span class='ocrx_word' id='word_1_63' title='bbox 1635 933 1824 989; x_wconf 84' lang='lat' dir='ltr'><strong>Carnis</strong></span> <span class='ocrx_word' id='word_1_64' title='bbox 1852 942 2032 987; x_wconf 86' lang='lat' dir='ltr'><strong>autem</strong></span> 
     </span>
    </p>
   </div>
   <div class='ocr_carea' id='block_1_11' title="bbox 447 1024 2032 1094">
    <p class='ocr_par' dir='ltr' id='par_1_11' title="bbox 447 1024 2032 1094">
     <span class='ocr_line' id='line_1_11' title="bbox 447 1024 2032 1094; baseline -0.001 -14"><span class='ocrx_word' id='word_1_65' title='bbox 447 1026 898 1082; x_wconf 85' lang='lat' dir='ltr'><strong>resurrectionem</strong></span> <span class='ocrx_word' id='word_1_66' title='bbox 930 1026 1253 1082; x_wconf 86' lang='lat' dir='ltr'><strong>omnimodis</strong></span> <span class='ocrx_word' id='word_1_67' title='bbox 1279 1026 1624 1094; x_wconf 88' lang='lat' dir='ltr'><strong>denegantes.</strong></span> <span class='ocrx_word' id='word_1_68' title='bbox 1672 1024 1781 1081; x_wconf 84' lang='lat' dir='ltr'><strong>Hos</strong></span> <span class='ocrx_word' id='word_1_69' title='bbox 1810 1026 2032 1079; x_wconf 85' lang='lat' dir='ltr'><strong>anathe-</strong></span> 
     </span>
    </p>
   </div>
   <div class='ocr_carea' id='block_1_12' title="bbox 447 1114 2027 1186">
    <p class='ocr_par' dir='ltr' id='par_1_12' title="bbox 447 1114 2027 1186">
     <span class='ocr_line' id='line_1_12' title="bbox 447 1114 2027 1186; baseline 0 -17"><span class='ocrx_word' id='word_1_70' title='bbox 447 1117 721 1172; x_wconf 82' lang='lat' dir='ltr'><strong>matizavit</strong></span> <span class='ocrx_word' id='word_1_71' title='bbox 769 1117 960 1172; x_wconf 89' lang='lat' dir='ltr'><strong>beatus</strong></span> <span class='ocrx_word' id='word_1_72' title='bbox 1011 1116 1299 1173; x_wconf 72' lang='lat' dir='ltr'><strong>Zacchmus</strong></span> <span class='ocrx_word' id='word_1_73' title='bbox 1342 1114 1685 1172; x_wconf 64' lang='lat' dir='ltr'><strong>Caesariensis</strong></span> <span class='ocrx_word' id='word_1_74' title='bbox 1723 1116 2027 1186; x_wconf 88' lang='lat' dir='ltr'><strong>episcopus,</strong></span> 
     </span>
    </p>
   </div>
   <div class='ocr_carea' id='block_1_13' title="bbox 448 1204 2032 1273">
    <p class='ocr_par' dir='ltr' id='par_1_13' title="bbox 448 1204 2032 1273">
     <span class='ocr_line' id='line_1_13' title="bbox 448 1204 2032 1273; baseline 0.001 -14"><span class='ocrx_word' id='word_1_75' title='bbox 448 1204 648 1261; x_wconf 85' lang='lat' dir='ltr'><strong>docens</strong></span> <span class='ocrx_word' id='word_1_76' title='bbox 698 1207 981 1262; x_wconf 90' lang='lat' dir='ltr'><strong>Dominum</strong></span> <span class='ocrx_word' id='word_1_77' title='bbox 1027 1214 1273 1262; x_wconf 89' lang='lat' dir='ltr'><strong>nostrum</strong></span> <span class='ocrx_word' id='word_1_78' title='bbox 1318 1205 1502 1262; x_wconf 75' lang='lat' dir='ltr'><strong>Iesum</strong></span> <span class='ocrx_word' id='word_1_79' title='bbox 1529 1206 1832 1273; x_wconf 88' lang='lat' dir='ltr'><strong>Christum,</strong></span> <span class='ocrx_word' id='word_1_80' title='bbox 1863 1206 2032 1261; x_wconf 90' lang='lat' dir='ltr'><strong>Deum</strong></span> 
     </span>
    </p>
   </div>
   <div class='ocr_carea' id='block_1_14' title="bbox 450 1297 2031 1367">
    <p class='ocr_par' dir='ltr' id='par_1_14' title="bbox 450 1297 2031 1367">
     <span class='ocr_line' id='line_1_14' title="bbox 450 1297 2031 1367; baseline 0.001 -18"><span class='ocrx_word' id='word_1_81' title='bbox 450 1312 635 1350; x_wconf 84' lang='lat' dir='ltr'><strong>verum</strong></span> <span class='ocrx_word' id='word_1_82' title='bbox 686 1311 979 1366; x_wconf 86' lang='lat' dir='ltr'><strong>verumque</strong></span> <span class='ocrx_word' id='word_1_83' title='bbox 1024 1297 1335 1362; x_wconf 87' lang='lat' dir='ltr'><strong>hominem,</strong></span> <span class='ocrx_word' id='word_1_84' title='bbox 1396 1312 1495 1367; x_wconf 90' lang='lat' dir='ltr'><strong>per</strong></span> <span class='ocrx_word' id='word_1_85' title='bbox 1539 1297 1778 1366; x_wconf 87' lang='lat' dir='ltr'><strong>virginea</strong></span> <span class='ocrx_word' id='word_1_86' title='bbox 1824 1305 2031 1353; x_wconf 88' lang='lat' dir='ltr'><strong>secreta</strong></span> 
     </span>
    </p>
   </div>
   <div class='ocr_carea' id='block_1_15' title="bbox 451 1386 2034 1456">
    <p class='ocr_par' dir='ltr' id='par_1_15' title="bbox 451 1386 2034 1456">
     <span class='ocr_line' id='line_1_15' title="bbox 451 1386 2034 1456; baseline 0.003 -16"><span class='ocrx_word' id='word_1_87' title='bbox 451 1388 713 1443; x_wconf 85' lang='lat' dir='ltr'><strong>transisse</strong></span> <span class='ocrx_word' id='word_1_88' title='bbox 727 1429 742 1454; x_wconf 94' lang='lat'><strong>,</strong></span> <span class='ocrx_word' id='word_1_89' title='bbox 769 1403 837 1443; x_wconf 80' lang='lat' dir='ltr'><strong>ex</strong></span> <span class='ocrx_word' id='word_1_90' title='bbox 853 1389 1055 1443; x_wconf 88' lang='lat' dir='ltr'><strong>semine</strong></span> <span class='ocrx_word' id='word_1_91' title='bbox 1070 1386 1239 1445; x_wconf 83' lang='lat' dir='ltr'><strong>David</strong></span> <span class='ocrx_word' id='word_1_92' title='bbox 1265 1390 1559 1445; x_wconf 88' lang='lat' dir='ltr'><strong>secundum</strong></span> <span class='ocrx_word' id='word_1_93' title='bbox 1571 1405 1807 1456; x_wconf 88' lang='lat' dir='ltr'><strong>carnem,</strong></span> <span class='ocrx_word' id='word_1_94' title='bbox 1826 1390 1918 1445; x_wconf 90' lang='lat' dir='ltr'><strong>sed</strong></span> <span class='ocrx_word' id='word_1_95' title='bbox 1935 1391 2034 1445; x_wconf 88' lang='lat' dir='ltr'><strong>bo-</strong></span> 
     </span>
    </p>
   </div>
   <div class='ocr_carea' id='block_1_16' title="bbox 448 1478 2033 1559">
    <p class='ocr_par' dir='ltr' id='par_1_16' title="bbox 448 1478 2033 1559">
     <span class='ocr_line' id='line_1_16' title="bbox 448 1478 2033 1559; baseline 0.003 -27"><span class='ocrx_word' id='word_1_96' title='bbox 448 1478 648 1559; x_wconf 86' lang='lat' dir='ltr'><strong>minem</strong></span> <span class='ocrx_word' id='word_1_97' title='bbox 670 1489 691 1516; x_wconf 76' lang='grc'><strong><em>⁸</em></strong></span> <span class='ocrx_word' id='word_1_98' title='bbox 710 1494 832 1534; x_wconf 90' lang='lat' dir='ltr'><strong>vere</strong></span> <span class='ocrx_word' id='word_1_99' title='bbox 843 1489 1048 1547; x_wconf 87' lang='lat' dir='ltr'><strong>natum,</strong></span> <span class='ocrx_word' id='word_1_100' title='bbox 1064 1496 1192 1537; x_wconf 89' lang='lat' dir='ltr'><strong>vere</strong></span> <span class='ocrx_word' id='word_1_101' title='bbox 1204 1497 1442 1551; x_wconf 88' lang='lat' dir='ltr'><strong>passum,</strong></span> <span class='ocrx_word' id='word_1_102' title='bbox 1460 1497 1587 1536; x_wconf 89' lang='lat' dir='ltr'><strong>vere</strong></span> <span class='ocrx_word' id='word_1_103' title='bbox 1597 1491 1886 1548; x_wconf 90' lang='lat' dir='ltr'><strong>mortuum,</strong></span> <span class='ocrx_word' id='word_1_104' title='bbox 1907 1497 2033 1537; x_wconf 87' lang='lat' dir='ltr'><strong>vere</strong></span> 
     </span>
    </p>
   </div>
   <div class='ocr_carea' id='block_1_17' title="bbox 447 1572 2028 1639">
    <p class='ocr_par' dir='ltr' id='par_1_17' title="bbox 447 1572 2028 1639">
     <span class='ocr_line' id='line_1_17' title="bbox 447 1572 2028 1639; baseline 0.004 -16"><span class='ocrx_word' id='word_1_105' title='bbox 447 1572 804 1627; x_wconf 80' lang='lat' dir='ltr'><strong>resurrexisse</strong></span> <span class='ocrx_word' id='word_1_106' title='bbox 827 1588 858 1626; x_wconf 88' lang='lat' dir='ltr'><strong>a</strong></span> <span class='ocrx_word' id='word_1_107' title='bbox 906 1574 1162 1639; x_wconf 84' lang='lat' dir='ltr'><strong>mortuis,</strong></span> <span class='ocrx_word' id='word_1_108' title='bbox 1204 1584 1261 1629; x_wconf 91' lang='lat' dir='ltr'><strong>et</strong></span> <span class='ocrx_word' id='word_1_109' title='bbox 1288 1589 1415 1629; x_wconf 87' lang='lat' dir='ltr'><strong>vere</strong></span> <span class='ocrx_word' id='word_1_110' title='bbox 1441 1575 1748 1630; x_wconf 79' lang='lat' dir='ltr'><strong>ascendisse</strong></span> <span class='ocrx_word' id='word_1_111' title='bbox 1776 1575 1828 1629; x_wconf 89' lang='lat' dir='ltr'><strong>in</strong></span> <span class='ocrx_word' id='word_1_112' title='bbox 1858 1575 2028 1632; x_wconf 78' lang='lat' dir='ltr'><strong>cmlis.</strong></span> 
     </span>
    </p>
   </div>
   <div class='ocr_carea' id='block_1_18' title="bbox 1187 1684 1301 1740">
    <p class='ocr_par' dir='ltr' id='par_1_18' title="bbox 1187 1684 1301 1740">
     <span class='ocr_line' id='line_1_18' title="bbox 1187 1684 1301 1740; baseline 0 0"><span class='ocrx_word' id='word_1_113' title='bbox 1187 1684 1301 1740; x_wconf 88' lang='lat' dir='ltr'><strong>XII.</strong></span> 
     </span>
    </p>
   </div>
   <div class='ocr_carea' id='block_1_19' title="bbox 516 1775 2031 1833">
    <p class='ocr_par' dir='ltr' id='par_1_19' title="bbox 516 1775 2031 1833">
     <span class='ocr_line' id='line_1_19' title="bbox 516 1775 2031 1833; baseline 0.002 -5"><span class='ocrx_word' id='word_1_114' title='bbox 516 1775 843 1830; x_wconf 76' lang='lat' dir='ltr'><strong>Duodecimn</strong></span> <span class='ocrx_word' id='word_1_115' title='bbox 882 1778 1100 1831; x_wconf 73' lang='lat' dir='ltr'><strong>hrcresis</strong></span> <span class='ocrx_word' id='word_1_116' title='bbox 1128 1776 1152 1815; x_wconf 72' lang='grc' dir='ltr'>δ</span> <span class='ocrx_word' id='word_1_117' title='bbox 1184 1776 1664 1833; x_wconf 89' lang='lat' dir='ltr'><strong>Secundianornm.</strong></span> <span class='ocrx_word' id='word_1_118' title='bbox 1717 1778 1833 1833; x_wconf 84' lang='lat' dir='ltr'><strong>Hoc</strong></span> <span class='ocrx_word' id='word_1_119' title='bbox 1858 1779 2031 1833; x_wconf 86' lang='lat' dir='ltr'><strong>solum</strong></span> 
     </span>
    </p>
   </div>
   <div class='ocr_carea' id='block_1_20' title="bbox 447 1867 2031 1940">
    <p class='ocr_par' dir='ltr' id='par_1_20' title="bbox 447 1867 2031 1940">
     <span class='ocr_line' id='line_1_20' title="bbox 447 1867 2031 1940; baseline 0.002 -19"><span class='ocrx_word' id='word_1_120' title='bbox 447 1884 478 1921; x_wconf 86' lang='lat' dir='ltr'><strong>a</strong></span> <span class='ocrx_word' id='word_1_121' title='bbox 499 1867 891 1923; x_wconf 83' lang='lat' dir='ltr'><strong>Valentinianis</strong></span> <span class='ocrx_word' id='word_1_122' title='bbox 921 1868 1143 1935; x_wconf 88' lang='lat' dir='ltr'><strong>distant,</strong></span> <span class='ocrx_word' id='word_1_123' title='bbox 1164 1870 1288 1940; x_wconf 90' lang='lat' dir='ltr'><strong>quia</strong></span> <span class='ocrx_word' id='word_1_124' title='bbox 1308 1869 1506 1925; x_wconf 87' lang='lat' dir='ltr'><strong>addunt</strong></span> <span class='ocrx_word' id='word_1_125' title='bbox 1533 1871 1657 1926; x_wconf 90' lang='lat' dir='ltr'><strong>huic</strong></span> <span class='ocrx_word' id='word_1_126' title='bbox 1683 1878 1845 1927; x_wconf 66' lang='lat' dir='ltr'><strong>sectae</strong></span> <span class='ocrx_word' id='word_1_127' title='bbox 1869 1871 2031 1925; x_wconf 85' lang='lat' dir='ltr'><strong>etiam</strong></span> 
     </span>
    </p>
   </div>
   <div class='ocr_carea' id='block_1_21' title="bbox 448 1960 2033 2033">
    <p class='ocr_par' dir='ltr' id='par_1_21' title="bbox 448 1960 2033 2033">
     <span class='ocr_line' id='line_1_21' title="bbox 448 1960 2033 2033; baseline 0.002 -19"><span class='ocrx_word' id='word_1_128' title='bbox 448 1960 834 2030; x_wconf 86' lang='lat' dir='ltr'><strong>turpitudinem</strong></span> <span class='ocrx_word' id='word_1_129' title='bbox 883 1962 1128 2031; x_wconf 90' lang='lat' dir='ltr'><strong>corporis</strong></span> <span class='ocrx_word' id='word_1_130' title='bbox 1149 2000 1165 2026; x_wconf 91' lang='lat'><strong>,</strong></span> <span class='ocrx_word' id='word_1_131' title='bbox 1207 1977 1369 2031; x_wconf 91' lang='lat' dir='ltr'><strong>quam</strong></span> <span class='ocrx_word' id='word_1_132' title='bbox 1411 1962 1563 2031; x_wconf 89' lang='lat' dir='ltr'><strong>quasi</strong></span> <span class='ocrx_word' id='word_1_133' title='bbox 1593 1963 1668 2016; x_wconf 88' lang='lat' dir='ltr'><strong>illi</strong></span> <span class='ocrx_word' id='word_1_134' title='bbox 1696 1962 2033 2033; x_wconf 87' lang='lat' dir='ltr'><strong>pseudocasti</strong></span> 
     </span>
    </p>
   </div>
   <div class='ocr_carea' id='block_1_22' title="bbox 448 2051 2031 2124">
    <p class='ocr_par' dir='ltr' id='par_1_22' title="bbox 448 2051 2031 2124">
     <span class='ocr_line' id='line_1_22' title="bbox 448 2051 2031 2124; baseline 0.001 -17"><span class='ocrx_word' id='word_1_135' title='bbox 448 2052 720 2108; x_wconf 86' lang='lat' dir='ltr'><strong>declinare</strong></span> <span class='ocrx_word' id='word_1_136' title='bbox 744 2068 802 2106; x_wconf 92' lang='lat' dir='ltr'><strong>se</strong></span> <span class='ocrx_word' id='word_1_137' title='bbox 830 2053 1103 2108; x_wconf 84' lang='lat' dir='ltr'><strong>simulant.</strong></span> <span class='ocrx_word' id='word_1_138' title='bbox 1165 2051 1274 2108; x_wconf 90' lang='lat' dir='ltr'><strong>llos</strong></span> <span class='ocrx_word' id='word_1_139' title='bbox 1301 2052 1575 2107; x_wconf 86' lang='lat' dir='ltr'><strong>damnavit</strong></span> <span class='ocrx_word' id='word_1_140' title='bbox 1615 2053 1878 2109; x_wconf 89' lang='lat' dir='ltr'><strong>Diodorus</strong></span> <span class='ocrx_word' id='word_1_141' title='bbox 1915 2055 2031 2124; x_wconf 89' lang='lat' dir='ltr'><strong>epi-</strong></span> 
     </span>
    </p>
   </div>
   <div class='ocr_carea' id='block_1_23' title="bbox 448 2142 962 2215">
    <p class='ocr_par' dir='ltr' id='par_1_23' title="bbox 448 2142 962 2215">
     <span class='ocr_line' id='line_1_23' title="bbox 448 2142 962 2215; baseline 0 -17"><span class='ocrx_word' id='word_1_142' title='bbox 448 2158 645 2215; x_wconf 87' lang='lat' dir='ltr'><strong>scopus</strong></span> <span class='ocrx_word' id='word_1_143' title='bbox 670 2142 962 2199; x_wconf 86' lang='lat' dir='ltr'><strong>Cretensis.</strong></span> 
     </span>
    </p>
   </div>
   <div class='ocr_carea' id='block_1_24' title="bbox 1169 2238 1306 2293">
    <p class='ocr_par' dir='ltr' id='par_1_24' title="bbox 1169 2238 1306 2293">
     <span class='ocr_line' id='line_1_24' title="bbox 1169 2238 1306 2293; baseline 0.007 -1"><span class='ocrx_word' id='word_1_144' title='bbox 1169 2238 1306 2293; x_wconf 85' lang='lat' dir='ltr'><strong>XIII.</strong></span> 
     </span>
    </p>
   </div>
   <div class='ocr_carea' id='block_1_25' title="bbox 518 2349 2034 2418">
    <p class='ocr_par' dir='ltr' id='par_1_25' title="bbox 518 2349 2034 2418">
     <span class='ocr_line' id='line_1_25' title="bbox 518 2349 2034 2418; baseline 0.004 -15"><span class='ocrx_word' id='word_1_145' title='bbox 518 2349 697 2405; x_wconf 86' lang='lat' dir='ltr'><strong>Tertia</strong></span> <span class='ocrx_word' id='word_1_146' title='bbox 735 2350 941 2405; x_wconf 86' lang='lat' dir='ltr'><strong>decima</strong></span> <span class='ocrx_word' id='word_1_147' title='bbox 977 2350 1196 2406; x_wconf 64' lang='lat' dir='ltr'><strong>hmresis</strong></span> <span class='ocrx_word' id='word_1_148' title='bbox 1229 2362 1251 2391; x_wconf 76' lang='grc' dir='ltr'>ε</span> <span class='ocrx_word' id='word_1_149' title='bbox 1282 2349 1648 2418; x_wconf 69' lang='lat' dir='ltr'><strong>Ptolemeitae,</strong></span> <span class='ocrx_word' id='word_1_150' title='bbox 1680 2367 1711 2407; x_wconf 88' lang='lat' dir='ltr'><strong>a</strong></span> <span class='ocrx_word' id='word_1_151' title='bbox 1742 2350 2034 2409; x_wconf 71' lang='lat' dir='ltr'><strong>Ptolemmo</strong></span> 
     </span>
    </p>
   </div>
   <div class='ocr_carea' id='block_1_26' title="bbox 445 2440 2035 2517">
    <p class='ocr_par' dir='ltr' id='par_1_26' title="bbox 445 2440 2035 2517">
     <span class='ocr_line' id='line_1_26' title="bbox 445 2440 2035 2517; baseline 0.004 -23"><span class='ocrx_word' id='word_1_152' title='bbox 445 2440 713 2517; x_wconf 67' lang='lat' dir='ltr'><strong>yalentini</strong></span> <span class='ocrx_word' id='word_1_153' title='bbox 737 2440 1021 2512; x_wconf 77' lang='lat' dir='ltr'><strong>discipulo,</strong></span> <span class='ocrx_word' id='word_1_154' title='bbox 1037 2444 1130 2512; x_wconf 89' lang='lat' dir='ltr'><strong>qui</strong></span> <span class='ocrx_word' id='word_1_155' title='bbox 1151 2444 1289 2498; x_wconf 90' lang='lat' dir='ltr'><strong>hanc</strong></span> <span class='ocrx_word' id='word_1_156' title='bbox 1309 2445 1553 2499; x_wconf 87' lang='lat' dir='ltr'><strong>eamdem</strong></span> <span class='ocrx_word' id='word_1_157' title='bbox 1585 2444 1827 2499; x_wconf 83' lang='lat' dir='ltr'><strong>haeresim</strong></span> <span class='ocrx_word' id='word_1_158' title='bbox 1857 2446 2035 2501; x_wconf 87' lang='lat' dir='ltr'><strong>acrius</strong></span> 
     </span>
    </p>
   </div>
   <div class='ocr_carea' id='block_1_27' title="bbox 445 2533 2034 2605">
    <p class='ocr_par' dir='ltr' id='par_1_27' title="bbox 445 2533 2034 2605">
     <span class='ocr_line' id='line_1_27' title="bbox 445 2533 2034 2605; baseline 0.004 -19"><span class='ocrx_word' id='word_1_159' title='bbox 445 2533 770 2601; x_wconf 89' lang='lat' dir='ltr'><strong>disputando</strong></span> <span class='ocrx_word' id='word_1_160' title='bbox 818 2533 1097 2604; x_wconf 87' lang='lat' dir='ltr'><strong>dispersit;</strong></span> <span class='ocrx_word' id='word_1_161' title='bbox 1146 2534 1236 2603; x_wconf 93' lang='lat' dir='ltr'><strong>qui</strong></span> <span class='ocrx_word' id='word_1_162' title='bbox 1287 2535 1478 2590; x_wconf 90' lang='lat' dir='ltr'><strong>eodem</strong></span> <span class='ocrx_word' id='word_1_163' title='bbox 1517 2542 1761 2605; x_wconf 91' lang='lat' dir='ltr'><strong>tempore</strong></span> <span class='ocrx_word' id='word_1_164' title='bbox 1789 2552 1818 2590; x_wconf 90' lang='lat' dir='ltr'><strong>a</strong></span> <span class='ocrx_word' id='word_1_165' title='bbox 1848 2545 2034 2592; x_wconf 90' lang='lat' dir='ltr'><strong>sancto</strong></span> 
     </span>
    </p>
   </div>
   <div class='ocr_carea' id='block_1_28' title="bbox 448 2622 2034 2696">
    <p class='ocr_par' dir='ltr' id='par_1_28' title="bbox 448 2622 2034 2696">
     <span class='ocr_line' id='line_1_28' title="bbox 448 2622 2034 2696; baseline 0.002 -19"><span class='ocrx_word' id='word_1_166' title='bbox 448 2622 703 2679; x_wconf 63' lang='lat' dir='ltr'><strong>Zacchaeo</strong></span> <span class='ocrx_word' id='word_1_167' title='bbox 732 2639 892 2694; x_wconf 83' lang='lat' dir='ltr'><strong>snpra</strong></span> <span class='ocrx_word' id='word_1_168' title='bbox 921 2633 1221 2679; x_wconf 90' lang='lat' dir='ltr'><strong>memorato</strong></span> <span class='ocrx_word' id='word_1_169' title='bbox 1249 2626 1506 2696; x_wconf 91' lang='lat' dir='ltr'><strong>episcopo</strong></span> <span class='ocrx_word' id='word_1_170' title='bbox 1530 2625 1848 2682; x_wconf 75' lang='lat' dir='ltr'><strong>Caesariensi</strong></span> <span class='ocrx_word' id='word_1_171' title='bbox 1880 2629 2034 2680; x_wconf 85' lang='lat' dir='ltr'><strong>dam-</strong></span> 
     </span>
    </p>
   </div>
   <div class='ocr_carea' id='block_1_29' title="bbox 449 2717 2035 2791">
    <p class='ocr_par' dir='ltr' id='par_1_29' title="bbox 449 2717 2035 2791">
     <span class='ocr_line' id='line_1_29' title="bbox 449 2717 2035 2791; baseline 0.004 -22"><span class='ocrx_word' id='word_1_172' title='bbox 449 2727 606 2772; x_wconf 89' lang='lat' dir='ltr'><strong>natus</strong></span> <span class='ocrx_word' id='word_1_173' title='bbox 662 2726 763 2772; x_wconf 85' lang='lat' dir='ltr'><strong>est.</strong></span> <span class='ocrx_word' id='word_1_174' title='bbox 833 2717 1087 2773; x_wconf 74' lang='lat' dir='ltr'><strong>IImresim</strong></span> <span class='ocrx_word' id='word_1_175' title='bbox 1152 2725 1333 2774; x_wconf 88' lang='lat' dir='ltr'><strong>tamen</strong></span> <span class='ocrx_word' id='word_1_176' title='bbox 1381 2720 1670 2789; x_wconf 88' lang='lat' dir='ltr'><strong>pessimam</strong></span> <span class='ocrx_word' id='word_1_177' title='bbox 1720 2735 1817 2791; x_wconf 90' lang='lat' dir='ltr'><strong>per</strong></span> <span class='ocrx_word' id='word_1_178' title='bbox 1867 2721 2035 2776; x_wconf 81' lang='lat' dir='ltr'><strong>multa</strong></span> 
     </span>
    </p>
   </div>
   <div class='ocr_carea' id='block_1_30' title="bbox 458 2808 1190 2878">
    <p class='ocr_par' dir='ltr' id='par_1_30' title="bbox 458 2808 1190 2878">
     <span class='ocr_line' id='line_1_30' title="bbox 458 2808 1190 2878; baseline 0.004 -18"><span class='ocrx_word' id='word_1_179' title='bbox 458 2808 629 2877; x_wconf 88' lang='lat' dir='ltr'><strong>spatia</strong></span> <span class='ocrx_word' id='word_1_180' title='bbox 659 2808 892 2863; x_wconf 89' lang='lat' dir='ltr'><strong>Orientis</strong></span> <span class='ocrx_word' id='word_1_181' title='bbox 919 2808 1190 2878; x_wconf 89' lang='lat' dir='ltr'><strong>dispersit.</strong></span> 
     </span>
    </p>
   </div>
   <div class='ocr_carea' id='block_1_31' title="bbox 1169 2900 1306 2956">
    <p class='ocr_par' dir='ltr' id='par_1_31' title="bbox 1169 2900 1306 2956">
     <span class='ocr_line' id='line_1_31' title="bbox 1169 2900 1306 2956; baseline 0.007 -2"><span class='ocrx_word' id='word_1_182' title='bbox 1169 2900 1306 2956; x_wconf 81' lang='lat' dir='ltr'><strong>XIV.</strong></span> 
     </span>
    </p>
   </div>
   <div class='ocr_carea' id='block_1_32' title="bbox 516 2990 2034 3067">
    <p class='ocr_par' dir='ltr' id='par_1_32' title="bbox 516 2990 2034 3067">
     <span class='ocr_line' id='line_1_32' title="bbox 516 2990 2034 3067; baseline 0.004 -23"><span class='ocrx_word' id='word_1_183' title='bbox 516 2990 717 3056; x_wconf 84' lang='lat' dir='ltr'><strong>Quarta</strong></span> <span class='ocrx_word' id='word_1_184' title='bbox 746 2990 954 3046; x_wconf 85' lang='lat' dir='ltr'><strong>decima</strong></span> <span class='ocrx_word' id='word_1_185' title='bbox 984 2991 1203 3047; x_wconf 65' lang='lat' dir='ltr'><strong>haeresis</strong></span> <span class='ocrx_word' id='word_1_186' title='bbox 1238 3008 1267 3046; x_wconf 92' lang='lat' dir='ltr'><strong>a</strong></span> <span class='ocrx_word' id='word_1_187' title='bbox 1298 2992 1479 3067; x_wconf 86' lang='lat' dir='ltr'><strong>Marco</strong></span> <span class='ocrx_word' id='word_1_188' title='bbox 1509 2994 1743 3065; x_wconf 89' lang='lat' dir='ltr'><strong>quodam</strong></span> <span class='ocrx_word' id='word_1_189' title='bbox 1772 3002 1857 3049; x_wconf 89' lang='lat' dir='ltr'><strong>est</strong></span> <span class='ocrx_word' id='word_1_190' title='bbox 1884 2995 2034 3050; x_wconf 88' lang='lat' dir='ltr'><strong>adin-</strong></span> 
     </span>
    </p>
   </div>
   <div class='ocr_carea' id='block_1_33' title="bbox 445 3083 2107 3185">
    <p class='ocr_par' dir='ltr' id='par_1_33' title="bbox 445 3083 2107 3185">
     <span class='ocr_line' id='line_1_33' title="bbox 445 3083 2107 3185; baseline 0.003 -47"><span class='ocrx_word' id='word_1_191' title='bbox 445 3091 604 3138; x_wconf 86' lang='lat' dir='ltr'><strong>venta</strong></span> <span class='ocrx_word' id='word_1_192' title='bbox 631 3100 643 3134; x_wconf 91' lang='lat'>:</span> <span class='ocrx_word' id='word_1_193' title='bbox 676 3083 767 3151; x_wconf 91' lang='lat' dir='ltr'><strong>qui</strong></span> <span class='ocrx_word' id='word_1_194' title='bbox 804 3097 1005 3150; x_wconf 82' lang='lat' dir='ltr'><strong>negans</strong></span> <span class='ocrx_word' id='word_1_195' title='bbox 1046 3085 1499 3140; x_wconf 85' lang='lat' dir='ltr'><strong>resurrectionem</strong></span> <span class='ocrx_word' id='word_1_196' title='bbox 1526 3088 1731 3153; x_wconf 89' lang='lat' dir='ltr'><strong>carnis,</strong></span> <span class='ocrx_word' id='word_1_197' title='bbox 1763 3089 2035 3145; x_wconf 89' lang='lat' dir='ltr'><strong>Christum</strong></span> <span class='ocrx_word' id='word_1_198' title='bbox 2062 3123 2107 3185; x_wconf 66' lang='grc' dir='ltr'>Ο</span> 
     </span>
    </p>
   </div>
   <div class='ocr_carea' id='block_1_34' title="bbox 448 3175 2034 3246">
    <p class='ocr_par' dir='ltr' id='par_1_34' title="bbox 448 3175 2034 3246">
     <span class='ocr_line' id='line_1_34' title="bbox 448 3175 2034 3246; baseline 0.006 -19"><span class='ocrx_word' id='word_1_199' title='bbox 448 3189 554 3228; x_wconf 78' lang='lat' dir='ltr'><strong>non</strong></span> <span class='ocrx_word' id='word_1_200' title='bbox 591 3188 715 3227; x_wconf 83' lang='lat' dir='ltr'><strong>vere</strong></span> <span class='ocrx_word' id='word_1_201' title='bbox 744 3190 993 3243; x_wconf 88' lang='lat' dir='ltr'><strong>passum,</strong></span> <span class='ocrx_word' id='word_1_202' title='bbox 1036 3175 1130 3229; x_wconf 90' lang='lat' dir='ltr'><strong>sed</strong></span> <span class='ocrx_word' id='word_1_203' title='bbox 1180 3177 1423 3246; x_wconf 88' lang='lat' dir='ltr'><strong>putative</strong></span> <span class='ocrx_word' id='word_1_204' title='bbox 1475 3179 1775 3234; x_wconf 83' lang='lat' dir='ltr'><strong>conabatur</strong></span> <span class='ocrx_word' id='word_1_205' title='bbox 1823 3189 2034 3236; x_wconf 86' lang='lat' dir='ltr'><strong>astrue-</strong></span> 
     </span>
    </p>
   </div>
   <div class='ocr_carea' id='block_1_35' title="bbox 447 3264 2038 3341">
    <p class='ocr_par' dir='ltr' id='par_1_35' title="bbox 447 3264 2038 3341">
     <span class='ocr_line' id='line_1_35' title="bbox 447 3264 2038 3341; baseline 0.007 -24"><span class='ocrx_word' id='word_1_206' title='bbox 447 3280 524 3319; x_wconf 89' lang='lat' dir='ltr'><strong>re.</strong></span> <span class='ocrx_word' id='word_1_207' title='bbox 558 3264 709 3319; x_wconf 87' lang='lat' dir='ltr'><strong>lIunc</strong></span> <span class='ocrx_word' id='word_1_208' title='bbox 756 3274 973 3320; x_wconf 90' lang='lat' dir='ltr'><strong>sanctus</strong></span> <span class='ocrx_word' id='word_1_209' title='bbox 1023 3264 1303 3332; x_wconf 87' lang='lat' dir='ltr'><strong>Clemens,</strong></span> <span class='ocrx_word' id='word_1_210' title='bbox 1354 3271 1639 3341; x_wconf 90' lang='lat' dir='ltr'><strong>episcopus</strong></span> <span class='ocrx_word' id='word_1_211' title='bbox 1680 3272 1956 3330; x_wconf 83' lang='lat' dir='ltr'><strong>Romanus</strong></span> <span class='ocrx_word' id='word_1_212' title='bbox 1982 3282 2038 3329; x_wconf 86' lang='lat' dir='ltr'><strong>et</strong></span> 
     </span>
    </p>
   </div>
   <div class='ocr_carea' id='block_1_36' title="bbox 445 3358 2038 3432">
    <p class='ocr_par' dir='ltr' id='par_1_36' title="bbox 445 3358 2038 3432">
     <span class='ocr_line' id='line_1_36' title="bbox 445 3358 2038 3432; baseline 0.006 -23"><span class='ocrx_word' id='word_1_213' title='bbox 445 3358 644 3412; x_wconf 82' lang='lat' dir='ltr'><strong>Christi</strong></span> <span class='ocrx_word' id='word_1_214' title='bbox 674 3358 1019 3426; x_wconf 86' lang='lat' dir='ltr'><strong>dignissimus</strong></span> <span class='ocrx_word' id='word_1_215' title='bbox 1048 3367 1271 3431; x_wconf 87' lang='lat' dir='ltr'><strong>martyr,</strong></span> <span class='ocrx_word' id='word_1_216' title='bbox 1301 3358 1422 3416; x_wconf 76' lang='lat' dir='ltr'><strong>ﬁxis</strong></span> <span class='ocrx_word' id='word_1_217' title='bbox 1450 3370 1506 3416; x_wconf 92' lang='lat' dir='ltr'><strong>et</strong></span> <span class='ocrx_word' id='word_1_218' title='bbox 1532 3363 1756 3432; x_wconf 82' lang='lat' dir='ltr'><strong>integris</strong></span> <span class='ocrx_word' id='word_1_219' title='bbox 1782 3366 2038 3419; x_wconf 89' lang='lat' dir='ltr'><strong>assertio-</strong></span> 
     </span>
    </p>
   </div>
   <div class='ocr_carea' id='block_1_37' title="bbox 449 3448 2036 3526">
    <p class='ocr_par' dir='ltr' id='par_1_37' title="bbox 449 3448 2036 3526">
     <span class='ocr_line' id='line_1_37' title="bbox 449 3448 2036 3526; baseline 0.005 -24"><span class='ocrx_word' id='word_1_220' title='bbox 449 3449 604 3503; x_wconf 90' lang='lat' dir='ltr'><strong>nibus</strong></span> <span class='ocrx_word' id='word_1_221' title='bbox 651 3448 934 3505; x_wconf 90' lang='lat' dir='ltr'><strong>confutans</strong></span> <span class='ocrx_word' id='word_1_222' title='bbox 956 3490 972 3515; x_wconf 92' lang='lat'><strong>,</strong></span> <span class='ocrx_word' id='word_1_223' title='bbox 1028 3460 1083 3504; x_wconf 91' lang='lat' dir='ltr'><strong>et</strong></span> <span class='ocrx_word' id='word_1_224' title='bbox 1107 3466 1311 3526; x_wconf 30' lang='lat' dir='ltr'><strong>“coram</strong></span> <span class='ocrx_word' id='word_1_225' title='bbox 1359 3453 1506 3507; x_wconf 90' lang='lat' dir='ltr'><strong>omni</strong></span> <span class='ocrx_word' id='word_1_226' title='bbox 1537 3453 1693 3523; x_wconf 74' lang='lat' dir='ltr'><strong>plebe</strong></span> <span class='ocrx_word' id='word_1_227' title='bbox 1724 3456 1777 3509; x_wconf 92' lang='lat' dir='ltr'><strong>in</strong></span> <span class='ocrx_word' id='word_1_228' title='bbox 1807 3456 2036 3511; x_wconf 86' lang='lat' dir='ltr'><strong>ecclesia</strong></span> 
     </span>
    </p>
   </div>
   <div class='ocr_carea' id='block_1_38' title="bbox 446 3541 2038 3614">
    <p class='ocr_par' dir='ltr' id='par_1_38' title="bbox 446 3541 2038 3614">
     <span class='ocr_line' id='line_1_38' title="bbox 446 3541 2038 3614; baseline 0.004 -19"><span class='ocrx_word' id='word_1_229' title='bbox 446 3541 704 3610; x_wconf 79' lang='lat' dir='ltr'><strong>detegens</strong></span> <span class='ocrx_word' id='word_1_230' title='bbox 726 3581 741 3605; x_wconf 91' lang='lat'><strong>,</strong></span> <span class='ocrx_word' id='word_1_231' title='bbox 782 3548 981 3597; x_wconf 79' lang='lat' dir='ltr'><strong>aeterna</strong></span> <span class='ocrx_word' id='word_1_232' title='bbox 1026 3542 1375 3598; x_wconf 88' lang='lat' dir='ltr'><strong>damnatione</strong></span> <span class='ocrx_word' id='word_1_233' title='bbox 1404 3546 1613 3614; x_wconf 84' lang='lat' dir='ltr'><strong>‘puniv.t</strong></span> <span class='ocrx_word' id='word_1_234' title='bbox 1638 3564 1650 3598; x_wconf 90' lang='lat'><strong>:</strong></span> <span class='ocrx_word' id='word_1_235' title='bbox 1683 3546 1881 3601; x_wconf 89' lang='lat' dir='ltr'><strong>docens</strong></span> <span class='ocrx_word' id='word_1_236' title='bbox 1909 3560 2038 3601; x_wconf 87' lang='lat' dir='ltr'><strong>vere</strong></span> 
     </span>
    </p>
   </div>
   <div class='ocr_carea' id='block_1_39' title="bbox 446 3632 2037 3702">
    <p class='ocr_par' dir='ltr' id='par_1_39' title="bbox 446 3632 2037 3702">
     <span class='ocr_line' id='line_1_39' title="bbox 446 3632 2037 3702; baseline 0.004 -17"><span class='ocrx_word' id='word_1_237' title='bbox 446 3640 631 3685; x_wconf 90' lang='lat' dir='ltr'><strong>natum</strong></span> <span class='ocrx_word' id='word_1_238' title='bbox 677 3640 733 3686; x_wconf 88' lang='lat' dir='ltr'><strong>et</strong></span> <span class='ocrx_word' id='word_1_239' title='bbox 778 3646 994 3702; x_wconf 91' lang='lat' dir='ltr'><strong>passum</strong></span> <span class='ocrx_word' id='word_1_240' title='bbox 1040 3632 1324 3687; x_wconf 91' lang='lat' dir='ltr'><strong>Dominum</strong></span> <span class='ocrx_word' id='word_1_241' title='bbox 1373 3643 1617 3689; x_wconf 89' lang='lat' dir='ltr'><strong>nostrum</strong></span> <span class='ocrx_word' id='word_1_242' title='bbox 1655 3635 1837 3691; x_wconf 88' lang='lat' dir='ltr'><strong>.Iesum</strong></span> <span class='ocrx_word' id='word_1_243' title='bbox 1876 3636 2037 3691; x_wconf 90' lang='lat' dir='ltr'><strong>Chri-</strong></span> 
     </span>
    </p>
   </div>
   <div class='ocr_carea' id='block_1_40' title="bbox 448 3722 2034 3795">
    <p class='ocr_par' dir='ltr' id='par_1_40' title="bbox 448 3722 2034 3795">
     <span class='ocr_line' id='line_1_40' title="bbox 448 3722 2034 3795; baseline 0.006 -21"><span class='ocrx_word' id='word_1_244' title='bbox 448 3729 619 3784; x_wconf 88' lang='lat' dir='ltr'><strong>stum,</strong></span> <span class='ocrx_word' id='word_1_245' title='bbox 653 3723 783 3776; x_wconf 90' lang='lat' dir='ltr'><strong>nihil</strong></span> <span class='ocrx_word' id='word_1_246' title='bbox 805 3722 872 3776; x_wconf 90' lang='lat' dir='ltr'><strong>ab</strong></span> <span class='ocrx_word' id='word_1_247' title='bbox 893 3738 959 3777; x_wconf 91' lang='lat' dir='ltr'><strong>eo</strong></span> <span class='ocrx_word' id='word_1_248' title='bbox 985 3723 1038 3776; x_wconf 92' lang='lat' dir='ltr'><strong>in</strong></span> <span class='ocrx_word' id='word_1_249' title='bbox 1061 3724 1343 3792; x_wconf 88' lang='lat' dir='ltr'><strong>phantasia</strong></span> <span class='ocrx_word' id='word_1_250' title='bbox 1365 3724 1563 3780; x_wconf 83' lang='lat' dir='ltr'><strong>factum</strong></span> <span class='ocrx_word' id='word_1_251' title='bbox 1587 3742 2034 3795; x_wconf 87' lang='lat' dir='ltr'><strong>commemorans,</strong></span> 
     </span>
    </p>
   </div>
   <div class='ocr_carea' id='block_1_41' title="bbox 450 3813 2038 3884">
    <p class='ocr_par' dir='ltr' id='par_1_41' title="bbox 450 3813 2038 3884">
     <span class='ocr_line' id='line_1_41' title="bbox 450 3813 2038 3884; baseline 0.006 -17"><span class='ocrx_word' id='word_1_252' title='bbox 450 3821 503 3867; x_wconf 89' lang='lat' dir='ltr'><strong>et</strong></span> <span class='ocrx_word' id='word_1_253' title='bbox 528 3813 808 3868; x_wconf 89' lang='lat' dir='ltr'><strong>evidenter</strong></span> <span class='ocrx_word' id='word_1_254' title='bbox 836 3814 1125 3869; x_wconf 86' lang='lat' dir='ltr'><strong>ostendens</strong></span> <span class='ocrx_word' id='word_1_255' title='bbox 1147 3815 1293 3884; x_wconf 89' lang='lat' dir='ltr'><strong>quod</strong></span> <span class='ocrx_word' id='word_1_256' title='bbox 1324 3817 1520 3871; x_wconf 90' lang='lat' dir='ltr'><strong>veritas</strong></span> <span class='ocrx_word' id='word_1_257' title='bbox 1548 3817 1763 3874; x_wconf 90' lang='lat' dir='ltr'><strong>inimica</strong></span> <span class='ocrx_word' id='word_1_258' title='bbox 1794 3819 2038 3876; x_wconf 78' lang='lat' dir='ltr'><strong>falsitatis</strong></span> 
     </span>
    </p>
   </div>
   <div class='ocr_carea' id='block_1_42' title="bbox 450 3902 2036 3978">
    <p class='ocr_par' dir='ltr' id='par_1_42' title="bbox 450 3902 2036 3978">
     <span class='ocr_line' id='line_1_42' title="bbox 450 3902 2036 3978; baseline 0.007 -21"><span class='ocrx_word' id='word_1_259' title='bbox 450 3902 641 3958; x_wconf 84' lang='lat' dir='ltr'><strong>falsum</strong></span> <span class='ocrx_word' id='word_1_260' title='bbox 671 3904 723 3957; x_wconf 91' lang='lat' dir='ltr'><strong>in</strong></span> <span class='ocrx_word' id='word_1_261' title='bbox 764 3919 823 3959; x_wconf 93' lang='lat' dir='ltr'><strong>se</strong></span> <span class='ocrx_word' id='word_1_262' title='bbox 862 3905 996 3959; x_wconf 87' lang='lat' dir='ltr'><strong>nihil</strong></span> <span class='ocrx_word' id='word_1_263' title='bbox 1024 3905 1223 3961; x_wconf 89' lang='lat' dir='ltr'><strong>habere</strong></span> <span class='ocrx_word' id='word_1_264' title='bbox 1251 3908 1488 3978; x_wconf 89' lang='lat' dir='ltr'><strong>potuerit</strong></span> <span class='ocrx_word' id='word_1_265' title='bbox 1512 3927 1525 3962; x_wconf 87' lang='lat'><strong>:</strong></span> <span class='ocrx_word' id='word_1_266' title='bbox 1568 3909 1707 3965; x_wconf 91' lang='lat' dir='ltr'><strong>sicut</strong></span> <span class='ocrx_word' id='word_1_267' title='bbox 1736 3926 1835 3967; x_wconf 90' lang='lat' dir='ltr'><strong>nec</strong></span> <span class='ocrx_word' id='word_1_268' title='bbox 1864 3912 1953 3967; x_wconf 83' lang='lat' dir='ltr'><strong>lux</strong></span> <span class='ocrx_word' id='word_1_269' title='bbox 1982 3913 2036 3968; x_wconf 91' lang='lat' dir='ltr'><strong>in</strong></span> 
     </span>
    </p>
   </div>
   <div class='ocr_carea' id='block_1_43' title="bbox 449 3994 2037 4068">
    <p class='ocr_par' dir='ltr' id='par_1_43' title="bbox 449 3994 2037 4068">
     <span class='ocr_line' id='line_1_43' title="bbox 449 3994 2037 4068; baseline 0.007 -20"><span class='ocrx_word' id='word_1_270' title='bbox 449 4009 508 4049; x_wconf 89' lang='lat' dir='ltr'><strong>se</strong></span> <span class='ocrx_word' id='word_1_271' title='bbox 557 3994 807 4051; x_wconf 87' lang='lat' dir='ltr'><strong>tenebras</strong></span> <span class='ocrx_word' id='word_1_272' title='bbox 851 3995 1053 4051; x_wconf 90' lang='lat' dir='ltr'><strong>habere</strong></span> <span class='ocrx_word' id='word_1_273' title='bbox 1081 4006 1292 4068; x_wconf 87' lang='lat' dir='ltr'><strong>potest,</strong></span> <span class='ocrx_word' id='word_1_274' title='bbox 1344 4016 1445 4056; x_wconf 91' lang='lat' dir='ltr'><strong>nec</strong></span> <span class='ocrx_word' id='word_1_275' title='bbox 1482 4001 1784 4057; x_wconf 87' lang='lat' dir='ltr'><strong>benedictio</strong></span> <span class='ocrx_word' id='word_1_276' title='bbox 1812 4004 2037 4060; x_wconf 85' lang='lat' dir='ltr'><strong>maledi-</strong></span> 
     </span>
    </p>
   </div>
   <div class='ocr_carea' id='block_1_44' title="bbox 453 4085 2037 4157">
    <p class='ocr_par' dir='ltr' id='par_1_44' title="bbox 453 4085 2037 4157">
     <span class='ocr_line' id='line_1_44' title="bbox 453 4085 2037 4157; baseline 0.007 -17"><span class='ocrx_word' id='word_1_277' title='bbox 453 4085 709 4152; x_wconf 88' lang='lat' dir='ltr'><strong>ctionem,</strong></span> <span class='ocrx_word' id='word_1_278' title='bbox 738 4101 841 4142; x_wconf 90' lang='lat' dir='ltr'><strong>nec</strong></span> <span class='ocrx_word' id='word_1_279' title='bbox 869 4086 1097 4144; x_wconf 88' lang='lat' dir='ltr'><strong>dulcedo</strong></span> <span class='ocrx_word' id='word_1_280' title='bbox 1125 4090 1567 4157; x_wconf 87' lang='lat' dir='ltr'><strong>amaritudinem;</strong></span> <span class='ocrx_word' id='word_1_281' title='bbox 1599 4101 1654 4148; x_wconf 92' lang='lat' dir='ltr'><strong>et</strong></span> <span class='ocrx_word' id='word_1_282' title='bbox 1681 4095 1726 4150; x_wconf 92' lang='lat' dir='ltr'><strong>si</strong></span> <span class='ocrx_word' id='word_1_283' title='bbox 1756 4095 1857 4150; x_wconf 90' lang='lat' dir='ltr'><strong>ista</strong></span> <span class='ocrx_word' id='word_1_284' title='bbox 1886 4111 2037 4150; x_wconf 91' lang='lat' dir='ltr'><strong>com-</strong></span> 
     </span>
    </p>
   </div>
   <div class='ocr_carea' id='block_1_45' title="bbox 452 4178 2036 4248">
    <p class='ocr_par' dir='ltr' id='par_1_45' title="bbox 452 4178 2036 4248">
     <span class='ocr_line' id='line_1_45' title="bbox 452 4178 2036 4248; baseline 0.007 -17"><span class='ocrx_word' id='word_1_285' title='bbox 452 4178 666 4232; x_wconf 89' lang='lat' dir='ltr'><strong>misceri</strong></span> <span class='ocrx_word' id='word_1_286' title='bbox 705 4186 955 4248; x_wconf 90' lang='lat' dir='ltr'><strong>possent,</strong></span> <span class='ocrx_word' id='word_1_287' title='bbox 1003 4179 1172 4235; x_wconf 91' lang='lat' dir='ltr'><strong>Deum</strong></span> <span class='ocrx_word' id='word_1_288' title='bbox 1203 4190 1382 4239; x_wconf 90' lang='lat' dir='ltr'><strong>tamen</strong></span> <span class='ocrx_word' id='word_1_289' title='bbox 1412 4184 1596 4240; x_wconf 91' lang='lat' dir='ltr'><strong>docuit</strong></span> <span class='ocrx_word' id='word_1_290' title='bbox 1622 4187 1903 4243; x_wconf 88' lang='lat' dir='ltr'><strong>mendacio</strong></span> <span class='ocrx_word' id='word_1_291' title='bbox 1934 4189 2036 4242; x_wconf 91' lang='lat' dir='ltr'><strong>im-</strong></span> 
     </span>
    </p>
   </div>
   <div class='ocr_carea' id='block_1_46' title="bbox 454 4267 1118 4336">
    <p class='ocr_par' dir='ltr' id='par_1_46' title="bbox 454 4267 1118 4336">
     <span class='ocr_line' id='line_1_46' title="bbox 454 4267 1118 4336; baseline 0.008 -15"><span class='ocrx_word' id='word_1_292' title='bbox 454 4267 711 4336; x_wconf 88' lang='lat' dir='ltr'><strong>possibile</strong></span> <span class='ocrx_word' id='word_1_293' title='bbox 739 4282 858 4324; x_wconf 87' lang='lat' dir='ltr'><strong>esse</strong></span> <span class='ocrx_word' id='word_1_294' title='bbox 883 4271 1118 4326; x_wconf 91' lang='lat' dir='ltr'><strong>misceri.</strong></span> 
     </span>
    </p>
   </div>
   <div class='ocr_carea' id='block_1_47' title="bbox 1177 4365 1295 4422">
    <p class='ocr_par' dir='ltr' id='par_1_47' title="bbox 1177 4365 1295 4422">
     <span class='ocr_line' id='line_1_47' title="bbox 1177 4365 1295 4422; baseline 0.017 -2"><span class='ocrx_word' id='word_1_295' title='bbox 1177 4365 1295 4422; x_wconf 83' lang='lat' dir='ltr'><strong>XV.</strong></span> 
     </span>
    </p>
   </div>
   <div class='ocr_carea' id='block_1_48' title="bbox 2134 475 3666 545">
    <p class='ocr_par' dir='ltr' id='par_1_48' title="bbox 2134 475 3666 545">
     <span class='ocr_line' id='line_1_48' title="bbox 2134 475 3666 545; baseline 0.006 -16"><span class='ocrx_word' id='word_1_296' title='bbox 2134 476 2509 531; x_wconf 87' lang='lat' dir='ltr'><strong>immaculatus</strong></span> <span class='ocrx_word' id='word_1_297' title='bbox 2538 476 2627 545; x_wconf 87' lang='lat' dir='ltr'><strong>qui</strong></span> <span class='ocrx_word' id='word_1_298' title='bbox 2655 483 2772 530; x_wconf 89' lang='lat' dir='ltr'><strong>erat</strong></span> <span class='ocrx_word' id='word_1_299' title='bbox 2799 483 3054 545; x_wconf 87' lang='lat' dir='ltr'><strong>peccator</strong></span> <span class='ocrx_word' id='word_1_300' title='bbox 3076 475 3321 532; x_wconf 77' lang='lat' dir='ltr'><strong>efﬁcitur.</strong></span> <span class='ocrx_word' id='word_1_301' title='bbox 3360 477 3543 544; x_wconf 86' lang='lat' dir='ltr'><strong>Tertia,</strong></span> <span class='ocrx_word' id='word_1_302' title='bbox 3564 497 3666 538; x_wconf 84' lang='lat' dir='ltr'><strong>cum</strong></span> 
     </span>
    </p>
   </div>
   <div class='ocr_carea' id='block_1_49' title="bbox 2133 567 3668 637">
    <p class='ocr_par' dir='ltr' id='par_1_49' title="bbox 2133 567 3668 637">
     <span class='ocr_line' id='line_1_49' title="bbox 2133 567 3668 637; baseline 0.005 -16"><span class='ocrx_word' id='word_1_303' title='bbox 2133 582 2202 621; x_wconf 80' lang='lat' dir='ltr'><strong>ex</strong></span> <span class='ocrx_word' id='word_1_304' title='bbox 2233 574 2372 620; x_wconf 89' lang='lat' dir='ltr'><strong>terra</strong></span> <span class='ocrx_word' id='word_1_305' title='bbox 2402 582 2601 637; x_wconf 89' lang='lat' dir='ltr'><strong>corpus</strong></span> <span class='ocrx_word' id='word_1_306' title='bbox 2628 573 2901 620; x_wconf 84' lang='lat' dir='ltr'><strong>mortuum</strong></span> <span class='ocrx_word' id='word_1_307' title='bbox 2929 567 3290 622; x_wconf 84' lang='lat' dir='ltr'><strong>suscitabitur.</strong></span> <span class='ocrx_word' id='word_1_308' title='bbox 3329 568 3541 636; x_wconf 84' lang='lat' dir='ltr'><strong>Quarta.</strong></span> <span class='ocrx_word' id='word_1_309' title='bbox 3566 589 3668 629; x_wconf 85' lang='lat' dir='ltr'><strong>cum</strong></span> 
     </span>
    </p>
   </div>
   <div class='ocr_carea' id='block_1_50' title="bbox 2134 658 3671 733">
    <p class='ocr_par' dir='ltr' id='par_1_50' title="bbox 2134 658 3671 733">
     <span class='ocr_line' id='line_1_50' title="bbox 2134 658 3671 733; baseline 0.006 -21"><span class='ocrx_word' id='word_1_310' title='bbox 2134 659 2312 713; x_wconf 89' lang='lat' dir='ltr'><strong>anima</strong></span> <span class='ocrx_word' id='word_1_311' title='bbox 2357 658 2425 714; x_wconf 86' lang='lat' dir='ltr'><strong>de</strong></span> <span class='ocrx_word' id='word_1_312' title='bbox 2473 658 2668 714; x_wconf 88' lang='lat' dir='ltr'><strong>inferni</strong></span> <span class='ocrx_word' id='word_1_313' title='bbox 2722 658 2971 713; x_wconf 87' lang='lat' dir='ltr'><strong>claustris</strong></span> <span class='ocrx_word' id='word_1_314' title='bbox 3016 660 3237 714; x_wconf 86' lang='lat' dir='ltr'><strong>eruitur.</strong></span> <span class='ocrx_word' id='word_1_315' title='bbox 3296 659 3519 727; x_wconf 82' lang='lat' dir='ltr'><strong>Quinta,</strong></span> <span class='ocrx_word' id='word_1_316' title='bbox 3551 666 3671 733; x_wconf 87' lang='lat' dir='ltr'><strong>quod</strong></span> 
     </span>
    </p>
   </div>
   <div class='ocr_carea' id='block_1_51' title="bbox 2135 749 3672 823">
    <p class='ocr_par' dir='ltr' id='par_1_51' title="bbox 2135 749 3672 823">
     <span class='ocr_line' id='line_1_51' title="bbox 2135 749 3672 823; baseline 0.005 -20"><span class='ocrx_word' id='word_1_317' title='bbox 2135 749 2312 804; x_wconf 87' lang='lat' dir='ltr'><strong>anima</strong></span> <span class='ocrx_word' id='word_1_318' title='bbox 2358 749 2592 820; x_wconf 88' lang='lat' dir='ltr'><strong>paradisi</strong></span> <span class='ocrx_word' id='word_1_319' title='bbox 2639 749 2977 804; x_wconf 87' lang='lat' dir='ltr'><strong>habitatione</strong></span> <span class='ocrx_word' id='word_1_320' title='bbox 3026 749 3255 816; x_wconf 63' lang='lat' dir='ltr'><strong>laetatur,</strong></span> <span class='ocrx_word' id='word_1_321' title='bbox 3290 766 3552 823; x_wconf 84' lang='lat' dir='ltr'><strong>quousque</strong></span> <span class='ocrx_word' id='word_1_322' title='bbox 3575 769 3672 810; x_wconf 83' lang='lat' dir='ltr'><strong>cor-</strong></span> 
     </span>
    </p>
   </div>
   <div class='ocr_carea' id='block_1_52' title="bbox 2135 841 3677 913">
    <p class='ocr_par' dir='ltr' id='par_1_52' title="bbox 2135 841 3677 913">
     <span class='ocr_line' id='line_1_52' title="bbox 2135 841 3677 913; baseline 0.003 -17"><span class='ocrx_word' id='word_1_323' title='bbox 2135 857 2237 912; x_wconf 89' lang='lat' dir='ltr'><strong>pus</strong></span> <span class='ocrx_word' id='word_1_324' title='bbox 2264 858 2420 897; x_wconf 86' lang='lat' dir='ltr'><strong>suum</strong></span> <span class='ocrx_word' id='word_1_325' title='bbox 2467 842 2870 910; x_wconf 86' lang='lat' dir='ltr'><strong>incorruptibile</strong></span> <span class='ocrx_word' id='word_1_326' title='bbox 2918 841 3164 911; x_wconf 87' lang='lat' dir='ltr'><strong>recipiat.</strong></span> <span class='ocrx_word' id='word_1_327' title='bbox 3216 841 3378 897; x_wconf 78' lang='lat' dir='ltr'><strong>Sexta</strong></span> <span class='ocrx_word' id='word_1_328' title='bbox 3403 845 3536 913; x_wconf 84' lang='lat' dir='ltr'><strong>quod</strong></span> <span class='ocrx_word' id='word_1_329' title='bbox 3562 846 3677 901; x_wconf 78' lang='lat' dir='ltr'><strong>lilios</strong></span> 
     </span>
    </p>
   </div>
   <div class='ocr_carea' id='block_1_53' title="bbox 2142 930 3679 1002">
    <p class='ocr_par' dir='ltr' id='par_1_53' title="bbox 2142 930 3679 1002">
     <span class='ocr_line' id='line_1_53' title="bbox 2142 930 3679 1002; baseline 0.002 -15"><span class='ocrx_word' id='word_1_330' title='bbox 2142 930 2159 970; x_wconf 72' lang='grc' dir='ltr'>ί</span> <span class='ocrx_word' id='word_1_331' title='bbox 2203 933 2317 987; x_wconf 90' lang='lat' dir='ltr'><strong>Deo</strong></span> <span class='ocrx_word' id='word_1_332' title='bbox 2348 932 2473 988; x_wconf 80' lang='lat' dir='ltr'><strong>facit</strong></span> <span class='ocrx_word' id='word_1_333' title='bbox 2498 932 2589 1002; x_wconf 90' lang='lat' dir='ltr'><strong>qui</strong></span> <span class='ocrx_word' id='word_1_334' title='bbox 2617 940 2773 987; x_wconf 89' lang='lat' dir='ltr'><strong>erant</strong></span> <span class='ocrx_word' id='word_1_335' title='bbox 2801 932 2892 986; x_wconf 85' lang='lat' dir='ltr'><strong>lilii</strong></span> <span class='ocrx_word' id='word_1_336' title='bbox 2920 932 3068 986; x_wconf 66' lang='lat' dir='ltr'><strong>Adae.</strong></span> <span class='ocrx_word' id='word_1_337' title='bbox 3125 931 3392 1002; x_wconf 88' lang='lat' dir='ltr'><strong>Septima,</strong></span> <span class='ocrx_word' id='word_1_338' title='bbox 3419 934 3548 1002; x_wconf 88' lang='lat' dir='ltr'><strong>quod</strong></span> <span class='ocrx_word' id='word_1_339' title='bbox 3574 933 3679 990; x_wconf 81' lang='lat' dir='ltr'><strong>facit</strong></span> 
     </span>
    </p>
   </div>
   <div class='ocr_carea' id='block_1_54' title="bbox 2134 1023 3678 1093">
    <p class='ocr_par' dir='ltr' id='par_1_54' title="bbox 2134 1023 3678 1093">
     <span class='ocr_line' id='line_1_54' title="bbox 2134 1023 3678 1093; baseline 0.002 -16"><span class='ocrx_word' id='word_1_340' title='bbox 2134 1023 2408 1078; x_wconf 87' lang='lat' dir='ltr'><strong>hominem</strong></span> <span class='ocrx_word' id='word_1_341' title='bbox 2446 1024 2595 1092; x_wconf 80' lang='lat' dir='ltr'><strong>regni</strong></span> <span class='ocrx_word' id='word_1_342' title='bbox 2632 1023 2891 1079; x_wconf 60' lang='lat' dir='ltr'><strong>calorum</strong></span> <span class='ocrx_word' id='word_1_343' title='bbox 2934 1038 3053 1078; x_wconf 89' lang='lat' dir='ltr'><strong>esse</strong></span> <span class='ocrx_word' id='word_1_344' title='bbox 3082 1023 3408 1093; x_wconf 87' lang='lat' dir='ltr'><strong>participem.</strong></span> <span class='ocrx_word' id='word_1_345' title='bbox 3459 1023 3557 1079; x_wconf 84' lang='lat' dir='ltr'><strong>Has</strong></span> <span class='ocrx_word' id='word_1_346' title='bbox 3578 1041 3678 1080; x_wconf 84' lang='lat' dir='ltr'><strong>esse</strong></span> 
     </span>
    </p>
   </div>
   <div class='ocr_carea' id='block_1_55' title="bbox 2133 1112 3678 1184">
    <p class='ocr_par' dir='ltr' id='par_1_55' title="bbox 2133 1112 3678 1184">
     <span class='ocr_line' id='line_1_55' title="bbox 2133 1112 3678 1184; baseline 0.001 -16"><span class='ocrx_word' id='word_1_347' title='bbox 2133 1114 2307 1168; x_wconf 87' lang='lat' dir='ltr'><strong>sancti</strong></span> <span class='ocrx_word' id='word_1_348' title='bbox 2336 1113 2567 1183; x_wconf 89' lang='lat' dir='ltr'><strong>Spiritus</strong></span> <span class='ocrx_word' id='word_1_349' title='bbox 2590 1113 2791 1168; x_wconf 83' lang='lat' dir='ltr'><strong>formas</strong></span> <span class='ocrx_word' id='word_1_350' title='bbox 2815 1112 2867 1166; x_wconf 90' lang='lat' dir='ltr'><strong>in</strong></span> <span class='ocrx_word' id='word_1_351' title='bbox 2897 1122 3105 1182; x_wconf 88' lang='lat' dir='ltr'><strong>septem</strong></span> <span class='ocrx_word' id='word_1_352' title='bbox 3128 1113 3400 1179; x_wconf 88' lang='lat' dir='ltr'><strong>ecclesiis,</strong></span> <span class='ocrx_word' id='word_1_353' title='bbox 3429 1114 3478 1167; x_wconf 92' lang='lat' dir='ltr'><strong>in</strong></span> <span class='ocrx_word' id='word_1_354' title='bbox 3504 1123 3678 1184; x_wconf 84' lang='lat' dir='ltr'><strong>septem</strong></span> 
     </span>
    </p>
   </div>
   <div class='ocr_carea' id='block_1_56' title="bbox 2135 1203 3588 1275">
    <p class='ocr_par' dir='ltr' id='par_1_56' title="bbox 2135 1203 3588 1275">
     <span class='ocr_line' id='line_1_56' title="bbox 2135 1203 3588 1275; baseline -0.001 -14"><span class='ocrx_word' id='word_1_355' title='bbox 2135 1206 2305 1262; x_wconf 89' lang='lat' dir='ltr'><strong>oculis</strong></span> <span class='ocrx_word' id='word_1_356' title='bbox 2331 1214 2389 1262; x_wconf 89' lang='lat' dir='ltr'><strong>et</strong></span> <span class='ocrx_word' id='word_1_357' title='bbox 2412 1207 2465 1260; x_wconf 93' lang='lat' dir='ltr'><strong>in</strong></span> <span class='ocrx_word' id='word_1_358' title='bbox 2491 1212 2701 1275; x_wconf 86' lang='lat' dir='ltr'><strong>septem</strong></span> <span class='ocrx_word' id='word_1_359' title='bbox 2730 1203 3067 1260; x_wconf 88' lang='lat' dir='ltr'><strong>candelabris</strong></span> <span class='ocrx_word' id='word_1_360' title='bbox 3095 1205 3274 1260; x_wconf 84' lang='lat' dir='ltr'><strong>aureis</strong></span> <span class='ocrx_word' id='word_1_361' title='bbox 3301 1204 3588 1260; x_wconf 88' lang='lat' dir='ltr'><strong>collocatas.</strong></span> 
     </span>
    </p>
   </div>
   <div class='ocr_carea' id='block_1_57' title="bbox 2863 1315 3004 1370">
    <p class='ocr_par' dir='ltr' id='par_1_57' title="bbox 2863 1315 3004 1370">
     <span class='ocr_line' id='line_1_57' title="bbox 2863 1315 3004 1370; baseline 0.007 -1"><span class='ocrx_word' id='word_1_362' title='bbox 2863 1315 3004 1370; x_wconf 80' lang='lat' dir='ltr'><strong>XVI.</strong></span> 
     </span>
    </p>
   </div>
   <div class='ocr_carea' id='block_1_58' title="bbox 2205 1405 3680 1465">
    <p class='ocr_par' dir='ltr' id='par_1_58' title="bbox 2205 1405 3680 1465">
     <span class='ocr_line' id='line_1_58' title="bbox 2205 1405 3680 1465; baseline -0.003 -1"><span class='ocrx_word' id='word_1_363' title='bbox 2205 1408 2371 1465; x_wconf 79' lang='lat' dir='ltr'><strong>Sexta</strong></span> <span class='ocrx_word' id='word_1_364' title='bbox 2420 1408 2630 1464; x_wconf 89' lang='lat' dir='ltr'><strong>decima</strong></span> <span class='ocrx_word' id='word_1_365' title='bbox 2660 1407 2881 1462; x_wconf 68' lang='lat' dir='ltr'><strong>haeresis</strong></span> <span class='ocrx_word' id='word_1_366' title='bbox 2922 1405 3418 1463; x_wconf 81' lang='lat' dir='ltr'><strong>Heracleonitarum</strong></span> <span class='ocrx_word' id='word_1_367' title='bbox 3450 1406 3513 1460; x_wconf 85' lang='lat' dir='ltr'><strong>ab</strong></span> <span class='ocrx_word' id='word_1_368' title='bbox 3538 1405 3680 1460; x_wconf 77' lang='lat' dir='ltr'><strong>Hera-</strong></span> 
     </span>
    </p>
   </div>
   <div class='ocr_carea' id='block_1_59' title="bbox 2134 1496 3677 1569">
    <p class='ocr_par' dir='ltr' id='par_1_59' title="bbox 2134 1496 3677 1569">
     <span class='ocr_line' id='line_1_59' title="bbox 2134 1496 3677 1569; baseline -0.004 -12"><span class='ocrx_word' id='word_1_369' title='bbox 2134 1501 2324 1557; x_wconf 86' lang='lat' dir='ltr'><strong>cleone</strong></span> <span class='ocrx_word' id='word_1_370' title='bbox 2370 1500 2657 1555; x_wconf 90' lang='lat' dir='ltr'><strong>adinventa</strong></span> <span class='ocrx_word' id='word_1_371' title='bbox 2706 1506 2820 1565; x_wconf 89' lang='lat' dir='ltr'><strong>est;</strong></span> <span class='ocrx_word' id='word_1_372' title='bbox 2881 1512 3004 1568; x_wconf 72' lang='lat' dir='ltr'><strong>qua:</strong></span> <span class='ocrx_word' id='word_1_373' title='bbox 3052 1497 3381 1569; x_wconf 86' lang='lat' dir='ltr'><strong>baptizatum</strong></span> <span class='ocrx_word' id='word_1_374' title='bbox 3426 1496 3677 1565; x_wconf 89' lang='lat' dir='ltr'><strong>hominem,</strong></span> 
     </span>
    </p>
   </div>
   <div class='ocr_carea' id='block_1_60' title="bbox 2135 1589 3681 1662">
    <p class='ocr_par' dir='ltr' id='par_1_60' title="bbox 2135 1589 3681 1662">
     <span class='ocr_line' id='line_1_60' title="bbox 2135 1589 3681 1662; baseline -0.004 -13"><span class='ocrx_word' id='word_1_375' title='bbox 2135 1594 2252 1649; x_wconf 84' lang='lat' dir='ltr'><strong>sive</strong></span> <span class='ocrx_word' id='word_1_376' title='bbox 2275 1593 2500 1662; x_wconf 88' lang='lat' dir='ltr'><strong>justum,</strong></span> <span class='ocrx_word' id='word_1_377' title='bbox 2532 1593 2647 1648; x_wconf 83' lang='lat' dir='ltr'><strong>sive</strong></span> <span class='ocrx_word' id='word_1_378' title='bbox 2671 1599 3045 1662; x_wconf 88' lang='lat' dir='ltr'><strong>peccatorem,</strong></span> <span class='ocrx_word' id='word_1_379' title='bbox 3077 1590 3201 1645; x_wconf 91' lang='lat' dir='ltr'><strong>loco</strong></span> <span class='ocrx_word' id='word_1_380' title='bbox 3228 1589 3396 1646; x_wconf 88' lang='lat' dir='ltr'><strong>sancti</strong></span> <span class='ocrx_word' id='word_1_381' title='bbox 3422 1590 3681 1660; x_wconf 88' lang='lat' dir='ltr'><strong>computari</strong></span> 
     </span>
    </p>
   </div>
   <div class='ocr_carea' id='block_1_61' title="bbox 2134 1681 3683 1752">
    <p class='ocr_par' dir='ltr' id='par_1_61' title="bbox 2134 1681 3683 1752">
     <span class='ocr_line' id='line_1_61' title="bbox 2134 1681 3683 1752; baseline -0.004 -11"><span class='ocrx_word' id='word_1_382' title='bbox 2134 1684 2399 1741; x_wconf 88' lang='lat' dir='ltr'><strong>docebat:</strong></span> <span class='ocrx_word' id='word_1_383' title='bbox 2433 1683 2675 1752; x_wconf 85' lang='lat' dir='ltr'><strong>nihilque</strong></span> <span class='ocrx_word' id='word_1_384' title='bbox 2721 1682 2915 1737; x_wconf 88' lang='lat' dir='ltr'><strong>obesse</strong></span> <span class='ocrx_word' id='word_1_385' title='bbox 2959 1681 3250 1752; x_wconf 87' lang='lat' dir='ltr'><strong>baptizatis</strong></span> <span class='ocrx_word' id='word_1_386' title='bbox 3276 1688 3486 1751; x_wconf 87' lang='lat' dir='ltr'><strong>peccata</strong></span> <span class='ocrx_word' id='word_1_387' title='bbox 3511 1695 3683 1736; x_wconf 85' lang='lat' dir='ltr'><strong>memo-</strong></span> 
     </span>
    </p>
   </div>
   <div class='ocr_carea' id='block_1_62' title="bbox 2070 1757 3683 1843">
    <p class='ocr_par' dir='ltr' id='par_1_62' title="bbox 2070 1757 3683 1843">
     <span class='ocr_line' id='line_1_62' title="bbox 2070 1757 3683 1843; baseline -0.004 -11"><span class='ocrx_word' id='word_1_388' title='bbox 2070 1757 2112 1816; x_wconf 79' lang='grc' dir='ltr'><strong><em>Β</em></strong></span> <span class='ocrx_word' id='word_1_389' title='bbox 2138 1778 2292 1831; x_wconf 87' lang='lat' dir='ltr'><strong>rabat</strong></span> <span class='ocrx_word' id='word_1_390' title='bbox 2315 1818 2329 1842; x_wconf 92' lang='lat'><strong>,</strong></span> <span class='ocrx_word' id='word_1_391' title='bbox 2379 1777 2601 1840; x_wconf 89' lang='lat' dir='ltr'><strong>dicens,</strong></span> <span class='ocrx_word' id='word_1_392' title='bbox 2652 1775 2793 1830; x_wconf 86' lang='lat' dir='ltr'><strong>sicut</strong></span> <span class='ocrx_word' id='word_1_393' title='bbox 2827 1789 2936 1829; x_wconf 92' lang='lat' dir='ltr'><strong>non</strong></span> <span class='ocrx_word' id='word_1_394' title='bbox 2976 1774 3029 1828; x_wconf 92' lang='lat' dir='ltr'><strong>in</strong></span> <span class='ocrx_word' id='word_1_395' title='bbox 3066 1789 3128 1829; x_wconf 86' lang='lat' dir='ltr'><strong>se</strong></span> <span class='ocrx_word' id='word_1_396' title='bbox 3154 1774 3348 1843; x_wconf 85' lang='lat' dir='ltr'><strong>recipit</strong></span> <span class='ocrx_word' id='word_1_397' title='bbox 3375 1782 3548 1827; x_wconf 88' lang='lat' dir='ltr'><strong>natura</strong></span> <span class='ocrx_word' id='word_1_398' title='bbox 3573 1772 3683 1839; x_wconf 78' lang='lat' dir='ltr'><strong>ignis</strong></span> 
     </span>
    </p>
   </div>
   <div class='ocr_carea' id='block_1_63' title="bbox 2135 1860 3684 1938">
    <p class='ocr_par' dir='ltr' id='par_1_63' title="bbox 2135 1860 3684 1938">
     <span class='ocr_line' id='line_1_63' title="bbox 2135 1860 3684 1938; baseline -0.005 -15"><span class='ocrx_word' id='word_1_399' title='bbox 2135 1868 2276 1938; x_wconf 87' lang='lat' dir='ltr'><strong>gelu,</strong></span> <span class='ocrx_word' id='word_1_400' title='bbox 2309 1868 2382 1922; x_wconf 90' lang='lat' dir='ltr'><strong>ita</strong></span> <span class='ocrx_word' id='word_1_401' title='bbox 2406 1868 2711 1938; x_wconf 84' lang='lat' dir='ltr'><strong>baptizatus</strong></span> <span class='ocrx_word' id='word_1_402' title='bbox 2739 1880 2846 1920; x_wconf 91' lang='lat' dir='ltr'><strong>non</strong></span> <span class='ocrx_word' id='word_1_403' title='bbox 2873 1864 2928 1919; x_wconf 89' lang='lat' dir='ltr'><strong>in</strong></span> <span class='ocrx_word' id='word_1_404' title='bbox 2955 1879 3014 1919; x_wconf 90' lang='lat' dir='ltr'><strong>se</strong></span> <span class='ocrx_word' id='word_1_405' title='bbox 3036 1865 3231 1934; x_wconf 88' lang='lat' dir='ltr'><strong>recipit</strong></span> <span class='ocrx_word' id='word_1_406' title='bbox 3252 1871 3533 1934; x_wconf 88' lang='lat' dir='ltr'><strong>peccatum.</strong></span> <span class='ocrx_word' id='word_1_407' title='bbox 3560 1860 3684 1916; x_wconf 85' lang='lat' dir='ltr'><strong>Sicut</strong></span> 
     </span>
    </p>
   </div>
   <div class='ocr_carea' id='block_1_64' title="bbox 2139 1956 3682 2028">
    <p class='ocr_par' dir='ltr' id='par_1_64' title="bbox 2139 1956 3682 2028">
     <span class='ocr_line' id='line_1_64' title="bbox 2139 1956 3682 2028; baseline -0.005 -13"><span class='ocrx_word' id='word_1_408' title='bbox 2139 1961 2281 2015; x_wconf 91' lang='lat' dir='ltr'><strong>enim</strong></span> <span class='ocrx_word' id='word_1_409' title='bbox 2310 1959 2449 2028; x_wconf 82' lang='lat' dir='ltr'><strong>ignis</strong></span> <span class='ocrx_word' id='word_1_410' title='bbox 2476 1958 2700 2013; x_wconf 86' lang='lat' dir='ltr'><strong>resolvit</strong></span> <span class='ocrx_word' id='word_1_411' title='bbox 2726 1964 2950 2028; x_wconf 89' lang='lat' dir='ltr'><strong>aspectu</strong></span> <span class='ocrx_word' id='word_1_412' title='bbox 2974 1971 3074 2012; x_wconf 89' lang='lat' dir='ltr'><strong>suo</strong></span> <span class='ocrx_word' id='word_1_413' title='bbox 3102 1956 3280 2021; x_wconf 84' lang='lat' dir='ltr'><strong>nives,</strong></span> <span class='ocrx_word' id='word_1_414' title='bbox 3301 1962 3682 2024; x_wconf 72' lang='lat' dir='ltr'><strong>quantaecunque</strong></span> 
     </span>
    </p>
   </div>
   <div class='ocr_carea' id='block_1_65' title="bbox 2132 2046 3682 2121">
    <p class='ocr_par' dir='ltr' id='par_1_65' title="bbox 2132 2046 3682 2121">
     <span class='ocr_line' id='line_1_65' title="bbox 2132 2046 3682 2121; baseline -0.003 -16"><span class='ocrx_word' id='word_1_415' title='bbox 2132 2051 2285 2121; x_wconf 81' lang='lat' dir='ltr'><strong>juxta</strong></span> <span class='ocrx_word' id='word_1_416' title='bbox 2315 2051 2452 2114; x_wconf 91' lang='lat' dir='ltr'><strong>sint,</strong></span> <span class='ocrx_word' id='word_1_417' title='bbox 2498 2050 2576 2106; x_wconf 90' lang='lat' dir='ltr'><strong>sic</strong></span> <span class='ocrx_word' id='word_1_418' title='bbox 2597 2049 2766 2105; x_wconf 87' lang='lat' dir='ltr'><strong>semel</strong></span> <span class='ocrx_word' id='word_1_419' title='bbox 2792 2049 3095 2118; x_wconf 81' lang='lat' dir='ltr'><strong>baptizatus</strong></span> <span class='ocrx_word' id='word_1_420' title='bbox 3123 2063 3235 2102; x_wconf 92' lang='lat' dir='ltr'><strong>non</strong></span> <span class='ocrx_word' id='word_1_421' title='bbox 3267 2046 3452 2117; x_wconf 88' lang='lat' dir='ltr'><strong>recipit</strong></span> <span class='ocrx_word' id='word_1_422' title='bbox 3476 2053 3682 2115; x_wconf 63' lang='lat' dir='ltr'><strong>peccate</strong></span> 
     </span>
    </p>
   </div>
   <div class='ocr_carea' id='block_1_66' title="bbox 2138 2134 3685 2206">
    <p class='ocr_par' dir='ltr' id='par_1_66' title="bbox 2138 2134 3685 2206">
     <span class='ocr_line' id='line_1_66' title="bbox 2138 2134 3685 2206; baseline -0.003 -13"><span class='ocrx_word' id='word_1_423' title='bbox 2138 2155 2256 2193; x_wconf 87' lang='lat' dir='ltr'><strong>rum</strong></span> <span class='ocrx_word' id='word_1_424' title='bbox 2280 2146 2489 2193; x_wconf 86' lang='lat' dir='ltr'><strong>reatum</strong></span> <span class='ocrx_word' id='word_1_425' title='bbox 2513 2179 2528 2204; x_wconf 94' lang='lat'><strong>,</strong></span> <span class='ocrx_word' id='word_1_426' title='bbox 2582 2138 2747 2193; x_wconf 85' lang='lat' dir='ltr'><strong>etiam</strong></span> <span class='ocrx_word' id='word_1_427' title='bbox 2776 2138 3061 2206; x_wconf 83' lang='lat' dir='ltr'><strong>quantavis</strong></span> <span class='ocrx_word' id='word_1_428' title='bbox 3101 2137 3304 2191; x_wconf 87' lang='lat' dir='ltr'><strong>fuerint</strong></span> <span class='ocrx_word' id='word_1_429' title='bbox 3330 2136 3566 2206; x_wconf 87' lang='lat' dir='ltr'><strong>operibus</strong></span> <span class='ocrx_word' id='word_1_430' title='bbox 3591 2134 3685 2204; x_wconf 83' lang='lat' dir='ltr'><strong>ejus</strong></span> 
     </span>
    </p>
   </div>
   <div class='ocr_carea' id='block_1_67' title="bbox 2134 2217 3684 2303">
    <p class='ocr_par' dir='ltr' id='par_1_67' title="bbox 2134 2217 3684 2303">
     <span class='ocr_line' id='line_1_67' title="bbox 2134 2217 3684 2303; baseline -0.006 -16"><span class='ocrx_word' id='word_1_431' title='bbox 2134 2240 2359 2303; x_wconf 87' lang='lat' dir='ltr'><strong>peccata</strong></span> <span class='ocrx_word' id='word_1_432' title='bbox 2386 2230 2675 2301; x_wconf 81' lang='lat' dir='ltr'><strong>permixta.</strong></span> <span class='ocrx_word' id='word_1_433' title='bbox 2737 2229 2837 2285; x_wconf 82' lang='lat' dir='ltr'><strong>llic</strong></span> <span class='ocrx_word' id='word_1_434' title='bbox 2874 2231 2929 2285; x_wconf 90' lang='lat' dir='ltr'><strong>in</strong></span> <span class='ocrx_word' id='word_1_435' title='bbox 2960 2217 3206 2300; x_wconf 84' lang='lat' dir='ltr'><strong>partibus</strong></span> <span class='ocrx_word' id='word_1_436' title='bbox 3234 2228 3426 2284; x_wconf 64' lang='lat' dir='ltr'><strong>Siciliae</strong></span> <span class='ocrx_word' id='word_1_437' title='bbox 3452 2226 3684 2282; x_wconf 78' lang='lat' dir='ltr'><strong>inchoavit</strong></span> 
     </span>
    </p>
   </div>
   <div class='ocr_carea' id='block_1_68' title="bbox 2134 2319 3684 2392">
    <p class='ocr_par' dir='ltr' id='par_1_68' title="bbox 2134 2319 3684 2392">
     <span class='ocr_line' id='line_1_68' title="bbox 2134 2319 3684 2392; baseline -0.003 -13"><span class='ocrx_word' id='word_1_438' title='bbox 2134 2324 2351 2380; x_wconf 88' lang='lat' dir='ltr'><strong>docere.</strong></span> <span class='ocrx_word' id='word_1_439' title='bbox 2412 2323 2612 2379; x_wconf 86' lang='lat' dir='ltr'><strong>Contra</strong></span> <span class='ocrx_word' id='word_1_440' title='bbox 2662 2323 2807 2378; x_wconf 90' lang='lat' dir='ltr'><strong>hunc</strong></span> <span class='ocrx_word' id='word_1_441' title='bbox 2845 2332 3209 2392; x_wconf 88' lang='lat' dir='ltr'><strong>susceperunt</strong></span> <span class='ocrx_word' id='word_1_442' title='bbox 3253 2322 3484 2392; x_wconf 90' lang='lat' dir='ltr'><strong>episcopi</strong></span> <span class='ocrx_word' id='word_1_443' title='bbox 3507 2319 3684 2376; x_wconf 84' lang='lat' dir='ltr'><strong>Siculo-</strong></span> 
     </span>
    </p>
   </div>
   <div class='ocr_carea' id='block_1_69' title="bbox 2134 2410 3686 2484">
    <p class='ocr_par' dir='ltr' id='par_1_69' title="bbox 2134 2410 3686 2484">
     <span class='ocr_line' id='line_1_69' title="bbox 2134 2410 3686 2484; baseline -0.003 -16"><span class='ocrx_word' id='word_1_444' title='bbox 2134 2429 2293 2480; x_wconf 89' lang='lat' dir='ltr'><strong>rum,</strong></span> <span class='ocrx_word' id='word_1_445' title='bbox 2347 2424 2374 2461; x_wconf 75' lang='grc' dir='ltr'><strong><em>ε</em></strong></span> <span class='ocrx_word' id='word_1_446' title='bbox 2424 2412 2743 2468; x_wconf 85' lang='lat' dir='ltr'><strong>Eustachius</strong></span> <span class='ocrx_word' id='word_1_447' title='bbox 2797 2412 3153 2484; x_wconf 68' lang='lat' dir='ltr'><strong>Lilybazorum&#39;</strong></span> <span class='ocrx_word' id='word_1_448' title='bbox 3209 2422 3265 2467; x_wconf 87' lang='lat' dir='ltr'><strong>et</strong></span> <span class='ocrx_word' id='word_1_449' title='bbox 3310 2410 3686 2466; x_wconf 86' lang='lat' dir='ltr'><strong>Panormeorum</strong></span> 
     </span>
    </p>
   </div>
   <div class='ocr_carea' id='block_1_70' title="bbox 2138 2499 3685 2573">
    <p class='ocr_par' dir='ltr' id='par_1_70' title="bbox 2138 2499 3685 2573">
     <span class='ocr_line' id='line_1_70' title="bbox 2138 2499 3685 2573; baseline -0.005 -14"><span class='ocrx_word' id='word_1_450' title='bbox 2138 2503 2469 2559; x_wconf 83' lang='lat' dir='ltr'><strong>Theodorus.</strong></span> <span class='ocrx_word' id='word_1_451' title='bbox 2545 2502 2753 2573; x_wconf 86' lang='lat' dir='ltr'><strong>Quique</strong></span> <span class='ocrx_word' id='word_1_452' title='bbox 2819 2503 3059 2557; x_wconf 88' lang='lat' dir='ltr'><strong>omnium</strong></span> <span class='ocrx_word' id='word_1_453' title='bbox 3126 2503 3223 2571; x_wconf 89' lang='lat' dir='ltr'><strong>qui</strong></span> <span class='ocrx_word' id='word_1_454' title='bbox 3272 2499 3301 2538; x_wconf 76' lang='grc' dir='ltr'><strong>ιι</strong></span> <span class='ocrx_word' id='word_1_455' title='bbox 3350 2516 3441 2572; x_wconf 88' lang='lat' dir='ltr'><strong>per</strong></span> <span class='ocrx_word' id='word_1_456' title='bbox 3488 2499 3685 2554; x_wconf 86' lang='lat' dir='ltr'><strong>Siciliam</strong></span> 
     </span>
    </p>
   </div>
   <div class='ocr_carea' id='block_1_71' title="bbox 2141 2593 3686 2666">
    <p class='ocr_par' dir='ltr' id='par_1_71' title="bbox 2141 2593 3686 2666">
     <span class='ocr_line' id='line_1_71' title="bbox 2141 2593 3686 2666; baseline -0.004 -16"><span class='ocrx_word' id='word_1_457' title='bbox 2141 2604 2298 2651; x_wconf 87' lang='lat' dir='ltr'><strong>erant</strong></span> <span class='ocrx_word' id='word_1_458' title='bbox 2343 2596 2720 2664; x_wconf 89' lang='lat' dir='ltr'><strong>episcoporum</strong></span> <span class='ocrx_word' id='word_1_459' title='bbox 2761 2594 3026 2666; x_wconf 87' lang='lat' dir='ltr'><strong>synodum</strong></span> <span class='ocrx_word' id='word_1_460' title='bbox 3069 2602 3380 2660; x_wconf 85' lang='lat' dir='ltr'><strong>exorantes,</strong></span> <span class='ocrx_word' id='word_1_461' title='bbox 3421 2593 3569 2662; x_wconf 81' lang='lat' dir='ltr'><strong>gestis</strong></span> <span class='ocrx_word' id='word_1_462' title='bbox 3585 2605 3686 2645; x_wconf 85' lang='lat' dir='ltr'><strong>eum</strong></span> 
     </span>
    </p>
   </div>
   <div class='ocr_carea' id='block_1_72' title="bbox 2145 2680 3687 2751">
    <p class='ocr_par' dir='ltr' id='par_1_72' title="bbox 2145 2680 3687 2751">
     <span class='ocr_line' id='line_1_72' title="bbox 2145 2680 3687 2751; baseline -0.005 -10"><span class='ocrx_word' id='word_1_463' title='bbox 2145 2686 2331 2741; x_wconf 89' lang='lat' dir='ltr'><strong>audire</strong></span> <span class='ocrx_word' id='word_1_464' title='bbox 2357 2688 2730 2751; x_wconf 85' lang='lat' dir='ltr'><strong>decreverunt,</strong></span> <span class='ocrx_word' id='word_1_465' title='bbox 2763 2695 2819 2741; x_wconf 89' lang='lat' dir='ltr'><strong>et</strong></span> <span class='ocrx_word' id='word_1_466' title='bbox 2844 2686 3124 2740; x_wconf 88' lang='lat' dir='ltr'><strong>universas</strong></span> <span class='ocrx_word' id='word_1_467' title='bbox 3151 2685 3476 2741; x_wconf 85' lang='lat' dir='ltr'><strong>assertiones</strong></span> <span class='ocrx_word' id='word_1_468' title='bbox 3500 2683 3601 2751; x_wconf 87' lang='lat' dir='ltr'><strong>ejus</strong></span> <span class='ocrx_word' id='word_1_469' title='bbox 3622 2680 3687 2734; x_wconf 86' lang='lat' dir='ltr'><strong>di-</strong></span> 
     </span>
    </p>
   </div>
   <div class='ocr_carea' id='block_1_73' title="bbox 2138 2776 3684 2849">
    <p class='ocr_par' dir='ltr' id='par_1_73' title="bbox 2138 2776 3684 2849">
     <span class='ocr_line' id='line_1_73' title="bbox 2138 2776 3684 2849; baseline -0.005 -15"><span class='ocrx_word' id='word_1_470' title='bbox 2138 2780 2377 2849; x_wconf 86' lang='lat' dir='ltr'><strong>rigentes</strong></span> <span class='ocrx_word' id='word_1_471' title='bbox 2402 2780 2470 2834; x_wconf 88' lang='lat' dir='ltr'><strong>ad</strong></span> <span class='ocrx_word' id='word_1_472' title='bbox 2512 2788 2757 2835; x_wconf 88' lang='lat' dir='ltr'><strong>sanctum</strong></span> <span class='ocrx_word' id='word_1_473' title='bbox 2798 2778 3162 2834; x_wconf 83' lang='lat' dir='ltr'><strong>Alexandrum</strong></span> <span class='ocrx_word' id='word_1_474' title='bbox 3209 2776 3369 2832; x_wconf 88' lang='lat' dir='ltr'><strong>Urbis</strong></span> <span class='ocrx_word' id='word_1_475' title='bbox 3395 2777 3684 2846; x_wconf 86' lang='lat' dir='ltr'><strong>episcopum,</strong></span> 
     </span>
    </p>
   </div>
   <div class='ocr_carea' id='block_1_74' title="bbox 2145 2864 3686 2942">
    <p class='ocr_par' dir='ltr' id='par_1_74' title="bbox 2145 2864 3686 2942">
     <span class='ocr_line' id='line_1_74' title="bbox 2145 2864 3686 2942; baseline -0.008 -15"><span class='ocrx_word' id='word_1_476' title='bbox 2145 2878 2472 2942; x_wconf 84' lang='lat' dir='ltr'><strong>rogaverunt</strong></span> <span class='ocrx_word' id='word_1_477' title='bbox 2508 2879 2568 2924; x_wconf 93' lang='lat' dir='ltr'><strong>ut</strong></span> <span class='ocrx_word' id='word_1_478' title='bbox 2602 2869 2668 2924; x_wconf 91' lang='lat' dir='ltr'><strong>ad</strong></span> <span class='ocrx_word' id='word_1_479' title='bbox 2715 2885 2838 2924; x_wconf 91' lang='lat' dir='ltr'><strong>eum</strong></span> <span class='ocrx_word' id='word_1_480' title='bbox 2867 2867 3257 2924; x_wconf 87' lang='lat' dir='ltr'><strong>confutandum</strong></span> <span class='ocrx_word' id='word_1_481' title='bbox 3286 2866 3479 2936; x_wconf 89' lang='lat' dir='ltr'><strong>aliquid</strong></span> <span class='ocrx_word' id='word_1_482' title='bbox 3504 2864 3686 2921; x_wconf 85' lang='lat' dir='ltr'><strong>ordina-</strong></span> 
     </span>
    </p>
   </div>
   <div class='ocr_carea' id='block_1_75' title="bbox 2137 2961 3686 3029">
    <p class='ocr_par' dir='ltr' id='par_1_75' title="bbox 2137 2961 3686 3029">
     <span class='ocr_line' id='line_1_75' title="bbox 2137 2961 3686 3029; baseline -0.008 -9"><span class='ocrx_word' id='word_1_483' title='bbox 2137 2972 2241 3021; x_wconf 88' lang='lat' dir='ltr'><strong>ret.</strong></span> <span class='ocrx_word' id='word_1_484' title='bbox 2307 2964 2458 3019; x_wconf 90' lang='lat' dir='ltr'><strong>Tunc</strong></span> <span class='ocrx_word' id='word_1_485' title='bbox 2502 2972 2719 3018; x_wconf 87' lang='lat' dir='ltr'><strong>sanctus</strong></span> <span class='ocrx_word' id='word_1_486' title='bbox 2761 2961 3084 3027; x_wconf 79' lang='lat' dir='ltr'><strong>Alexander,</strong></span> <span class='ocrx_word' id='word_1_487' title='bbox 3135 2961 3209 3016; x_wconf 88' lang='lat' dir='ltr'><strong>ad</strong></span> <span class='ocrx_word' id='word_1_488' title='bbox 3256 2961 3458 3029; x_wconf 87' lang='lat' dir='ltr'><strong>singula</strong></span> <span class='ocrx_word' id='word_1_489' title='bbox 3499 2968 3686 3028; x_wconf 64' lang='lat' dir='ltr'><strong>qumque</strong></span> 
     </span>
    </p>
   </div>
   <div class='ocr_carea' id='block_1_76' title="bbox 2138 3045 3685 3126">
    <p class='ocr_par' dir='ltr' id='par_1_76' title="bbox 2138 3045 3685 3126">
     <span class='ocr_line' id='line_1_76' title="bbox 2138 3045 3685 3126; baseline -0.008 -15"><span class='ocrx_word' id='word_1_490' title='bbox 2138 3056 2317 3125; x_wconf 89' lang='lat' dir='ltr'><strong>capita</strong></span> <span class='ocrx_word' id='word_1_491' title='bbox 2346 3054 2499 3126; x_wconf 81' lang='lat' dir='ltr'><strong>hydri</strong></span> <span class='ocrx_word' id='word_1_492' title='bbox 2528 3054 2765 3122; x_wconf 90' lang='lat' dir='ltr'><strong>singulos</strong></span> <span class='ocrx_word' id='word_1_493' title='bbox 2789 3052 2994 3121; x_wconf 88' lang='lat' dir='ltr'><strong>gladios</strong></span> <span class='ocrx_word' id='word_1_494' title='bbox 3022 3052 3119 3106; x_wconf 89' lang='lat' dir='ltr'><strong>Dei</strong></span> <span class='ocrx_word' id='word_1_495' title='bbox 3144 3052 3311 3108; x_wconf 83' lang='lat' dir='ltr'><strong>Verbi</strong></span> <span class='ocrx_word' id='word_1_496' title='bbox 3335 3053 3403 3106; x_wconf 88' lang='lat' dir='ltr'><strong>de</strong></span> <span class='ocrx_word' id='word_1_497' title='bbox 3430 3050 3597 3118; x_wconf 86' lang='lat' dir='ltr'><strong>vagina</strong></span> <span class='ocrx_word' id='word_1_498' title='bbox 3621 3045 3685 3101; x_wconf 88' lang='lat' dir='ltr'><strong>di-</strong></span> 
     </span>
    </p>
   </div>
   <div class='ocr_carea' id='block_1_77' title="bbox 2139 3136 3686 3215">
    <p class='ocr_par' dir='ltr' id='par_1_77' title="bbox 2139 3136 3686 3215">
     <span class='ocr_line' id='line_1_77' title="bbox 2139 3136 3686 3215; baseline -0.01 -11"><span class='ocrx_word' id='word_1_499' title='bbox 2139 3149 2277 3204; x_wconf 76' lang='lat' dir='ltr'><strong>vina:</strong></span> <span class='ocrx_word' id='word_1_500' title='bbox 2305 3148 2438 3215; x_wconf 88' lang='lat' dir='ltr'><strong>legis</strong></span> <span class='ocrx_word' id='word_1_501' title='bbox 2464 3146 2702 3214; x_wconf 86' lang='lat' dir='ltr'><strong>ejiciens,</strong></span> <span class='ocrx_word' id='word_1_502' title='bbox 2736 3146 2929 3199; x_wconf 89' lang='lat' dir='ltr'><strong>librum</strong></span> <span class='ocrx_word' id='word_1_503' title='bbox 2956 3151 3146 3199; x_wconf 90' lang='lat' dir='ltr'><strong>contra</strong></span> <span class='ocrx_word' id='word_1_504' title='bbox 3178 3143 3552 3198; x_wconf 84' lang='lat' dir='ltr'><strong>lleracleonem</strong></span> <span class='ocrx_word' id='word_1_505' title='bbox 3575 3136 3686 3192; x_wconf 87' lang='lat' dir='ltr'><strong>ordi-</strong></span> 
     </span>
    </p>
   </div>
   <div class='ocr_carea' id='block_1_78' title="bbox 2141 3229 3687 3305">
    <p class='ocr_par' dir='ltr' id='par_1_78' title="bbox 2141 3229 3687 3305">
     <span class='ocr_line' id='line_1_78' title="bbox 2141 3229 3687 3305; baseline -0.008 -10"><span class='ocrx_word' id='word_1_506' title='bbox 2141 3255 2277 3295; x_wconf 88' lang='lat' dir='ltr'><strong>nans</strong></span> <span class='ocrx_word' id='word_1_507' title='bbox 2294 3280 2308 3305; x_wconf 97' lang='lat'><strong>,</strong></span> <span class='ocrx_word' id='word_1_508' title='bbox 2351 3237 2803 3292; x_wconf 86' lang='lat' dir='ltr'><strong>ferventissimum</strong></span> <span class='ocrx_word' id='word_1_509' title='bbox 2831 3234 3046 3303; x_wconf 89' lang='lat' dir='ltr'><strong>ingenio</strong></span> <span class='ocrx_word' id='word_1_510' title='bbox 3072 3232 3426 3288; x_wconf 88' lang='lat' dir='ltr'><strong>Sabinianum</strong></span> <span class='ocrx_word' id='word_1_511' title='bbox 3454 3229 3687 3302; x_wconf 80' lang='lat' dir='ltr'><strong>presbyte-</strong></span> 
     </span>
    </p>
   </div>
   <div class='ocr_carea' id='block_1_79' title="bbox 2137 3321 3684 3396">
    <p class='ocr_par' dir='ltr' id='par_1_79' title="bbox 2137 3321 3684 3396">
     <span class='ocr_line' id='line_1_79' title="bbox 2137 3321 3684 3396; baseline -0.008 -11"><span class='ocrx_word' id='word_1_512' title='bbox 2137 3345 2255 3384; x_wconf 91' lang='lat' dir='ltr'><strong>rum</strong></span> <span class='ocrx_word' id='word_1_513' title='bbox 2284 3329 2598 3391; x_wconf 88' lang='lat' dir='ltr'><strong>destinavit;</strong></span> <span class='ocrx_word' id='word_1_514' title='bbox 2647 3327 2740 3396; x_wconf 91' lang='lat' dir='ltr'><strong>qni</strong></span> <span class='ocrx_word' id='word_1_515' title='bbox 2787 3333 2843 3381; x_wconf 90' lang='lat' dir='ltr'><strong>et</strong></span> <span class='ocrx_word' id='word_1_516' title='bbox 2871 3325 3083 3394; x_wconf 90' lang='lat' dir='ltr'><strong>scriptis</strong></span> <span class='ocrx_word' id='word_1_517' title='bbox 3119 3321 3138 3361; x_wconf 75' lang='grc' dir='ltr'><strong>ί</strong></span> <span class='ocrx_word' id='word_1_518' title='bbox 3172 3324 3444 3394; x_wconf 78' lang='lat' dir='ltr'><strong>episcopi,</strong></span> <span class='ocrx_word' id='word_1_519' title='bbox 3466 3330 3518 3376; x_wconf 90' lang='lat' dir='ltr'><strong>et</strong></span> <span class='ocrx_word' id='word_1_520' title='bbox 3540 3332 3684 3373; x_wconf 80' lang='lat' dir='ltr'><strong>asser-</strong></span> 
     </span>
    </p>
   </div>
   <div class='ocr_carea' id='block_1_80' title="bbox 2142 3410 3685 3481">
    <p class='ocr_par' dir='ltr' id='par_1_80' title="bbox 2142 3410 3685 3481">
     <span class='ocr_line' id='line_1_80' title="bbox 2142 3410 3685 3481; baseline -0.006 -8"><span class='ocrx_word' id='word_1_521' title='bbox 2142 3420 2293 3475; x_wconf 90' lang='lat' dir='ltr'><strong>tione</strong></span> <span class='ocrx_word' id='word_1_522' title='bbox 2321 3435 2416 3474; x_wconf 88' lang='lat' dir='ltr'><strong>sua</strong></span> <span class='ocrx_word' id='word_1_523' title='bbox 2447 3419 2520 3473; x_wconf 90' lang='lat' dir='ltr'><strong>ita</strong></span> <span class='ocrx_word' id='word_1_524' title='bbox 2548 3432 2671 3472; x_wconf 91' lang='lat' dir='ltr'><strong>eum</strong></span> <span class='ocrx_word' id='word_1_525' title='bbox 2720 3415 3055 3481; x_wconf 82' lang='lat' dir='ltr'><strong>confutaret,</strong></span> <span class='ocrx_word' id='word_1_526' title='bbox 3096 3423 3153 3470; x_wconf 92' lang='lat' dir='ltr'><strong>ut</strong></span> <span class='ocrx_word' id='word_1_527' title='bbox 3182 3424 3348 3471; x_wconf 88' lang='lat' dir='ltr'><strong>nocte</strong></span> <span class='ocrx_word' id='word_1_528' title='bbox 3374 3413 3537 3469; x_wconf 88' lang='lat' dir='ltr'><strong>media</strong></span> <span class='ocrx_word' id='word_1_529' title='bbox 3561 3410 3685 3465; x_wconf 80' lang='lat' dir='ltr'><strong>navis</strong></span> 
     </span>
    </p>
   </div>
   <div class='ocr_carea' id='block_1_81' title="bbox 2137 3503 3686 3583">
    <p class='ocr_par' dir='ltr' id='par_1_81' title="bbox 2137 3503 3686 3583">
     <span class='ocr_line' id='line_1_81' title="bbox 2137 3503 3686 3583; baseline -0.008 -16"><span class='ocrx_word' id='word_1_530' title='bbox 2137 3512 2386 3583; x_wconf 69' lang='lat' dir='ltr'><strong>prmsidio</strong></span> <span class='ocrx_word' id='word_1_531' title='bbox 2416 3511 2625 3580; x_wconf 85' lang='lat' dir='ltr'><strong>fugeret</strong></span> <span class='ocrx_word' id='word_1_532' title='bbox 2663 3516 2720 3565; x_wconf 92' lang='lat' dir='ltr'><strong>et</strong></span> <span class='ocrx_word' id='word_1_533' title='bbox 2747 3508 2889 3563; x_wconf 90' lang='lat' dir='ltr'><strong>ultra</strong></span> <span class='ocrx_word' id='word_1_534' title='bbox 2917 3508 3136 3562; x_wconf 91' lang='lat' dir='ltr'><strong>ubinam</strong></span> <span class='ocrx_word' id='word_1_535' title='bbox 3180 3507 3486 3563; x_wconf 87' lang='lat' dir='ltr'><strong>devenisset</strong></span> <span class='ocrx_word' id='word_1_536' title='bbox 3510 3503 3686 3573; x_wconf 82' lang='lat' dir='ltr'><strong>penitus</strong></span> 
     </span>
    </p>
   </div>
   <div class='ocr_carea' id='block_1_82' title="bbox 2138 3602 2530 3659">
    <p class='ocr_par' dir='ltr' id='par_1_82' title="bbox 2138 3602 2530 3659">
     <span class='ocr_line' id='line_1_82' title="bbox 2138 3602 2530 3659; baseline -0.005 -1"><span class='ocrx_word' id='word_1_537' title='bbox 2138 3603 2318 3659; x_wconf 85' lang='lat' dir='ltr'><strong>nullus</strong></span> <span class='ocrx_word' id='word_1_538' title='bbox 2346 3602 2530 3658; x_wconf 86' lang='lat' dir='ltr'><strong>sciret.</strong></span> 
     </span>
    </p>
   </div>
   <div class='ocr_carea' id='block_1_83' title="bbox 2854 3669 3011 3724">
    <p class='ocr_par' dir='ltr' id='par_1_83' title="bbox 2854 3669 3011 3724">
     <span class='ocr_line' id='line_1_83' title="bbox 2854 3669 3011 3724; baseline -0.006 0"><span class='ocrx_word' id='word_1_539' title='bbox 2854 3669 3011 3724; x_wconf 78' lang='lat' dir='ltr'><strong>XVII.</strong></span> 
     </span>
    </p>
   </div>
   <div class='ocr_carea' id='block_1_84' title="bbox 2209 3751 3685 3833">
    <p class='ocr_par' dir='ltr' id='par_1_84' title="bbox 2209 3751 3685 3833">
     <span class='ocr_line' id='line_1_84' title="bbox 2209 3751 3685 3833; baseline -0.008 -16"><span class='ocrx_word' id='word_1_540' title='bbox 2209 3761 2449 3833; x_wconf 89' lang='lat' dir='ltr'><strong>Septima</strong></span> <span class='ocrx_word' id='word_1_541' title='bbox 2478 3760 2685 3816; x_wconf 88' lang='lat' dir='ltr'><strong>decima</strong></span> <span class='ocrx_word' id='word_1_542' title='bbox 2714 3760 2935 3815; x_wconf 64' lang='lat' dir='ltr'><strong>haeresis</strong></span> <span class='ocrx_word' id='word_1_543' title='bbox 2963 3758 3306 3829; x_wconf 90' lang='lat' dir='ltr'><strong>Ophitarum.</strong></span> <span class='ocrx_word' id='word_1_544' title='bbox 3348 3757 3411 3811; x_wconf 83' lang='lat' dir='ltr'><strong>Hi</strong></span> <span class='ocrx_word' id='word_1_545' title='bbox 3440 3772 3467 3811; x_wconf 90' lang='lat' dir='ltr'><strong>a</strong></span> <span class='ocrx_word' id='word_1_546' title='bbox 3495 3751 3685 3811; x_wconf 77' lang='lat' dir='ltr'><strong>colubra</strong></span> 
     </span>
    </p>
   </div>
   <div class='ocr_carea' id='block_1_85' title="bbox 2138 3845 3683 3921">
    <p class='ocr_par' dir='ltr' id='par_1_85' title="bbox 2138 3845 3683 3921">
     <span class='ocr_line' id='line_1_85' title="bbox 2138 3845 3683 3921; baseline -0.01 -11"><span class='ocrx_word' id='word_1_547' title='bbox 2138 3854 2399 3910; x_wconf 90' lang='lat' dir='ltr'><strong>nominati</strong></span> <span class='ocrx_word' id='word_1_548' title='bbox 2428 3862 2572 3908; x_wconf 89' lang='lat' dir='ltr'><strong>sunt.</strong></span> <span class='ocrx_word' id='word_1_549' title='bbox 2622 3850 2858 3907; x_wconf 85' lang='lat' dir='ltr'><strong>Coluber</strong></span> <span class='ocrx_word' id='word_1_550' title='bbox 2904 3852 3082 3916; x_wconf 88' lang='lat' dir='ltr'><strong>enim,</strong></span> <span class='ocrx_word' id='word_1_551' title='bbox 3114 3849 3305 3906; x_wconf 74' lang='lat' dir='ltr'><strong>Gnece</strong></span> <span class='ocrx_word' id='word_1_552' title='bbox 3333 3850 3483 3921; x_wconf 90' lang='lat' dir='ltr'><strong>ophis</strong></span> <span class='ocrx_word' id='word_1_553' title='bbox 3507 3845 3683 3902; x_wconf 86' lang='lat' dir='ltr'><strong>dicitur.</strong></span> 
     </span>
    </p>
   </div>
   <div class='ocr_carea' id='block_1_86' title="bbox 2139 3938 3686 4013">
    <p class='ocr_par' dir='ltr' id='par_1_86' title="bbox 2139 3938 3686 4013">
     <span class='ocr_line' id='line_1_86' title="bbox 2139 3938 3686 4013; baseline -0.006 -12"><span class='ocrx_word' id='word_1_554' title='bbox 2139 3945 2353 4001; x_wconf 83' lang='lat' dir='ltr'><strong>Habent</strong></span> <span class='ocrx_word' id='word_1_555' title='bbox 2380 3958 2509 4013; x_wconf 86' lang='lat' dir='ltr'><strong>ergo</strong></span> <span class='ocrx_word' id='word_1_556' title='bbox 2535 3944 2814 3999; x_wconf 87' lang='lat' dir='ltr'><strong>colubrum</strong></span> <span class='ocrx_word' id='word_1_557' title='bbox 2836 3949 3111 3997; x_wconf 89' lang='lat' dir='ltr'><strong>assuetum</strong></span> <span class='ocrx_word' id='word_1_558' title='bbox 3135 3957 3331 3997; x_wconf 87' lang='lat' dir='ltr'><strong>eorum</strong></span> <span class='ocrx_word' id='word_1_559' title='bbox 3358 3955 3520 4012; x_wconf 88' lang='lat' dir='ltr'><strong>panes</strong></span> <span class='ocrx_word' id='word_1_560' title='bbox 3541 3938 3686 4003; x_wconf 74' lang='lat' dir='ltr'><strong>lingua</strong></span> 
     </span>
    </p>
   </div>
   <div class='ocr_carea' id='block_1_87' title="bbox 2140 4027 3685 4105">
    <p class='ocr_par' dir='ltr' id='par_1_87' title="bbox 2140 4027 3685 4105">
     <span class='ocr_line' id='line_1_87' title="bbox 2140 4027 3685 4105; baseline -0.008 -14"><span class='ocrx_word' id='word_1_561' title='bbox 2140 4039 2411 4102; x_wconf 89' lang='lat' dir='ltr'><strong>lambere,</strong></span> <span class='ocrx_word' id='word_1_562' title='bbox 2441 4045 2603 4105; x_wconf 88' lang='lat' dir='ltr'><strong>atque</strong></span> <span class='ocrx_word' id='word_1_563' title='bbox 2633 4037 2705 4090; x_wconf 92' lang='lat' dir='ltr'><strong>ita</strong></span> <span class='ocrx_word' id='word_1_564' title='bbox 2734 4052 2802 4090; x_wconf 80' lang='lat' dir='ltr'><strong>ex</strong></span> <span class='ocrx_word' id='word_1_565' title='bbox 2840 4051 2900 4091; x_wconf 89' lang='lat' dir='ltr'><strong>se</strong></span> <span class='ocrx_word' id='word_1_566' title='bbox 2927 4036 3075 4090; x_wconf 87' lang='lat' dir='ltr'><strong>velut</strong></span> <span class='ocrx_word' id='word_1_567' title='bbox 3102 4034 3491 4090; x_wconf 85' lang='lat' dir='ltr'><strong>Eucharistiam</strong></span> <span class='ocrx_word' id='word_1_568' title='bbox 3518 4027 3685 4086; x_wconf 87' lang='lat' dir='ltr'><strong>sancti-</strong></span> 
     </span>
    </p>
   </div>
   <div class='ocr_carea' id='block_1_88' title="bbox 2142 4121 3684 4195">
    <p class='ocr_par' dir='ltr' id='par_1_88' title="bbox 2142 4121 3684 4195">
     <span class='ocr_line' id='line_1_88' title="bbox 2142 4121 3684 4195; baseline -0.006 -13"><span class='ocrx_word' id='word_1_569' title='bbox 2142 4129 2323 4185; x_wconf 86' lang='lat' dir='ltr'><strong>ticare.</strong></span> <span class='ocrx_word' id='word_1_570' title='bbox 2376 4130 2548 4195; x_wconf 87' lang='lat' dir='ltr'><strong>Quem</strong></span> <span class='ocrx_word' id='word_1_571' title='bbox 2594 4127 2876 4183; x_wconf 90' lang='lat' dir='ltr'><strong>colubrum</strong></span> <span class='ocrx_word' id='word_1_572' title='bbox 2921 4143 3076 4183; x_wconf 90' lang='lat' dir='ltr'><strong>suum</strong></span> <span class='ocrx_word' id='word_1_573' title='bbox 3123 4126 3398 4182; x_wconf 88' lang='lat' dir='ltr'><strong>Christum</strong></span> <span class='ocrx_word' id='word_1_574' title='bbox 3434 4121 3684 4195; x_wconf 88' lang='lat' dir='ltr'><strong>appellant.</strong></span> 
     </span>
    </p>
   </div>
   <div class='ocr_carea' id='block_1_89' title="bbox 2138 4218 3687 4291">
    <p class='ocr_par' dir='ltr' id='par_1_89' title="bbox 2138 4218 3687 4291">
     <span class='ocr_line' id='line_1_89' title="bbox 2138 4218 3687 4291; baseline -0.006 -15"><span class='ocrx_word' id='word_1_575' title='bbox 2138 4220 2343 4278; x_wconf 91' lang='lat' dir='ltr'><strong>Contra</strong></span> <span class='ocrx_word' id='word_1_576' title='bbox 2395 4222 2495 4275; x_wconf 89' lang='lat' dir='ltr'><strong>bos</strong></span> <span class='ocrx_word' id='word_1_577' title='bbox 2541 4227 2894 4289; x_wconf 90' lang='lat' dir='ltr'><strong>susceperunt</strong></span> <span class='ocrx_word' id='word_1_578' title='bbox 2930 4219 3194 4291; x_wconf 71' lang='lat' dir='ltr'><strong>Bithynia:</strong></span> <span class='ocrx_word' id='word_1_579' title='bbox 3224 4218 3509 4288; x_wconf 69' lang='lat' dir='ltr'><strong>provincia:</strong></span> <span class='ocrx_word' id='word_1_580' title='bbox 3534 4224 3687 4269; x_wconf 81' lang='lat' dir='ltr'><strong>sacer-</strong></span> 
     </span>
    </p>
   </div>
   <div class='ocr_carea' id='block_1_90' title="bbox 2138 4299 3688 4379">
    <p class='ocr_par' dir='ltr' id='par_1_90' title="bbox 2138 4299 3688 4379">
     <span class='ocr_line' id='line_1_90' title="bbox 2138 4299 3688 4379; baseline -0.009 -11"><span class='ocrx_word' id='word_1_581' title='bbox 2138 4315 2334 4379; x_wconf 86' lang='lat' dir='ltr'><strong>dotes,</strong></span> <span class='ocrx_word' id='word_1_582' title='bbox 2382 4312 2435 4366; x_wconf 90' lang='lat' dir='ltr'><strong>id</strong></span> <span class='ocrx_word' id='word_1_583' title='bbox 2474 4320 2557 4367; x_wconf 89' lang='lat' dir='ltr'><strong>est</strong></span> <span class='ocrx_word' id='word_1_584' title='bbox 2604 4311 2839 4367; x_wconf 86' lang='lat' dir='ltr'><strong>civitatis</strong></span> <span class='ocrx_word' id='word_1_585' title='bbox 2881 4308 3261 4366; x_wconf 70' lang='lat' dir='ltr'><strong>Chalcedonia:</strong></span> <span class='ocrx_word' id='word_1_586' title='bbox 3307 4318 3364 4364; x_wconf 89' lang='lat' dir='ltr'><strong>et</strong></span> <span class='ocrx_word' id='word_1_587' title='bbox 3407 4299 3688 4362; x_wconf 60' lang='lat' dir='ltr'><strong>Nicomedia!</strong></span> 
     </span>
    </p>
   </div>
   <div class='ocr_carea' id='block_1_91' title="bbox 2140 4391 3688 4475">
    <p class='ocr_par' dir='ltr' id='par_1_91' title="bbox 2140 4391 3688 4475">
     <span class='ocr_line' id='line_1_91' title="bbox 2140 4391 3688 4475; baseline -0.009 -16"><span class='ocrx_word' id='word_1_588' title='bbox 2140 4404 2382 4475; x_wconf 89' lang='lat' dir='ltr'><strong>episcopi</strong></span> <span class='ocrx_word' id='word_1_589' title='bbox 2409 4391 2729 4458; x_wconf 80' lang='lat' dir='ltr'><strong>Theocritus</strong></span> <span class='ocrx_word' id='word_1_590' title='bbox 2774 4409 2830 4457; x_wconf 91' lang='lat' dir='ltr'><strong>et</strong></span> <span class='ocrx_word' id='word_1_591' title='bbox 2875 4399 3139 4464; x_wconf 76' lang='lat' dir='ltr'><strong>Evander,</strong></span> <span class='ocrx_word' id='word_1_592' title='bbox 3186 4408 3243 4454; x_wconf 91' lang='lat' dir='ltr'><strong>et</strong></span> <span class='ocrx_word' id='word_1_593' title='bbox 3270 4400 3688 4455; x_wconf 78' lang='lat' dir='ltr'><strong>confutanteseos</strong></span> 
     </span>
    </p>
   </div>
   <div class='ocr_carea' id='block_1_92' title="bbox 524 4477 3688 4566">
    <p class='ocr_par' dir='ltr' id='par_1_92' title="bbox 524 4477 3688 4566">
     <span class='ocr_line' id='line_1_92' title="bbox 524 4477 3688 4566; baseline 0.003 -36"><span class='ocrx_word' id='word_1_594' title='bbox 524 4477 735 4550; x_wconf 77' lang='lat' dir='ltr'><strong>Quinta</strong></span> <span class='ocrx_word' id='word_1_595' title='bbox 762 4478 967 4534; x_wconf 89' lang='lat' dir='ltr'><strong>decima</strong></span> <span class='ocrx_word' id='word_1_596' title='bbox 1008 4480 1227 4537; x_wconf 68' lang='lat' dir='ltr'><strong>hreresis</strong></span> <span class='ocrx_word' id='word_1_597' title='bbox 1266 4480 1293 4519; x_wconf 75' lang='grc' dir='ltr'><em>ά</em></span> <span class='ocrx_word' id='word_1_598' title='bbox 1323 4481 1709 4540; x_wconf 88' lang='lat' dir='ltr'><strong>Colorhasiana</strong></span> <span class='ocrx_word' id='word_1_599' title='bbox 1738 4502 1768 4541; x_wconf 89' lang='lat' dir='ltr'><strong>a</strong></span> <span class='ocrx_word' id='word_1_600' title='bbox 1800 4498 1823 4524; x_wconf 75' lang='grc' dir='ltr'><strong>ο</strong></span> <span class='ocrx_word' id='word_1_601' title='bbox 1852 4487 2041 4542; x_wconf 88' lang='lat' dir='ltr'><strong>Color—</strong></span> <span class='ocrx_word' id='word_1_602' title='bbox 2069 4489 2119 4548; x_wconf 91' lang='lat' dir='ltr'><strong>D</strong></span> <span class='ocrx_word' id='word_1_603' title='bbox 2144 4494 2356 4566; x_wconf 90' lang='lat' dir='ltr'><strong>publice</strong></span> <span class='ocrx_word' id='word_1_604' title='bbox 2384 4500 2729 4562; x_wconf 87' lang='lat' dir='ltr'><strong>superarunt,</strong></span> <span class='ocrx_word' id='word_1_605' title='bbox 2761 4499 2923 4561; x_wconf 91' lang='lat' dir='ltr'><strong>atque</strong></span> <span class='ocrx_word' id='word_1_606' title='bbox 2951 4497 3338 4561; x_wconf 87' lang='lat' dir='ltr'><strong>superventum</strong></span> <span class='ocrx_word' id='word_1_607' title='bbox 3366 4488 3605 4543; x_wconf 87' lang='lat' dir='ltr'><strong>facientes</strong></span> <span class='ocrx_word' id='word_1_608' title='bbox 3626 4479 3688 4535; x_wconf 77' lang='lat' dir='ltr'><strong>eis</strong></span> 
     </span>
    </p>
   </div>
   <div class='ocr_carea' id='block_1_93' title="bbox 454 4570 2037 4649">
    <p class='ocr_par' dir='ltr' id='par_1_93' title="bbox 454 4570 2037 4649">
     <span class='ocr_line' id='line_1_93' title="bbox 454 4570 2037 4649; baseline 0.005 -23"><span class='ocrx_word' id='word_1_609' title='bbox 454 4571 605 4626; x_wconf 87' lang='lat' dir='ltr'><strong>basio</strong></span> <span class='ocrx_word' id='word_1_610' title='bbox 634 4570 940 4626; x_wconf 87' lang='lat' dir='ltr'><strong>adinventa.</strong></span> <span class='ocrx_word' id='word_1_611' title='bbox 992 4570 1171 4629; x_wconf 87' lang='lat' dir='ltr'><strong>Vitam</strong></span> <span class='ocrx_word' id='word_1_612' title='bbox 1200 4589 1414 4629; x_wconf 89' lang='lat' dir='ltr'><strong>omnem</strong></span> <span class='ocrx_word' id='word_1_613' title='bbox 1443 4576 1720 4633; x_wconf 88' lang='lat' dir='ltr'><strong>hominum</strong></span> <span class='ocrx_word' id='word_1_614' title='bbox 1750 4579 1803 4633; x_wconf 92' lang='lat' dir='ltr'><strong>in</strong></span> <span class='ocrx_word' id='word_1_615' title='bbox 1831 4588 2037 4649; x_wconf 91' lang='lat' dir='ltr'><strong>septem</strong></span> 
     </span>
    </p>
   </div>
   <div class='ocr_carea' id='block_1_94' title="bbox 456 4663 2041 4741">
    <p class='ocr_par' dir='ltr' id='par_1_94' title="bbox 456 4663 2041 4741">
     <span class='ocr_line' id='line_1_94' title="bbox 456 4663 2041 4741; baseline 0.007 -27"><span class='ocrx_word' id='word_1_616' title='bbox 456 4663 623 4717; x_wconf 88' lang='lat' dir='ltr'><strong>stellis</strong></span> <span class='ocrx_word' id='word_1_617' title='bbox 652 4677 771 4718; x_wconf 87' lang='lat' dir='ltr'><strong>esse</strong></span> <span class='ocrx_word' id='word_1_618' title='bbox 799 4664 1047 4732; x_wconf 86' lang='lat' dir='ltr'><strong>positam,</strong></span> <span class='ocrx_word' id='word_1_619' title='bbox 1083 4672 1137 4717; x_wconf 92' lang='lat' dir='ltr'><strong>et</strong></span> <span class='ocrx_word' id='word_1_620' title='bbox 1164 4664 1264 4722; x_wconf 91' lang='lat' dir='ltr'><strong>has</strong></span> <span class='ocrx_word' id='word_1_621' title='bbox 1291 4674 1495 4735; x_wconf 90' lang='lat' dir='ltr'><strong>septem</strong></span> <span class='ocrx_word' id='word_1_622' title='bbox 1524 4666 1812 4736; x_wconf 87' lang='lat' dir='ltr'><strong>Ecclesias,</strong></span> <span class='ocrx_word' id='word_1_623' title='bbox 1840 4678 1896 4724; x_wconf 89' lang='lat' dir='ltr'><strong>et</strong></span> <span class='ocrx_word' id='word_1_624' title='bbox 1926 4687 2041 4741; x_wconf 89' lang='lat' dir='ltr'><strong>sep-</strong></span> 
     </span>
    </p>
   </div>
   <div class='ocr_carea' id='block_1_95' title="bbox 458 4753 2043 4818">
    <p class='ocr_par' dir='ltr' id='par_1_95' title="bbox 458 4753 2043 4818">
     <span class='ocr_line' id='line_1_95' title="bbox 458 4753 2043 4818; baseline 0.008 -13"><span class='ocrx_word' id='word_1_625' title='bbox 458 4764 561 4806; x_wconf 86' lang='lat' dir='ltr'><strong>tem</strong></span> <span class='ocrx_word' id='word_1_626' title='bbox 614 4753 933 4808; x_wconf 86' lang='lat' dir='ltr'><strong>candelabra</strong></span> <span class='ocrx_word' id='word_1_627' title='bbox 992 4768 1154 4810; x_wconf 90' lang='lat' dir='ltr'><strong>aurea</strong></span> <span class='ocrx_word' id='word_1_628' title='bbox 1208 4757 1506 4813; x_wconf 90' lang='lat' dir='ltr'><strong>conabatur</strong></span> <span class='ocrx_word' id='word_1_629' title='bbox 1559 4767 1820 4817; x_wconf 88' lang='lat' dir='ltr'><strong>astruere.</strong></span> <span class='ocrx_word' id='word_1_630' title='bbox 1889 4761 2043 4818; x_wconf 84' lang='lat' dir='ltr'><strong>Hunc</strong></span> 
     </span>
    </p>
   </div>
   <div class='ocr_carea' id='block_1_96' title="bbox 454 4842 2041 4922">
    <p class='ocr_par' dir='ltr' id='par_1_96' title="bbox 454 4842 2041 4922">
     <span class='ocr_line' id='line_1_96' title="bbox 454 4842 2041 4922; baseline 0.009 -29"><span class='ocrx_word' id='word_1_631' title='bbox 454 4850 671 4896; x_wconf 89' lang='lat' dir='ltr'><strong>sanctus</strong></span> <span class='ocrx_word' id='word_1_632' title='bbox 720 4842 1030 4899; x_wconf 87' lang='lat' dir='ltr'><strong>Theodotus</strong></span> <span class='ocrx_word' id='word_1_633' title='bbox 1074 4844 1143 4901; x_wconf 89' lang='lat' dir='ltr'><strong>de</strong></span> <span class='ocrx_word' id='word_1_634' title='bbox 1189 4844 1450 4917; x_wconf 86' lang='lat' dir='ltr'><strong>Pergamo</strong></span> <span class='ocrx_word' id='word_1_635' title='bbox 1490 4851 1809 4922; x_wconf 89' lang='lat' dir='ltr'><strong>episcopus,</strong></span> <span class='ocrx_word' id='word_1_636' title='bbox 1862 4853 2041 4908; x_wconf 90' lang='lat' dir='ltr'><strong>habita</strong></span> 
     </span>
    </p>
   </div>
   <div class='ocr_carea' id='block_1_97' title="bbox 456 4934 2043 5007">
    <p class='ocr_par' dir='ltr' id='par_1_97' title="bbox 456 4934 2043 5007">
     <span class='ocr_line' id='line_1_97' title="bbox 456 4934 2043 5007; baseline 0.009 -22"><span class='ocrx_word' id='word_1_637' title='bbox 456 4934 661 5003; x_wconf 90' lang='lat' dir='ltr'><strong>synodo</strong></span> <span class='ocrx_word' id='word_1_638' title='bbox 710 4943 914 5003; x_wconf 86' lang='lat' dir='ltr'><strong>septem</strong></span> <span class='ocrx_word' id='word_1_639' title='bbox 959 4936 1355 5007; x_wconf 89' lang='lat' dir='ltr'><strong>episcoporum,</strong></span> <span class='ocrx_word' id='word_1_640' title='bbox 1403 4942 1914 4998; x_wconf 85' lang='lat' dir='ltr'><strong>anathematizavit:</strong></span> <span class='ocrx_word' id='word_1_641' title='bbox 1946 4944 2043 5000; x_wconf 88' lang='lat' dir='ltr'><strong>do-</strong></span> 
     </span>
    </p>
   </div>
   <div class='ocr_carea' id='block_1_98' title="bbox 458 5023 2040 5103">
    <p class='ocr_par' dir='ltr' id='par_1_98' title="bbox 458 5023 2040 5103">
     <span class='ocr_line' id='line_1_98' title="bbox 458 5023 2040 5103; baseline 0.008 -26"><span class='ocrx_word' id='word_1_642' title='bbox 458 5038 589 5080; x_wconf 86' lang='lat' dir='ltr'><strong>cens</strong></span> <span class='ocrx_word' id='word_1_643' title='bbox 633 5031 841 5092; x_wconf 89' lang='lat' dir='ltr'><strong>scptem</strong></span> <span class='ocrx_word' id='word_1_644' title='bbox 868 5023 1140 5083; x_wconf 87' lang='lat' dir='ltr'><strong>Ecclesias</strong></span> <span class='ocrx_word' id='word_1_645' title='bbox 1184 5029 1237 5083; x_wconf 89' lang='lat' dir='ltr'><strong>in</strong></span> <span class='ocrx_word' id='word_1_646' title='bbox 1285 5031 1583 5102; x_wconf 87' lang='lat' dir='ltr'><strong>septiformi</strong></span> <span class='ocrx_word' id='word_1_647' title='bbox 1624 5033 1814 5103; x_wconf 89' lang='lat' dir='ltr'><strong>spiritu</strong></span> <span class='ocrx_word' id='word_1_648' title='bbox 1847 5050 2040 5089; x_wconf 90' lang='lat' dir='ltr'><strong>conse-</strong></span> 
     </span>
    </p>
   </div>
   <div class='ocr_carea' id='block_1_99' title="bbox 457 5112 2037 5199">
    <p class='ocr_par' dir='ltr' id='par_1_99' title="bbox 457 5112 2037 5199">
     <span class='ocr_line' id='line_1_99' title="bbox 457 5112 2037 5199; baseline 0.009 -31"><span class='ocrx_word' id='word_1_649' title='bbox 457 5121 653 5169; x_wconf 90' lang='lat' dir='ltr'><strong>cratas.</strong></span> <span class='ocrx_word' id='word_1_650' title='bbox 709 5112 819 5168; x_wconf 88' lang='lat' dir='ltr'><strong>Una</strong></span> <span class='ocrx_word' id='word_1_651' title='bbox 850 5114 1020 5172; x_wconf 84' lang='lat' dir='ltr'><strong>forma</strong></span> <span class='ocrx_word' id='word_1_652' title='bbox 1047 5127 1158 5185; x_wconf 89' lang='lat' dir='ltr'><strong>est,</strong></span> <span class='ocrx_word' id='word_1_653' title='bbox 1204 5121 1402 5191; x_wconf 89' lang='lat' dir='ltr'><strong>inquit,</strong></span> <span class='ocrx_word' id='word_1_654' title='bbox 1444 5139 1564 5179; x_wconf 90' lang='lat' dir='ltr'><strong>cum</strong></span> <span class='ocrx_word' id='word_1_655' title='bbox 1597 5125 1648 5179; x_wconf 89' lang='lat' dir='ltr'><strong>in</strong></span> <span class='ocrx_word' id='word_1_656' title='bbox 1680 5125 1848 5181; x_wconf 81' lang='lat' dir='ltr'><strong>forma</strong></span> <span class='ocrx_word' id='word_1_657' title='bbox 1878 5142 2037 5199; x_wconf 89' lang='lat' dir='ltr'><strong>quam</strong></span> 
     </span>
    </p>
   </div>
   <div class='ocr_carea' id='block_1_100' title="bbox 532 5281 1107 5351">
    <p class='ocr_par' dir='ltr' id='par_1_100' title="bbox 532 5281 1107 5351">
     <span class='ocr_line' id='line_1_100' title="bbox 532 5281 1107 5351; baseline 0.003 -16"><span class='ocrx_word' id='word_1_658' title='bbox 532 5290 557 5351; x_wconf 51' lang='grc' dir='ltr'>ξ</span> <span class='ocrx_word' id='word_1_659' title='bbox 597 5281 694 5337; x_wconf 83' lang='lat' dir='ltr'><strong>Ms.</strong></span> <span class='ocrx_word' id='word_1_660' title='bbox 726 5281 886 5351; x_wconf 83' lang='lat' dir='ltr'><strong>Aug.,</strong></span> <span class='ocrx_word' id='word_1_661' title='bbox 917 5298 1107 5337; x_wconf 84' lang='lat' dir='ltr'><strong>verum.</strong></span> 
     </span>
    </p>
   </div>
   <div class='ocr_carea' id='block_1_101' title="bbox 528 5350 1393 5419">
    <p class='ocr_par' dir='ltr' id='par_1_101' title="bbox 528 5350 1393 5419">
     <span class='ocr_line' id='line_1_101' title="bbox 528 5350 1393 5419; baseline 0.009 -13"><span class='ocrx_word' id='word_1_662' title='bbox 528 5350 557 5391; x_wconf 69' lang='grc' dir='ltr'>δ</span> <span class='ocrx_word' id='word_1_663' title='bbox 597 5352 696 5407; x_wconf 83' lang='lat' dir='ltr'><strong>Ms.</strong></span> <span class='ocrx_word' id='word_1_664' title='bbox 728 5352 888 5419; x_wconf 84' lang='lat' dir='ltr'><strong>Aug.,</strong></span> <span class='ocrx_word' id='word_1_665' title='bbox 920 5352 1393 5415; x_wconf 77' lang='lat' dir='ltr'><strong>Evandrianorum.</strong></span> 
     </span>
    </p>
   </div>
   <div class='ocr_carea' id='block_1_102' title="bbox 534 5422 1257 5492">
    <p class='ocr_par' dir='ltr' id='par_1_102' title="bbox 534 5422 1257 5492">
     <span class='ocr_line' id='line_1_102' title="bbox 534 5422 1257 5492; baseline 0.004 -16"><span class='ocrx_word' id='word_1_666' title='bbox 534 5434 556 5492; x_wconf 57' lang='grc' dir='ltr'><strong>ε</strong></span> <span class='ocrx_word' id='word_1_667' title='bbox 599 5422 695 5479; x_wconf 84' lang='lat' dir='ltr'><strong>Ms.</strong></span> <span class='ocrx_word' id='word_1_668' title='bbox 727 5423 885 5492; x_wconf 86' lang='lat' dir='ltr'><strong>Aug.,</strong></span> <span class='ocrx_word' id='word_1_669' title='bbox 915 5422 1257 5480; x_wconf 71' lang='lat' dir='ltr'><strong>Ptolemail/r.</strong></span> 
     </span>
    </p>
   </div>
   <div class='ocr_carea' id='block_1_103' title="bbox 531 5490 1307 5562">
    <p class='ocr_par' dir='ltr' id='par_1_103' title="bbox 531 5490 1307 5562">
     <span class='ocr_line' id='line_1_103' title="bbox 531 5490 1307 5562; baseline 0.01 -18"><span class='ocrx_word' id='word_1_670' title='bbox 531 5490 557 5530; x_wconf 77' lang='grc' dir='ltr'>ά</span> <span class='ocrx_word' id='word_1_671' title='bbox 601 5492 697 5549; x_wconf 84' lang='lat' dir='ltr'><strong>Ms.</strong></span> <span class='ocrx_word' id='word_1_672' title='bbox 731 5490 887 5562; x_wconf 66' lang='lat' dir='ltr'><strong>Aug,</strong></span> <span class='ocrx_word' id='word_1_673' title='bbox 917 5491 1307 5552; x_wconf 78' lang='lat' dir='ltr'><strong>Colobrasiana.</strong></span> 
     </span>
    </p>
   </div>
   <div class='ocr_carea' id='block_1_104' title="bbox 537 5562 1246 5630">
    <p class='ocr_par' dir='ltr' id='par_1_104' title="bbox 537 5562 1246 5630">
     <span class='ocr_line' id='line_1_104' title="bbox 537 5562 1246 5630; baseline 0.007 -14"><span class='ocrx_word' id='word_1_674' title='bbox 537 5574 560 5602; x_wconf 73' lang='grc' dir='ltr'><strong>ε</strong></span> <span class='ocrx_word' id='word_1_675' title='bbox 601 5562 698 5618; x_wconf 88' lang='lat' dir='ltr'><strong>Ms.</strong></span> <span class='ocrx_word' id='word_1_676' title='bbox 732 5565 891 5630; x_wconf 84' lang='lat' dir='ltr'><strong>Aug.,</strong></span> <span class='ocrx_word' id='word_1_677' title='bbox 924 5562 1246 5621; x_wconf 72' lang='lat' dir='ltr'><strong>Colobrasio.</strong></span> 
     </span>
    </p>
   </div>
   <div class='ocr_carea' id='block_1_105' title="bbox 539 5633 1039 5703">
    <p class='ocr_par' dir='ltr' id='par_1_105' title="bbox 539 5633 1039 5703">
     <span class='ocr_line' id='line_1_105' title="bbox 539 5633 1039 5703; baseline 0.008 -18"><span class='ocrx_word' id='word_1_678' title='bbox 539 5633 559 5669; x_wconf 65' lang='grc' dir='ltr'><strong><em>τ</em></strong></span> <span class='ocrx_word' id='word_1_679' title='bbox 602 5633 697 5687; x_wconf 80' lang='lat' dir='ltr'><strong>Ms.</strong></span> <span class='ocrx_word' id='word_1_680' title='bbox 733 5634 891 5703; x_wconf 82' lang='lat' dir='ltr'><strong>Aug.,</strong></span> <span class='ocrx_word' id='word_1_681' title='bbox 922 5634 1039 5689; x_wconf 79' lang='lat' dir='ltr'><strong>Dei.</strong></span> 
     </span>
    </p>
   </div>
   <div class='ocr_carea' id='block_1_106' title="bbox 536 5702 1210 5776">
    <p class='ocr_par' dir='ltr' id='par_1_106' title="bbox 536 5702 1210 5776">
     <span class='ocr_line' id='line_1_106' title="bbox 536 5702 1210 5776; baseline 0.013 -23"><span class='ocrx_word' id='word_1_682' title='bbox 536 5713 563 5753; x_wconf 71' lang='grc' dir='ltr'><strong><em>ε</em></strong></span> <span class='ocrx_word' id='word_1_683' title='bbox 603 5702 699 5759; x_wconf 78' lang='lat' dir='ltr'><strong>Ms.</strong></span> <span class='ocrx_word' id='word_1_684' title='bbox 736 5702 890 5776; x_wconf 55' lang='lat' dir='ltr'><strong>Aug,</strong></span> <span class='ocrx_word' id='word_1_685' title='bbox 922 5704 1210 5762; x_wconf 70' lang='lat' dir='ltr'><strong>Eustasius.</strong></span> 
     </span>
    </p>
   </div>
   <div class='ocr_carea' id='block_1_107' title="bbox 2140 4573 3688 4658">
    <p class='ocr_par' dir='ltr' id='par_1_107' title="bbox 2140 4573 3688 4658">
     <span class='ocr_line' id='line_1_107' title="bbox 2140 4573 3688 4658; baseline -0.006 -18"><span class='ocrx_word' id='word_1_686' title='bbox 2140 4602 2239 4658; x_wconf 81' lang='lat' dir='ltr'><strong>per</strong></span> <span class='ocrx_word' id='word_1_687' title='bbox 2284 4585 2510 4653; x_wconf 88' lang='lat' dir='ltr'><strong>collegia</strong></span> <span class='ocrx_word' id='word_1_688' title='bbox 2558 4599 2777 4648; x_wconf 87' lang='lat' dir='ltr'><strong>eorum,</strong></span> <span class='ocrx_word' id='word_1_689' title='bbox 2816 4583 2869 4637; x_wconf 92' lang='lat' dir='ltr'><strong>in</strong></span> <span class='ocrx_word' id='word_1_690' title='bbox 2910 4582 3207 4654; x_wconf 66' lang='lat' dir='ltr'><strong>Bithynia&#39;,</strong></span> <span class='ocrx_word' id='word_1_691' title='bbox 3245 4589 3306 4636; x_wconf 91' lang='lat' dir='ltr'><strong>ut</strong></span> <span class='ocrx_word' id='word_1_692' title='bbox 3333 4580 3460 4644; x_wconf 81' lang='lat' dir='ltr'><strong>dixi,</strong></span> <span class='ocrx_word' id='word_1_693' title='bbox 3485 4573 3688 4647; x_wconf 75' lang='lat' dir='ltr'><strong>partibus</strong></span> 
     </span>
    </p>
   </div>
   <div class='ocr_carea' id='block_1_108' title="bbox 2141 4667 3686 4748">
    <p class='ocr_par' dir='ltr' id='par_1_108' title="bbox 2141 4667 3686 4748">
     <span class='ocr_line' id='line_1_108' title="bbox 2141 4667 3686 4748; baseline -0.01 -16"><span class='ocrx_word' id='word_1_694' title='bbox 2141 4693 2240 4748; x_wconf 90' lang='lat' dir='ltr'><strong>per</strong></span> <span class='ocrx_word' id='word_1_695' title='bbox 2260 4676 2628 4747; x_wconf 81' lang='lat' dir='ltr'><strong>possessiones</strong></span> <span class='ocrx_word' id='word_1_696' title='bbox 2655 4675 2900 4730; x_wconf 89' lang='lat' dir='ltr'><strong>clanculo</strong></span> <span class='ocrx_word' id='word_1_697' title='bbox 2928 4675 3018 4729; x_wconf 91' lang='lat' dir='ltr'><strong>ubi</strong></span> <span class='ocrx_word' id='word_1_698' title='bbox 3047 4676 3160 4729; x_wconf 67' lang='lat' dir='ltr'><strong>hazc</strong></span> <span class='ocrx_word' id='word_1_699' title='bbox 3184 4675 3298 4744; x_wconf 89' lang='lat' dir='ltr'><strong>ipsa</strong></span> <span class='ocrx_word' id='word_1_700' title='bbox 3329 4667 3686 4743; x_wconf 72' lang='lat' dir='ltr'><strong>perpetrabant.</strong></span> 
     </span>
    </p>
   </div>
   <div class='ocr_carea' id='block_1_109' title="bbox 2144 4765 3689 4831">
    <p class='ocr_par' dir='ltr' id='par_1_109' title="bbox 2144 4765 3689 4831">
     <span class='ocr_line' id='line_1_109' title="bbox 2144 4765 3689 4831; baseline -0.008 -9"><span class='ocrx_word' id='word_1_701' title='bbox 2144 4775 2200 4822; x_wconf 91' lang='lat' dir='ltr'><strong>et</strong></span> <span class='ocrx_word' id='word_1_702' title='bbox 2243 4766 2552 4822; x_wconf 84' lang='lat' dir='ltr'><strong>sacerdotes</strong></span> <span class='ocrx_word' id='word_1_703' title='bbox 2599 4780 2786 4820; x_wconf 90' lang='lat' dir='ltr'><strong>eorum</strong></span> <span class='ocrx_word' id='word_1_704' title='bbox 2833 4765 3217 4830; x_wconf 88' lang='lat' dir='ltr'><strong>eliminarunt,</strong></span> <span class='ocrx_word' id='word_1_705' title='bbox 3258 4772 3316 4817; x_wconf 92' lang='lat' dir='ltr'><strong>et</strong></span> <span class='ocrx_word' id='word_1_706' title='bbox 3342 4765 3689 4831; x_wconf 83' lang='lat' dir='ltr'><strong>serpenteseo-</strong></span> 
     </span>
    </p>
   </div>
   <div class='ocr_carea' id='block_1_110' title="bbox 2144 4848 3686 4927">
    <p class='ocr_par' dir='ltr' id='par_1_110' title="bbox 2144 4848 3686 4927">
     <span class='ocr_line' id='line_1_110' title="bbox 2144 4848 3686 4927; baseline -0.003 -13"><span class='ocrx_word' id='word_1_707' title='bbox 2144 4876 2262 4914; x_wconf 91' lang='lat' dir='ltr'><strong>rum</strong></span> <span class='ocrx_word' id='word_1_708' title='bbox 2286 4852 2619 4927; x_wconf 78' lang='lat' dir='ltr'><strong>occiderunt,</strong></span> <span class='ocrx_word' id='word_1_709' title='bbox 2646 4874 2711 4914; x_wconf 91' lang='lat' dir='ltr'><strong>ac</strong></span> <span class='ocrx_word' id='word_1_710' title='bbox 2734 4860 2998 4914; x_wconf 90' lang='lat' dir='ltr'><strong>rationem</strong></span> <span class='ocrx_word' id='word_1_711' title='bbox 3027 4858 3314 4913; x_wconf 89' lang='lat' dir='ltr'><strong>reddentes</strong></span> <span class='ocrx_word' id='word_1_712' title='bbox 3336 4858 3481 4914; x_wconf 91' lang='lat' dir='ltr'><strong>omni</strong></span> <span class='ocrx_word' id='word_1_713' title='bbox 3500 4848 3686 4925; x_wconf 65' lang='lat' dir='ltr'><strong>populo.</strong></span> 
     </span>
    </p>
   </div>
   <div class='ocr_carea' id='block_1_111' title="bbox 2144 4944 3685 5020">
    <p class='ocr_par' dir='ltr' id='par_1_111' title="bbox 2144 4944 3685 5020">
     <span class='ocr_line' id='line_1_111' title="bbox 2144 4944 3685 5020; baseline -0.006 -17"><span class='ocrx_word' id='word_1_714' title='bbox 2144 4950 2435 5004; x_wconf 71' lang='lat' dir='ltr'><strong>maximam</strong></span> <span class='ocrx_word' id='word_1_715' title='bbox 2466 4957 2677 5020; x_wconf 87' lang='lat' dir='ltr'><strong>partem</strong></span> <span class='ocrx_word' id='word_1_716' title='bbox 2713 4949 2884 5020; x_wconf 88' lang='lat' dir='ltr'><strong>plebis</strong></span> <span class='ocrx_word' id='word_1_717' title='bbox 2913 4948 2980 5002; x_wconf 90' lang='lat' dir='ltr'><strong>ab</strong></span> <span class='ocrx_word' id='word_1_718' title='bbox 3007 4948 3113 5004; x_wconf 88' lang='lat' dir='ltr'><strong>hoc</strong></span> <span class='ocrx_word' id='word_1_719' title='bbox 3139 4948 3381 5018; x_wconf 91' lang='lat' dir='ltr'><strong>periculo</strong></span> <span class='ocrx_word' id='word_1_720' title='bbox 3409 4944 3685 5000; x_wconf 76' lang='lat' dir='ltr'><strong>liberarunt-</strong></span> 
     </span>
    </p>
   </div>
   <div class='ocr_carea' id='block_1_112' title="bbox 2848 5038 3032 5094">
    <p class='ocr_par' dir='ltr' id='par_1_112' title="bbox 2848 5038 3032 5094">
     <span class='ocr_line' id='line_1_112' title="bbox 2848 5038 3032 5094; baseline -0.011 0"><span class='ocrx_word' id='word_1_721' title='bbox 2848 5038 3032 5094; x_wconf 76' lang='lat' dir='ltr'><strong>XVIII.</strong></span> 
     </span>
    </p>
   </div>
   <div class='ocr_carea' id='block_1_113' title="bbox 2217 5115 3689 5196">
    <p class='ocr_par' dir='ltr' id='par_1_113' title="bbox 2217 5115 3689 5196">
     <span class='ocr_line' id='line_1_113' title="bbox 2217 5115 3689 5196; baseline -0.007 -12"><span class='ocrx_word' id='word_1_722' title='bbox 2217 5130 2415 5186; x_wconf 89' lang='lat' dir='ltr'><strong>Octava</strong></span> <span class='ocrx_word' id='word_1_723' title='bbox 2446 5130 2652 5185; x_wconf 91' lang='lat' dir='ltr'><strong>decima</strong></span> <span class='ocrx_word' id='word_1_724' title='bbox 2682 5129 2918 5193; x_wconf 64' lang='lat' dir='ltr'><strong>hteresis,</strong></span> <span class='ocrx_word' id='word_1_725' title='bbox 2948 5129 2964 5180; x_wconf 82' lang='grc' dir='ltr'><strong><em>ι</em></strong></span> <span class='ocrx_word' id='word_1_726' title='bbox 3020 5127 3286 5183; x_wconf 91' lang='lat' dir='ltr'><strong>Cainiani.</strong></span> <span class='ocrx_word' id='word_1_727' title='bbox 3336 5128 3604 5196; x_wconf 86' lang='lat' dir='ltr'><strong>Propterea</strong></span> <span class='ocrx_word' id='word_1_728' title='bbox 3628 5115 3689 5170; x_wconf 79' lang='lat' dir='ltr'><strong>sic</strong></span> 
     </span>
    </p>
   </div>
   <div class='ocr_carea' id='block_1_114' title="bbox 2220 5272 3681 5360">
    <p class='ocr_par' dir='ltr' id='par_1_114' title="bbox 2220 5272 3681 5360">
     <span class='ocr_line' id='line_1_114' title="bbox 2220 5272 3681 5360; baseline -0.012 -14"><span class='ocrx_word' id='word_1_729' title='bbox 2220 5289 2249 5328; x_wconf 71' lang='grc' dir='ltr'><strong>ιι</strong></span> <span class='ocrx_word' id='word_1_730' title='bbox 2287 5289 2489 5360; x_wconf 77' lang='lat' dir='ltr'><strong>Synodi</strong></span> <span class='ocrx_word' id='word_1_731' title='bbox 2520 5289 2676 5358; x_wconf 85' lang='lat' dir='ltr'><strong>hujus</strong></span> <span class='ocrx_word' id='word_1_732' title='bbox 2705 5286 3167 5360; x_wconf 8' lang='lat' dir='ltr'><strong>Siculmgmeminit</strong></span> <span class='ocrx_word' id='word_1_733' title='bbox 3191 5272 3681 5360; x_wconf 53' lang='lat' dir='ltr'><strong>insuanovapglle</strong></span> 
     </span>
    </p>
   </div>
   <div class='ocr_carea' id='block_1_115' title="bbox 2149 5344 3688 5433">
    <p class='ocr_par' dir='ltr' id='par_1_115' title="bbox 2149 5344 3688 5433">
     <span class='ocr_line' id='line_1_115' title="bbox 2149 5344 3688 5433; baseline -0.008 -18"><span class='ocrx_word' id='word_1_734' title='bbox 2149 5344 2347 5433; x_wconf 61' lang='lat' dir='ltr'><strong>ctione</strong></span> <span class='ocrx_word' id='word_1_735' title='bbox 2360 5344 2711 5433; x_wconf 65' lang='lat' dir='ltr'><strong>conciliorum</strong></span> <span class='ocrx_word' id='word_1_736' title='bbox 2740 5358 2989 5433; x_wconf 75' lang='lat' dir='ltr'><strong>B_aluzius</strong></span> <span class='ocrx_word' id='word_1_737' title='bbox 3003 5357 3093 5433; x_wconf 66' lang='lat' dir='ltr'><strong>ad</strong></span> <span class='ocrx_word' id='word_1_738' title='bbox 3104 5428 3112 5433; x_wconf 26' lang='grc' dir='ltr'><strong>Δ</strong></span> <span class='ocrx_word' id='word_1_739' title='bbox 3124 5372 3211 5411; x_wconf 88' lang='lat' dir='ltr'><strong>an.</strong></span> <span class='ocrx_word' id='word_1_740' title='bbox 3244 5352 3346 5406; x_wconf 73' lang='lat' dir='ltr'><strong>I25</strong></span> <span class='ocrx_word' id='word_1_741' title='bbox 3400 5359 3518 5433; x_wconf 81' lang='lat' dir='ltr'><strong>tom.</strong></span> <span class='ocrx_word' id='word_1_742' title='bbox 3530 5348 3547 5401; x_wconf 94' lang='lat' dir='ltr'><strong>I</strong></span> <span class='ocrx_word' id='word_1_743' title='bbox 3562 5344 3688 5433; x_wconf 51' lang='grc' dir='ltr'><strong>ρεξ-</strong></span> 
     </span>
    </p>
   </div>
   <div class='ocr_carea' id='block_1_116' title="bbox 2146 5424 3688 5502">
    <p class='ocr_par' dir='ltr' id='par_1_116' title="bbox 2146 5424 3688 5502">
     <span class='ocr_line' id='line_1_116' title="bbox 2146 5424 3688 5502; baseline -0.008 -18"><span class='ocrx_word' id='word_1_744' title='bbox 2146 5431 2265 5502; x_wconf 87' lang='lat' dir='ltr'><strong>cil.,</strong></span> <span class='ocrx_word' id='word_1_745' title='bbox 2292 5444 2415 5501; x_wconf 86' lang='lat' dir='ltr'><strong>pag.</strong></span> <span class='ocrx_word' id='word_1_746' title='bbox 2452 5428 2571 5493; x_wconf 75' lang='lat'><strong>555,</strong></span> <span class='ocrx_word' id='word_1_747' title='bbox 2605 5431 2734 5485; x_wconf 90' lang='lat' dir='ltr'><strong>edit.</strong></span> <span class='ocrx_word' id='word_1_748' title='bbox 2764 5429 2901 5502; x_wconf 75' lang='lat' dir='ltr'><strong>ven.</strong></span> <span class='ocrx_word' id='word_1_749' title='bbox 2926 5427 3141 5502; x_wconf 88' lang='lat' dir='ltr'><strong>La_bb.),</strong></span> <span class='ocrx_word' id='word_1_750' title='bbox 3167 5424 3688 5502; x_wconf 32' lang='lat' dir='ltr'><strong>auctoritatem}?!</strong></span> 
     </span>
    </p>
   </div>
   <div class='ocr_carea' id='block_1_117' title="bbox 2150 5493 3685 5566">
    <p class='ocr_par' dir='ltr' id='par_1_117' title="bbox 2150 5493 3685 5566">
     <span class='ocr_line' id='line_1_117' title="bbox 2150 5493 3685 5566; baseline -0.009 -13"><span class='ocrx_word' id='word_1_751' title='bbox 2150 5493 2483 5555; x_wconf 59' lang='lat' dir='ltr'><strong>toris&#39;nostri</strong></span> <span class='ocrx_word' id='word_1_752' title='bbox 2530 5508 2765 5555; x_wconf 90' lang='lat' dir='ltr'><strong>secutus.</strong></span> <span class='ocrx_word' id='word_1_753' title='bbox 2817 5498 2930 5566; x_wconf 87' lang='lat' dir='ltr'><strong>Qua</strong></span> <span class='ocrx_word' id='word_1_754' title='bbox 2971 5496 3038 5549; x_wconf 87' lang='lat' dir='ltr'><strong>de</strong></span> <span class='ocrx_word' id='word_1_755' title='bbox 3083 5493 3143 5550; x_wconf 90' lang='lat' dir='ltr'><strong>re</strong></span> <span class='ocrx_word' id='word_1_756' title='bbox 3185 5493 3452 5566; x_wconf 68' lang='lat' dir='ltr'><strong>Pearsonii</strong></span> <span class='ocrx_word' id='word_1_757' title='bbox 3496 5493 3685 5542; x_wconf 70' lang='lat' dir='ltr'><strong>censura</strong></span> 
     </span>
    </p>
   </div>
   <div class='ocr_carea' id='block_1_118' title="bbox 2150 5562 3374 5639">
    <p class='ocr_par' dir='ltr' id='par_1_118' title="bbox 2150 5562 3374 5639">
     <span class='ocr_line' id='line_1_118' title="bbox 2150 5562 3374 5639; baseline -0.009 -14"><span class='ocrx_word' id='word_1_758' title='bbox 2150 5569 2469 5639; x_wconf 78' lang='lat' dir='ltr'><strong>excutienda</strong></span> <span class='ocrx_word' id='word_1_759' title='bbox 2497 5571 2550 5625; x_wconf 90' lang='lat' dir='ltr'><strong>in</strong></span> <span class='ocrx_word' id='word_1_760' title='bbox 2590 5570 2705 5637; x_wconf 81' lang='lat' dir='ltr'><strong>eius</strong></span> <span class='ocrx_word' id='word_1_761' title='bbox 2731 5562 2860 5639; x_wconf 61' lang='lat' dir='ltr'><strong>opp.</strong></span> <span class='ocrx_word' id='word_1_762' title='bbox 2889 5567 3069 5638; x_wconf 88' lang='lat' dir='ltr'><strong>postb.</strong></span> <span class='ocrx_word' id='word_1_763' title='bbox 3102 5579 3222 5637; x_wconf 91' lang='lat' dir='ltr'><strong>pag.</strong></span> <span class='ocrx_word' id='word_1_764' title='bbox 3252 5562 3374 5616; x_wconf 76' lang='lat'><strong>251.</strong></span> 
     </span>
    </p>
   </div>
   <div class='ocr_carea' id='block_1_119' title="bbox 2232 5638 2986 5710">
    <p class='ocr_par' dir='ltr' id='par_1_119' title="bbox 2232 5638 2986 5710">
     <span class='ocr_line' id='line_1_119' title="bbox 2232 5638 2986 5710; baseline -0.029 2"><span class='ocrx_word' id='word_1_765' title='bbox 2232 5638 2244 5677; x_wconf 66' lang='grc' dir='ltr'><strong>ί</strong></span> <span class='ocrx_word' id='word_1_766' title='bbox 2288 5639 2388 5710; x_wconf 66' lang='lat' dir='ltr'><strong>MS-</strong></span> <span class='ocrx_word' id='word_1_767' title='bbox 2423 5639 2582 5710; x_wconf 76' lang='lat' dir='ltr'><strong>Aug.,</strong></span> <span class='ocrx_word' id='word_1_768' title='bbox 2608 5638 2986 5710; x_wconf 71' lang='lat' dir='ltr'><strong>episcoporum.</strong></span> 
     </span>
    </p>
   </div>
   <div class='ocr_carea' id='block_1_120' title="bbox 2230 5705 3379 5780">
    <p class='ocr_par' dir='ltr' id='par_1_120' title="bbox 2230 5705 3379 5780">
     <span class='ocr_line' id='line_1_120' title="bbox 2230 5705 3379 5780; baseline -0.007 -18"><span class='ocrx_word' id='word_1_769' title='bbox 2230 5712 2244 5762; x_wconf 83' lang='lat' dir='ltr'><strong>t</strong></span> <span class='ocrx_word' id='word_1_770' title='bbox 2286 5709 2381 5765; x_wconf 85' lang='lat' dir='ltr'><strong>Ms.</strong></span> <span class='ocrx_word' id='word_1_771' title='bbox 2411 5705 2567 5780; x_wconf 49' lang='lat' dir='ltr'><strong>Augi,</strong></span> <span class='ocrx_word' id='word_1_772' title='bbox 2591 5705 2795 5775; x_wconf 63' lang='lat' dir='ltr'><strong>Chiani,</strong></span> <span class='ocrx_word' id='word_1_773' title='bbox 2824 5716 2883 5763; x_wconf 88' lang='lat' dir='ltr'><strong>ut</strong></span> <span class='ocrx_word' id='word_1_774' title='bbox 2911 5715 2965 5763; x_wconf 88' lang='lat' dir='ltr'><strong>et</strong></span> <span class='ocrx_word' id='word_1_775' title='bbox 2995 5705 3379 5761; x_wconf 83' lang='lat' dir='ltr'><strong>Theodoretus.</strong></span> 
     </span>
    </p>
   </div>
  </div>
