3884 6184
165 403 264 458 593

615 397 1200 454 PREDESTINATUS
1237 395 1388 452 SIVE
1430 393 2134 448 PRAZDESTINATORUM
2177 393 2508 456 IIASRESIS,
2551 391 2703 446 ETC.
2746 391 2874 445 LIB.
2915 389 2954 444 1.

3309 388 3412 443 595

167 513 414 584 appellati
432 521 571 575 sunt,
599 511 851 579 quoniam
872 509 1003 564 Cain
1037 512 1321 572 honorant,
1351 508 1588 561 dicentes
1617 521 1736 559 eum
1768 511 1810 563 Α
1843 506 2097 574 principia
2137 506 2296 560 fuisse
2325 506 2624 568 confirmat,
2656 504 2781 557 hnni
2811 513 2864 557 et
2894 503 3039 556 mali.
3091 501 3258 568 Quem
3288 500 3416 570 Epi-

170 604 464 660 lortissimm
492 615 606 656 esse
633 601 862 654 virtutis.
887 600 1053 654 Simul
1098 608 1153 654 et
1198 597 1386 652 Judam
1427 597 1740 650 traditorem

169 697 398 748 divinum
415 691 614 761 aliquid
644 699 832 760 putant
860 705 998 752 esse,
1027 689 1268 744 etscelus
1290 687 1404 755 ejus
1425 685 1741 740 beneficium

172 787 440 851 deputant,
487 790 788 835 asserentes
835 796 957 834 eum
995 780 1270 849 praescisse
1316 785 1572 848 quantum
1603 781 1745 828 esset

172 874 344 940 generi
375 872 608 924 humano
648 870 847 924 Christi
876 870 1054 939 passio
1084 868 1380 938 profutura,
1411 875 1466 921 et
1493 865 1742 922 occiden-

171 963 288 1017 dum
342 959 535 1014 Iudaeis
576 969 859 1030 propterea
917 959 1217 1013 tradidisse.
1276 957 1386 1012 llos
1439 966 1588 1012 ortos
1626 971 1744 1010 esse

175 1061 198 1086 ⁸
214 1049 590 1119 Mesopotamia
600 1048 650 1101 ni
663 1047 1022 1102 Ecclesiarum
1040 1047 1207 1118 Syria:
1229 1045 1538 1102 sacerdotes
1561 1045 1627 1099 ad
1645 1060 1744 1099 eie-

175 1151 309 1196 teros
336 1156 464 1195 suos
492 1141 844 1208 coepiscOpos
869 1139 1320 1208 conscripserunt.
1356 1137 1503 1203 Quos
1530 1137 1743 1204 triginta

176 1241 226 1286 et
251 1233 352 1287 duo
399 1231 636 1302 episcopi
685 1230 829 1300 apud
874 1230 1212 1285 Antiochiam
1259 1231 1577 1295 residentes,
1623 1245 1745 1283 cum

176 1324 400 1393 ejusdem
430 1325 579 1379 urbis
607 1325 861 1394 episcopo
892 1323 1196 1390 Theodoro,
1227 1323 1281 1377 in
1321 1323 1570 1393 praesenti
1613 1337 1746 1376 con-

180 1417 366 1472 futatos
393 1416 734 1480 damnarunt,
765 1417 1006 1471 dicentes
1053 1416 1131 1469 eis
1167 1414 1294 1468 illud
1341 1413 1485 1485 quod
1533 1421 1748 1469 sanctus

180 1506 393 1576 Spiritus
422 1507 636 1560 locutus
663 1513 746 1561 est
771 1521 869 1576 per
905 1507 1225 1575 praphetam
1259 1523 1271 1558 :
1312 1505 1406 1558 γω
1447 1505 1525 1558 his
1545 1505 1633 1576 qui
1661 1505 1746 1556 di-

182 1608 288 1650 cunt
315 1597 375 1651 de
395 1597 528 1650 bono
550 1598 762 1661 malum,
795 1605 843 1650 et
873 1597 938 1649 de
970 1596 1108 1649 malo
1154 1594 1372 1659 bonum;
1419 1595 1505 1666 qui
1551 1605 1747 1664 ponunt

180 1689 400 1742 tenebras
429 1688 615 1751 lucem,
639 1696 688 1740 et
711 1705 805 1758 pro
832 1689 944 1742 luce
973 1686 1205 1741 tenebras
1231 1686 1365 1758 (Isa.
1395 1703 1446 1740 ν.
1473 1686 1584 1758 20).
1614 1685 1749 1741 Con-

179 1787 276 1834 stat
307 1792 432 1846 ergo
483 1795 579 1833 vos
607 1795 636 1832 a
683 1780 835 1834 vobis
863 1781 992 1850 ipsis
1033 1795 1151 1834 esse
1202 1779 1504 1844 damnatos,
1535 1779 1626 1848 qui
1653 1794 1748 1834 eos

1843 598 2068 666 phanius
2095 598 2193 651 tria
2223 598 2433 652 dicebat
2462 598 2720 665 principia
2743 595 3006 658 docuisse,
3041 594 3184 657 boni,
3209 593 3338 661 justi
3366 600 3419 647 ct

1843 688 2022 756 pravi;
2055 688 2147 741 sed
2178 686 2436 741 Eusebius
2457 687 2478 722 (ί
2510 687 2756 756 Syrinqu
2787 686 3092 754 quemdam,
3144 701 3249 738 non
3282 683 3420 737 \Iar-

1843 777 2073 838 cionem,
2105 777 2262 830 trium
2306 777 2690 845 principiorum
2729 785 2895 842 atque
2935 783 3240 828 naturarum
3285 773 3419 828 scri-

1843 867 1921 921 bit
1941 878 2235 922 auctorem.
2273 881 2296 904 ε
2328 868 2671 932 Marcioniue,
2703 883 2823 921 cum
2853 866 3206 920 universalern
3229 865 3420 920 Orien-

1845 960 1914 1013 tis
1952 958 2238 1013 Ecclesiam
2270 959 2620 1023 macularent,
2652 959 2718 1011 ab
2757 957 2983 1024 Origene
3010 959 3260 1025 superati,
3294 973 3417 1011 cou-

1846 1049 2018 1112 futati,
2063 1057 2117 1102 et
2145 1065 2240 1118 per
2283 1049 2517 1116 singulas
2543 1057 2667 1103 sunt
2711 1049 2953 1102 civitates
2992 1048 3248 1101 damnati.
3291 1047 3422 1100 Item

1845 1148 1966 1210 post
1997 1141 2298 1206 aliquantos
2319 1154 2506 1202 annos,
2535 1138 2645 1206 jam
2691 1138 2884 1192 devicti
2929 1145 3089 1206 atque
3117 1139 3339 1203 detecti,
3372 1141 3424 1192 in

1846 1231 2107 1286 Africanis
2134 1231 2376 1301 partibus
2396 1230 2747 1300 pullulabant,
2769 1245 2905 1299 quos
2926 1228 3284 1285 Tertullianus
3311 1247 3427 1285 mo-

1845 1321 1928 1376 dis
1964 1320 2210 1384 omnibus
2261 1321 2333 1374 ita
2379 1321 2630 1386 obtinuit,
2679 1329 2736 1375 ut
2791 1321 2935 1390 ipsos
2988 1319 3187 1375 faceret
3239 1329 3425 1375 contra

1852 1424 2054 1470 sectam
2105 1430 2256 1468 suam
2286 1414 2495 1484 publice
2523 1413 2829 1484 pmdicarc.

2549 1543 2707 1597 XXII.

1921 1656 2183 1711 Vicesima
2231 1657 2463 1711 secunda
2517 1657 2734 1711 hmresis
2763 1657 3108 1727 Apellitarum
3157 1667 3254 1720 est,
3288 1674 3424 1726 qun-

1849 1763 1966 1800 rum
1998 1756 2080 1800 est
2106 1748 2354 1816 princeps
2380 1746 2611 1816 Apelles,
2645 1749 2735 1816 qui
2779 1749 2912 1802 duos
2940 1749 3153 1817 quidem
3185 1750 3426 1804 introdu-

181 1867 327 1922 vultis
352 1836 577 1935 magnos
624 1877 678 1921 et
720 1836 900 1936 justos
923 1870 1137 1931 ascribi,
1180 1884 1316 1937 quos
1357 1885 1454 1939 pro
1491 1836 1629 1924 facti
1664 1869 1746 1924 sui
1777 1863 1821 1922 Β
1849 1838 1923 1938 Fu
1961 1837 2112 1902 deos’
2142 1838 2428 1938 Sed,“",“{"
2477 1836 2672 1939 “393"”
2716 1839 3053 1939 νξίηθίνίυων
3087 1840 3189 1939 1³2⁸
3230 1849 3329 1939 eis"
3361 1840 3428 1893 ab

182 1959 421 2027 qualitate
441 1959 585 2014 Deus
605 1969 875 2030 perpetua":
895 1963 1153 2028 gehent
1173 1961 1420 2016 incendio
1437 1962 1742 2016 destinavit.

888 2049 1026 2104 XIX.
1691 2047 1698 2052 ’

243 2138 385 2194 Nona
419 2139 630 2196 decima
658 2141 878 2196 haeresis
905 2139 1304 2198 Sethianorum.
1334 2142 1401 2197 lli
1431 2157 1624 2197 nomen
1654 2157 1747 2196 ac-

184 2239 423 2298 ceperunt
445 2246 476 2284 a
501 2228 615 2286 ﬁlio
635 2231 760 2287 Adae
784 2233 875 2302 qui
895 2242 1118 2289 vocatus
1138 2243 1221 2289 est
1247 2234 1374 2290 Seth
1395 2252 1409 2301 ;
1431 2235 1498 2289 de
1519 2249 1749 2304 superna

186 2327 340 2374 matre
367 2335 487 2374 eum
529 2329 718 2375 natum
756 2338 874 2378 esse
897 2322 1182 2392 jactautes,
1231 2341 1390 2394 quam
1438 2325 1752 2380 convenisse

189 2411 353 2466 dicunt
373 2428 490 2468 cum
512 2429 753 2484 superno
775 2424 946 2484 patre,
971 2416 1113 2470 unde
1140 2416 1376 2470 divinum
1398 2432 1580 2471 semen
1609 2417 1753 2472 aliud

193 2513 496 2571 nasceretur,
549 2522 617 2560 ex
637 2521 746 2575 quo
773 2509 976 2563 semine
1015 2509 1117 2564 sibi
1145 2509 1286 2564 Deus
1307 2509 1481 2578 justos
1509 2510 1750 2578 eligeret,

189 2603 234 2647 et
261 2611 379 2650 suos
426 2597 572 2650 filios
626 2597 938 2666 appellaret.
997 2597 1063 2653 lli
1110 2599 1216 2654 orti
1268 2608 1393 2654 sunt
1421 2600 1474 2653 in
1514 2601 1754 2669 partibus

191 2683 401 2740 Achaim.
431 2685 641 2741 Contra
669 2702 804 2756 quos
837 2691 1072 2759 suscepit
1099 2699 1316 2746 sanctus
1342 2689 1628 2759 Perigenes
1655 2691 1754 2745 Ar-

189 2786 275 2840 gus
299 2775 519 2831 civitatis
580 2778 820 2844 antistes,
877 2780 1165 2834 ostendens
1193 2781 1289 2846 eis,
1334 2780 1402 2835 de
1431 2797 1540 2835 uno
1569 2789 1756 2835 sancto

190 2878 302 2920 vero
327 2876 378 2921 et
415 2867 574 2936 justo
607 2867 756 2923 Isaac
783 2869 918 2924 duos
947 2879 1102 2924 natos
1133 2871 1393 2937 geminos,
1427 2887 1532 2925 uno
1558 2871 1759 2941 pariter

193 2965 328 3012 utero
347 2959 515 3014 editos
557 2977 569 3010 :
602 2975 762 3014 unum
802 2961 870 3014 ad
907 2962 1182 3031 superiora
1225 2963 1416 3017 divina:
1455 2964 1637 3031 gratiae
1664 2978 1756 3031 pe-

190 3056 424 3115 netrasse,
452 3052 626 3105 alium
658 3051 724 3105 ad
754 3051 1007 3107 inferiora
1054 3053 1206 3107 inferi
1247 3054 1546 3108 devenisse.
1583 3054 1756 3110 L‘num

197 3138 358 3208 itaque
383 3156 411 3196 e
438 3141 675 3206 duo-bus,
709 3142 898 3210 inquit,
948 3152 1038 3197 aut
1067 3153 1271 3198 naturae
1311 3145 1465 3198 malae
1492 3153 1614 3198 sunt
1643 3144 1752 3210 lilii,

1852 1927 1970 1996 ipso
2010 1943 2118 1979 uno
2168 1926 2431 1995 principio
2476 1927 2702 1980 alterum
2754 1927 2951 1982 factum
2981 1936 3081 1982 est.
3113 1928 3265 1993 Quod
3309 1943 3431 1984 cum

1849 2018 2140 2084 malignum
2169 2026 2310 2072 esset
2338 2018 2634 2083 inventum,
2657 2034 2687 2072 a
2714 2019 2859 2074 bono
2889 2019 3155 2088 abjectum
3184 2028 3296 2086 est;
3337 2019 3433 2073 ab-

1845 2109 2049 2180 jectum
2069 2125 2200 2164 vero
2238 2126 2268 2163 a
2298 2110 2441 2165 bono
2471 2111 2734 2180 principio
2773 2111 2877 2165 hoc
2901 2111 3238 2180 principium,
3289 2109 3434 2179 quod

1852 2202 2240 2270 malignabatur
2286 2211 2471 2256 contra
2511 2203 2637 2256 boni
2691 2202 3334 2272 principii-voluntatem,
3379 2202 3433 2256 in

1853 2308 1950 2346 sua
1981 2293 2312 2359 malignitate
2341 2291 2597 2346 mundum
2627 2291 2769 2346 fecit.
2800 2292 2926 2347 Inde
2955 2303 3036 2348 est
3063 2294 3205 2362 quod
3227 2291 3293 2346 ad
3320 2308 3433 2348 ma-

1853 2383 1962 2437 lum
1991 2397 2089 2436 nos
2124 2383 2483 2451 promptiores
2511 2397 2670 2450 quam
2709 2382 2774 2436 ad
2799 2383 2998 2438 bonum
3029 2392 3217 2437 natura
3247 2398 3436 2438 conse-

1853 2474 2052 2548 quitur,
2104 2479 2159 2526 et
2184 2472 2301 2542 plus
2340 2472 2395 2525 in
2440 2473 2600 2536 vitiis,
2634 2474 2824 2542 inquit,
2856 2489 3014 2542 quam
3056 2474 3107 2527 in
3153 2474 3436 2529 virtutibus

1855 2563 2168 2618 delectatur.
2196 2563 2479 2616 Dominum
2510 2570 2750 2616 nostrum
2790 2562 2972 2618 Jesum
2997 2562 3266 2618 Christum
3291 2579 3438 2619 asse-

1855 2662 1981 2710 runt
2002 2669 2220 2708 carnem
2249 2670 2315 2708 ex
2345 2653 2625 2708 elementis
2654 2655 2972 2725 suscepisse,
2995 2672 3154 2725 quam
3181 2656 3288 2709 aeri
3319 2655 3437 2710 red-

1856 2743 1990 2797 didit
2015 2744 2141 2798 dum
2170 2744 2502 2810 ascenderet,
2534 2753 2589 2799 et
2615 2745 2731 2800 sine
2761 2761 2822 2799 ea
2874 2747 3090 2799 intravit
3136 2747 3188 2800 in
3219 2747 3433 2801 cmlum.

1856 2833 1966 2889 Hos
1992 2831 2250 2902 Origenes
2276 2835 2348 2888 ita
2383 2833 2620 2903 perfecte
2643 2837 2935 2905 superavit,
2971 2843 3028 2889 ut
3066 2852 3250 2890 eorum
3278 2851 3435 2890 causa

1856 2924 2197 2994 periodeutes
2224 2922 2394 2989 ﬁeret,
2428 2932 2482 2978 et
2502 2940 2599 2994 per
2623 2925 2858 2992 singulas
2885 2939 3126 2993 quasque
3158 2926 3317 2979 urbes
3347 2942 3440 2994 per

1859 3012 2131 3068 Orientem
2178 3015 2356 3068 eundo
2397 3015 2730 3083 prredicaret.
2778 3015 2845 3069 Et
2874 3016 2996 3085 quia
3038 3016 3438 3070 innumerabilia

1861 3115 1986 3162 sunt
2007 3113 2358 3160 tractatorum
2398 3106 2514 3176 ejus
2539 3108 2828 3172 volumina,
2856 3107 3090 3161 haeretici
3113 3109 3348 3176 superati
3381 3108 3441 3159 li-

200 3239 247 3285 ...
272 3196 418 3287 .1...
446 3233 472 3272 ι»
504 3249 606 3304 ιπο
646 3196 699 3288 is
743 3196 898 3302 ρςιοιί
923 3196 1044 3289 .u...
1071 3196 1754 3302 ...{z‘d....;.;san;
1783 3228 1828 3289 ρ
1860 3197 2073 3304 posed
2103 3196 2805 3304 ξιξοξμξιέίξξξ,φξιίξιξεξίτξηι
2836 3198 3301 3304 revenero»:
3329 3214 3442 3304 ξιξιι-

201 3331 499 3378 autnatura:
541 3327 702 3380 boum
730 3333 871 3389 sunt,
931 3332 986 3380 et
1031 3341 1129 3396 pro
1181 3325 1305 3380 facti
1351 3327 1435 3380 sui
1479 3327 1756 3395 qualitate,

203 3410 326 3481 juste
369 3416 525 3469 alium
575 3417 883 3471 benedictio
930 3417 1228 3483 coronavit,
1263 3417 1426 3471 alium
1455 3417 1760 3471 maledictio

206 3505 572 3560 condemnavit.
621 3507 746 3561 Haec
792 3516 847 3561 et
899 3508 982 3562 his
1023 3509 1216 3562 similia
1257 3517 1530 3563 asserente
1575 3516 1762 3564 sancto

210 3590 460 3664 Perigene,
484 3600 746 3668 aliquanti
768 3601 1048 3655 credentes
1071 3601 1316 3656 conversi
1344 3608 1468 3655 sunt
1490 3602 1557 3655 ab
1580 3615 1764 3656 errore

210 3683 297 3739 hoc
322 3689 544 3756 pessimo
578 3708 590 3742 :
627 3705 732 3743 non
764 3690 1042 3745 credentes
1071 3700 1268 3755 autem,
1298 3706 1398 3746 nec
1441 3698 1762 3747 converten-

211 3781 293 3838 tes,
321 3778 488 3846 gladio
517 3788 647 3834 sunt
675 3781 1028 3836 anathematis
1066 3782 1346 3852 amputati.

910 3869 1026 3924 XX.

276 3953 483 4012 Hmresis
529 3959 785 4013 vicesima
825 3960 965 4029 apud
1005 3960 1218 4014 Cretam
1264 3963 1706 4018 Archonticorum
1736 3977 1765 4016 a

216 4047 513 4116 principibus
543 4065 741 4104 nomen
771 4051 996 4120 accepit.
1030 4049 1303 4121 Principes
1331 4053 1472 4106 enim
1502 4069 1560 4108 se
1589 4055 1768 4108 colere

214 4133 410 4204 jactant,
451 4155 588 4208 quos
619 4139 804 4195 dicunt
842 4141 1144 4195 condidisse
1185 4142 1325 4196 hunc
1352 4143 1626 4196 mundum.
1659 4143 1768 4198 llos

216 4236 406 4283 sanctus
431 4228 722 4286 Dioscorus
764 4229 1036 4285 Cretensis
1064 4232 1345 4302 episcopus
1373 4234 1764 4302 condemnavit,

219 4313 394 4374 docens
419 4337 578 4376 unum
611 4330 665 4376 et
695 4337 878 4376 verum
907 4321 1075 4376 Deum
1105 4324 1168 4380 in
1187 4332 1370 4392 partes
1397 4324 1770 4380 substantiales

221 4409 406 4472 penitus
424 4412 584 4466 dividi
616 4413 835 4467 omnino
866 4429 971 4470 non
1014 4430 1209 4484 posse:
1242 4416 1384 4470 hunc
1429 4431 1547 4472 esse
1580 4416 1768 4482 Deum,

220 4496 296 4560 qui
321 4513 373 4552 se
415 4509 469 4555 et
493 4503 772 4572 prophetis
816 4503 1066 4568 ostendit,
1100 4513 1153 4558 et
1181 4504 1233 4558 in
1273 4521 1332 4559 se
1377 4507 1656 4561 credentes
1703 4508 1771 4562 ab

1863 3293 2064 3348 tarunt,
2108 3293 2167 3339 ut
2193 3300 2329 3353 quos
2351 3285 2551 3339 vellent
2579 3286 2845 3356 decipere,
2878 3287 3118 3342 dicerent
3147 3288 3219 3341 ita
3259 3284 3442 3356 Orige-

1864 3391 1985 3431 nem
2013 3377 2124 3430 suis
2162 3375 2588 3444 expositionibus
2635 3373 2902 3430 deﬁnisse.
2947 3374 3097 3430 Unde
3142 3377 3445 3445 quicunque

1863 3480 2031 3537 usque
2056 3467 2217 3522 hodie
2254 3466 2536 3535 Origenem
2566 3467 2710 3535 legit,
2756 3467 2800 3521 si
2851 3467 3096 3537 prudenti
3126 3483 3248 3521 eum
3294 3467 3444 3521 novit

1862 3561 2180 3618 recitatione
2201 3561 2548 3627 distinguere,
2579 3559 2927 3629 deprehendit
2951 3559 3068 3614 loca
3095 3559 3162 3613 ab
3181 3560 3444 3614 luereticis

1868 3651 2136 3705 maculata
2161 3668 2175 3716 ;
2206 3649 2348 3718 quod
2371 3651 2444 3703 ita
2473 3664 2592 3704 esse
2621 3649 2638 3686 ί
2663 3658 2880 3704 sanctus
2910 3647 3215 3719 Pamphilus
3242 3658 3449 3720 martyr

1866 3742 1918 3796 in
1948 3757 2046 3796 suo
2086 3740 2434 3811 Apologetico
2461 3741 2766 3795 declaravit.

2566 3854 2748 3909 XXIII.

1938 3968 2201 4023 \‘icesima
2230 3969 2389 4024 tertia
2419 3968 2638 4022 hzeresis
2663 3966 3122 4022 Cerdonianorum
3151 3981 3179 4019 a
3201 3965 3447 4022 Cerdone

1869 4059 2008 4126 cepit
2038 4057 2338 4118 exordium,
2390 4058 2482 4126 qui
2510 4057 2618 4111 duo
2666 4057 2924 4125 principia
2964 4055 3064 4110 sibi
3112 4054 3448 4108 adversantia

1868 4148 2264 4216 dogmatizavit,
2296 4146 2571 4216 Deumque
2616 4147 2747 4215 legis
2797 4161 2861 4201 ac
2903 4145 3284 4215 prophetarum
3335 4159 3444 4198 non

1869 4253 1986 4292 esse
2014 4245 2220 4306 patrem
2259 4234 2476 4301 Christi,
2503 4251 2602 4290 nec
2629 4236 2829 4290 bonum
2870 4249 2989 4289 esse
3015 4233 3204 4297 Deum,
3237 4234 3333 4289 sed
3355 4233 3446 4303 ju-

1870 4337 2030 4392 stum,
2064 4336 2270 4397 patrem
2311 4341 2442 4380 vero
2469 4324 2666 4380 Christi
2695 4326 2925 4390 bonum;
2958 4322 3335 4394 Christumque
3365 4325 3448 4394 ip-

1871 4435 1986 4474 sum
2017 4433 2116 4472 nec
2146 4424 2326 4472 natum
2372 4432 2439 4471 ex
2469 4416 2684 4482 femina,
2729 4431 2904 4486 neque
2932 4416 3181 4470 habuisse
3209 4431 3445 4480 carnem,

1873 4527 1974 4566 nec
2013 4525 2140 4565 vere
2165 4517 2432 4563 mortuum
2471 4508 2556 4563 vel
2583 4508 2872 4578 quidquam
2902 4523 3132 4578 passum,
3165 4505 3257 4560 sed
3285 4507 3450 4560 simu-

223 4587 442 4670 omnibus
481 4591 733 4660 periculis
773 4591 1035 4658 liberavit,
1085 4594 1221 4648 sicut
1267 4594 1399 4659 Noe,
1436 4596 1574 4650 sicut
1603 4597 1772 4652 Ahra-
1802 4587 1851 4646 D
1877 4603 2015 4655 lasse
2039 4601 2363 4670 passionem.
2397 4597 2594 4654 Contra
2625 4599 2767 4654 hunc
2793 4599 3025 4668 suscepit
3052 4605 3264 4652 sanctus
3289 4595 3454 4667 Apol-

223 4669 347 4742 ham,
376 4677 536 4746 Isaac,
567 4680 755 4748 Jacob,
805 4682 1046 4751 ﬁliosque
1093 4683 1275 4750 Israel,
1323 4683 1534 4750 Jonam,
1575 4687 1774 4742 Susan-

225 4778 347 4832 nam,
376 4777 481 4826 tres
501 4788 729 4842 pueros;
755 4781 808 4828 et
836 4775 1238 4830 innumerabilia
1262 4791 1387 4846 erga
1415 4779 1694 4834 credentes
1722 4781 1773 4834 in

227 4867 275 4907 se
308 4872 416 4926 quae
444 4863 675 4918 ostendit
723 4865 861 4920 Deus
887 4866 1037 4934 signa
1066 4869 1341 4931 virtutum,
1373 4870 1565 4937 quibus
1603 4886 1660 4924 se
1687 4887 1776 4924 so-

229 4942 320 4999 lum
345 4947 502 5005 Deum
550 4954 875 5009 ostenderet.
907 4956 1320 5026 Acquiescentes
1365 4961 1578 5014 veritati
1627 4976 1776 5016 rece-

227 5035 310 5101 pit,
337 5039 700 5100 dissentientes
727 5061 856 5101 vero
883 5056 1081 5102 mterna
1111 5049 1507 5106 abominatione
1545 5053 1767 5122 punivit.

913 5135 1052 5192 XXI.

291 5205 451 5273 Prima
480 5231 533 5276 et
561 5224 808 5280 vicesima
831 5226 1048 5282 hazresis
1063 5227 1371 5284 aMarcione
1393 5239 1511 5285 orta
1533 5241 1632 5287 est.
1658 5233 1772 5290 Duo

295 5358 316 5430 ς
343 5351 434 5430 ψ.
463 5356 620 5430 Aug,
653 5360 1037 5430 Mesopotamia:
1065 5359 1437 5418 Ecclesiarum.

295 5417 319 5501 ξ’
647 5417 808 5501 ambo.
833 5432 904 5484 sic
929 5431 1063 5501 quod
1100 5443 1238 5484 sum.

299 5498 319 5564 ξ
467 5491 622 5564 Aug,
652 5499 901 5552 damnati.

267 5554 620 5641 9753175.}qu
648 5569 924 5641 Syngrum.
951 5579 1005 5623 ut
1028 5579 1082 5624 et
1103 5571 1241 5641 apud
1272 5571 1576 5631 Eusebium.
1610 5577 1771 5632 Vide—

243 5625 630 5724 ﬁgpgteleri‘i’tm
660 5625 722 5719 ad
752 5625 1194 5724 Constit.lA'post.
1657 5625 1770 5702 Eo}.

244 5690 302 5816 ﬁ!
317 5710 408 5838 ξὲ
429 5700 668 5824 Illuetium
694 5690 743 5763 in
767 5690 1318 5780 botulisifié'géu'éi

287 5799 301 5826 .
415 5810 426 5821 .
492 5812 504 5824 .

287 5799 301 5826 Ι
322 5799 426 5826 μοι..
463 5799 504 5824 Ι.

1877 4691 2053 4747 Ionius
2081 4691 2366 4761 episcopus
2407 4687 2828 4756 Corinthiorum,
2875 4704 3102 4757 eumque
3129 4690 3276 4744 omni
3329 4705 3452 4744 cum

1877 4783 2084 4854 synodo
2105 4793 2128 4830 ε
2151 4780 2409 4837 Orientali
2437 4781 2729 4844 damnavit,
2768 4779 2994 4834 reddens
3020 4780 3283 4833 rationem
3312 4779 3454 4834 hunc

1875 4891 1995 4930 esse
2016 4873 2186 4929 Deum
2208 4883 2416 4942 patrem
2442 4871 2654 4926 Domini
2675 4870 2842 4925 nostri
2869 4869 2994 4925 Jesu
3019 4871 3235 4936 Christi,
3259 4870 3326 4926 de
3345 4886 3454 4940 quo

1879 4965 2088 5035 Moyses
2135 4965 2187 5018 in
2225 4963 2403 5033 capite
2453 4962 2574 5016 libri
2602 4962 2684 5015 sui
2730 4961 2860 5016 dicit
2907 4960 3016 5014 ειη
3054 4963 3307 5033 principio
3335 4964 3455 5034 fecit

1878 5055 2016 5110 Deus
2043 5056 2222 5109 caelum
2243 5070 2306 5106 ac
2329 5062 2519 5106 terram
2546 5051 2697 5121 (Gen.
2731 5069 2768 5117 ι,
2803 5053 2876 5123 1).
2907 5052 3104 5109 Omnes
3130 5054 3328 5110 veteris
3349 5053 3453 5108 Te-

1876 5145 2128 5200 stamenti
2157 5144 2650 5213 irreprehensibiles
2677 5146 2969 5200 secundum
3013 5146 3326 5217 Apostolum
3357 5162 3454 5215 ap-

1878 5236 2142 5308 probavit,
2174 5235 2358 5289 dicens
2389 5253 2401 5287 :
2429 5231 2557 5298 Quis
2577 5235 2836 5289 accusabit
2855 5236 3095 5292 adversus
3117 5240 3300 5292 electos
3328 5236 3456 5290 Dei?

1955 5379 1978 5407 °
2011 5369 2108 5423 Ms.
2141 5367 2301 5436 Aug.,
2335 5367 2706 5424 Marcionistw.

1957 5438 1975 5477 ί
2009 5439 2386 5508 Apologeticus
2413 5435 2765 5507 Origenianus
2790 5449 2977 5494 sancto
3007 5438 3284 5508 Pamphilo
3313 5453 3454 5490 mar-

1883 5509 1982 5576 tyri
2013 5506 2271 5563 asset-itur
2299 5509 2366 5562 ab
2395 5506 2614 5564 auctore
2637 5518 2745 5563 tum
2769 5511 2871 5571 hic,
2907 5519 3012 5562 tum
3042 5506 3193 5576 infra,
3218 5523 3336 5576 cap.
3362 5507 3449 5562 45.

1883 5526 1899 5562 ι
1937 5526 1982 5562 r1
2013 5526 2271 5563 asset-itur
2299 5526 2366 5562 an
2395 5526 2614 5564 aucrore
2637 5526 2745 5563 tum
2769 5526 2871 5571 mc,
2907 5526 3012 5562 tum
3042 5526 3193 5568 mira,
3218 5526 3336 5576 cap.
3362 5526 3448 5562 40.

1881 5526 1996 5644 (ina
2021 5579 2088 5634 de
2108 5595 2165 5632 re
2194 5578 2320 5631 alibi
2343 5581 2504 5633 verba
2531 5578 2772 5643 fecimus,
2798 5579 3040 5632 nimirum
3065 5578 3114 5645 in
3148 5574 3448 5645 Prolcgom.

1881 5648 1948 5702 ad
1975 5658 2102 5719 tom.
2139 5647 2200 5700 IV
2255 5647 2388 5702 Bibl.
2419 5647 2522 5702 PP.
2549 5665 2665 5717 cap.
2698 5649 2805 5719 l,ﬂ§
2837 5647 2888 5711 4,
2923 5661 3040 5719 pag.
3075 5644 3125 5698 Δ.

1954 5726 1978 5762 κ
2003 5718 2097 5772 Ms.
2125 5719 2281 5786 Ang.,
2312 5734 2522 5792 eumque
2547 5721 2709 5773 omnis
2738 5717 2964 5772 Erclesia
2992 5732 3105 5770 cum
3127 5717 3342 5789 synodo.
