3926 6176
426 310 532 367 595

1426 307 1799 365 ANONYMUS
1836 304 2114 361 AUCTOR
2153 306 2698 365 PRASDESTINATI.

3594 312 3691 367 596

430 427 570 483 Dens
598 432 681 502 qui
695 432 980 501 justi/imi;
1008 432 1121 500 quis
1151 438 1226 483 est
1254 428 1338 498 qui
1359 426 1662 480 condemnet
1692 423 1871 496 (Rom.
1894 439 2006 490 vm,
2038 426 2087 483 Α
2115 438 2235 478 rum
2259 425 2474 479 actione
2515 425 2838 495 percipitur;
2868 426 3234 482 sanctiticatur
3261 429 3403 482 enim
3442 444 3540 498 per
3582 445 3696 484 ver-

425 518 558 589 33)?
588 520 714 576 Ilaec
733 529 913 575 autem
936 528 989 574 et
1013 520 1094 573 his
1119 519 1316 573 similia
1346 519 1447 572 hac
1475 517 1542 572 de
1570 532 1733 572 causa
1759 515 2017 571 condem-

2118 512 2246 567 bum
2274 513 2369 568 Dei
2396 522 2452 569 et
2480 515 2782 569 orationem
2812 514 2854 585 (Ι
2886 515 3018 570 Tim.
3053 533 3122 581 tv,
3148 515 3184 570 2
3204 547 3223 557 -
3243 515 3319 586 5).
3363 518 3699 574 Abstinentes

426 614 566 668 natis
592 613 874 678 haereticis,
907 613 1215 667 rationabili
1240 626 1491 666 sermone
1517 611 1837 665 videbantur
1865 610 2020 665 satis-
2119 613 2300 659 autem
2342 612 2559 661 nostros
2614 607 2916 662 catholicos
2966 607 3167 662 idcirco
3215 608 3523 673 laudamus,
3578 611 3700 679 quia
3774 648 3777 651 -

425 701 603 759 facere
645 703 975 769 sacerdotes,
1022 704 1136 760 sive
1191 711 1306 757 uta
1340 702 1636 772 grteeipitio
1676 708 2012 766 revocarent,

425 793 541 850 sive
569 804 627 850 ut
648 811 707 851 se
729 795 1080 851 ostenderent
1099 802 1277 853 sectas
1305 794 1581 859 damnare,
1606 809 1715 847 non
1735 792 2012 857 homines;

423 884 672 943 homines
709 895 887 942 autem
929 887 1138 956 seipsos
1174 886 1449 952 damnare,
1481 886 1573 955 qui
1612 885 1894 939 damnatas
1931 899 2016 940 se-

424 986 541 1033 ctas
570 979 957 1049 amplectentes
983 994 1012 1032 a
1043 980 1273 1034 veritate
1301 978 1601 1033 discedunt.

1124 1068 1313 1124 XXIV.

496 1158 763 1214 Vicesima
791 1168 845 1215 et
871 1168 1063 1229 quarta
1098 1168 1181 1215 est
1207 1161 1426 1217 haeresis
1456 1160 1890 1226 Severianorum,
1921 1159 2014 1229 qui

425 1260 551 1306 sunt
578 1267 609 1305 a
633 1260 658 1288 α
688 1251 890 1307 Severo
918 1253 1115 1307 exorti.
1145 1252 1342 1308 Vinum
1386 1268 1494 1307 non
1523 1253 1742 1318 bibunt,
1773 1266 1841 1307 eo
1869 1250 2014 1320 quod

422 1342 664 1399 fabulosa
696 1345 934 1400 vanitate
963 1345 1030 1399 de
1068 1346 1273 1400 semine
1320 1346 1536 1400 Satanas
1580 1352 1779 1399 terram
1816 1344 2014 1413 germi-

425 1450 586 1490 nasse
614 1443 861 1490 asserunt
887 1439 1072 1490 vitem.
1098 1434 1290 1491 Carnis
1316 1450 1532 1505 quOQue
1561 1436 2012 1490 resurrectionem

421 1540 545 1580 cum
573 1525 741 1580 veteri
788 1536 1048 1596 respuunt
1090 1526 1458 1583 Testamento.
1502 1525 1613 1581 Hos
1649 1525 1923 1579 damnavit
1952 1523 2012 1581 S.

422 1617 749 1689 Euphranon
780 1619 1065 1689 episc0pus
1113 1619 1389 1685 Rhodius;
1422 1618 1562 1688 apud
1592 1618 1839 1673 Rhodum
1868 1617 2013 1671 enim

422 1707 616 1764 horum
646 1709 957 1779 superstitio
985 1714 1103 1763 orta
1136 1716 1238 1763 est.
1271 1708 1419 1774 Quos
1444 1707 1677 1762 convicit
1705 1706 2012 1775 Scriptura-

2119 692 2148 733 ι’
2172 695 2390 764 quando
2418 711 2524 751 non
2555 697 2827 767 accipiunt
2855 698 3023 763 cibos,
3054 700 3206 767 quasi
3253 699 3346 767 qui
3385 699 3564 754 dicant
3595 716 3703 754 Ina-

2117 788 2226 842 lum
2272 804 2392 846 esse
2420 792 2686 861 accipere,
2719 791 2812 846 sed
2860 792 3063 846 bonum
3110 791 3293 846 dicunt
3337 801 3392 846 et
3420 793 3701 862 optimum,

2114 881 2259 949 quod
2285 897 2345 937 se
2369 892 2616 938 asserunt
2641 898 2763 938 esse
2791 883 2859 937 ad
2890 882 3293 953 percipiendum
3322 883 3589 952 indignos.
3622 884 3703 941 Sic

2115 970 2177 1025 tit
2202 979 2261 1026 ut
2289 979 2345 1026 et
2382 972 2513 1027 illud
2557 981 2817 1028 statutum
2860 973 3105 1043 Apostoli
3146 983 3514 1043 conservetur,
3558 977 3702 1045 quod

2115 1064 2231 1118 ait:
2264 1063 2391 1120 Non
2427 1067 2752 1121 manducone
2792 1067 3192 1121 manducantem
3246 1084 3349 1122 non
3391 1068 3613 1139 judicet,
3658 1078 3704 1125 et

2113 1157 2435 1213 manduca»;
2463 1176 2567 1214 non
2593 1160 2991 1214 manducantem
3018 1177 3125 1216 non
3152 1172 3364 1232 spernat
3392 1160 3570 1234 (Rom.
3598 1179 3701 1230 xw,

2116 1249 2193 1320 ὅ).
2225 1249 2341 1304 Non
2381 1252 2525 1305 enim
2553 1259 2855 1307 creaturam
2887 1259 3138 1319 accusat,
3172 1253 3266 1308 sed
3295 1269 3355 1308 se
3396 1269 3515 1308 esse
3543 1255 3701 1310 talem

2113 1343 2454 1411 pronuntiat,
2485 1353 2508 1382 ο
2536 1359 2644 1413 quo
2683 1358 2743 1398 se
2787 1344 2931 1399 dicat
2978 1342 3138 1412 hujus
3185 1344 3358 1415 epulis
3403 1345 3551 1400 refici
3593 1361 3698 1401 non

2116 1435 2330 1489 mereri.

2818 1525 3007 1582 XXVI.

2186 1616 2454 1672 Vicesima
2485 1625 2540 1673 et
2563 1626 2716 1672 sexta
2761 1618 2981 1673 haeresis
3005 1618 3375 1691 Cataphryges
3403 1622 3510 1674 orti
3558 1630 3701 1688 sunt,

2114 1707 2205 1775 qui
2235 1707 2339 1762 hoc
2375 1724 2570 1763 nomen
2600 1723 2631 1761 a
2662 1708 2967 1779 provincia,
3001 1724 3110 1763 non
3147 1724 3178 1763 a
3214 1708 3464 1778 dogmate
3498 1726 3704 1766 assum-

424 1817 543 1856 rum
572 1803 782 1857 ratione
810 1809 1137 1867 sanctarum,
1168 1801 1223 1854 in
1264 1801 1459 1870 quibus
1487 1799 1682 1869 legitur
1708 1798 1853 1853 Deus
1878 1798 2011 1852 edu-
2043 1802 2088 1861 Β
2116 1808 2366 1869 pserunt;
2397 1815 2625 1869 quorum
2652 1808 2902 1856 auctores
2929 1801 3143 1856 fuerunt
3176 1801 3481 1868 Montanus,
3523 1800 3703 1859 Prisca

425 1907 550 1947 cere
577 1891 645 1947 de
675 1900 816 1946 terra
843 1906 1039 1961 panem
1069 1891 1135 1945 ad
1178 1887 1604 1946 confirmandum
1631 1903 1728 1942 cor
1754 1884 2009 1953 hominis,
2054 1886 2059 1891 ’

424 1991 480 2037 et
508 1984 690 2037 vinum
735 1982 803 2037 ad
852 1981 1226 2037 laetificandum
1260 1981 1433 2053 (Psal.
1464 1996 1571 2044 cm,
1620 1978 1706 2043 15,
1741 1978 1852 2046 16).
1891 1979 2013 2033 Vini

424 2083 604 2130 autem
656 2092 766 2129 non
814 2092 941 2131 usus
967 2076 1324 2139 necessarius,
1355 2074 1450 2129 sed
1499 2074 1749 2128 nimietas
1797 2072 2013 2127 inimica

424 2169 578 2240 saluti
611 2168 875 2238 culpanda
917 2175 1017 2223 est.
1052 2166 1243 2223 Carnis
1286 2183 1419 2222 vero
1465 2166 1915 2221 resurrectionem
1944 2165 2012 2219 ab

424 2259 518 2313 illo
555 2260 874 2329 promissam
902 2274 1020 2314 esse
1058 2258 1151 2327 qui
1188 2259 1241 2313 in
1268 2258 1517 2329 praesenti
1559 2264 1803 2311 mortuos
1840 2256 2012 2312 susci-

424 2350 604 2415 tabat;
635 2351 727 2419 qui
757 2350 801 2405 si
824 2351 1078 2405 mentitus
1108 2348 1323 2413 fuisset,
1354 2355 1601 2404 mortuos
1628 2348 1814 2418 utique
1840 2347 2009 2402 susci-

427 2451 541 2494 tare
570 2456 678 2494 non
725 2441 1007 2512 potuisset.
1040 2439 1270 2495 Sanctos
1308 2455 1428 2495 esse
1465 2440 1646 2509 apices
1686 2437 2013 2493 Testamenti

426 2533 643 2597 veteris,
689 2532 827 2585 sicut
872 2530 1217 2586 fundamenta
1264 2530 1476 2594 domus,
1528 2528 1783 2599 praeclare
1831 2527 2014 2583 docuit

425 2622 608 2677 dicens
641 2641 653 2675 :
686 2622 1056 2676 Fundamenta
1081 2622 1273 2677 domus
1293 2622 1434 2677 circa
1459 2618 1702 2687 squalida
1732 2618 1849 2673 loca
1889 2625 2016 2689 sunt

425 2713 621 2782 posita,
649 2722 706 2767 ut
732 2730 795 2768 ea
824 2729 943 2783 qua:
967 2721 1093 2767 sunt
1131 2712 1377 2782 superius
1405 2711 1604 2766 nullam
1632 2709 2012 2765 contumeliam

424 2811 722 2861 stercorum
752 2804 1044 2873 patiantur.
1073 2801 1364 2873 Superiora
1410 2816 1539 2870 ergo
1579 2801 1769 2857 domus
1797 2800 2014 2869 laquea-

424 2894 573 2949 ribus
600 2896 799 2949 auratis
818 2932 833 2956 ,
866 2894 1159 2964 parietibus
1185 2893 1371 2963 pictis,
1405 2900 1460 2947 et
1486 2892 1638 2948 vario
1685 2905 2013 2946 marmorum

425 2987 648 3041 metallo
678 2994 803 3041 sunt
849 2987 1011 3041 edita.
1061 2984 1321 3040 Inferiora
1349 3000 1500 3050 vero,
1546 2984 1757 3039 humori
1796 2991 2013 3038 terreno

424 3077 617 3143 vicina,
643 3078 848 3147 digesta
871 3079 1032 3132 etiam
1054 3077 1390 3148 superiorum
1418 3077 1666 3130 universa
1695 3075 2009 3145 suscipiunt.

2116 1898 2171 1945 et
2200 1890 2510 1945 Maximilla.
2544 1891 2611 1946 Hi
2648 1892 2829 1961 itaque
2874 1893 3163 1948 adventum
3200 1893 3430 1965 Spiritus
3475 1897 3650 1952 sancti
3674 1912 3704 1951 a

2115 1979 2343 2036 Domino
2371 1983 2693 2051 promissum
2731 1982 2785 2035 in
2824 1997 2885 2037 se
2929 1984 3111 2053 potius
3138 1998 3299 2052 quam
3342 1985 3397 2038 in
3445 1986 3705 2054 apostolis

2114 2070 2280 2126 fuisse
2308 2080 2555 2127 asserunt
2593 2072 2879 2127 redditum.
2923 2071 3198 2128 Secundas
3228 2075 3441 2146 nuptias
3465 2091 3565 2145 pro
3592 2076 3703 2132 for-

2114 2163 2475 2220 nicationibus
2503 2165 2735 2228 habent,
2767 2174 2822 2220 et
2868 2164 2992 2221 ideo
3039 2166 3222 2220 dicunt
3267 2182 3357 2221 eas
3397 2169 3705 2237 permisisse

2115 2256 2419 2326 apostolum
2442 2255 2687 2319 Paulum,
2712 2256 2835 2327 quia
2858 2271 2925 2311 ex
2954 2265 3110 2327 parte
3136 2257 3356 2321 sciebat,
3381 2265 3436 2311 et
3464 2273 3531 2312 ex
3553 2268 3705 2327 parte

2112 2349 2490 2420 prophetabat.
2524 2347 2772 2403 Nondum
2802 2350 2945 2404 enim
2974 2358 3198 2404 venerat
3225 2350 3368 2418 quod
3408 2351 3703 2420 perfectum

2113 2448 2215 2495 est.
2249 2439 2365 2496 Hoc
2391 2448 2576 2495 autem
2605 2441 2901 2511 perfeCtum
2948 2442 3001 2496 in
3045 2441 3358 2496 Montanum
3404 2449 3461 2496 et
3508 2443 3564 2497 in
3591 2442 3703 2512 ejus

2111 2531 2481 2601 prophetissas
2525 2545 2659 2600 quas
2703 2547 2864 2601 supra
2915 2531 3166 2597 diximus,
3198 2532 3408 2587 venisse
3452 2532 3697 2587 delirant.

2114 2620 2385 2676 Hactenus
2412 2621 2639 2676 dixerim
2665 2621 2733 2677 de
2754 2621 3124 2694 Cataphrygis.
3151 2620 3355 2677 Cretera
3378 2638 3497 2692 quae
3517 2623 3701 2678 dicun-

2113 2721 2201 2768 tur
2227 2715 2378 2784 quasi
2408 2715 2609 2769 incerta
2641 2724 2922 2785 prtetereo.
2952 2715 3029 2771 De
3066 2714 3285 2770 infantis
3321 2716 3583 2784 sanguine
3612 2732 3700 2771 eos

2115 2807 2376 2876 accipere.
2405 2806 2548 2876 quod
2590 2807 2712 2863 ideo
2739 2808 2986 2874 dicimus,
3020 2823 3089 2864 ne
3137 2808 3419 2863 videamur
3454 2810 3700 2877 ignorare

2114 2899 2294 2954 omnia
2322 2914 2441 2968 qua:
2486 2899 2554 2955 de
2582 2901 2661 2955 eis
2688 2900 2940 2956 dicuntur
2968 2918 2980 2954 :
3016 2901 3073 2955 hi
3106 2902 3247 2956 enim
3279 2901 3369 2970 qui
3399 2910 3589 2956 contra
3610 2917 3699 2956 eos

2112 2989 2442 3059 scripserunt
2463 2991 2592 3045 nihil
2612 2991 2739 3046 hinc
2751 2990 2966 3060 penitus
2994 2998 3381 3046 memoramnt.
3422 2990 3450 3027 ιι
3480 2990 3701 3060 Scripsit

2113 3089 2301 3137 contra
2331 3096 2425 3136 eos
2451 3078 2645 3138 librum
2670 3094 2888 3138 sanctus
2906 3081 3217 3152 Soterpapa
3247 3080 3425 3144 Urbis,
3461 3091 3515 3137 et
3539 3082 3698 3152 Apol-

425 3169 562 3241 Quid
592 3185 720 3239 ergo
747 3187 887 3226 nunc
918 3170 1211 3225 faciemus?
1240 3170 1283 3224 si
1308 3167 1597 3223 auferimus
1624 3166 1898 3231 inferiora,
1922 3184 2012 3223 su-
2039 3167 2085 3231 C
2114 3171 2291 3228 Ionius
2345 3173 2698 3244 Ephesiorum
2747 3173 2991 3229 antistes.
3046 3172 3248 3227 Contra
3293 3188 3431 3241 quos
3489 3174 3698 3244 scripsit

424 3264 638 3333 periora
668 3271 945 3318 corruunt.
980 3262 1179 3317 Tamen
1224 3261 1269 3316 si
1314 3259 1637 3315 destruenda
1678 3266 1832 3314 erant
1874 3258 2012 3315 infe-

424 3356 592 3419 riora,
623 3371 729 3409 non
758 3354 862 3409 hoc
903 3354 1039 3409 alius
1078 3361 1293 3423 poterat
1337 3351 1440 3405 nisi
1477 3351 1574 3405 Dei
1621 3350 1788 3406 Filius
1818 3349 2011 3407 facere.

426 3447 714 3501 Videamus
742 3460 870 3515 ergo
898 3455 1204 3501 utrumnam
1234 3445 1350 3516 ipSe
1377 3443 1704 3499 destruxerit
1729 3443 1832 3499 hoc
1868 3443 2014 3513 quod

426 3555 526 3595 nos
552 3540 779 3594 dicimus
827 3554 1144 3609 permanere
1175 3557 1187 3590 :
1223 3538 1462 3602 Putatis,
1494 3536 1699 3605 inquit,
1742 3538 1865 3608 quia
1901 3537 2014 3591 veni

425 3632 589 3703 legem
617 3631 898 3695 destruere,
931 3638 1017 3683 aut
1056 3629 1374 3699 prephetas?
1403 3625 1526 3681 Non
1554 3628 1669 3681 veni
1711 3627 1870 3697 legem
1904 3626 2014 3680 sol-

425 3738 558 3785 vere,
581 3720 673 3775 sed
699 3720 983 3790 adimplere
1012 3718 1226 3789 (Matth.
1262 3735 1312 3783 v,
1346 3716 1455 3787 17).
1489 3717 1615 3772 Ηωο
1661 3725 1715 3771 et
1741 3716 1823 3771 his
1866 3717 2015 3771 simi—

426 3813 496 3868 lia
525 3814 709 3868 dieens
736 3821 954 3867 sanctus
981 3810 1306 3881 Euphranon
1334 3809 1635 3879 episcopus,
1663 3807 1863 3862 multos
1891 3823 2015 3863 con-

426 3903 618 3970 vertit;
650 3904 702 3958 in
735 3917 920 3957 errore
968 3916 1098 3956 vero
1136 3908 1544 3971 perseverantes
1584 3906 1842 3969 perpetua
1886 3915 2012 3954 san-

425 3996 606 4055 ctione
633 4011 661 4050 a
683 3994 1065 4052 communione
1091 3992 1338 4063 privavit.

1126 4081 1294 4137 XXV.

496 4177 759 4233 Vicesima
788 4185 843 4231 et
871 4176 1056 4246 quinta
1087 4175 1305 4231 haeresis
1333 4184 1416 4231 est
1444 4174 1812 4240 Tatianorum,
1844 4191 1877 4229 a
1905 4174 2012 4230 Ta-

425 4269 575 4323 tiano
618 4268 853 4337 quodam
896 4268 1158 4332 instituta,
1190 4267 1282 4335 qui
1323 4274 1379 4320 et
1428 4264 1718 4321 Encratita':
1758 4265 2012 4335 appellati

424 4371 568 4417 sunt.
600 4361 666 4416 Hi
713 4361 929 4431 nuptias
957 4361 1242 4423 damnant,
1272 4366 1433 4428 atque
1473 4359 1692 4412 omnino
1736 4373 1893 4427 pares
1920 4372 2013 4413 eas

421 4454 869 4511 fomicationibus
898 4452 1124 4520 aliisque
1167 4449 1605 4519 corruptionibus
1650 4449 1878 4513 faciunt,
1911 4464 2012 4503 nec

2118 3261 2480 3320 Tertullianus
2535 3264 2821 3336 presbyter
2878 3263 3353 3333 Carthaginiensis.
3410 3264 3513 3330 Qui
3584 3278 3697 3318 cum

2117 3354 2296 3408 omnia
2323 3355 2462 3410 bene
2490 3362 2545 3410 et
2572 3355 2745 3424 prime
2792 3362 2850 3410 et
2886 3354 3382 3425 incomparabiliter
3406 3354 3694 3423 scripserit,

2116 3443 2170 3498 in
2196 3444 2301 3499 hoc
2328 3446 2499 3500 solum
2530 3460 2588 3500 se
2617 3445 3095 3515 reprehensibilcm
3124 3443 3280 3509 fecit,
3321 3445 3467 3513 quod
3497 3444 3700 3498 Monta«

2118 3546 2245 3590 num
2276 3536 2534 3602 defendit,
2564 3551 2729 3605 agens
2771 3545 2961 3591 contra
3001 3534 3249 3591 Soterem
3298 3550 3463 3605 supra
3504 3535 3697 3589 dictum

2116 3624 2276 3681 Urbis
2304 3642 2518 3696 papam,
2551 3634 2799 3681 asserens
2826 3625 2958 3680 falsa
2989 3640 3109 3680 esse
3143 3625 3210 3679 de
3238 3625 3498 3693 sanguine
3528 3623 3694 3678 infan-

2114 3717 2203 3783 tis,
2237 3717 2551 3773 Trinitatem
2581 3720 2635 3773 in
2664 3720 2868 3774 unitate
2897 3719 3141 3783 Deitatis,
3193 3719 3563 3789 paenitentiam
3606 3716 3688 3771 la-

2114 3808 2246 3878 psis,
2287 3809 2555 3879 mysteriis
2597 3808 2803 3863 eisdem
2833 3824 2997 3863 unum
3037 3810 3236 3879 pascha
3264 3809 3556 3864 nobiscum.
3586 3806 3700 3861 Hoc

2112 3901 2289 3955 solum
2328 3899 2717 3970 discrepamus,
2760 3902 2958 3970 inquit,
2998 3902 3141 3971 quod
3183 3902 3447 3957 secundas
3487 3901 3697 3970 nuptias

2116 4005 2225 4045 non
2265 3990 2585 4061 recipimus,
2637 3998 2694 4047 et
2739 3991 3080 4061 prophetiam
3125 3990 3367 4046 Montani
3412 3991 3479 4046 de
3523 3989 3700 4045 futuro

2109 4081 2313 4150 judicio
2342 4097 2448 4137 non
2470 4097 2798 4137 recusamus.
2824 4078 3094 4152 Objiciunt
3113 4082 3330 4152 quidam
3352 4082 3694 4148 Tertulliano,

2113 4173 2259 4243 quod
2297 4174 2530 4228 animam
2561 4189 2631 4228 ex
2671 4175 2912 4241 traduce,
2949 4174 3001 4229 id
3035 4183 3119 4230 est
3146 4175 3381 4230 animam
3409 4174 3595 4230 dixerit
3623 4173 3698 4230 ita

2113 4265 2258 4334 gigni
2288 4280 2354 4320 ex
2384 4266 2583 4329 anima,
2628 4265 2767 4326 sint
2794 4281 2864 4321 ex
2910 4266 3229 4336 corporibus
3276 4282 3510 4339 corpus;
3556 4265 3696 4335 quod

2113 4357 2379 4413 catholica
2408 4356 2540 4412 tldes
2564 4357 2916 4413 vehementer
2940 4364 3302 4414 exsecratur»

2789 4444 3004 4504 XXVII.

422 4547 690 4616 recipiunt
730 4546 785 4600 in
826 4560 926 4601 suo
955 4558 1181 4598 numero
1209 4542 1461 4610 coniugio
1503 4549 1774 4608 utentem,
1806 4557 2013 4597 marem
2043 4545 2096 4605 D
2189 4540 2455 4597 Vicesima
2506 4541 2735 4611 septima
2779 4540 3001 4596 haeresis
3047 4539 3498 4611 Pepuzianorum,
3536 4539 3621 4611 qui
3661 4553 3693 4591 a

425 4637 507 4692 vel
525 4636 799 4692 feminam.
824 4635 941 4691 Non
966 4642 1256 4690 vescuntur
1275 4633 1544 4699 carnibus,
1572 4648 1770 4705 easque
1791 4635 2010 4690 omnino

422 4729 818 4783 abominantur.
846 4725 1049 4781 Contra
1091 4726 1193 4781 hos
1234 4724 1470 4795 suscepit
1515 4732 1735 4780 sanctus
1777 4724 2012 4795 Epipha—

423 4819 543 4873 nius
570 4818 797 4890 Ancyrae
833 4817 1058 4875 Galatia:
1099 4818 1405 4887 episcopus,
1436 4816 1697 4885 objiciens
1736 4816 1814 4872 eis
1861 4815 2009 4872 Pauli

422 4908 654 4977 apostoli
683 4908 964 4977 epistolam
993 4908 1060 4965 ad
1098 4907 1440 4963 Timotheum
1484 4907 1743 4977 primam,
1770 4922 1837 4962 eo
1864 4908 2007 4976 quod

424 4999 657 5054 habeant
690 4999 1039 5053 cauteriatam
1076 4999 1461 5055 conscientiam
1486 5037 1500 5062 ,
1530 4998 1881 5069 prohibentes
1909 5015 2009 5053 nu-

417 5090 569 5158 bere,
599 5100 655 5148 et
682 5092 951 5147 abstinere
978 5092 1236 5149 docentes
1262 5108 1294 5146 a
1314 5093 1448 5149 cibis
1473 5107 1611 5162 quos
1636 5093 1778 5148 Deus
1806 5094 2010 5148 creavit

418 5182 487 5238 ad
514 5183 918 5256 percipiendum
947 5200 1069 5240 cum
1095 5185 1387 5252 gratiarum
1420 5185 1654 5251 actione,
1686 5183 1928 5241 ﬁdelibus
1953 5190 2008 5239 et

420 5274 504 5330 his
531 5277 623 5346 qui
651 5285 1021 5345 cognoverunt
1049 5276 1332 5332 veritatem
1364 5294 1378 5330 :
1402 5275 1530 5345 quia
1556 5276 1733 5331 omnis
1758 5284 2005 5335 creatura

419 5369 511 5425 Dei
540 5372 680 5427 bona
710 5379 812 5437 est,
843 5378 898 5425 et
938 5370 1067 5424 nihil
1097 5369 1454 5439 abjiciendum
1481 5370 1627 5440 quod
1653 5386 1773 5425 cum
1803 5372 2004 5438 gratia-

491 5538 516 5565 ι
559 5530 715 5597 Aug.,
742 5527 1045 5582 Severiano.

487 5597 513 5636 δ
551 5596 683 5667 Aug.
719 5614 826 5653 non
856 5599 1017 5651 habet
1042 5596 1268 5664 quando.

487 5682 505 5737 ιγ
556 5668 648 5721 Ms.
678 5669 832 5735 Aug,
863 5669 948 5737 qui
976 5684 1029 5722 se
1059 5668 1218 5719 dicat.

485 5736 511 5783 τι
554 5737 801 5796 Auctoris
830 5735 998 5793 nostri
1031 5737 1397 5794 testimonium
1423 5736 1488 5792 de
1521 5735 1713 5792 Sotere
1742 5735 2004 5791 adversus

2118 4632 2240 4687 loco
2268 4632 2501 4700 quodam
2531 4632 2792 4687 nominati
2828 4640 2973 4687 sunt.
3007 4631 3178 4699 Quam
3219 4624 3488 4688 desertam
3514 4630 3691 4687 civita-

2117 4732 2227 4779 tem
2257 4724 2385 4780 dicit
2413 4723 2744 4795 Epiphanius
2778 4744 2790 4779 :
2822 4726 2962 4782 hanc
2985 4734 3166 4781 autem
3208 4726 3294 4780 isti
3324 4724 3558 4780 divinum
3598 4720 3695 4774 ali-

2117 4816 2245 4886 quid
2290 4832 2408 4872 esse
2447 4817 2791 4884 arbitrantes,
2833 4816 3171 4872 Hierusalem
3211 4824 3431 4873 vocant.
3476 4814 3686 4869 Tantum

2116 4909 2304 4964 dantes
2326 4909 2639 4964 mulieribus
2667 4908 3048 4979 principatum,
3077 4916 3137 4963 ut
3163 4907 3468 4963 sacerdotio
3488 4916 3693 4975 quoque

2115 5000 2258 5070 apud
2303 5014 2399 5055 eos
2440 4999 2795 5054 honorentur.
2830 4998 3027 5055 Dicunt
3068 4999 3215 5054 enim
3252 4997 3388 5052 duas
3428 4992 3687 5054 ecclesias.

2115 5090 2387 5158 Quintillae
2432 5099 2488 5145 et
2526 5088 2781 5146 Priscilla:
2802 5131 2817 5157 ,
2868 5090 2922 5144 in
2966 5089 3158 5146 eadem
3201 5089 3423 5144 civitate
3468 5085 3686 5155 Pepuza.

2116 5181 2292 5239 Unum
2314 5190 2442 5238 sunt
2468 5197 2589 5237 cum
2615 5180 2993 5253 Cataphrygis.
3023 5178 3372 5250 Contemptui
3397 5183 3571 5232 autem
3596 5184 3689 5226 eos

2113 5278 2329 5342 habent,
2360 5276 2506 5347 quod
2531 5291 2591 5332 se
2619 5276 2707 5331 isti
2736 5273 3029 5347 Pepuziani
3057 5272 3272 5330 caneris
3295 5271 3558 5328 aestiment
3581 5276 3690 5319 me-

2112 5369 2294 5424 liores.
2320 5369 2514 5424 Dicunt
2542 5368 2684 5423 enim
2705 5368 2846 5423 hanc
2868 5365 3135 5437 Pepuzam
3160 5363 3340 5420 villam
3361 5360 3521 5419 fuisse
3546 5355 3686 5411 Mon-

2116 5524 2487 5596 Cﬁataphﬁrygﬁas
2516 5523 2785 5596 scribente
2820 5522 3083 5596 probatur
3102 5518 3463 5596 Dodwellojn
3483 5516 3679 5596 dissert.

2114 5585 2269 5675 singf
2298 5585 2376 5648 de'
2393 5585 2650 5650 ‘Success.
2683 5585 2839 5647 Rom:
2883 5592 3072 5661 pontif.
3106 5606 3226 5663 cap.
3257 5588 3343 5671 II,
3373 5587 3481 5717 3.2.
3516 5585 3682 5644 Mue

2115 5664 2441 5717 mmttendns
2490 5664 2557 5717 cl.
2605 5664 2772 5716 abbas
2817 5662 2885 5716 de
2930 5661 3247 5717 Lonauerue
3289 5677 3344 5716 in
3410 5661 3572 5714 tssert.
3612 5649 3680 5701 de

2115 5649 2441 5718 nufittendus
2490 5649 2557 5717 cl.
2605 5664 2772 5716 abbas
2817 5649 2899 5716 de.
2930 5649 3247 5731 Longuerite
3289 5649 3344 5716 in
3373 5649 3572 5717 dissert.
3612 5649 3680 5701 de

2115 5733 2315 5790 Περτοδὶ
2346 5734 2605 5800 Montani,
2643 5732 2670 5804 §
2699 5732 2753 5798 8,
2780 5746 2900 5805 pag.
2933 5730 3057 5786 259.
