3926 6176
208 309 305 363 597

207 427 335 491 tani,
372 421 565 477 Prisca:
593 430 648 477 et
675 421 995 486 Maximillm,
1028 429 1083 475 et
1106 419 1228 488 quia
1259 418 1330 473 ibi
1353 424 1634 487 coeperunt
1661 431 1790 486 piae-
1818 421 1862 476 Α

204 517 381 572 dicare
408 522 464 569 et
489 513 563 568 ibi
587 513 851 576 vixerunt,
880 512 1000 566 ideo
1031 512 1206 565 locum
1235 509 1572 580 appellarunt
1596 508 1790 562 Hieru-

207 608 391 661 salem.
422 603 492 658 Et
516 604 644 674 quia
668 604 1001 659 habitatores
1036 603 1142 658 loci
1171 609 1312 661 sunt.
1348 601 1469 657 ideo
1497 601 1705 656 caeteris
1731 616 1789 655 se

209 712 325 753 esse
372 696 625 751 meliores
665 694 959 749 ascribunt.
1000 693 1109 749 llos
1156 693 1472 762 Apollonius
1515 692 1792 761 superavit

209 787 563 858 Ephesiorum
593 785 902 856 episcopus.

885 874 1125 930 XXVIII.

278 969 544 1026 Vicesima
591 978 784 1024 octava
836 968 1056 1023 hmresis
1084 965 1410 1037 Artotyritas
1460 980 1587 1020 suos
1616 970 1792 1028 vocat,

176 1130 179 1131 ν
211 1064 407 1133 quibus
433 1062 537 1117 hoc
580 1076 781 1117 nomen
820 1059 1023 1115 oblatio
1051 1058 1218 1114 dedit.
1251 1056 1495 1112 Oflerunt
1528 1056 1671 1112 enim
1698 1071 1796 1126 pa-

176 1144 332 1210 ‘nem
361 1164 417 1209 et
443 1168 683 1218 caseum,
712 1152 954 1206 dicentes
989 1166 1020 1205 a
1061 1150 1250 1221 primis
1290 1149 1599 1204 hominibus
1645 1148 1795 1202 obla-

213 1248 388 1302 tiones
430 1245 542 1300 Deo
569 1245 636 1299 de
664 1243 925 1298 fructibus
954 1251 1111 1296 terra:
1139 1249 1195 1296 et
1223 1240 1405 1296 ovium
1444 1238 1609 1294 fuisse
1655 1238 1798 1294 cele-

214 1337 412 1391 bratas.
456 1334 570 1390 Hos
616 1332 937 1404 Pepuzianis
978 1331 1154 1400 jungit
1194 1329 1562 1400 Epiphanius,
1608 1334 1795 1383 contra

214 1441 349 1495 quos
378 1424 554 1480 nullus
573 1424 824 1493 dignatus
848 1430 1051 1478 estnec
1078 1422 1243 1491 loqui.

910 1511 1101 1567 XXIX.

282 1606 553 1662 Vicesima
582 1620 726 1660 nona
753 1605 975 1659 haaresis
1004 1603 1585 1662 Tessarescaadecatita:
1612 1604 1798 1660 dicun-

213 1707 319 1765 tur,
350 1714 419 1755 eo
445 1698 591 1769 quod
616 1705 807 1769 quarta
852 1697 1063 1754 decima
1092 1698 1216 1753 luna
1245 1696 1453 1755 Pascha
1498 1698 1792 1764 celebrant,

672 301 1260 359 PIUEDES'I‘INATUS
1297 301 1448 357 SIVE
1488 299 2189 357 PRzEDESTINATOIiUM
2231 300 2568 367 IIAERESIS,
2609 299 2759 356 ETC.
2804 301 2928 355 LIB.
2970 301 3009 355 I.

3373 304 3472 358 593

2570 417 2803 473 XXXIII.

1966 507 2313 563 Tricesimum
2343 517 2397 564 et
2425 509 2639 564 tertium
2670 510 2844 564 locum
2866 510 3081 564 haeresis
3100 518 3282 565 tenent
3312 511 3482 566 Theo-

1893 600 2116 664 dotiani,
2148 617 2177 655 a
2199 601 2434 670 quodam
2455 599 2481 639 δ
2505 600 2786 657 Theodoto
2808 603 3053 668 instituti,
3070 602 3342 657 hominem
3369 612 3482 657 tan-

1895 692 2175 749 tummodo
2202 691 2475 747 Christum
2501 692 2597 747 Dei
2625 692 2816 747 Filium
2849 701 3150 748 asserentes
3187 710 3199 745 :
3224 694 3368 763 quod
3397 692 3479 747 di-

1894 786 2035 840 citur
2057 785 2196 839 idem
2229 795 2251 822 α
2284 784 2596 840 Theodotus
2639 792 2928 856 propterea
2955 785 3220 851 docuisse,
3252 785 3377 855 quia
3425 787 3481 840 in

1895 877 2270 946 persecutione
2315 878 2497 947 lapsus
2524 877 2628 931 isto
2656 878 2818 933 modo
2844 893 2904 932 se
2932 893 3085 934 casus
3132 879 3214 934 sui
3244 880 3483 934 devitarc

1894 969 2119 1039 putabat
2144 969 2514 1039 opprobrium.
2545 969 2590 1024 si
2629 984 2737 1024 non
2771 969 2939 1024 Deum
2978 984 3228 1038 negasse,
3260 971 3354 1026 sed
3381 971 3483 1025 ho»

1896 1062 2097 1117 minem
2156 1061 2443 1116 videretur.
2498 1059 2611 1116 Hos
2658 1061 2890 1115 obtinuit
2935 1060 3137 1116 Craton
3202 1062 3485 1132 episcopus

1896 1150 2176 1224 Syrorum.

2572 1246 2811 1303 XXXIV.

1969 1337 2317 1395 Tricesimam
2367 1349 2615 1409 quartam
2669 1342 2931 1397 hazresem
2988 1339 3489 1396 Melchisedecbiani

1899 1430 2237 1485 invenerunt.
2296 1430 2715 1498 Melchisedech,
2745 1432 3079 1488 sacerdotem
3126 1431 3223 1486 Dei
3267 1432 3488 1495 excelsi,

1900 1536 2009 1576 non
2042 1521 2312 1576 hominem
2342 1521 2526 1588 fuisse,
2549 1522 2645 1578 sed
2670 1523 2923 1577 virtutem
2951 1522 3046 1576 Dei
3082 1536 3202 1576 esse
3228 1521 3487 1576 arbitran-

1898 1618 2007 1678 tur,
2034 1613 2185 1667 illum
2213 1613 2395 1689 locum.
2411 1622 2701 1682 sequentes
2728 1612 2972 1684 Apostoli
2997 1613 3066 1667 ad
3106 1612 3359 1667 Hebraeos
3383 1627 3491 1681 quo

1901 1704 1995 1768 ait,
2020 1704 2133 1758 sine
2160 1713 2327 1770 patre,
2348 1706 2461 1758 sine
2488 1714 2672 1770 matre,
2704 1706 2817 1759 sine
2837 1704 3140 1777 genealogia
3171 1701 3366 1773 (Hebr.
3399 1718 3489 1765 vn,

210 1792 443 1862 quilibet
469 1791 784 1861 δοριίωεωω
812 1790 1106 1853 occurrerit
1135 1789 1282 1857 dies;
1315 1798 1371 1846 ει
1397 1790 1442 1845 Si
1471 1789 1587 1845 dies
1615 1789 1798 1844 Domi-
1831 1793 1879 1852 B
1906 1796 1994 1867 5).
2024 1795 2118 1849 His
2160 1795 2398 1850 occurrit
2422 1793 2711 1867 Dionysius
2751 1794 3248 1866 Hierosolymorum
3289 1793 3494 1864 episco«

211 1886 366 1941 uicus
414 1883 720 1949 incurrerit,
752 1883 871 1952 ipso
907 1882 994 1937 die
1017 1880 1266 1952 jejunant
1303 1888 1362 1936 et
1412 1881 1653 1950 vigilant.
1683 1879 1798 1936 Hoc

209 1984 422 2032 tantum
452 1992 483 2030 a
522 1975 678 2031 nobis
715 1974 1055 2044 discrepant,
1078 1973 1214 2028 nihil
1242 1973 1406 2028 aliud.
1437 1972 1548 2028 llos
1581 1979 1800 2045 sanctus

208 2065 450 2123 Joannes
474 2065 1030 2136 Constantinopolites
1057 2066 1344 2136 episcopus
1383 2065 1479 2119 tali
1506 2065 1716 2120 ratione
1745 2064 1798 2119 in

208 2156 398 2211 multis
425 2155 734 2211 civitatibus
773 2155 1022 2210 obtinuit.
1062 2156 1208 2211 Abiit
1245 2170 1366 2211 cum
1404 2155 1549 2210 clero
1595 2170 1714 2221 suo,
1745 2162 1803 2209 et

208 2264 336 2304 cum
358 2248 436 2303 eis
453 2247 663 2304 Pascha
684 2248 975 2304 celebravit
993 2247 1179 2304 dicens
1202 2267 1215 2302 :
1239 2247 1390 2303 Sicut
1406 2264 1507 2304 nos
1522 2248 1802 2303 vobiscum

211 2339 610 2397 celebravimus
637 2338 865 2406 Pascha,
889 2341 1069 2396 venite
1096 2347 1153 2396 et
1192 2356 1290 2396 vos
1328 2339 1608 2396 nobiscum
1635 2339 1803 2395 susci-

208 2432 367 2503 pite;
400 2447 432 2486 a
471 2432 670 2502 quibus
689 2447 810 2487 cum
834 2432 940 2487 hoc
972 2432 1302 2502 impetravit,
1330 2437 1611 2502 coeperunt
1639 2446 1803 2486 unum

208 2538 409 2594 sapere
454 2530 511 2578 et
561 2524 843 2579 nobiscum
882 2522 1163 2579 celebrare
1214 2521 1377 2578 diem.
1435 2522 1807 2578 Prohaverunt

210 2616 360 2671 enim
390 2624 558 2671 totam
589 2615 711 2672 ﬁdei
739 2616 980 2686 regulam
1001 2616 1081 2672 sic
1104 2632 1206 2673 nos
1226 2616 1366 2672 sicut
1391 2631 1452 2672 se
1483 2623 1690 2681 tenere,
1729 2616 1809 2671 sic

211 2706 339 2763 illos
364 2707 505 2762 sicut
523 2723 622 2763 nos
640 2707 882 2763 credere.

933 2797 1101 2852 XXX.

284 2887 585 2945 Tricesima
630 2889 849 2944 heresis
886 2886 1217 2957 Alogiorum.
1250 2887 1542 2960 Propterea
1591 2890 1668 2944 sic
1714 2905 1811 2943 vo-

208 2988 433 3046 cantur,
484 2980 609 3050 quia
657 2980 896 3036 Verbum
927 2980 1020 3036 Dei
1067 2996 1193 3051 esse
1216 2981 1408 3036 Filium
1438 2981 1683 3052 accipere
1711 2997 1810 3036 no-

211 3070 367 3137 lunt;
397 3071 454 3126 in
477 3079 682 3126 tantum
705 3079 765 3126 ut
788 3071 1137 3141 Evangelium
1181 3072 1353 3127 sancti
1381 3071 1603 3128 Joannis
1630 3073 1812 3128 dicant

212 3164 389 3235 ipsius
408 3181 519 3220 non
553 3181 700 3231 esse;
731 3180 832 3221 nec
859 3164 1235 3236 Apocalypsim
1276 3166 1547 3235 accipiunt
1569 3165 1809 3235 ejusdem

1904 1904 2024 1958 pus,
2056 1887 2242 1943 dicens
2268 1887 2413 1942 hunc
2451 1895 2506 1942 et
2543 1894 2755 1958 patrem
2780 1887 3036 1942 habuisse
3083 1894 3139 1941 et
3164 1894 3421 1949 matrem;
3442 1893 3495 1939 et

1904 1979 2011 2034 hoc
2030 1978 2152 2034 ideo
2177 1978 2377 2035 dixisse
2397 1977 2734 2050 Apostolum,
2752 1981 2879 2050 quia
2900 1988 2956 2035 et
2972 1980 3286 2049 genealogia
3310 1979 3494 2049 ipsius,

1907 2078 1964 2127 et
1987 2078 2231 2126 materna
2254 2080 2546 2141 paternave
2574 2071 2846 2142 prosapia,
2877 2087 2988 2127 non
3016 2070 3308 2126 haberetur
3339 2069 3395 2124 in
3432 2083 3498 2125 eo

1906 2161 2096 2218 ordine
2124 2161 2178 2216 in
2197 2176 2307 2231 quo
2335 2162 2420 2216 lex
2448 2161 2800 2218 Hebraeorum
2842 2162 3074 2244 ascripta
3102 2169 3204 2227 est,
3235 2177 3358 2217 cum
3388 2161 3498 2216 Deo

1908 2256 2091 2327 utique
2116 2255 2379 2326 placuerit
2401 2255 2677 2324 generatio
2703 2254 3069 2311 Hebraeorum.

2591 2345 2808 2402 XXXV.

1982 2440 2274 2497 Tricesima
2292 2441 2477 2511 quinta
2498 2441 2722 2498 hteresis
2749 2449 2875 2497 sunt
2896 2439 3277 2505 Bardesanitze,
3308 2455 3339 2493 a
3361 2454 3499 2508 quo-

1910 2535 2034 2590 dam
2072 2532 2377 2591 Bardesane
2397 2535 2657 2604 perversi.
2678 2532 2782 2602 Qui
2804 2531 2831 2571 ά
2861 2534 3135 2589 Bardesan
3161 2532 3358 2588 dicitur
3380 2548 3502 2603 per-

1910 2623 2081 2681 fectus
2108 2624 2273 2680 fuisse
2300 2624 2620 2691 catholicus,
2641 2625 2737 2681 sed
2760 2631 2950 2695 postea
2972 2625 3025 2679 in
3054 2624 3108 2679 id
3120 2639 3218 2695 per
3235 2622 3502 2678 Valentini

1913 2716 2232 2788 discipulum
2283 2716 2589 2783 incurrisse,
2621 2724 2682 2771 ut
2722 2716 2918 2771 malam
2955 2715 3157 2771 diceret
3182 2715 3361 2771 carnis
3405 2714 3504 2768 hu-

1913 2825 2086 2865 manae
2113 2809 2646 2876 creaturam,animae
2669 2809 2887 2867 bonam.
2908 2808 3061 2864 Hunc
3082 2809 3137 2862 in
3163 2805 3504 2878 Cappadocia

1914 2900 2189 2957 damnavit
2213 2900 2530 2958 Theocritus
2551 2904 2854 2973 episcopus,
2885 2901 3087 2956 docens
3107 2899 3275 2955 Deum
3304 2900 3504 2955 bonum

1917 3000 2141 3061 utraque
2169 2992 2379 3060 fecisse,
2404 3002 2630 3063 utraque
2660 2995 3033 3064 copulasse,et
3059 2996 3236 3051 carnis
3254 2995 3505 3049 humana:

1916 3099 2025 3138 non
2074 3088 2340 3152 naturam,
2372 3084 2467 3161 sed
2497 3085 2994 3156 prmvaricationem
3016 3102 3135 3143 esse
3158 3086 3500 3157 culpandam.

2582 3174 2820 3231 XXXVI.

1857 3226 1879 3247 Ἰ

213 3253 464 3311 Joannis»
498 3254 637 3322 Quid
692 3255 898 3310 multa?
941 3264 967 3292 ει
1015 3253 1203 3310 Omnia
1251 3256 1530 3311 nobiscum
1573 3258 1810 3327 sapiunt.
1837 3234 1882 3287 δ
1985 3265 2213 3321 Hceresis
2242 3266 2509 3322 tricesima
2538 3276 2593 3322 et
2612 3276 2764 3324 sexta
2796 3279 2821 3307 ο
2855 3269 3243 3326 Noetianorum
3281 3279 3383 3338 est,
3413 3270 3506 3340 qui

216 3346 317 3402 Dei
346 3345 583 3401 Verbum
629 3343 724 3400 Dei
759 3346 950 3401 Filium
990 3347 1204 3416 penitus
1236 3348 1385 3416 quasi
1423 3346 1810 3416 blasphemiam

214 3443 593 3491 exsecrantur.
618 3434 728 3492 Hos
756 3435 910 3493 Philo
938 3438 1223 3508 episcopus
1251 3454 1392 3509 saepe
1412 3439 1702 3509 superavit.

924 3527 1113 3585 XXXI.

288 3618 591 3675 Tricesima
637 3620 808 3690 prima
862 3622 1082 3677 δέει-θείς
1121 3622 1566 3690 Adamianorum,
1615 3626 1706 3696 qui
1745 3641 1814 3681 ex

219 3711 397 3767 Adam
418 3727 617 3769 nomen
637 3723 983 3784 acceperunt,
1005 3715 1158 3784 cujus
1180 3716 1459 3771 imitantur
1485 3717 1538 3771 in
1563 3717 1814 3788 paradiso

220 3802 547 3866 nuditatem,
579 3804 753 3873 qualis
790 3802 891 3859 fuit
919 3814 1043 3860 ante
1080 3815 1380 3875 peccatum.
1426 3807 1577 3863 Unde
1613 3816 1669 3864 et
1709 3826 1813 3864 nu-

219 3892 368 3962 ptias
395 3902 729 3959 aversantur,
755 3896 880 3964 quia
906 3911 1006 3951 nec
1026 3897 1176 3966 prius
1200 3913 1361 3968 quam
1388 3900 1641 3957 dimissus
1672 3910 1816 3958 esset

221 3984 292 4039 de
348 3984 599 4054 paradiso
641 3989 893 4054 cognovit
945 4005 1188 4045 uxorem.
1233 3988 1474 4048 Credunt
1507 4008 1637 4063 ergo
1669 3995 1813 4064 quod

222 4075 428 4145 nuptiae
453 4075 647 4130 futuras
674 4093 782 4132 non
819 4078 1062 4146 fuissent,
1087 4080 1134 4135 si
1162 4097 1322 4137 nemo
1349 4093 1645 4153 peccasset.
1673 4084 1813 4142 Nudi

226 4165 415 4234 itaque
443 4182 620 4223 mares
648 4168 964 4240 feminaeque
995 4174 1356 4240 conveniunt,
1396 4176 1527 4231 nudi
1553 4177 1814 4233 lectiones

226 4256 477 4325 audiunt,
505 4260 633 4315 nudi
660 4270 845 4327 orant,
880 4263 1009 4318 nudi
1048 4265 1324 4320 celebrant
1362 4276 1716 4324 sacramenta.
1749 4268 1815 4324 Et

226 4363 297 4402 ex
324 4348 430 4405 hoc
456 4352 767 4420 paradisum
805 4370 958 4409 suam
1006 4356 1334 4412 arbitrantur
1362 4358 1662 4415 ecclesiam.
1702 4359 1816 4417 Hos

225 4448 457 4496 sanctus
481 4443 760 4515 presbyter
785 4444 1113 4517 Polycarpus
1148 4446 1390 4515 detexit,
1429 4450 1683 4518 obtinuit,
1716 4451 1815 4507 eli-

227 4530 478 4586 minavit.

913 4627 1127 4685 XXXII.

310 4713 604 4770 Tricesima
654 4725 709 4771 et
755 4719 986 4775 secunda
1032 4722 1251 4779 haeresis
1279 4723 1679 4783 Ilelceseorum.
1711 4728 1823 4785 Hos

232 4806 456 4878 quidam
510 4806 701 4865 Helchi
740 4813 956 4869 nomine
984 4816 1454 4888 pseudopmpheta
1483 4819 1722 4891 decepit;
1754 4836 1821 4877 ex

232 4898 394 4968 cujus
436 4912 636 4968 genere
688 4900 821 4958 duas
864 4905 1119 4961 mulieres
1162 4915 1419 4978 tanquam
1462 4910 1591 4966 deas
1632 4912 1701 4966 ab
1741 4912 1821 4967 eis

237 4988 549 5057 perhibetur
575 4992 846 5050 adoratas.
870 4995 1076 5053 Caetera
1106 4988 1395 5058 Hebioneis
1414 5003 1607 5058 similia
1636 5012 1821 5062 tenere

240 5081 312 5135 ah
359 5076 663 5151 Epiphanio
726 5096 1058 5143 asseruntur.
1116 5089 1226 5146 Hos
1289 5090 1484 5163 Papias
1540 5096 1821 5168 presbyter

243 5170 452 5226 Achaia:
481 5174 732 5230 obtinuit.

311 5440 337 5468 ι
385 5429 779 5511 .Mihi_t_lubium
830 5451 934 5511 non
976 5446 1056 5491 est
1110 5437 1197 5492 hic
1224 5407 1500 5511 suum
1536 5440 1817 5496 excidisse.

242 5497 431 5585 omnia
461 5501 725 5585 nobiseum
771 5507 992 5585 sapiunt,
1020 5522 1116 5585 nisi
1145 5522 1281 5585 quon
1320 5497 1585 5585 verbum,_
1605 5518 1708 5585 etc.
1734 5511 1823 5567 Sic

479 5573 803 5696 agr-crescet
828 5577 1021 5630 oratio.
1046 5577 1363 5649 Wesseling.
1394 5573 1662 5637 Probabil.
1699 5599 1818 5653 cap.

312 5640 644 5781 Sigea/(I33.
656 5753 669 5775 .
698 5714 1078 5773 Theodericum,

1913 3357 2099 3413 dicunt
2130 3355 2150 3395 ί
2185 3355 2458 3413 Christum
2503 3359 2751 3415 eumdem
2799 3361 2972 3431 ipsum
3030 3376 3150 3417 esse
3206 3360 3421 3418 Patrem
3450 3371 3507 3418 et

1914 3449 2181 3521 Spiritum,
2216 3457 2462 3505 sanctum
2494 3468 2507 3503 :
2549 3466 2659 3506 non
2687 3462 2786 3520 per
2810 3452 3186 3518 substantiam,
3208 3454 3349 3509 sicut
3383 3470 3502 3518 nos,

1915 3541 2008 3597 sed
2038 3555 2134 3611 per
2161 3551 2470 3612 personam,
2496 3549 2556 3596 ut
2580 3542 2821 3611 putative
2865 3541 3076 3598 dicatur
3102 3541 3332 3613 Spiritus
3376 3560 3505 3599 san-

1917 3638 2059 3696 ctus,
2095 3647 2205 3687 non
2232 3631 2516 3687 veraciter.
2562 3629 2661 3687 Hic
2687 3632 2972 3688 damnatus
3000 3640 3084 3687 est
3126 3649 3157 3688 a
3194 3633 3506 3704 Tranquillo

1918 3723 2172 3794 episcopo
2200 3722 2685 3778 Chalcedoniorum
2708 3721 2896 3795 Syriae.
2925 3721 3172 3780 Ostendit
3216 3726 3359 3781 enim
3400 3724 3507 3781 Pa-

1917 3819 2057 3868 trem
2078 3827 2287 3878 verum,
2305 3810 2496 3868 Filium
2518 3827 2724 3880 verum,
2741 3812 2999 3884 Spiritum
3021 3823 3267 3871 sanctum
3285 3831 3503 3891 verum:

1916 3922 2082 3962 unum
2123 3906 2343 3976 quidem
2395 3905 2566 3962 Deum
2610 3922 2711 3978 per
2755 3922 2917 3964 unam
2967 3909 3320 3967 substantiam
3342 3951 3358 3978 ,
3412 3910 3506 3966 sed

1916 4006 2030 4056 tres
2074 4014 2175 4070 per
2217 3998 2619 4057 distinctionem
2647 4015 2907 4070 personas
2946 4003 3093 4059 credi
3132 4002 3333 4060 debere
3376 4019 3506 4060 con-

1917 4088 2155 4147 ﬁrmans.

2572 4185 2835 4243 XXXVII.

1988 4275 2045 4330 ln
2075 4276 2401 4332 tricesimam
2421 4284 2479 4333 et
2505 4278 2791 4348 septimam
2829 4277 3077 4333 haeresim
3105 4277 3302 4335 Valesii
3327 4279 3508 4335 incur-

1917 4374 2070 4432 runt,
2113 4366 2206 4435 qui
2247 4355 2488 4422 infelices
2533 4372 2591 4423 et
2637 4366 2846 4438 seipsos
2891 4375 3129 4424 castrant
3169 4377 3224 4423 et
3270 4369 3509 4440 hospites

1919 4474 2066 4514 suos.
2089 4455 2205 4515 Hoc
2229 4458 2391 4515 modo
2418 4458 2606 4515 dicunt
2631 4458 2760 4515 illud
2784 4459 2995 4530 impleri
3019 4478 3033 4514 :
3067 4456 3167 4524 Qui
3209 4477 3266 4514 se
3302 4470 3508 4514 castra-

1845 4528 1898 4589 Ῑ)
1920 4561 2100 4607 verunt
2126 4562 2334 4624 prapter
2353 4569 2571 4625 regnum
2591 4553 2832 4609 caelorum
2860 4528 3073 4627 (Matth.
3109 4569 3221 4620 nx,
3246 4552 3306 4607 12
3326 4555 3367 4623 ).
3392 4553 3511 4610 Alia

1921 4659 2138 4714 quoque
2151 4645 2400 4700 haeretica
2416 4645 2613 4702 docere
2631 4646 2881 4703 dicuntur
2899 4653 2954 4701 et
2967 4646 3161 4715 turpia,
3180 4643 3272 4702 sed
3287 4660 3405 4716 quae
3420 4646 3509 4702 illa

1925 4736 2033 4791 sint
2074 4751 2176 4792 nec
2221 4737 2336 4808 ipse
2374 4734 2707 4808 Epiphanius
2733 4744 3141 4803 commemorat,
3172 4752 3274 4792 nec
3302 4738 3511 4808 uspiam

1925 4827 2076 4896 potui
2104 4829 2361 4898 reperire.
2392 4827 2459 4884 Hi
2488 4845 2518 4883 a
2543 4828 2752 4899 synodo
2770 4835 2899 4883 sunt
2925 4827 3163 4883 damnati
3191 4828 3425 4884 Achaiae.

2568 4916 2661 4971 XX
2668 4914 2848 4974 XVIII.

1998 5006 2287 5064 Tricesima
2326 5016 2515 5064 octava
2543 5008 2762 5063 haeresis
2789 5014 2875 5063 est
2898 5005 3276 5074 Catharorum,
3307 5009 3397 5078 qui
3427 5024 3511 5064 sc-

1926 5099 2075 5170 ipsos
2102 5100 2205 5156 isto
2224 5100 2443 5155 nomine
2469 5100 2623 5170 quasi
2643 5105 2871 5171 propter
2892 5099 3212 5156 munditiam
3242 5100 3523 5172 superbis-.

1928 5190 2063 5246 sime
2089 5191 2446 5262 appellarunt.
2476 5190 2751 5249 Secundas
2798 5191 3013 5264 nuptias
3057 5208 3167 5250 non
3204 5193 3516 5248 admittunt

2004 5453 2026 5512 ﬁ
2067 5441 2164 5512 Ms.
2198 5441 2355 5512 Aug.,
2391 5445 2733 5504 Theodott'on:

2001 5510 2026 5549 δ
2067 5511 2165 5584 Ms.
2203 5510 2362 5584 Au'g”
2392 5515 2734 5575 Bardesanes.

2007 5593 2028 5654 ἦ
2070 5582 2166 5654 Ms.
2201 5582 2359 5654 Aut—1.,
2390 5587 2723 5644 Anoetorum.

2011 5653 2028 5691 ί
2072 5652 2167 5710 Ms.
2195 5652 2352 5725 Augl,
2377 5661 2606 5729 eumdem
2621 5679 2731 5716 esse
2760 5661 3015 5715 Christum
3045 5670 3093 5713 et
3122 5658 3540 5729 Spiritum-Sun-

1936 5734 2093 5795 clum,
2123 5742 2225 5780 non
2245 5743 2337 5789 per
2365 5727 2725 5786 substantiam.
