3926 6176
429 286 533 343 599

1426 288 1793 345 ANONYMUS
1831 288 2110 347 AUCTOR
2147 290 2690 347 PRASDESTINATI.

3595 294 3695 353 600

430 397 808 456 Pcenitentiam
851 400 1145 469 denegant,
1178 400 1442 455 Novatum
1490 411 1760 457 sectantes
1806 404 2020 458 haereti—
2049 415 2099 469 Α
2123 407 2381 461 continuo
2409 407 2681 463 subsecuti
2709 416 2852 474 sunt,
2891 418 2947 464 ut
2993 411 3121 467 dicit
3166 411 3511 482 Epiphanius,
3540 414 3631 482 qui
3649 424 3701 468 et

431 511 587 551 cum:
619 496 759 552 unde
789 496 949 550 etiam
975 496 1256 551 Novatiani
1283 497 1638 567 appellantur.
1659 496 1858 560 Contra
1879 497 2023 553 hunc

430 588 622 642 beatus
650 586 846 658 Xystus
876 598 1076 659 martyr
1104 588 1476 658 etepiscopus,
1504 598 1559 642 et
1579 590 1898 644 venerabilis
1918 589 2022 661 Cy-

426 679 646 748 prianus
667 687 869 750 martyr
888 678 1105 745 Christi,
1128 689 1252 734 tunc
1282 681 1737 748 Carthaginiensis
1757 680 2016 752 pontifex,

425 771 641 841 scripsit
668 780 856 825 contra
886 771 1149 827 Novatum
1180 772 1376 826 librum
1405 772 1470 827 de
1487 772 1691 843 Lapsis,
1724 775 1866 845 quod
1898 791 2022 844 pos-

425 859 533 913 sint
575 875 672 929 per
699 862 1068 929 pmnitentiam
1111 877 1430 933 recuperare
1473 866 1697 933 gratiam
1730 880 1889 933 quam
1943 867 2023 921 la-

427 951 603 1006 hendo
644 944 1006 1021 perdiderant,
1036 952 1178 1021 quod
1209 953 1445 1009 Novatus
1466 957 1743 1011 asserebat
1769 954 1884 1012 ﬁeri
1905 974 2022 1013 om—

426 1043 556 1099 nino
587 1059 693 1099 non
723 1059 899 1115 posse.
1170 1032 1173 1035 ἢ

1100 1136 1340 1193 XXXIX.

499 1226 790 1283 Tricesima
838 1236 894 1283 et
938 1245 1077 1283 nona
1128 1230 1344 1284 hmrcsis
1384 1230 1763 1300 Angelicorum
1813 1240 1911 1286 est.
1953 1231 2018 1286 Hi

428 1319 716 1388 Angelicos
741 1336 800 1375 se
839 1323 1019 1377 vocari
1050 1322 1351 1378 voluerunt.
1386 1323 1581 1378 Dicunt
1609 1324 1748 1378 enim
1799 1325 2018 1393 angelos

426 1412 626 1466 debere
673 1411 885 1467 adorari
909 1421 963 1469 et
993 1415 1167 1470 excoli
1216 1416 1415 1479 animo,
1465 1424 1522 1470 et
1549 1416 1678 1485 ipsis
1716 1430 1903 1485 preces
1943 1415 2020 1469 cf-

424 1501 595 1568 t'undi,
625 1510 681 1556 ut
708 1502 807 1573 ipsi
833 1517 993 1572 quem
1020 1505 1193 1559 sciunt
1222 1520 1381 1575 posse
1406 1506 1525 1575 plus
1544 1521 1572 1559 a
1593 1521 1667 1569 se,
1702 1505 1799 1575 ipsi
1824 1506 2020 1559 faciant

428 1595 567 1649 votis
609 1595 888 1649 hominum
919 1604 973 1651 et
1000 1597 1350 1667 petitionibus
1392 1598 1697 1652 subvenire.
1745 1596 1856 1652 Hos
1891 1595 2019 1667 Epi-

427 1688 656 1757 phanius
680 1686 792 1754 jam
821 1689 1041 1744 omnino
1056 1688 1318 1745 defecisse
1340 1698 1570 1745 testatur
1587 1692 1757 1746 victos
1786 1690 2017 1767 aTheo-
2048 1728 2095 1787 Β

422 1778 573 1849 philo
603 1777 844 1849 Apamea
874 1779 1150 1849 episcopo.

1160 1869 1274 1925 XL.

496 1958 919 2029 Quadragesimo
941 1961 1060 2017 loco
1090 1970 1456 2034 apparuerunt
1478 1964 1808 2034 Apostoliei;
1839 1965 1932 2034 qui
1960 1980 2020 2021 se

422 2051 527 2107 hoc
559 2051 776 2106 nomine
798 2061 1116 2120 arroganter
1144 2055 1406 2125 appellari
1434 2056 1741 2122 voluerunt,
1772 2071 1839 2111 eo
1872 2056 2018 2125 quod

422 2144 475 2197 in
498 2158 649 2197 suam
672 2145 1109 2200 communionem
1152 2163 1261 2201 non
1290 2149 1559 2218 recipiunt
1591 2157 1802 2207 utentes
1828 2147 2018 2218 conju-

418 2235 592 2302 gibus,
625 2244 681 2290 et
719 2252 806 2291 res
833 2238 1078 2307 proprias
1104 2239 1461 2307 possidentes,
1510 2241 1697 2308 quales
1732 2241 1895 2296 habet
1922 2256 2014 2295 ca-

420 2325 641 2389 tholica,
675 2335 729 2382 et
751 2329 1046 2384 monachos
1076 2338 1132 2385 et
1159 2330 1384 2386 clericos
1410 2331 1689 2401 plurimos.
1721 2331 1848 2388 Ideo
1883 2347 2012 2403 ergo

418 2415 508 2469 isti
557 2417 794 2473 haeretici
822 2427 967 2485 sunt,
1011 2421 1137 2489 quia
1167 2436 1227 2476 se
1274 2423 1342 2476 ab
1390 2412 1629 2478 EcClesia
1678 2433 2009 2493 separantes,

418 2507 565 2561 nulla
588 2525 619 2560 n
640 2523 793 2578 spem
812 2524 908 2565 eos
929 2518 1120 2580 putant
1143 2511 1342 2568 habere
1362 2513 1455 2581 qui
1485 2521 1707 2567 utuntur
1722 2513 1803 2568 his
1829 2500 2009 2580 rebus,

420 2599 616 2668 quibus
645 2600 745 2670 ipsi
775 2610 982 2656 carent.
1011 2602 1107 2658 llis
1131 2604 1187 2657 in
1215 2619 1282 2659 eo
1312 2605 1622 2659 testimonio
1649 2606 1883 2660 occurrit
1910 2604 2012 2662 Ec-

419 2689 605 2754 clesia,
632 2691 685 2745 in
713 2706 822 2762 quo
851 2693 980 2748 dicit
1001 2693 1293 2763 Apostolus
1325 2712 1337 2747 :
1361 2693 1588 2750 Etiamsi
1608 2710 1805 2765 corpus
1832 2711 2013 2753 meum

422 2798 531 2838 non
560 2784 736 2840 solum
780 2786 1118 2841 abstinentiis
1145 2801 1438 2855 macerem,
1468 2787 1564 2843 sed
1611 2788 1775 2849 etiam
1802 2789 2016 2844 tradam

421 2890 545 2930 eum
586 2874 692 2944 igni
721 2885 779 2930 ut
805 2878 1010 2945 ardeat,
1056 2879 1377 2935 charitatem
1405 2889 1585 2937 autem
1626 2897 1734 2937 non
1762 2883 2014 2950 habeam,

423 2969 559 3023 nihil
586 2969 805 3040 prodest
835 2970 886 3040 (I
915 2969 1035 3026 Cor.
1068 2988 1188 3039 xm,
1216 2973 1301 3042 3).

602 3114 605 3119 .
1128 3063 1279 3137 ‘XLI.

497 3154 557 3211 In
581 3155 1044 3225 quadragesimam
1078 3165 1135 3213 et
1177 3159 1407 3229 primam
1436 3158 1683 3214 hmresim
1727 3158 2017 3215 Sabelliani

427 3264 457 3302 a
486 3248 722 3303 Sabeﬁio
753 3249 1111 3317 incurrerunt,
1136 3250 1309 3319 ipsum
1338 3250 1441 3305 sibi
1460 3248 1699 3317 Patrem,
1732 3251 2018 3321 ipsumsibi

425 3338 638 3406 Filium,
672 3340 848 3409 ipsum
878 3339 978 3395 sibi
1008 3349 1251 3396 sanetum
1280 3339 1539 3410 Spiritum
1580 3340 1918 3397 conﬁtentes.
1952 3340 2017 3396 Hi

424 3438 550 3483 sunt
589 3430 681 3499 qui
710 3438 766 3484 et
794 3429 1058 3487 Praxeani
1086 3431 1363 3498 dicuntur,
1411 3432 1502 3501 qui
1532 3433 1837 3487 habuerunt
1876 3432 2019 3487 inter

423 3523 575 3577 initia
633 3521 893 3581 Praxeam
949 3524 1235 3593 quemdam
1295 3525 1594 3580 doctorem.
1648 3524 1906 3579 Dicuntur
1957 3534 2014 3578 et

423 3615 866 3696 Hermogeniani,
897 3616 1023 3686 quia
1051 3615 1446 3684 Hermogenem
1483 3616 1788 3670 habuerunt
1833 3616 1886 3669 in
1915 3612 2014 3668 Sa-

423 3708 569 3762 bellii
599 3708 972 3762 contubernio.
1006 3706 1102 3762 Ilis'
1135 3708 1370 3763 occurrit
1397 3705 1684 3761 Dositheus
1730 3706 2014 3776 episcopus

425 3799 701 3864 Seleuciae,
733 3798 933 3853 docens
961 3813 1083 3852 eum
1104 3805 1276 3853 totam
1298 3796 1614 3851 Trinitatem
1647 3811 1863 3865 negare.
1886 3797 2015 3851 dum

422 3905 483 3945 se
509 3890 740 3944 mstimat
768 3890 1028 3944 unitatem
1051 3888 1354 3943 defendere.
1374 3886 1536 3942 Pater
1554 3888 1697 3943 enim
1724 3888 2010 3956 ingenitus,

424 3980 590 4035 Filius
617 3981 861 4050 genitus,
891 3980 1123 4050 Spiritus
1159 3989 1378 4035 sanctus
1411 3979 1708 4049 procedens
1735 3995 1804 4035 ex
1833 3979 2013 4045 Patre,

423 4074 711 4144 comqualis
737 4090 833 4145 per
860 4074 1040 4129 omnia
1084 4072 1229 4127 Patri
1267 4080 1322 4128 et
1349 4072 1504 4127 Filio.
1545 4072 1728 4127 Deitas
1767 4073 1909 4127 enim
1938 4071 2017 4126 sic

424 4167 614 4238 recipit
644 4169 903 4223 unitatem
924 4167 1252 4232 substantiae,
1272 4179 1332 4221 ut
1345 4167 1743 4223 distinctionem
1771 4180 2015 4238 personae

423 4274 530 4315 non
562 4260 766 4330 perdat.
1082 4316 1090 4323 ,
1788 4254 1793 4257 “

1151 4354 1308 4409 XLII.

495 4447 973 4517 Quadragesimam
1025 4456 1080 4502 et
1116 4447 1405 4503 secundant
1434 4447 1676 4502 haeresim
1704 4445 2010 4516 Origeniani

425 4541 833 4603 inchoaverunt,
866 4541 890 4570 °
923 4555 952 4593 a
982 4539 1218 4609 quodam
1256 4536 1507 4606 Origene,
1540 4554 1648 4593 non
1678 4537 1769 4591 illo
1788 4538 1878 4606 qui
1902 4537 2013 4593 fere

423 4634 674 4689 omnibus
701 4641 860 4688 notus
888 4640 989 4699 est,
1021 4632 1114 4687 sed
1147 4631 1253 4686 alio
1281 4630 1418 4704 Syro
1447 4630 1678 4700 quodam
1706 4631 2010 4686 sceleratis-

422 4726 590 4792 simo;
633 4726 701 4781 de
747 4741 856 4795 quo
884 4726 1013 4781 dicit
1057 4724 1387 4795 Epiphanius
1414 4723 1559 4794 quod
1582 4732 1689 4777 tam
1715 4723 1890 4792 turpia
1911 4722 2012 4777 do-

423 4821 615 4884 cuerit,
640 4828 699 4874 ut
721 4835 822 4876 nec
848 4820 1081 4875 debeant
1108 4834 1202 4889 per
1228 4819 1548 4889 scripturam
1571 4816 1639 4873 ad
1665 4823 1883 4872 nostros
1910 4831 2010 4885 po-

424 4916 601 4964 steros
629 4908 911 4979 destinari.
1122 4891 1125 4897 1
1350 4893 1358 4903 ’

1129 5001 1307 5057 XLIII.

497 5091 970 5162 Quadragesimam
1000 5102 1053 5148 et
1084 5094 1295 5148 tertiam
1320 5093 1564 5148 hzeresim
1593 5092 1684 5146 alii
1713 5089 2018 5161 Origeniani

497 5327 522 5356 ι
553 5317 707 5374 Hunc
759 5317 1079 5387 scriptorem
1121 5316 1258 5371 duos
1310 5314 1703 5387 contingentem
1749 5309 2008 5387 Origenes

423 5391 514 5446 hic
560 5396 616 5445 et
658 5388 820 5459 paulo
862 5381 984 5459 post
1010 5388 1230 5459 acriter
1270 5381 1578 5459 perstringit
1624 5382 1849 5459 [melius
1875 5381 2009 5459 lib._t

422 5451 730 5528 Origenian.
761 5451 879 5524 cap:
914 5457 933 5509 I
959 5496 974 5523 ,
1003 5456 1030 5528 §
1065 5456 1114 5522 7,
1139 5451 1354 5528 pagCS,
1384 5456 1474 5528 qui
1510 5451 1584 5528 iet
1634 5451 2012 5508 animadvertit

422 5526 624 5586 diserte
651 5542 872 5598 negasse
912 5528 964 5583 id
1004 5526 1306 5598 Baronium
1331 5566 1344 5590 ,
1374 5526 1641 5594 simulque
1681 5538 1871 5598 causas
1911 5538 2009 5598 cur

422 5592 968 5671 duple_x‘__ﬁngc:_etur
991 5597 1273 5671 Origenes,
1317 5605 1472 5671 acute
1518 5592 2007 5671 pervestigassegad

424 5611 619 5671 duplex
679 5611 968 5667 tinguntur
991 5611 1080 5653 Urt
1119 5613 1273 5665 cnes,
1317 5611 1472 5665 acute
1518 5611 1919 5664 pervesugasse.
1940 5611 2004 5645 au

424 5668 709 5741 an_n.256,
728 5672 766 5741 _§
792 5669 880 5723 47.
914 5667 1042 5724 Post
1071 5611 1318 5741 Iguuium
1350 5668 1489 5741 idem
1530 5671 1857 5741 armatarum
1896 5661 2004 5741 ρο-

420 5738 664 5809 teIerius,
692 5733 932 5796 Monum.
967 5740 1097 5795 eccl.
1130 5737 1221 5795 Gr.
1258 5747 1387 5796 tom.
1421 5737 1461 5808 l,
1495 5750 1615 5807 pag.
1658 5736 1789 5802 778;
1823 5743 1873 5790 et
1906 5733 2006 5787 Fa-

2124 505 2462 552 mortuorum
2505 500 2953 555 resurrectionem
2994 508 3189 570 negant
3222 520 3234 555 :
3281 501 3481 558 Christi
3522 512 3702 558 autem

2126 597 2430 643 creaturam
2461 604 2581 643 esse
2610 598 2852 646 sanctum
2876 591 3131 662 Spiritum
3161 594 3376 660 dicunt;
3406 596 3705 666 paradisum

2124 686 2305 733 autem
2349 689 2405 735 et
2440 682 2607 736 cmlos
2654 683 2938 752 allegorice
2987 684 3127 741 dicta
3174 685 3463 743 ﬁrmantes.
3516 688 3579 742 Hi
3607 689 3709 745 duo

2124 768 2381 840 Origenes
2422 772 2446 811 δ
2477 790 2639 844 prava
2685 790 2909 845 qumque
2957 779 3304 847 scripserunt.
3358 780 3606 835 Ilmretici
3661 790 3710 837 et

2123 863 2364 931 perversi
2385 863 2636 919 doctores
2668 875 2854 921 nostro
2884 866 3099 937 Origeni
3144 871 3407 926 catholico
3436 875 3711 930 tractatori

2123 954 2474 1019 miscuerunt;
2519 963 2576 1009 ut
2602 955 2986 1026 adimpleretur
3013 960 3159 1028 quod
3206 961 3403 1015 dicitur
3427 977 3454 1015 a
3488 962 3712 1017 Domino

2124 1046 2178 1100 in
2200 1045 2503 1115 Evangeliis
2528 1065 2540 1100 :
2569 1046 2760 1103 Nonne
2780 1048 2968 1104 bonum
2991 1068 3163 1105 semen
3203 1055 3471 1108 seminatli
3502 1056 3560 1107 in
3589 1072 3711 1127 agro

2125 1137 2403 1191 tuo?unde
2447 1156 2569 1210 ergo
2601 1151 2623 1178 σε
2666 1140 2775 1194 Iuro
2807 1142 3047 1196 zizanio?
3086 1141 3186 1207 Qui
3234 1146 3547 1213 respondens
3595 1150 3667 1201 ait
3692 1165 3711 1203 :

2125 1226 2376 1283 Inimicus
2404 1229 2557 1285 homo
2586 1231 2696 1285 lucc
2724 1233 2845 1302 fecit
2868 1231 3082 1302 (Matth.
3109 1250 3221 1299 xm,
3249 1232 3373 1305 28).
3417 1235 3548 1290 Ideo
3576 1237 3713 1291 enim

2120 1317 2403 1389 Origenem
2433 1321 2675 1388 legentes
2710 1323 3012 1377 invenimus
3063 1325 3415 1391 catholicum,
3448 1335 3504 1380 et
3531 1336 3713 1382 contra

2121 1411 2356 1468 haereses
2379 1412 2725 1468 dimicantem
2748 1421 2803 1468 et
2828 1415 3133 1473 vincentem
3168 1435 3179 1469 :
3222 1416 3516 1472 identidem
3545 1417 3713 1486 legen-

2122 1510 2206 1560 tes
2232 1502 2519 1573 Origenem
2550 1505 2851 1560 invenimus
2897 1507 3205 1562 haereticum
3253 1515 3308 1562 et
3336 1509 3564 1564 adversa
3595 1507 3709 1564 ﬁdei

2122 1605 2470 1652 astruentem.
2501 1595 2715 1651 Littera:
2743 1598 2905 1651 verba
2935 1598 3151 1652 tradunt
3180 1607 3234 1653 et
3254 1614 3443 1653 sensus
3476 1617 3488 1651 :
3521 1600 3565 1653 si
3599 1614 3715 1668 pos-

2121 1697 2243 1745 sent
2264 1698 2318 1744 et
2338 1689 2502 1745 facies
2522 1689 2856 1759 loquentium
2878 1690 3267 1756 demonstrare,
3287 1706 3526 1746 errorem
3539 1691 3714 1746 nullus

2127 1792 2340 1854 poterat
2360 1783 2428 1837 de
2457 1799 2686 1854 persona
2730 1783 2969 1839 doctoris
3008 1784 3302 1839 incurrere.
3336 1783 3466 1837 Nam
3495 1793 3551 1839 et
3594 1784 3713 1839 illud

2128 1875 2422 1930 cavendum
2445 1883 2527 1931 est
2549 1877 2690 1945 quod
2718 1875 3086 1946 Ampullianus
3099 1876 3314 1946 quidam
3337 1877 3714 1932 haeresiarches

2125 1968 2428 2040 Bithynius,
2454 1971 2547 2039 qui
2572 1970 2802 2025 docebat
2820 1978 2943 2040 post
2965 1969 3251 2040 Origenem
3279 1969 3574 2025 Ecclesiam
3600 1969 3710 2024 Dei.

2123 2058 2222 2114 Hic
2249 2060 2473 2115 incurrit
2500 2061 2658 2115 talem
2680 2061 2958 2127 haeresem,
2984 2069 3045 2116 ut
3083 2061 3287 2116 diceret
3315 2077 3503 2117 omnes
3532 2062 3713 2117 erimi-

2123 2167 2287 2207 nosos
2315 2167 2437 2207 cum
2466 2152 2682 2207 diabolo
2725 2160 2780 2207 et
2806 2153 3082 2208 dzemoniis
3120 2167 3358 2223 eousque
3388 2152 3440 2206 in
3469 2152 3713 2220 gehenna

2120 2239 2369 2309 decoqui,
2402 2255 2678 2310 usquequo
2703 2241 2822 2310 puri
2849 2241 3043 2296 redditi
3068 2241 3275 2310 possint
3301 2241 3425 2295 inde
3452 2240 3639 2293 mundi
3664 2247 3714 2293 et

2120 2331 2450 2389 immaculati
2479 2331 2691 2399 egredi;
2724 2332 2789 2385 ad
2820 2330 2925 2385 hoc
2944 2330 3088 2400 quod
3117 2339 3274 2385 antea
3310 2329 3525 2385 fuerant
3554 2329 3712 2384 alieni

2122 2437 2151 2476 a
2173 2422 2347 2492 culpa,
2373 2436 2471 2476 suo
2513 2422 2706 2475 iterum
2733 2422 2966 2476 creatori
2995 2421 3221 2476 restitui.
3252 2420 3350 2476 [lic
3371 2420 3498 2474 dum
3520 2434 3712 2489 argue-

2121 2521 2271 2567 retur
2310 2513 2379 2567 ah
2419 2512 2708 2566 universali
2757 2511 3021 2578 Ecclesia,
3060 2512 3223 2582 cmpit
3270 2512 3513 2582 proferre
3550 2511 3712 2566 libros

2122 2603 2365 2674 Origenis
2392 2619 2528 2674 quos
2568 2605 2682 2675 ipse
2728 2604 3028 2669 vitiaverat,
3081 2613 3138 2659 et
3163 2605 3343 2659 dicere
3376 2622 3388 2657 :
3422 2602 3564 2658 Ecce
3589 2604 3711 2673 quia

2116 2693 2375 2766 Origenes
2416 2699 2490 2752 ita
2518 2698 2722 2753 sensit:
2748 2704 2803 2752 et
2827 2698 3109 2767 praecipue
3140 2697 3194 2751 in
3232 2704 3469 2766 quatuor
3499 2695 3710 2751 Periar-

2116 2788 2256 2844 chon
2278 2788 2444 2844 libris.
2473 2786 2580 2843 Sed
2607 2789 2695 2859 qui
2722 2789 2837 2843 sani
2867 2805 3055 2845 sensus
3076 2798 3178 2855 est,
3211 2796 3265 2842 et
3295 2788 3462 2842 habet
3487 2784 3512 2824 ἀ
3538 2787 3709 2857 Splen-

2118 2882 2274 2937 didos
2302 2882 2509 2946 oculos,
2541 2882 2620 2937 sic
2663 2880 2809 2936 videt
2850 2880 3027 2935 addita
3078 2881 3131 2935 in
3171 2877 3418 2948 Origenis
3445 2879 3711 2949 opusculis

2121 2974 2262 3029 mala
2293 2975 2394 3029 ista
2422 2982 2584 3046 atque
2607 2974 2911 3044 cognoscit,
2941 2974 3081 3028 sicut
3110 2972 3153 3026 si
3188 2972 3242 3026 in
3269 2973 3508 3040 stragulo
3537 2972 3709 3026 cocci-

2046 3037 2091 3101 c
2125 3082 2228 3121 nco
2249 3082 2458 3136 pannos
2486 3066 2639 3122 albos
2667 3074 2763 3120 aut
2783 3065 3042 3134 cujusque
3070 3061 3293 3117 alterius
3312 3062 3513 3117 coloris
3533 3068 3709 3116 cernat

2124 3165 2353 3214 assutos.
2387 3157 2540 3224 Quod
2573 3158 2645 3212 ita
2665 3172 2783 3212 esse
2803 3164 3019 3211 sanctus
3047 3161 3252 3226 martyr
3277 3153 3592 3224 Pamphilus
3618 3152 3709 3207 do-

2125 3258 2232 3316 cet,
2280 3250 2373 3319 qui
2402 3258 2691 3319 antequam
2733 3248 2802 3302 ad
2829 3247 3071 3319 martyrii
3099 3260 3358 3301 coronam
3405 3246 3707 3313 attingeret,

2125 3344 2671 3415 irreprehensibiliter
2703 3352 2724 3380 ε
2756 3340 3063 3396 cathedram
3094 3340 3436 3410 episcopatus
3463 3337 3707 3403 obtinuit,

2125 3442 2180 3489 et
2204 3450 2393 3489 sanam
2423 3434 2719 3488 doctrinam
2747 3430 2843 3485 Dei
2865 3430 3077 3501 populis
3098 3428 3438 3483 ministravit.
3471 3426 3570 3482 Hic
3595 3424 3708 3480 edi-

2116 3527 2195 3582 dit
2217 3526 2643 3596 Apologeticum,
2671 3533 2725 3577 et
2754 3524 2933 3578 omnia
2963 3536 3083 3591 quae
3112 3520 3179 3575 de
3207 3518 3439 3589 Origene
3475 3517 3494 3558 ί
3527 3518 3706 3572 catho-

2118 3617 2207 3672 lici
2252 3618 2562 3687 ignorantes
2615 3614 2957 3669 mentiuntur
3006 3611 3279 3667 exclusit:
3317 3608 3606 3665 ostendens
3646 3622 3705 3662 ea

2118 3726 2239 3780 qua:
2280 3708 2722 3780 reprehensibilia
2763 3706 3112 3761 inveniuntur
3160 3704 3214 3758 in
3262 3702 3379 3771 ejus
3418 3700 3700 3771 opusculis,

2121 3802 2369 3872 Origenis
2398 3820 2504 3858 non
2533 3819 2672 3869 esse,
2703 3801 2797 3857 sed
2824 3816 3010 3856 eorum
3035 3815 3172 3871 quos
3204 3800 3317 3869 ipse
3336 3804 3700 3868 superaverat;

2122 3897 2225 3951 alia
2256 3913 2385 3952 vero
2410 3912 2530 3966 quae
2560 3905 2673 3951 tota
2724 3910 2977 3965 perversa
3017 3901 3163 3959 sunt,
3208 3892 3438 3947 aliorum
3483 3890 3698 3945 duorum

2121 3990 2491 4044 haereticorum
2535 4003 2672 4050 esse,
2706 3988 2801 4056 qui
2844 3985 3091 4055 Origenis
3136 3999 3353 4047 nomen,
3396 3998 3507 4038 non
3553 3979 3697 4036 ﬁdem

2124 4096 2225 4137 nec
2252 4080 2636 4137 conscientiam
2652 4079 2973 4133 habuerunt.

2810 4169 2991 4224 XLIV.

2194 4264 2615 4341 Quadragesima
2647 4270 2704 4316 et
2729 4270 2920 4331 quarta
2946 4259 3184 4324 hatresis,
3217 4273 3247 4312 a
3269 4255 3437 4311 Paulo
3458 4254 3697 4309 Samosa-

2042 4358 2094 4418 D
2117 4368 2208 4414 'teo
2228 4358 2467 4422 inventa,
2500 4353 2815 4408 Paulianum
2852 4351 2954 4405 sihi
2982 4348 3240 4421 populum
3269 4347 3415 4403 fecit.
3439 4345 3695 4402 Christum

2118 4465 2225 4505 non
2253 4463 2468 4517 semper
2492 4445 2671 4508 fuisse,
2701 4443 2795 4498 sed
2823 4459 2853 4498 a
2874 4442 3041 4496 Maria
3077 4441 3332 4511 coepisse,
3357 4454 3459 4493 nec
3486 4436 3693 4506 amplius

2116 4556 2240 4597 eum
2269 4538 2412 4594 aliud
2437 4552 2598 4607 quam
2640 4536 2910 4591 hominem
2940 4533 3140 4588 dicunt.
3164 4530 3291 4586 Haac
3314 4529 3532 4584 haeresis
3550 4536 3692 4580 antea

2115 4633 2215 4687 fuit
2244 4629 2582 4692 Artemonis;
2624 4641 2742 4696 quae
2774 4640 2895 4681 eum
2934 4622 3236 4684 defecisset,
3271 4619 3340 4673 ah
3389 4619 3492 4673 isto
3538 4613 3693 4669 Paqu

2116 4723 2432 4779 Samosateo
2448 4726 2748 4773 restaurata
2770 4724 2870 4771 est.
2896 4714 3029 4768 Item
3045 4718 3232 4767 contra
3252 4710 3396 4765 hunc
3413 4704 3691 4776 suscipiens

2115 4812 2373 4876 Ecclesia,
2403 4810 2529 4865 licet
2556 4815 2679 4878 post
2703 4806 2899 4861 multos
2926 4819 3113 4867 annos,
3138 4803 3264 4855 dum
3283 4799 3559 4855 defecisset
3578 4808 3689 4850 cum

2114 4900 2474 4958 assertoribus
2499 4913 2667 4969 prava
2704 4895 2963 4961 defensio,
3004 4911 3033 4949 a
3077 4892 3310 4949 Photino
3357 4897 3541 4945 nostro
3584 4884 3690 4954 epi-

2119 5009 2285 5065 scopo
2306 4999 2563 5048 renovata
2591 4990 2806 5054 iterum,
2836 4986 3213 5043 Photinianum
3241 4982 3495 5054 populum
3526 4976 3687 5049 pullu-

2120 5087 2267 5141 lavit.
2292 5083 2417 5139 Sive
2446 5096 2575 5152 ergo
2601 5080 3014 5137 Artemonianos
3033 5077 3236 5142 audias,
3260 5077 3376 5131 sive
3396 5072 3685 5132 Paulianos,

2116 5307 2336 5378 bricius,
2369 5304 2504 5378 Bibl.
2526 5302 2620 5359 Gr.
2652 5309 2785 5357 tom.
2811 5300 2877 5365 V,
2903 5313 3026 5378 pag.
3057 5297 3181 5361 2i3,
3205 5306 3405 5378 not-.3.
3459 5367 3488 5378 Α

2133 5376 2137 5381 ’
2190 5378 2214 5415 b
2255 5368 2355 5445 Ms.
2390 5376 2545 5443 Aug.,
2576 5388 2738 5445 prava
2761 5388 2880 5445 qua:
2906 5368 3258 5445 scripta‘aunt.
3289 5368 3556 5425 eretici.

2194 5459 2214 5483 ο
2257 5442 2356 5501 Ms.
2387 5441 2547 5513 Aug”
2576 5441 2725 5498 habet
2749 5441 2859 5513 limo
2882 5441 3122 5513 zizania?

2187 5516 2215 5556 ἀ
2255 5516 2350 5571 Ms.
2378 5510 2537 5583 Augi,
2570 5513 2753 5568 mentis
2765 5510 3068 5583 gplendidos
3091 5510 3285 5565 oculos.

2190 5599 2213 5627 ο
2243 5580 2566 5658 Episcopum
2584 5584 2748 5639 fuisse
2763 5580 3097 5651 Pamphilum
3113 5590 3399 5652 martyrem
3420 5591 3682 5651 perperam

2116 5659 2280 5715 tradit
2300 5665 2506 5712 auctor.

2191 5729 2209 5768 ί
2253 5729 2349 5785 Ms.
2384 5728 2544 5796 Aug.,
2578 5723 2829 5790 catholico
2861 5725 3176 5794 ignorantes.
