3884 6184
212 322 306 385 σοι
713 296 1299 378 punusrtnnus
1335 316 1488 377 sm:
1528 318 2560 390 ramossnssionun"massis,
2606 323 2753 381 ere.
2795 328 2922 383 un.
2962 329 3002 384 ι.

3396 329 3496 385 602

209 445 325 502 sive
373 441 746 506 Pbotinianos,
775 457 939 495 unum
975 440 1156 497 scias:
1188 442 1329 496 sicut
1366 442 1707 508 Donatistas,
1753 450 1809 497 et
1836 448 1882 504 A
1912 445 2238 512 auditorum,
2281 448 2565 503 ecclesiam
2611 465 2763 505 suam
2809 461 3060 506 constare
3089 454 3393 508 voluerunt.
3439 455 3500 512 In

210 535 555 599 OMonteses,
587 543 642 589 ct
694 531 1077 587 Parmenianos
1114 548 1389 599 vocamus,
1432 534 1739 588 Donatistas
1780 548 1812 587 a

209 628 445 694 Donato,
479 626 749 681 Monteses
777 641 807 679 a
842 624 1042 679 montis
1088 624 1313 690 latebra,
1368 623 1751 680 Parmenianos
1779 640 1811 679 a

210 719 607 784 Parmeniano;
636 718 727 786 qui
758 732 854 786 per
873 724 1039 770 totam
1056 715 1294 770 Africam
1321 716 1487 771 libros
1508 724 1696 770 contra
1713 731 1812 770 nos

207 812 527 877 conficiens,
555 818 609 864 et
636 825 807 864 novos
823 808 1060 878 psalmos
1094 807 1297 863 faciens
1319 809 1659 874 circumibat,
1679 824 1811 863 con-

207 914 291 957 tra
320 917 487 972 quem
518 909 702 955 noster
746 900 960 968 scripsit
1005 898 1250 968 Optatus.
1281 898 1388 953 Sed
1434 898 1714 953 redeamus
1741 898 1806 952 ad

205 992 235 1033 ι
265 992 580 1047 Paulianos.
630 988 892 1045 Omnibus
947 998 1130 1045 notum
1162 996 1243 1044 est
1272 1004 1370 1043 nos
1410 990 1692 1044 haereticos
1715 1003 1810 1043 ve-

206 1086 424 1140 nientes
446 1099 554 1138 non
582 1083 938 1151 rebaptizare,
970 1080 1063 1135 sed
1098 1095 1318 1135 manum
1356 1078 1812 1135 reconciliationis

206 1175 494 1241 accedere,
521 1182 576 1229 et
595 1175 671 1229 ita
700 1173 884 1228 divino
913 1173 1115 1243 populo
1148 1172 1361 1226 tradere
1402 1170 1707 1226 sociandos.
1733 1171 1810 1226 De

214 1268 497 1323 Paulianis
526 1276 705 1321 autem
733 1273 917 1321 sancta
965 1264 1203 1337 synodus
1228 1264 1439 1318 Nicaana
1469 1264 1573 1319 hoc
1601 1263 1808 1318 consti-

206 1361 332 1424 tuit,
365 1369 428 1413 ut
466 1373 687 1428 prorsus
714 1358 801 1425 ba;
823 1358 1075 1422 tizentur,
1106 1366 1162 1411 et
1194 1355 1266 1409 ita
1289 1356 1505 1410 demum
1542 1355 1810 1411 catholico

205 1452 412 1523 populo
441 1452 736 1506 socientur.
785 1448 938 1504 Unde
967 1462 1069 1516 ego
1102 1448 1265 1503 credo
1301 1448 1539 1516 regulam
1576 1461 1672 1502 eos
1712 1446 1810 1501 ba-

203 1542 484 1614 ptismatis
507 1542 769 1609 integram
800 1555 910 1594 non
940 1548 1146 1605 tenere,
1174 1546 1230 1593 et
1250 1538 1371 1594 ideo
1399 1539 1505 1593 hoc
1530 1538 1807 1593 decretum

202 1651 236 1690 a
267 1635 472 1690 Christi
493 1631 835 1707 pontificibus
855 1632 1227 1688 constitutum.

930 1721 1085 1776 XLV.

276 1816 708 1885 Quadragesima
728 1821 783 1870 et
802 1815 987 1883 quinta
1015 1813 1234 1867 haeresis
1250 1811 1697 1867 Photinianorum
1724 1819 1808 1866 est

198 1923 234 1962 a
260 1905 523 1971 Photino,
554 1920 714 1972 quem
738 1906 818 1959 sic
848 1904 957 1958 dixi
986 1910 1231 1957 nostrum
1278 1904 1591 1972 episcopum
1621 1900 1803 1970 fuisse,

199 1999 351 2054 sicut
371 1996 475 2052 fuit
499 2005 682 2052 noster
708 1995 873 2051 Judas
900 1995 1171 2051 Scariotes
1209 1995 1501 2065 apostolus.
1532 1994 1631 2050 Hic
1649 2010 1805 2049 suum

198 2089 476 2162 populum
502 2087 647 2143 fecit.
681 2086 964 2142 Hominem
993 2086 1210 2155 quidem
1240 2101 1433 2155 purum
1460 2085 1626 2141 fuisse
1648 2084 1805 2141 Chri-

196 2191 350 2237 stum
393 2180 646 2245 docehat,
669 2187 725 2234 et
751 2194 782 2233 a
804 2179 969 2232 Maria
997 2177 1225 2247 cepisse
1247 2192 1369 2232 cum
1409 2176 1578 2231 Paulo
1608 2176 1802 2232 Samo-

196 2287 360 2334 sateo
389 2276 688 2340 sentiebat,
715 2274 810 2329 sed
835 2273 1092 2342 Spiritum
1121 2279 1368 2326 sanctum
1396 2285 1615 2340 semper
1641 2269 1806 2325 fuisse

195 2367 585 2423 memorabat:
616 2366 718 2421 hoc
745 2365 917 2419 solum
945 2362 1366 2432 quadragesimaa
1387 2369 1594 2432 quarta:
1614 2360 1807 2416 hmresi

196 2458 505 2523 dissimilis,
537 2456 681 2527 quod
699 2456 958 2528 populum
986 2468 1017 2507 a
1037 2468 1096 2508 se
1124 2467 1435 2523 perversum
1461 2468 1563 2508 suo
1588 2453 1808 2508 nomine

195 2551 559 2622 nuncupavit.

921 2637 1104 2693 XLVI.

270 2733 705 2802 Quadragesima
735 2741 789 2787 et
817 2739 969 2786 sexta
1016 2716 1237 2785 haeresis
1265 2744 1297 2784 a
1342 2729 1502 2785 Mane
1551 2730 1806 2787 inchoata

193 2825 627 2881 Manichaeorum
675 2822 1084 2878 contubernium
1115 2820 1259 2876 fecit.
1303 2820 1403 2874 Hic
1430 2820 1641 2889 Manes,
1683 2837 1807 2877 cum

196 2925 357 2974 esset
386 2916 521 2970 civis
548 2914 731 2978 Persa,
758 2922 813 2968 et
838 2913 892 2967 in
935 2911 1157 2967 Perside
1182 2913 1385 2967 docens
1413 2927 1473 2967 se
1500 2913 1806 2983 apostolum

194 3009 303 3065 Dei
336 3009 564 3073 diceret,
590 3007 752 3060 etiam
790 3004 859 3059 ad
897 3003 1158 3059 Grazciam
1189 3003 1475 3058 devolutus
1501 3011 1604 3060 est.
1634 3003 1806 3070 Quem

195 3099 383 3155 Graeci
438 3097 682 3167 discipuli
739 3095 891 3165 ejus,
956 3094 1259 3149 devitantes
1315 3108 1511 3148 nomen
1562 3093 1803 3159 insaniae,
1832 3079 1878 3138 Ο

199 3200 222 3230 ε
254 3188 621 3243 Manichaeum
648 3185 830 3240 vocari
851 3185 1224 3247 decreverunt,
1250 3184 1302 3238 id
1330 3192 1415 3239 est
1432 3184 1587 3253 quasi
1607 3198 1806 3237 manna

196 3282 546 3340 fundentem.
578 3278 684 3333 lstc'
711 3278 818 3332 duo
842 3277 1105 3347 principia
1137 3278 1277 3331 inter
1300 3292 1359 3331 se
1385 3276 1598 3331 diversa
1630 3283 1685 3330 et
1714 3274 1810 3329 ad-

200 3387 394 3433 versa,
420 3370 716 3437 eademque
738 3378 941 3423 aeterna
963 3376 1017 3423 et
1035 3376 1326 3433 coaeterna,
1357 3369 1462 3423 hoc
1488 3376 1572 3422 est
1596 3382 1812 3436 semper

196 3464 396 3527 fuisse,
430 3462 732 3531 composuit
762 3479 775 3512 :
808 3461 1047 3529 duasque
1089 3467 1307 3515 naturas
1346 3467 1509 3527 atque
1561 3458 1811 3513 substan-

200 3558 335 3619 tias,
359 3553 489 3608 boni
517 3553 721 3607 scilicet
748 3560 804 3607 et
820 3553 964 3617 mali,
995 3567 1226 3622 sequens
1254 3553 1390 3607 alios
1418 3552 1667 3619 antiquos
1694 3551 1808 3605 hae-

198 3648 448 3707 reticos,
475 3645 728 3715 opinatus
767 3652 867 3698 est.
910 3642 1150 3710 Quorum
1196 3645 1337 3698 inter
1380 3658 1440 3698 se
1492 3656 1727 3713 pugnam
1753 3648 1811 3697 et

130 3792 147 3803 ,
199 3737 680 3801 commixtionem,
713 3744 768 3791 et
786 3736 916 3791 boni
945 3752 973 3790 a
1005 3737 1149 3790 malo
1177 3736 1574 3805 purgationem,
1599 3742 1655 3789 et
1683 3734 1810 3789 boni

199 3831 360 3904 quod
377 3832 595 3901 purgari
616 3846 723 3884 non
754 3830 929 3899 potuit
958 3844 1079 3884 cum
1118 3829 1259 3882 malo
1286 3828 1340 3881 in
1376 3838 1638 3883 tetemum
1664 3826 1811 3879 dam-

200 3925 528 3989 nationem,
582 3923 878 3979 secundum
934 3939 1027 3977 sua
1083 3922 1337 3991 dogmata
1395 3928 1807 3986 asseverantes,

201 4016 388 4071 multa
411 4013 735 4079 fabulantur,
768 4029 887 4083 quae
916 4021 1112 4068 cuncta
1142 4014 1387 4067 intexere
1411 4012 1567 4065 nimis
1593 4011 1809 4079 longum

202 4114 318 4161 est.
359 4105 557 4160 Dicunt
585 4105 791 4157 animas
820 4103 1007 4169 bonas,
1039 4111 1094 4157 et
1121 4102 1363 4172 ejusdem
1389 4101 1543 4170 cujus
1570 4108 1653 4155 est
1670 4099 1813 4155 Deus

202 4214 338 4255 esse
392 4206 621 4251 naturas.
674 4194 907 4251 Proinde
952 4196 1213 4250 mundum
1238 4210 1269 4248 a
1309 4203 1500 4248 natura
1528 4193 1675 4257 boni,
1710 4193 1813 4247 hoc

204 4300 299 4349 est
327 4307 356 4345 a
391 4297 584 4344 natura
625 4288 719 4344 Dei
746 4288 947 4343 factum
992 4287 1320 4343 conﬁtentur
1367 4284 1604 4354 quidem,
1628 4282 1724 4338 sed
1743 4282 1811 4337 de

205 4383 606 4440 commixtione
648 4383 777 4438 boni
825 4391 881 4438 et
917 4382 1084 4448 mali,
1124 4395 1243 4452 quae
1278 4378 1419 4435 facta
1466 4385 1550 4433 est
1594 4376 1810 4445 quando

1918 539 2128 593 cazteris
2147 547 2325 593 autem
2357 540 2682 607 hominibus,
2716 544 2877 597 etiam
2926 545 2978 597 in
3010 545 3140 613 ipsis
3168 546 3502 603 auditoribus

1916 630 2044 693 suis,
2071 631 2210 685 hanc
2240 639 2449 699 partem
2476 631 2629 686 bona:
2666 632 2967 704 divinazquc
3004 636 3333 702 substantiae,
3381 652 3501 706 qua:

1915 719 1942 759 ά
1983 721 2149 776 mixta
2176 729 2231 775 et
2263 722 2511 789 colligata
2556 724 2609 777 in
2658 725 2798 778 escis
2843 732 2899 779 et
2943 727 3159 794 potibus
3203 728 3526 795 detinetur,-

1914 815 2255 884 maximeque
2285 816 2337 868 in
2365 816 2442 869 eis
2469 816 2563 885 qui
2599 824 2856 882 generant
2903 816 3058 883 ﬁlios,
3104 821 3302 874 arctius
3331 829 3387 874 et
3415 821 3498 874 in-

1914 906 2187 975 quinatius
2233 905 2473 973 colligari
2516 914 2727 975 putant.
2780 907 3049 977 Quidquid
3088 926 3213 965 vero
3260 912 3495 981 undique

1912 1006 2172 1068 purgatur
2197 999 2430 1064 luminis,
2465 1014 2562 1068 per
2585 1001 2846 1067 quasdam
2877 1016 3060 1065 naves,
3097 1018 3230 1071 quas
3267 1020 3385 1060 esse
3413 1006 3497 1061 lu-

1911 1104 2037 1143 nam
2077 1097 2132 1144 et
2170 1089 2339 1144 solem
2368 1090 2574 1156 volunt,
2616 1104 2783 1159 regno
2824 1092 2920 1147 Dei
2968 1102 3219 1164 tanquam
3264 1099 3496 1167 propriis

1911 1180 2125 1235 sedibus
2152 1180 2322 1235 reddi.
2366 1180 2510 1247 Quas
2559 1196 2724 1237 naves
2770 1182 2838 1236 de
2883 1185 3180 1241 substantia
3227 1186 3319 1240 Dei
3360 1202 3495 1256 pura

1911 1273 2198 1343 perhibent
2246 1272 2532 1328 fabricatas
2567 1290 2580 1326 :
2631 1274 2914 1342 lucemque
2955 1275 3111 1328 istam
3154 1291 3491 1345 corpoream,

1910 1365 2258 1419 animantium
2288 1364 2595 1419 mortalium
2618 1363 2788 1419 oculis
2818 1364 3170 1434 adjacentem.
3196 1366 3291 1420 Del
3312 1368 3495 1423 dicunt

1911 1472 2029 1513 esse
2056 1467 2320 1512 naturam.
2337 1456 2584 1528 Quinque
2604 1458 2746 1511 enim
2764 1458 3034 1512 elementa
3060 1474 3179 1527 qua:
3195 1470 3494 1528 genuerunt

1909 1551 2180 1621 principes
2199 1550 2466 1620 proprios,
2498 1550 2643 1618 genti
2674 1550 2918 1604 tribuunt
2959 1552 3304 1605 tenebrarum
3336 1569 3347 1603 :
3399 1566 3494 1606 ea-

1909 1657 2017 1712 que
2044 1641 2312 1696 elementa
2339 1641 2423 1695 his
2461 1640 2768 1695 nominibus
2796 1647 3126 1710 nuncupant,
3160 1638 3381 1706 fumum,
3410 1648 3493 1697 te-

1836 1748 1884 1807 Β
1912 1733 2125 1796 nebras,
2156 1732 2355 1799 ignem,
2386 1745 2600 1800 aquam,
2627 1738 2863 1784 ventum.
2905 1730 2964 1784 In
3012 1728 3159 1784 fumo
3206 1738 3328 1784 nata
3375 1732 3494 1785 ani-

1910 1822 2070 1877 malia
2099 1821 2331 1891 bipedia,
2360 1820 2503 1875 unde
2548 1820 2796 1879 homines
2835 1820 3031 1875 ducere
3059 1821 3319 1888 originem
3364 1836 3494 1877 cen-

1910 1922 2057 1978 sent;
2106 1911 2159 1965 in
2200 1911 2436 1965 tenebris
2464 1911 2737 1980 repentia,
2771 1909 2824 1963 in
2874 1910 2982 1978 igni
3021 1911 3405 1981 quadrupedis,
3436 1913 3493 1967 in

1908 2004 2062 2073 aquis
2092 2002 2351 2067 natatilia,
2398 2004 2451 2057 in
2479 2008 2639 2057 vento
2666 2001 2925 2056 volatilia.
2975 2000 3069 2056 His
3114 2003 3348 2073 quinque
3377 2005 3493 2059 sle--

1906 2093 2103 2148 mentis
2137 2092 2299 2148 malis
2327 2090 2660 2146 debellandis
2697 2090 2801 2145 alia
2829 2090 3067 2161 quinque
3111 2092 3377 2147 elementa
3422 2094 3492 2149 de

1904 2198 2074 2253 regno
2102 2190 2158 2238 et
2181 2183 2480 2238 substantia
2512 2182 2607 2236 Dei
2636 2183 2799 2236 missa
2831 2197 2951 2237 esse
2979 2183 3192 2249 dicunt;
3223 2193 3278 2239 et
3298 2186 3354 2239 in
3399 2186 3489 2241 illa

1905 2290 2082 2347 pugna
2109 2274 2273 2330 fuisse
2292 2274 2575 2344 permixta,
2606 2274 2753 2328 fumo
2774 2288 2975 2337 aerem,
3004 2275 3241 2331 tenebris
3270 2277 3440 2331 lucem
3469 2295 3485 2345 ;

1907 2365 2017 2435 igni
2045 2365 2188 2420 malo
2218 2364 2395 2432 ignem
2422 2363 2645 2428 bonum,
2675 2355 2827 2432 aqua:
2854 2363 3009 2418 malae
3035 2378 3229 2433 aquam
3266 2366 3486 2435 bonam,

1908 2464 2071 2512 vento
2090 2455 2232 2509 malo
2258 2462 2475 2509 ventum
2496 2454 2714 2508 bonum.
2750 2453 2925 2508 Naves
2952 2461 3131 2509 autem
3163 2456 3298 2522 illas,
3329 2457 3381 2512 id
3407 2466 3490 2512 est

1907 2546 2016 2603 duo
2044 2547 2169 2603 cceli
2188 2545 2488 2609 luminaria,
2520 2544 2594 2598 ita
2622 2543 2974 2612 distinguunt,
3005 2552 3066 2599 ut
3093 2545 3273 2601 lunam
3308 2546 3491 2603 dicant

1907 2640 2105 2698 factam
2127 2656 2196 2696 ex
2222 2641 2362 2695 bona
2383 2654 2541 2708 aqua,
2573 2638 2745 2693 solem
2770 2652 2901 2692 vero
2934 2653 3004 2692 ex
3029 2637 3176 2693 bono
3205 2639 3331 2706 igni.
3359 2638 3491 2695 Esse

1907 2744 2086 2790 autem
2114 2733 2171 2787 in
2217 2733 2295 2787 eis
2336 2732 2563 2786 navibus
2606 2738 2821 2785 sanctas
2865 2730 3126 2797 virtutes,
3174 2746 3294 2800 qua:
3333 2747 3392 2786 se
3436 2732 3491 2787 in

1907 2827 2175 2883 masculos
2222 2826 2631 2894 transfigurant,
2681 2831 2742 2878 ut
2782 2824 3009 2879 illiciant
3050 2823 3275 2880 feminas
3320 2827 3494 2894 gentis

1908 2919 2148 2975 adversa:
2179 2936 2191 2970 :
2223 2922 2278 2972 et
2315 2932 2414 2986 per
2466 2916 2606 2970 hanc
2634 2914 2942 2969 illecebram
2983 2924 3255 2970 commota
3302 2931 3492 2971 eorum

1908 3010 2362 3081 concupiscentia,
2408 3008 2576 3077 fugiat
2602 3006 2671 3062 de
2712 3007 2817 3062 illis
2845 3007 3027 3062 lumen
3053 3008 3199 3078 quod
3241 3009 3494 3064 membris

1910 3102 2019 3159 suis
2038 3102 2363 3172 permixtum
2393 3101 2684 3164 tenebant,
2726 3105 2782 3153 et
2808 3098 3143 3168 purgandum
3171 3100 3494 3170 suscipiatur

1912 3196 1980 3249 ab
2007 3193 2211 3262 angelis
2239 3192 2391 3255 lucis,
2422 3199 2812 3261 purgatumque
2853 3191 2906 3245 in
2930 3191 3033 3246 illis
3058 3192 3283 3248 navibus
3323 3193 3494 3262 impu-

1911 3292 2073 3340 natur
2099 3284 2168 3338 ad
2191 3299 2356 3353 regna
2385 3284 2602 3354 propria
2632 3285 3036 3352 reportandum.
3069 3283 3184 3350 Qua
3214 3285 3496 3338 occasione

1912 3382 2176 3444 coguntur
2221 3374 2379 3430 electi
2417 3388 2604 3428 eorum
2633 3374 2779 3427 velut
2811 3373 3193 3428 eucharistiam
3240 3389 3496 3441 consper-

1912 3480 2028 3521 sam
2054 3480 2176 3520 cum
2198 3464 2403 3519 semine
2423 3463 2659 3517 humano
2683 3476 2926 3528 sumere,
2958 3470 3017 3516 ut
3056 3462 3216 3516 etiam
3248 3463 3389 3527 inde,
3420 3463 3496 3516 si-

1914 3564 2007 3614 cut
2034 3558 2102 3612 de
2145 3558 2265 3612 aliis
2303 3556 2438 3611 cibis
2465 3570 2602 3626 quos
2630 3554 2919 3623 accipiunt,
2950 3553 3248 3609 substantia
3288 3554 3378 3608 illa
3415 3554 3496 3609 di-

1909 3649 2034 3703 vina
2062 3656 2337 3718 purgetur.
2371 3645 2477 3702 Sed
2505 3647 2611 3702 hoc
2637 3659 2696 3700 se
2720 3645 2844 3700 dum
2885 3646 3063 3701 facere
3087 3653 3304 3714 negant,
3345 3647 3495 3701 dete-

1911 3742 1985 3797 cti
2005 3749 2147 3795 sunt.
2178 3740 2312 3794 Nam
2340 3747 2397 3795 et
2423 3739 2566 3809 apud
2593 3737 2877 3794 ecclesiam
2903 3737 3402 3807 Carthaginiensem
3423 3740 3495 3796 ita

1911 3839 2036 3887 sunt
2063 3831 2407 3887 manifestati.
2451 3831 2694 3900 Denique
2731 3831 2783 3885 in
2823 3838 3092 3885 conventu
3122 3831 3495 3901 episcoporum

1911 3938 2093 3979 coram
2145 3923 2291 3978 omni
2336 3922 2539 3992 populo
2593 3920 2840 3977 confessa
2895 3929 2979 3977 est
3025 3922 3202 3991 puella
3264 3923 3497 3977 nondum

1915 4029 2179 4069 annorum
2235 4013 2516 4068 duodecim
2566 4013 2722 4067 istam
2771 4012 3029 4066 nefariam
3076 4013 3496 4081 turpitudinem;

1914 4112 1971 4159 et
1997 4104 2163 4158 multa
2191 4103 2444 4173 prodidit,
2472 4103 2704 4171 seipsam
2752 4115 3000 4155 asserens
3045 4103 3116 4156 ob
3144 4102 3247 4156 hoc
3278 4110 3303 4139 θ
3326 4102 3498 4155 scele-

1914 4203 2056 4249 stum
2085 4201 2478 4249 sacramentum
2507 4195 2696 4247 eorum
2725 4192 2830 4245 vim
2860 4198 2980 4244 eSse
3025 4204 3355 4259 perpessam.
3397 4190 3497 4247 Cui

1915 4300 2036 4339 cum
2064 4283 2239 4353 primo
2268 4297 2375 4336 non
2402 4280 2713 4336 crederetur
2740 4281 2831 4333 uni
2858 4277 3049 4348 puellae
3077 4286 3133 4333 et
3159 4279 3291 4344 soli,
3324 4280 3497 4350 pluri-

1915 4393 2032 4431 mas
2060 4374 2355 4430 nominavit
2382 4371 2542 4442 hujus
2568 4370 2823 4427 facinoris
2843 4369 3087 4425 conscias
3112 4387 3124 4422 :
3149 4384 3284 4440 quas
3303 4370 3497 4425 solatio

206 4480 359 4535 inter
385 4493 445 4533 se
476 4486 705 4548 utraque
728 4486 916 4555 natura
945 4439 1224 4548 pugnavit.
1261 4474 1435 4545 Ipsam
1465 4489 1597 4529 vero
1621 4472 1749 4528 boni
1777 4487 1809 4527 a
1838 4439 1887 4499 θ
1919 4468 2037 4524 Ursi
2066 4467 2262 4523 tribuni
2290 4466 2380 4535 qui
2403 4439 2531 4521 tunc
2548 4463 2733 4519 domui
2751 4462 2909 4532 regite
2927 4460 3158 4533 praefuit,
3185 4460 3253 4516 de
3274 4460 3499 4516 diversis

206 4571 363 4628 malo
392 4570 771 4640 purgationem
797 4585 863 4625 ac
890 4569 1297 4631 liberationem,
1341 4582 1450 4621 non
1500 4566 1676 4621 solum
1711 4580 1812 4635 per

213 4672 392 4721 totum
402 4661 702 4730 _mundum,
726 4669 779 4717 et
806 4662 874 4717 de
901 4662 1149 4717 omnibus
1174 4659 1289 4730 ejus
1309 4658 1610 4724 elementis,
1635 4658 1808 4712 virtu-

210 4767 328 4813 tem
369 4722 467 4812 dei
522 4754 700 4811 facere
752 4754 955 4820 dicunt,
989 4769 1174 4810 verum
1225 4751 1390 4809 etiam
1441 4750 1644 4805 electos
1683 4764 1811 4804 suos

212 4864 318 4921 per
341 4848 597 4903 alimenta
641 4863 761 4918 qua:
800 4855 1038 4902 sumunt.
1086 4845 1155 4900 Et
1203 4845 1284 4900 eis
1337 4844 1539 4914 quippe
1583 4842 1810 4896 alimen-

211 4942 309 5005 tis,
355 4940 495 4995 sicut
547 4940 799 4996 universo
844 4937 1063 4999 mundo,
1096 4936 1192 4992 Dei
1227 4935 1581 4991 substantiam
1623 4932 1807 5004 perhi-

212 5031 351 5088 bent
378 5047 497 5088 esse
517 5032 859 5088 commixtam
889 5050 901 5085 :
940 5046 1100 5102 quam
1143 5027 1355 5100 purgari
1385 5034 1576 5097 putant
1604 5026 1658 5081 in
1691 5025 1806 5081 ele-

216 5125 325 5181 etis
346 5125 459 5179 suis
486 5139 553 5181 eo
576 5138 775 5193 genere
798 5123 921 5178 vitae
949 5139 1058 5194 quo
1086 5123 1275 5184 vivunt
1300 5120 1459 5175 electi
1485 5118 1810 5173 Manichaeo-

219 5234 362 5283 rum,
386 5217 536 5272 velut
561 5216 801 5272 sanctius
828 5224 883 5271 et
918 5214 1269 5270 excellentius
1298 5210 1635 5266 auditoribus
1672 5208 1803 5264 suis.

220 5307 356 5363 Nam
378 5309 465 5364 bis
492 5308 701 5364 duabus
722 5307 1162 5379 professionibus,
1193 5305 1297 5359 hoc
1324 5310 1404 5358 est
1436 5302 1734 5357 electorum
1753 5308 1809 5356 et

298 5495 324 5523 ⁸
353 5485 535 5549 Forte,
569 5483 885 5540 Montenses.

295 5554 323 5595 δ
353 5557 452 5613 Ms.
474 5556 605 5624 Aug.
619 5597 631 5617 ,
648 5555 1006 5610 Paulinianos.
1033 5554 1140 5612 Sed
1160 5556 1355 5612 rectius
1375 5556 1577 5625 utique,
1596 5568 1627 5607 a
1648 5550 1814 5625 Paulo

227 5628 434 5684 scilicet
454 5622 830 5693 Saniosateno,
862 5625 1171 5693 Paulianos,
1205 5637 1260 5681 ut
1288 5635 1343 5681 et
1371 5622 1695 5694 Augustinus
1716 5622 1807 5675 lib.

228 5698 298 5751 de
339 5697 640 5754 Hzcresibus
663 5698 730 5753 ad
759 5696 1184 5765 Quodvultdcum
1212 5715 1226 5761 ;
1277 5713 1342 5751 ex
1370 5712 1478 5767 quo
1511 5697 1647 5749 libro
1678 5694 1816 5767 hanc

230 5784 447 5837 suarum
494 5770 771 5826 lucrcseon
822 5769 1218 5827 enarrationem
1267 5765 1435 5845 prope
1485 5767 1549 5822 ad
1597 5765 1818 5822 verbum

1918 4563 2165 4620 domibus
2192 4561 2281 4616 ubi
2312 4561 2517 4615 latebra
2543 4557 2883 4623 fovebantur,
2915 4556 3118 4625 ejectas
3141 4574 3171 4613 a
3205 4554 3413 4610 clericis
3432 4552 3499 4610 ad

1920 4654 2205 4710 ecclesiam
2233 4652 2554 4707 Restitutam
2574 4648 2848 4715 adductas,
2880 4646 2931 4701 id
2960 4646 3132 4716 ipsum
3160 4652 3379 4716 propter
3399 4644 3500 4700 hoc

1922 4748 2097 4817 ipsum
2119 4759 2326 4816 passas,
2340 4744 2430 4798 vix
2450 4750 2506 4798 et
2519 4739 2824 4811 compulsas
2839 4746 3049 4795 constat
3069 4753 3188 4793 esse
3207 4738 3499 4793 confessas.

1922 4841 2074 4897 Tunc
2109 4847 2281 4894 totum
2310 4837 2439 4892 illud
2468 4834 2835 4905 turpissimum
2881 4831 3078 4896 scelus,
3105 4830 3197 4885 ubi
3242 4828 3310 4884 ad
3356 4830 3501 4885 exci-

1916 4931 2172 5004 piendum
2199 4936 2256 4983 et
2302 4922 2757 4983 commiscendum
2803 4921 3271 4978 concumbentium
3318 4934 3501 4974 semen

1908 5023 2084 5078 farina
2096 5018 2472 5081 substernitur,
2494 5014 2767 5085 profertur
2787 5013 2841 5068 in
2859 5012 3111 5080 medium,
3136 5026 3191 5066 et
3216 5011 3361 5081 quod
3381 5027 3501 5067 cum

1917 5113 2126 5171 infinito
2165 5111 2365 5167 rubere
2394 5106 2592 5162 dicitur
2620 5112 2677 5159 et
2717 5102 2951 5169 auditur,
3002 5104 3206 5170 necenti
3259 5112 3502 5173 tempore

1916 5203 2161 5262 nonnulli
2188 5215 2376 5258 eorum
2405 5197 2474 5254 ad
2495 5194 2779 5252 ecclesiam
2808 5194 3024 5250 adducti
3043 5196 3337 5261 sunt,sicut
3355 5200 3501 5262 gesta

1916 5295 2244 5370 episcopalia
2272 5290 2472 5348 ibidem
2512 5286 2759 5344 confecta
2793 5294 3077 5341 testantur.
3106 5285 3226 5339 Tria
3256 5298 3384 5353 ergo
3412 5297 3501 5351 ge.

1918 5475 2204 5544 exscripsit
2230 5480 2425 5544 aucto}:
2444 5470 2825 5544 Prwdestinali.
2940 5535 2978 5544 κ
3016 5535 3029 5544 _
3082 5535 3092 5544 _
3132 5534 3142 5544 _

1994 5528 2321 5600 siﬁescrihe
2370 5542 2733 5596 Manilia/zeum
2781 5555 2899 5593 cum
2940 5534 3180 5590 Fabricio
3227 5530 3361 5586 Bibl.
3406 5528 3494 5586 Gr.

1922 5625 2054 5686 tom.
2085 5616 2126 5681 Ι,
2159 5630 2282 5686 pag.
2314 5613 2436 5678 l7l,
2468 5620 2584 5668 not.
2620 5613 2729 5686 (‘1.

1995 5685 2019 5725 ἀ
2067 5681 2349 5753 Msa—Aug”
2371 5686 2597 5738 maxime
2628 5681 2892 5749 colligata.

2000 5764 2021 5791 ε
2055 5757 2152 5815 Ms.
2186 5757 2353 5829 Aug,
2386 5756 2596 5812 scelesto
2627 5755 2971 5807 sacramento.
