3926 6176
467 275 572 330 603
1459 267 1833 325 ANONYMUS
1869 265 2152 323 AUCTOR
2189 268 2733 327 PRAEDESTINATI.
3572 288 3655 346 εει

467 409 596 448 nera
626 407 811 445 eorum
856 397 995 453 sunt,
1038 384 1370 448 Catharistze,
1407 392 1432 420 ι
1473 382 1726 437 Macharii
1773 387 1828 436 et
1873 378 2043 434 Mani-
2071 385 2115 440 Α
2145 396 2253 435 non
2283 382 2347 436 ad
2376 399 2606 453 corpora
2629 385 2922 440 liberanda.
2967 386 3077 443 Nec
3097 388 3252 445 fuisse
3297 393 3344 447 in
3370 410 3511 451 carne
3536 417 3656 471 vera,

465 484 625 540 claci.
641 480 836 536 Omnes
859 488 1037 534 tamen
1064 477 1162 531 has
1191 483 1300 530 tres
1328 475 1528 529 formas
1548 474 1616 528 ab
1637 489 1745 528 uno
1765 472 2043 541 magistro,

466 577 582 645 ipso
611 572 872 627 scelerato
902 569 1078 635 Mane,
1107 573 1319 623 constat
1338 581 1457 620 esse
1476 565 1828 634 conscriptas.
1849 562 2048 619 Omnes

462 665 690 731 denique
714 661 1063 715 Manichamm
1089 660 1289 725 legunt,
1321 665 1376 712 et
1397 672 1583 711 omnes
1612 656 1733 710 libri
1774 655 1890 724 ejus
1920 661 2048 710 sunt

463 758 539 811 eis
560 756 675 809 sine
698 754 1032 809 dubitatione
1053 765 1385 805 communes.
1402 750 1459 803 In
1483 750 1676 819 quibus
1696 748 1844 803 libris
1872 748 2050 816 agitur

463 855 521 900 ut
549 862 646 916 per
690 842 1180 913 concupiscentiam
1209 842 1536 895 dissolvatur
1579 841 1859 909 utriusque
1886 854 2047 895 sexus

460 939 719 1008 princeps,
727 934 1099 999 tenebrarum,
1132 940 1187 986 et
1214 931 1381 999 fugiat
1402 932 1469 985 ab
1498 932 1576 985 eis
1615 931 1836 985 liberata
1865 931 2045 986 divina

462 1029 951 1098 substantia,quam
979 1027 1030 1080 in
1054 1026 1286 1080 hominis
1306 1026 1511 1079 semine
1539 1026 1711 1080 teneri
1740 1026 2049 1080 existimant

463 1121 810 1189 inquinatam,
836 1117 1154 1172 unde-etiam
1178 1118 1494 1172 Catharistte
1522 1117 1876 1187 appellantur,
1893 1117 2048 1186 quasi

462 1219 795 1281 purgatores.
821 1210 922 1276 Qui
952 1225 1070 1264 cum
1101 1220 1299 1263 carnes
1318 1224 1425 1263 non
1456 1207 1763 1271 comedant,
1800 1216 1907 1261 tam
1937 1208 2048 1277 pol-

463 1303 557 1356 luti
589 1311 733 1367 sunt,
763 1311 820 1355 ut
846 1317 967 1355 cum
997 1301 1246 1354 omnibus
1275 1300 1386 1354 suis
1414 1300 1576 1353 etiam
1623 1298 1913 1351 humanum
1960 1313 2046 1352 se—

460 1408 583 1446 men
607 1398 898 1455 assumant,
931 1406 1052 1445 cum
1095 1406 1195 1444 nec
1241 1405 1343 1443 ova
1391 1389 1504 1459 ipsa
1557 1389 1850 1457 accipiant;
1898 1388 2048 1441 aiunt

461 1485 621 1548 enim,
655 1494 707 1538 et
737 1484 851 1552 ipsa
880 1482 1004 1536 dum
1030 1482 1346 1550 franguntur
1369 1481 1666 1551 exspirant.
1690 1479 1797 1534 Sed
1820 1495 1919 1535 nec
1947 1480 2047 1535 ali-

460 1575 641 1629 monia
672 1574 826 1629 lactis
866 1580 1116 1636 utuntur;
1147 1589 1252 1626 non
1281 1572 1406 1640 quia
1453 1578 1645 1642 putent
1682 1570 1876 1625 divinae
1918 1570 2047 1625 sub-

460 1668 671 1722 stantia:
699 1667 831 1721 nihil
853 1666 925 1720 ibi
954 1679 1072 1719 esse
1099 1664 1443 1733 permixtum,
1472 1662 1565 1717 sed
1593 1662 1719 1731 quia
1758 1662 1862 1716 sibi
1888 1676 2042 1717 error

2150 469 2244 525 sed
2273 472 2579 527 simulatam
2621 475 2853 544 speciem
2896 478 3074 533 carnis
3112 478 3423 537 ludiﬁcandis
3454 469 3659 547 humanis

2147 563 2391 620 sensibus
2417 567 2727 636 praebuisse,
2771 567 2859 622 ubi
2888 584 2998 624 non
3043 571 3212 627 solum
3257 583 3483 638 mortem.
3504 595 3655 636 verum

2148 654 2310 709 etiam
2336 658 2785 713 resurrectionem
2814 659 3061 715 similiter
3082 663 3397 719 mentiretur.
3421 666 3567 722 Deum
3588 672 3663 739 qui

2150 746 2323 815 legem
2352 764 2450 819 per
2477 748 2696 821 Moysen
2726 750 2892 818 dedit,
2917 760 2973 806 et
2998 752 3051 807 in
3082 753 3308 809 Hebrtcis
3337 759 3579 826 prophetis
3599 762 3663 813 lo-

2148 848 2305 893 cutus
2333 848 2435 905 est,
2468 856 2575 895 non
2598 856 2718 896 esse
2746 842 2912 897 Deum
2939 859 3142 908 verum,
3173 845 3264 899 sed
3290 862 3439 900 unum
3463 864 3521 902 ex
3542 850 3664 918 prin-

2149 929 2357 999 cipibus
2380 932 2722 986 tenebrarum
2764 930 3052 988 alTirmant.
3093 935 3356 1006 lpsiusque
3390 937 3667 997 Testamenti

2148 1024 2272 1077 novi
2299 1022 2606 1094 Scripturas
2632 1033 2888 1095 tanquam
2919 1025 3136 1081 falsatas
3174 1028 3243 1081 ita
3274 1028 3525 1097 legunt,ut
3546 1033 3667 1101 quod

2150 1115 2340 1169 volunt
2368 1116 2491 1171 inde
2518 1117 2808 1186 accipiant,
2838 1118 2984 1186 quod
3012 1120 3199 1174 nolunt
3227 1120 3456 1189 rejieiant
3479 1140 3490 1174 :
3519 1123 3667 1192 eisque

2150 1213 2402 1274 tanquam
2441 1214 2612 1261 totum
2638 1223 2819 1262 verum
2866 1208 3128 1267 habentes
3168 1212 3435 1268 nonnullas
3476 1230 3666 1284 apocry-

2149 1294 2283 1363 phas
2312 1304 2664 1365 anteponunt.
2698 1295 3119 1355 Promissionem
3160 1299 3363 1355 Domini
3390 1303 3540 1357 nostri
3567 1301 3668 1357 Jesu

2148 1383 2346 1439 Christi
2374 1386 2441 1440 de
2480 1386 2760 1442 Paracleto
2802 1388 2855 1442 in
2900 1405 2999 1466 suo
3047 1390 3388 1447 bzeresiarche
3422 1392 3668 1447 Manichteo

2148 1473 2332 1529 dicunt
2353 1492 2471 1531 esse
2491 1479 2834 1548 completam.
2868 1478 3020 1535 Unde
3044 1497 3104 1536 se
3130 1482 3243 1552 ipse
3287 1483 3336 1537 in
3372 1484 3473 1538 suis
3513 1483 3669 1537 litteris

2146 1565 2277 1621 Jesu
2305 1565 2502 1623 Christi
2532 1570 2833 1638 apostolum
2864 1571 3011 1636 dicit,
3044 1588 3110 1628 eo
3130 1574 3273 1642 quod
3307 1573 3450 1629 Jesus
3469 1574 3670 1628 Christus

2147 1670 2207 1710 se
2230 1671 2354 1711 eum
2382 1659 2668 1714 missurum
2698 1675 2818 1715 esse
2842 1663 3180 1731 promiserit;
3211 1673 3266 1719 et
3303 1665 3415 1720 ideo
3444 1664 3545 1733 ejus
3566 1680 3670 1731 apo-

461 1760 576 1828 ipse
594 1773 701 1811 non
728 1764 956 1812 constat.
987 1731 1122 1810 Nam
1150 1762 1206 1810 et
1222 1756 1406 1809 vinum
1427 1770 1533 1808 non
1563 1754 1777 1817 bibunt,
1800 1753 2040 1809 dicentes
2076 1731 2117 1788 Β
2143 1748 2335 1814 stolas,
2366 1750 2493 1818 quia
2521 1751 2575 1805 in
2601 1767 2668 1806 eo
2698 1753 2893 1807 missus
2933 1754 3003 1807 sit
3045 1753 3277 1825 Spiritus
3303 1764 3519 1810 sanctus.
3565 1752 3672 1811 Pro-

461 1848 533 1903 t‘cl
560 1863 682 1904 esse
709 1846 963 1917 principis
990 1846 1330 1901 tenebrarum
1363 1862 1376 1897 :
1409 1853 1464 1899 et
1491 1851 1671 1899 tamen
1702 1860 1832 1898 uvas
1858 1860 2042 1900 come-

460 1940 615 2006 dunt,
637 1955 757 1995 cum
778 1939 845 1994 de
866 1946 1042 1994 musto
1070 1953 1169 1993 nec
1196 1938 1418 2007 digitum
1448 1938 1727 1992 intinctum
1747 1947 2038 1992 assumant.

460 2030 682 2085 Animas
711 2029 1017 2084 auditorum
1062 2044 1285 2084 suorum
1313 2030 1365 2083 in
1401 2029 1603 2084 electos
1648 2029 1855 2083 revolvi
1899 2029 2038 2084 arbi-

460 2130 695 2189 trantur;
725 2131 946 2178 creteras
972 2127 1153 2176 autem
1183 2122 1389 2177 animas
1414 2136 1534 2191 quae
1560 2135 1749 2175 eorum
1776 2135 1885 2176 non
1918 2128 2044 2175 sunt

459 2215 783 2280 auditorum,
814 2214 868 2268 in
918 2228 1113 2285 pecora
1143 2212 1322 2268 redire
1368 2220 1634 2279 asserunt,
1676 2220 1734 2268 et
1779 2213 1833 2267 in
1861 2214 2043 2268 omnia
2081 2234 2087 2241 δ

457 2321 578 2377 quae
603 2305 872 2361 radicibus
899 2303 1004 2359 ﬁxa
1034 2311 1160 2360 sunt
1188 2312 1349 2373 atque
1376 2304 1591 2359 aluntur
1618 2304 1672 2358 in
1701 2310 1864 2358 terra.
1906 2303 2044 2359 Her-

456 2399 555 2453 bas
583 2397 725 2452 enim
750 2403 811 2451 et
837 2396 1079 2462 arbores,
1106 2396 1180 2450 ita
1219 2395 1273 2450 in
1303 2396 1383 2450 eis
1410 2396 1574 2449 vitam
1602 2410 1721 2451 esse
1744 2403 1953 2466 putant,
1983 2404 2045 2451 ut

456 2488 658 2543 sentire
685 2502 750 2542 ea
779 2502 902 2543 cum
929 2486 1195 2541 laeduntur
1221 2487 1490 2541 aestiment
1534 2494 1590 2541 et
1631 2487 1835 2542 dolere.
1892 2486 2042 2542 Unde

455 2585 512 2633 ct
539 2578 935 2647 agriculturam,
954 2581 1074 2647 qua:
1100 2578 1339 2633 omnium
1360 2579 1555 2632 artium
1576 2584 1660 2632 est
1680 2578 2038 2645 innocentior,

457 2678 711 2738 tanquam
741 2669 1091 2739 plurimorum
1120 2669 1532 2724 bomicidiorum
1560 2685 1735 2735 ream,
1765 2670 2041 2727 dementes

457 2764 729 2823 accusant,
758 2768 814 2815 et
852 2761 1122 2830 praecipue
1149 2776 1271 2816 cum
1313 2775 1500 2829 agrum
1547 2778 1577 2816 a
1622 2763 1789 2832 spinis
1811 2763 2043 2818 viderint

456 2850 762 2920 repurgari;
795 2850 1014 2920 suisque
1035 2851 1367 2906 auditoribus
1396 2853 1517 2908 ideo
1537 2855 1863 2913 arbitrantur
1890 2856 2042 2923 igno-

457 2942 552 3007 sci,
582 2941 707 3010 quia
730 2941 972 3010 prtebent
1001 2941 1125 2997 inde
1172 2942 1427 2998 alimenta
1453 2944 1642 2999 electis
1666 2945 1779 2999 suis
1817 2964 1830 2999 :
1862 2954 1923 3000 ut
1959 2947 2042 3001 di-

457 3031 580 3085 vina
617 3031 709 3085 illa
735 3029 1052 3098 substantia,
1086 3032 1139 3086 in
1171 3048 1358 3088 eorum
1387 3043 1575 3095 ventre
1602 3044 1846 3106 purgata,
1878 3039 2042 3108 impe-

457 3130 563 3178 tret
589 3123 668 3178 eis
693 3124 927 3189 veniam,
950 3138 1181 3193 quorum
1208 3126 1439 3181 traditur
1458 3128 1730 3184 oblatione
1741 3132 2034 3200 purganda.

450 3209 643 3283 itaque
671 3213 770 3283 ipsi
800 3214 958 3270 electi
985 3213 1117 3269 nihil
1146 3214 1199 3270 in
1229 3217 1372 3285 agris
1399 3225 1718 3287 operantes,
1750 3234 1853 3275 nec
1880 3238 2041 3292 poma

457 3311 766 3372 carpentes,
798 3319 898 3360 nec
943 3303 1070 3360 folia
1103 3305 1212 3360 ulla
1232 3306 1517 3374 vellentes,
1567 3318 1883 3380 exspectant
1928 3313 2042 3369 haec

457 3390 633 3448 ail'erri
662 3394 845 3450 usibus
871 3395 982 3450 suis
1009 3395 1076 3450 ab
1105 3396 1438 3453 auditoribus
1464 3399 1594 3464 suis,
1616 3399 1859 3457 viventes
1888 3409 1969 3456 tot
1988 3410 2044 3458 et

457 3485 618 3540 tantis
637 3485 929 3540 secundum
971 3501 1125 3541 suam
1154 3488 1450 3542 vanitatem
1497 3489 1800 3545 homicidiis
1829 3492 2038 3549 alienis.

458 3572 676 3629 Monent
701 3575 863 3630 etiam
889 3576 1107 3631 eosdem
1134 3576 1408 3634 auditores
1431 3594 1577 3645 suos,
1604 3587 1662 3634 ut
1686 3581 1733 3635 si
1756 3591 2043 3638 vescuntur

455 3667 727 3731 carnibus,
759 3668 1012 3722 animalia
1060 3682 1168 3722 non
1198 3669 1468 3735 occidant,
1508 3686 1576 3726 ne
1604 3671 1877 3728 offendant
1903 3676 2044 3746 prin-

455 3759 604 3827 cipes
628 3758 970 3835 tenebrarum
1000 3759 1054 3813 in
1081 3760 1391 3815 cmlestihus
1419 3761 1732 3831 colligatos;
1774 3779 1804 3818 a
1846 3766 2042 3835 quibus

454 3863 670 3902 omnem
691 3863 906 3903 carnem
920 3848 1104 3903 dicunt
1129 3850 1390 3920 originem
1410 3851 1627 3908 ducere.
1643 3852 1712 3909 Et
1731 3855 1809 3910 sic
1831 3855 1858 3894 ιι
1880 3865 2043 3912 ιιιιιηι-

455 3946 542 3992 tur
564 3937 899 4007 conjugibus,
930 3948 990 3994 ut
1027 3949 1346 4012 conceptum
1376 3945 1892 4018 generationemque
1939 3950 2038 4006 de-

455 4028 653 4094 vitent;
683 4039 752 4083 ne
779 4028 955 4084 divina
984 4031 1281 4088 substantia
1306 4048 1426 4102 quae
1454 4034 1507 4089 in
1539 4049 1635 4091 eos
1658 4051 1756 4107 per
1784 4039 2039 4095 alimenta

456 4120 769 4189 ingreditur,
820 4124 1045 4180 vinculis
1081 4126 1292 4181 carneis
1332 4127 1528 4197 ligetur
1568 4140 1589 4168 ο
1641 4131 1695 4185 in
1738 4133 1908 4201 prole.
1951 4132 2041 4190 Sic

455 4215 655 4285 quippe
682 4217 735 4270 in
760 4232 974 4272 omnem
1003 4234 1239 4284 carnem,
1270 4220 1323 4275 id
1352 4232 1435 4276 est
1461 4238 1559 4292 per
1585 4239 1736 4279 escas
1775 4234 1831 4279 et
1858 4235 2036 4296 potus,

457 4307 639 4362 venire
668 4308 873 4363 animas
900 4309 1144 4365 credunt.
1178 4309 1330 4367 Unde
1357 4320 1414 4367 et
1443 4314 1657 4383 nuptias
1684 4316 1800 4371 sine
1824 4316 2038 4372 dubita-

455 4397 602 4452 tione
657 4397 1019 4454 condemnant
1064 4407 1120 4455 et
1159 4410 1418 4470 quantum
1459 4404 1514 4458 in
1560 4404 1688 4474 ipsis
1723 4414 1809 4462 est
1855 4409 2039 4478 prohi-

453 4485 600 4552 bent,
632 4488 851 4557 quando
872 4503 1131 4558 generare
1157 4491 1463 4562 prohibent,
1496 4504 1717 4565 propter
1742 4499 1885 4568 quod
1913 4507 2037 4553 sunt

452 4580 752 4652 copulanda
780 4580 1050 4651 conjugia.
1079 4580 1248 4636 Adam
1295 4591 1351 4638 et
1379 4582 1547 4639 Evam
1594 4601 1660 4640 ex
1708 4588 2036 4659 principibus

452 4671 583 4726 l'umi
611 4679 856 4726 asserunt
882 4679 1058 4735 natos,
1101 4687 1331 4742 quorum
1360 4681 1535 4744 pater,
1584 4676 1775 4743 aiunt,
1818 4680 2037 4735 nomine

451 4760 637 4816 Saclas
668 4777 866 4831 :quem
895 4763 1166 4818 sociorum
1193 4779 1414 4820 suorum
1440 4764 1583 4823 fetus
1620 4769 1861 4824 omnium
1890 4786 2037 4827 asse-

450 4859 577 4905 runt
601 4851 906 4920 devorasse,
938 4862 994 4909 et
1029 4855 1290 4926 quidquid
1316 4856 1442 4913 inde
1468 4860 1817 4916 commixtum
1843 4862 2037 4920 divinas

451 4945 761 4998 substantiae
785 4955 1021 5015 ceperat,
1053 4964 1175 5003 cum
1198 4964 1367 5005 uxore
1393 4954 1758 5010 concumbens
1786 4955 1837 5009 in
1867 4972 2030 5013 carne

453 5035 636 5107 prolis,
664 5043 915 5105 tanquam
942 5040 1282 5101 tenacissimo
1301 5041 1517 5099 vinculo
1542 5044 1843 5115 colligasse.
1871 5047 2031 5105 Chri-

451 5137 593 5184 stum
622 5136 803 5185 autem
830 5128 995 5186 fuisse
1022 5130 1292 5188 afﬁrmant
1319 5146 1480 5204 quem
1509 5135 1641 5193 dicit
1678 5147 1862 5195 nostra
1889 5140 2034 5197 Scri-

451 5228 607 5290 ptura
636 5229 945 5291 serpentem
977 5238 991 5275 :
1023 5238 1054 5278 a
1082 5237 1192 5293 quo
1220 5225 1550 5283 illuminatos
1577 5239 1825 5286 asserunt
1842 5247 2030 5288 eorum

449 5323 715 5385 aspectus,
734 5323 792 5369 ut
813 5315 1012 5370 bonum
1036 5317 1344 5387 malumque
1370 5319 1771 5389 dignoscerent;
1802 5339 2034 5394 eumque

440 5405 715 5460 Christum
742 5405 1046 5461 novissimis
1068 5407 1396 5478 temporibus
1415 5408 1717 5478 advenisse,
1734 5412 1801 5467 ad
1824 5414 2033 5472 animas

521 5552 546 5578 ι
577 5540 673 5596 Ms,
716 5546 892 5613 Aug._,_
917 5538 1151 5613 Mattari.
1172 5536 1277 5613 _S_ic
1320 5549 1379 5613 et
1412 5542 1752 5613 Augustinus.
1796 5546 2024 5605 Codices

451 5620 628 5665 autem
653 5607 1056 5671 mss.,'Mattm-i
1084 5617 1140 5664 et
1163 5607 1421 5665 Nectarii.

524 5681 548 5717 ι’
590 5680 683 5733 Ms.
720 5680 876 5749 Aug,
904 5688 951 5731 ct
978 5679 1053 5733 sic
1088 5688 1316 5733 utantur.

2147 1850 2267 1911 pter
2292 1842 2438 1911 quod
2462 1844 2624 1897 etiam
2654 1844 2768 1914 ipse
2784 1843 3108 1902 Manichazus
3131 1847 3405 1904 duodecim
3429 1847 3672 1918 discipulos

2145 1931 2363 1998 habuit,
2412 1933 2582 1988 instar
2623 1935 2905 2003 apostolici
2953 1936 3187 2003 numeri,
3238 1953 3392 2007 quem
3436 1952 3673 1991 numerum

2144 2021 2422 2079 Manichtei
2448 2024 2717 2094 hodieque
2739 2025 3064 2082 custodiunt.
3090 2027 3226 2082 Nam
3248 2036 3303 2083 et
3327 2044 3392 2083 ex
3409 2029 3570 2083 electis
3585 2026 3674 2081 suis

2142 2112 2348 2168 habent
2386 2113 2668 2170 duodecim
2706 2130 2844 2185 quos
2882 2118 3156 2187 appellant
3184 2119 3492 2187 magistros,
3520 2125 3568 2173 et
3588 2125 3674 2171 ter~

2143 2204 2277 2259 tium
2302 2198 2567 2261 deciinum
2594 2207 2894 2278 principem
2921 2208 3182 2279 ipsorum.
3213 2209 3492 2281 Episcopus
3527 2215 3675 2265 autem

2145 2294 2213 2348 7‘2
2238 2296 2331 2366 qui
2377 2296 2693 2352 ordinantur
2735 2313 2767 2351 a
2813 2299 3103 2368 magistris,
3154 2308 3215 2355 et
3252 2302 3568 2371 presbyteros
3601 2297 3675 2367 qui

2144 2387 2460 2442 ordinantur
2504 2388 2574 2443 ah
2618 2390 2907 2459 episcopis,
2952 2390 3162 2446 numeri
3210 2390 3476 2446 indeﬂniti.
3503 2389 3676 2444 Habent

2143 2480 2308 2535 etiam
2354 2480 2598 2551 episcopi
2642 2482 2917 2536 diaconos.
2964 2481 3084 2537 Jam
3132 2484 3316 2538 cmteri
3354 2479 3677 2537 tantummodo

2142 2571 2301 2628 electi
2327 2579 2608 2627 vocantur.
2641 2573 2748 2628 Sed
2788 2573 3077 2629 mittuntur
3103 2574 3271 2629 etiam
3299 2574 3397 2644 ipsi
3423 2573 3507 2643 qui
3530 2570 3679 2627 viden-

2142 2671 2231 2719 tur
2257 2663 2455 2730 idonei,
2489 2663 2557 2718 ad
2604 2665 2750 2721 hunc
2795 2679 3054 2729 errorem,
3080 2663 3168 2718 vel
3217 2665 3308 2721 ubi
3340 2671 3418 2719 est
3459 2675 3678 2730 augmen-

2143 2756 2385 2833 tandum,
2409 2756 2498 2812 vel
2526 2756 2618 2811 ubi
2647 2771 2757 2811 non
2778 2763 2861 2812 est
2889 2755 3286 2810 seminandum.
3311 2754 3610 2825 Baptismum
3633 2750 3679 2807 in

2141 2860 2283 2915 aqua
2319 2848 2453 2902 nihil
2504 2848 2751 2917 cuiquam
2793 2847 3078 2918 perhibent
3114 2848 3307 2902 salutis
3350 2846 3557 2910 aﬂeire,
3598 2858 3679 2897 nec

2141 2952 2464 3006 quemquam
2507 2952 2697 2995 eorum
2744 2954 2881 3008 quos
2924 2939 3201 3009 decipiunt
3246 2936 3574 3009 baptizandus
3595 2949 3678 3005 pn-

2143 3038 2277 3086 tant.
2301 3029 2586 3087 Orationes
2628 3031 2830 3087 faciunt
2864 3032 2932 3087 ad
2959 3033 3129 3087 solem
3161 3049 3265 3102 per
3289 3033 3447 3099 diem,
3475 3043 3679 3101 quaqua-

2142 3136 2360 3177 versum
2395 3122 2588 3179 circuit
2619 3141 2633 3176 :
2664 3124 2735 3178 ad
2781 3123 2964 3178 lunam
2992 3139 3092 3195 per
3125 3132 3344 3180 noctem
3386 3124 3429 3178 si
3455 3125 3677 3192 apparet;

2143 3215 2189 3269 si
2218 3224 2402 3270 autem
2448 3231 2555 3272 non
2586 3224 2840 3287 apparet,
2873 3217 2938 3271 ad
2978 3217 3309 3286 aquiloniam
3348 3224 3557 3287 partem,
3597 3224 3682 3281 qua

2142 3307 2225 3362 sol
2270 3320 2396 3363 cum
2443 3308 2700 3364 occiderit
2764 3308 2833 3363 ad
2883 3306 3159 3363 Orientem
3215 3308 3510 3364 revertitur.
3556 3300 3683 3357 Stant

2141 3408 2381 3455 orantes.
2409 3398 2761 3456 Peccatorum
2784 3408 2964 3455 autem
2993 3400 3261 3468 originem
3309 3415 3415 3455 non
3440 3395 3592 3451 libero
3616 3406 3684 3446 ar-

2143 3489 2304 3545 bitrio
2328 3491 2640 3559 voluntatis,
2673 3491 2767 3547 sed
2814 3491 3128 3547 substantia:
3159 3491 3403 3545 tribuunt
3427 3485 3582 3557 gentis
3606 3480 3683 3535 ad-

2142 3596 2329 3648 versm,
2358 3598 2521 3653 quam
2566 3582 2932 3651 dogmatizant
2973 3597 3093 3636 esse
3129 3582 3435 3636 hominibus
3478 3578 3683 3631 mixtam.

2142 3670 2367 3727 Omnem
2388 3683 2518 3728 vero
2545 3688 2764 3728 carnem
2790 3689 2898 3728 non
2929 3672 3259 3737 Divinitatis,
3290 3670 3386 3727 sed
3414 3669 3556 3723 mala:
3571 3678 3685 3718 men-

2145 3763 2211 3818 tis
2246 3772 2494 3819 asserunt
2521 3779 2640 3819 esse
2679 3763 2971 3834 opiﬁcium,
3001 3778 3121 3832 qua:
3147 3762 3423 3818 contrario
3441 3758 3547 3814 Deo
3571 3768 3691 3811 cute:

2142 3863 2296 3911 terna
2330 3864 2430 3912 est.
2457 3854 2742 3911 Carnalem
2778 3855 3268 3926 concupiscentiam
3304 3868 3409 3925 qua
3435 3863 3553 3906 caro
3583 3859 3687 3900 00n-

2142 3947 2370 4016 cupiscit
2393 3947 2651 4002 adversus
2698 3948 2964 4016 spiritum,
2996 3946 3351 4001 substantiam
3379 3942 3556 3998 volunt
3593 3948 3689 3991 esse

2142 4039 2489 4104 contrariam,
2521 4039 2600 4093 sic
2628 4038 2782 4093 nobis
2820 4038 3185 4093 adlnerentem
3208 4077 3225 4102 ,
3259 4046 3320 4091 ut
3346 4033 3553 4105 quando
3580 4029 3689 4083 lihe-

2142 4144 2326 4183 ramur
2354 4137 2515 4197 atque
2555 4143 2864 4198 purgamur,
2897 4129 3090 4183 iterum
3118 4137 3420 4197 reparetur,
3450 4133 3503 4181 et
3526 4124 3576 4179 in
3613 4133 3693 4174 sua

2142 4229 2333 4277 natura
2359 4222 2523 4276 etiam
2551 4222 2665 4290 ipsa
2693 4219 3068 4275 immortaliter
3095 4219 3259 4272 vivat.
3291 4217 3348 4272 In
3376 4231 3481 4270 uno
3505 4210 3692 4267 homine

2144 4310 2276 4365 duas
2295 4311 2482 4367 dicunt
2509 4313 2715 4367 animas
2752 4326 2872 4366 esse
2901 4318 2956 4365 et
2979 4310 3110 4365 duas
3136 4318 3368 4373 mentes,
3399 4319 3587 4374 easque
3615 4313 3692 4371 per

2145 4412 2392 4458 naturam
2419 4404 2740 4467 contrarias,
2767 4404 2937 4458 bonas
2966 4409 3021 4457 et
3044 4402 3214 4455 malas
3240 4419 3254 4468 ;
3304 4414 3502 4470 easque
3537 4394 3691 4449 dicunt

2142 4497 2285 4551 inter
2304 4513 2363 4552 se
2392 4497 2590 4552 habere
2618 4494 2943 4551 conﬂictum.
2973 4494 3149 4549 Finito
3164 4502 3349 4547 autem
3377 4492 3479 4546 isto
3504 4482 3691 4543 sarculo,

2141 4597 2267 4659 post
2293 4587 2774 4658 conﬂagrationem
2799 4588 3002 4653 mundi,
3033 4587 3190 4641 istam
3215 4584 3567 4640 substantiam
3589 4574 3693 4631 mali

2143 4682 2199 4736 in
2227 4681 2390 4750 globo
2412 4680 2646 4750 quodam
2674 4680 2858 4735 dicunt
2888 4687 3142 4749 tanquam
3171 4678 3224 4732 in
3250 4690 3472 4732 carcere
3498 4684 3607 4728 esse
3622 4665 3691 4721 vi-

2142 4780 2368 4827 cturam.
2400 4769 2500 4826 Cui
2525 4770 2688 4841 globo
2725 4768 2994 4824 afﬁrmant
3021 4782 3365 4824 accessurum
3416 4772 3472 4820 et
3508 4771 3695 4828 semper

2141 4865 2499 4931 adhaesuram,
2530 4872 2586 4919 et
2610 4863 2765 4934 quasi
2790 4862 3191 4932 coopertorinm
3219 4868 3384 4929 atque
3415 4852 3692 4913 tectorium.

2135 4976 2206 5016 ex
2242 4958 2523 5014 animabus
2563 4964 2755 5011 natura
2796 4953 3014 5027 quidem
3056 4953 3232 5017 bonis,
3256 4949 3355 5006 sed
3386 4957 3562 5004 tamen
3595 4952 3696 5012 qum

2135 5066 2246 5108 non
2265 5050 2541 5121 potuerint
2563 5065 2596 5105 a
2614 5058 2821 5104 natura:
2849 5045 3004 5100 mala:
3026 5044 3354 5114 contagione
3381 5034 3633 5096 mundari.

2812 5135 3019 5191 XLVII.

2207 5233 2657 5304 Quadragesimus
2697 5230 2957 5302 septimus
2985 5226 3268 5283 haereticus
3291 5220 3554 5279 Iiieracha
3585 5212 3696 5269 Hie-

2136 5327 2334 5383 racitas
2378 5324 2629 5381 instituit.
2683 5322 2748 5376 Hi
2796 5319 3247 5377 resurrectionem
3294 5313 3475 5371 carnis
3493 5308 3697 5406 negant.

2144 5416 2170 5456 ‘
2202 5417 2495 5473 Monachos
2537 5423 2743 5470 tantum
2772 5421 2827 5468 et
2854 5411 3168 5475 monachas,
3199 5414 3252 5465 et
3274 5421 3373 5462 eos
3415 5403 3508 5476 qui
3535 5403 3699 5465 conju-

2210 5561 2230 5618 ς
2263 5549 2359 5603 Ms.
2397 5550 2555 5618 Aug.,
2587 5550 2641 5602 in
2677 5548 2893 5618 prolem.

2205 5617 2228 5656 ιι
2263 5618 2357 5675 Ms.
2391 5617 2548 5689 Aug.,
2574 5617 2851 5673 monachos
2881 5624 3049 5669 autem
3082 5620 3296 5669 tantum.
