3884 6184
174 352 261 408 605
642 349 1235 407 PREDESTINATUS
1270 352 1423 408 SIVE
1461 350 2161 411 PREDESTINATORUM
2204 357 2539 426 IIIEIIESIS,
2584 362 2736 423 ETC,
2781 358 2904 417 LIB.
2946 362 2986 417 I.

3339 362 3447 418 606

187 473 262 541 gis
284 485 388 525 non
410 469 639 534 habent,
666 468 721 523 in
760 470 1199 524 communionem
1233 469 1521 538 recipiunt.
1555 467 1633 522 Ad
1670 484 1754 522 re-
1784 474 1832 527 Α
1860 469 1953 524 bili
1977 473 2221 541 cogitari.
2256 474 2388 541 Quia
2439 492 2568 546 ergo
2593 479 2643 533 in
2686 479 2833 534 nullo
2883 480 2989 534 alio
3021 489 3225 542 errant,
3268 480 3450 534 mitius

188 577 335 630 gnum
363 560 619 617 ctelorum
644 576 751 615 non
782 561 1057 630 pertinere
1101 561 1354 631 parvulos
1382 561 1585 626 dicunt,
1628 561 1753 629 quia

190 669 284 709 non
308 661 429 706 sunt
456 651 538 706 eis
580 650 772 707 merita
802 652 908 706 ulla
943 653 1253 707 certaminis
1297 667 1406 720 quo
1436 652 1563 705 vitia
1592 668 1754 722 supeo

187 753 377 799 rantur.
425 742 628 797 Contra
680 743 822 798 hunc
866 744 1106 814 suscepit
1148 752 1364 798 sanctus
1404 744 1755 813 Aphrodisias

188 833 504 904 llellesponti
526 834 826 903 episcopus,
845 849 1095 889 asserens
1116 836 1563 890 resurrectionem
1580 835 1755 889 carnis

187 933 236 980 et
258 940 393 979 novo
422 932 477 978 et
497 925 664 980 veteri
686 923 1035 981 Testamento
1059 941 1178 980 esse
1209 926 1492 981 ﬁrmatam.
1520 924 1755 980 Infantes

188 1024 351 1071 autem
382 1014 494 1084 jam
526 1016 774 1071 homines
793 1031 913 1072 esse
954 1034 967 1070 :
1015 1024 1070 1072 et
1097 1018 1237 1072 sicut
1263 1018 1309 1072 si
1341 1017 1462 1086 quis
1486 1032 1582 1072 eos
1619 1017 1756 1072 occi-

185 1111 285 1175 dat,
328 1108 609 1164 homicidre
653 1109 878 1180 suscipit
921 1110 1158 1176 crimen;
1201 1110 1281 1166 sic
1320 1109 1413 1181 qui
1451 1125 1547 1164 eos
1580 1109 1754 1179 bapti-

184 1211 338 1258 smate
357 1204 778 1267 consecraverit,
809 1203 1113 1260 mercedem
1154 1204 1257 1258 sibi
1278 1204 1346 1260 de
1389 1204 1621 1260 hominis
1661 1218 1752 1258 sa-

185 1292 282 1347 lute
320 1293 567 1364 acquirit.
609 1291 1059 1350 Communionem
1105 1296 1241 1350 nulli
1282 1295 1603 1364 negandam,
1650 1295 1752 1349 nisi

182 1384 254 1438 his
277 1384 364 1453 qui
386 1385 763 1454 praetermissis
788 1386 1110 1455 conjugibus
1139 1388 1374 1457 propriis
1412 1388 1616 1442 alienas
1660 1402 1750 1441 re-

183 1475 399 1545 quirunt.

784 1608 801 1621 .
844 1566 1069 1622 XLVIII.

242 1656 653 1730 Quadragesima
682 1670 875 1716 octava
902 1660 1124 1717 haeresis
1151 1671 1235 1716 est
1264 1660 1695 1726 Meletianorum,
1719 1676 1749 1715 a

180 1755 377 1811 Meletio
402 1753 660 1824 quodam.
690 1753 947 1809 Nolentes
973 1769 1131 1809 orare
1175 1770 1297 1810 cum
1326 1755 1409 1810 his
1432 1755 1525 1823 qui
1551 1754 1605 1808 in
1634 1769 1752 1824 per-

1861 558 1888 597 δ
1920 575 2015 615 eos
2044 576 2208 629 agens
2239 564 2571 647 Epiphanius
2609 569 2782 623 noluit
2823 570 3104 625 haereticos
3144 570 3447 631 nominare,

1859 649 1992 704 dans
2015 653 2226 707 veniam
2258 657 2560 711 rusticitati.
2587 658 2740 725 Quod
2768 669 2948 714 autem
2978 660 3134 714 nobis
3163 677 3271 713 non
3300 676 3449 715 com-

1858 741 2154 807 municant,
2179 732 2391 801 (liritias
2424 748 2622 803 habere
2645 760 2859 805 nostros
2881 752 3164 820 episcopos
3189 753 3446 817 clamant,

1857 845 1992 899 quas
2020 832 2263 890 Christus
2289 838 2453 892 etiam
2480 839 2646 895 laicos
2676 850 3023 896 contemnere
3040 842 3210 910 jubet.
3240 840 3446 897 Pascha

1857 938 1979 977 cum
2007 922 2204 981 Judzcis
2232 927 2525 983 celebrant.
2557 929 2679 998 Egit
2707 942 2894 986 contra
2924 932 3023 986 hos
3062 931 3243 986 Zenon
3273 931 3444 1003 Syro-

1857 1031 1976 1071 rum
2002 1017 2305 1089 episcopus.

2610 1112 2695 1168 LI.

1926 1198 2385 1271 Quinquagesima
2415 1203 2589 1274 prima
2611 1206 2830 1261 haeresis
2873 1205 3345 1275 Eunomianorum,
3378 1209 3444 1264 ab

1852 1288 2138 1347 Eunomio.
2165 1292 2229 1347 Hi
2252 1283 2520 1363 serpentis
2542 1296 2748 1365 antiqui
2777 1297 2968 1367 spiritu
3003 1297 3181 1367 pleni,
3214 1315 3321 1353 non
3354 1315 3446 1355 so-

1854 1380 1966 1436 lum
1995 1383 2256 1439 minorem
2280 1384 2473 1439 Filium
2496 1425 2512 1449 ,
2556 1388 2648 1441 sed
2681 1403 2779 1442 nec
2823 1389 3013 1443 similis
3042 1390 3289 1444 essentia:
3316 1405 3442 1446 esse

1853 1472 2047 1528 Filium
2077 1484 2408 1532 asseverant.
2441 1476 2563 1547 Egit
2606 1489 2793 1533 contra
2833 1480 2933 1535 hos
2964 1481 3279 1536 Ammonius
3317 1496 3439 1553 pre-

1852 1564 2053 1637 sbyter.

2598 1659 2705 1715 LII.

1924 1747 2377 1819 Quinquagesima
2405 1750 2639 1806 secunda
2661 1750 3440 1841 hmresis\Macedonianorum,

179 1846 436 1901 secutioue
461 1844 792 1910 ceciderant,
844 1845 1075 1901 schisma
1115 1845 1377 1901 fecerunt.
1430 1844 1637 1912 Quibus
1664 1860 1746 1900 re-
1774 1835 1821 1895 B
1847 1854 1879 1893 a
1916 1837 2251 1894 Macedonio.
2303 1840 2416 1897 Hos
2455 1835 2985 1898 Pneumatomachos
3029 1843 3305 1913 appellant
3349 1859 3444 1914 per

180 1937 298 1991 stitit
318 1942 534 1992 sanctus
564 1936 795 1991 Basilius
840 1936 1126 2005 episcopus
1162 1934 1538 2006 Cappadocize,
1568 1935 1754 1992 dicens

178 2027 417 2097 majorem
442 2028 564 2099 spei
593 2035 649 2082 et
676 2027 799 2083 ﬁdei
829 2028 1148 2083 charitatem
1174 2043 1297 2097 qua:
1325 2029 1506 2084 omnia
1537 2028 1750 2094 tolerat,

180 2126 226 2171 et
249 2134 454 2172 manum
477 2118 648 2188 lapsis
672 2119 844 2187 magis
871 2117 1271 2188 porrigendam.
1303 2118 1563 2174 Hortatur
1588 2121 1753 2174 etiam

179 2207 510 2277 desperantes
531 2209 950 2277 recuperatione
988 2208 1364 2278 provocandos
1392 2220 1451 2263 ut
1478 2210 1701 2264 redeant
1733 2226 1749 2263 :

181 2300 416 2370 siquidem
438 2301 609 2356 etiam
638 2302 843 2370 angelis
868 2302 924 2356 in
953 2302 1091 2356 cmlo
1111 2302 1364 2370 gaudium
1388 2301 1563 2371 majus
1591 2301 1754 2358 faciat

181 2408 298 2448 unus
322 2394 612 2463 pmnitens,
643 2408 805 2465 quam
834 2394 1127 2461 nonaginta
1149 2409 1341 2449 novem
1363 2394 1458 2462 qui
1486 2408 1594 2449 non
1624 2407 1753 2464 pec-

182 2492 412 2539 caverunt
438 2483 617 2558 (Luc.
647 2499 738 2551 xv,
773 2483 886 2554 o7).

866 2573 1051 2629 XLIX.

237 2664 681 2736 Quadragesimus
707 2674 765 2722 et
782 2682 961 2722 nouus
983 2666 1370 2724 hmresiarcbes
1409 2666 1572 2723 Arius
1598 2674 1752 2723 ortus

183 2764 269 2812 est.
296 2756 390 2813 Hic
410 2758 649 2829 populos
674 2758 906 2814 Arianos
924 2759 1177 2825 instituit,
1204 2759 1297 2828 qui
1335 2758 1549 2815 Patrem
1589 2767 1646 2815 et
1668 2759 1755 2814 Fi-

182 2843 293 2903 lium
311 2858 365 2904 et
388 2849 654 2921 Spiritum
678 2856 931 2906 sanctum
953 2850 1146 2905 nolunt
1159 2866 1280 2906 esse
1301 2851 1460 2905 unius
1478 2850 1752 2919 ejusdem-

182 2951 270 3007 que
291 2939 622 3005 substantia},
646 2940 741 2995 sed
769 2955 890 2995 esse
916 2939 1111 2995 Filium
1133 2949 1457 3008 creaturam,
1489 2940 1749 3011 Spiritum

181 3043 295 3084 vero
317 3040 565 3087 sanctum
610 3038 915 3087 creaturam
958 3039 1242 3097 creatum,
1284 3032 1390 3087 hoc
1417 3039 1501 3087 est
1528 3031 1597 3086 ab
1628 3032 1750 3101 ipso

179 3120 299 3176 Filio
335 3132 580 3179 creatum
604 3123 813 3179 volunt.
844 3122 904 3178 In
952 3139 1019 3178 eo
1060 3133 1240 3178 autem
1281 3125 1427 3193 quod
1474 3122 1749 3179 Christum

1855 1926 2128 1986 Orientem
2159 1933 2351 1999 nostri,
2384 1948 2451 1988 eo
2479 1933 2624 2003 quod
2665 1934 2734 1988 de
2761 1932 2969 2003 Spiritu
2996 1941 3185 1989 sancto
3216 1933 3443 2004 litigent.

1854 2023 1988 2079 Nam
2017 2024 2084 2079 de
2113 2022 2274 2080 Patre
2304 2033 2358 2080 et
2388 2025 2526 2081 Filio
2555 2034 2705 2081 recte
2734 2025 3011 2092 sentiunt,
3036 2024 3295 2095 Spiritum
3317 2041 3445 2079 vero

1853 2122 2100 2168 sanetum
2131 2114 2323 2168 nolunt
2351 2114 2573 2169 credere
2614 2115 2803 2181 Deum,
2836 2122 3143 2169 creaturam
3191 2129 3313 2168 cum
3361 2115 3445 2169 di-

1854 2215 2061 2261 centes.
2094 2205 2363 2261 Philaster
2382 2208 2571 2262 scribit
2603 2206 2977 2262 Macedonium
3023 2205 3282 2277 Spiritum
3322 2223 3447 2261 san-

1844 2304 1999 2353 etum
2028 2298 2292 2352 Deitatem
2322 2296 2496 2352 Patris
2524 2305 2581 2353 et
2622 2298 2744 2352 Filii
2771 2298 2953 2353 dicere
2985 2315 2998 2351 :
3032 2314 3140 2369 quo
3186 2298 3332 2353 dicto
3361 2299 3444 2351 vi-

1852 2387 2012 2443 detur
2035 2388 2420 2458 proprietatem
2448 2404 2600 2444 suam
2627 2396 2817 2445 saneto
2844 2386 3069 2459 Spiritui
3094 2388 3361 2457 denegare
3393 2398 3439 2440 ο.

2585 2480 2713 2537 LIII.

1924 2571 2376 2642 Quinquagesima
2432 2574 2592 2629 tertia
2655 2573 2877 2629 haeresis
2930 2574 3320 2637 Aerianorum,
3374 2572 3442 2627 ab

1853 2664 2017 2720 Aerio
2042 2665 2280 2735 quodam
2318 2682 2332 2719 :
2371 2667 2464 2737 qui
2514 2682 2638 2723 cum
2674 2674 2817 2723 esset
2856 2665 3158 2737 presbyter,
3206 2663 3443 2719 doluisse

1854 2757 2025 2812 fertur
2058 2757 2203 2827 quod
2256 2773 2367 2813 non
2416 2766 2558 2814 esset
2596 2758 2882 2829 episcopus
2925 2756 3223 2812 ordinatus.
3264 2754 3443 2826 C(epit

1853 2846 2050 2906 docere
2078 2863 2188 2904 non
2212 2848 2412 2905 debere
2438 2864 2540 2919 pro
2561 2848 2952 2904 dormientibus
2978 2845 3180 2914 oll‘erri,
3212 2860 3313 2901 nec
3337 2855 3444 2903 sta-

1853 2948 1971 2996 tuta
1997 2941 2321 2997 celebranda
2366 2956 2487 2997 esse
2519 2940 2753 3012 jejunia;
2785 2939 2881 2996 sed
2926 2955 3050 2996 eum
3078 2939 3307 3009 quisque
3345 2954 3443 2993 vo-

1852 3030 2032 3097 luerit,
2087 3031 2486 3115 jejunandum,
2543 3048 2613 3089 ne
2666 3030 2914 3087 videatur
2965 3044 3086 3086 esse
3148 3028 3247 3084 sub
3300 3027 3442 3099 lege.

1852 3119 2237 3194 Presbyterum
2281 3123 2351 3179 ab
2391 3123 2649 3194 epiScopo
2693 3123 2839 3178 nulla
2885 3119 3191 3177 diﬂ‘erentia
3242 3120 3443 3175 debere

179 3209 278 3265 sine
303 3212 474 3268 anima
502 3227 732 3268 carnem
752 3213 1055 3282 suscepisse
1083 3213 1394 3277 arbitratur,
1419 3212 1749 3283 Epiphanius
1774 3199 1820 3262 C
1851 3212 2122 3280 discerni;
2163 3221 2219 3268 et
2259 3229 2368 3268 non
2416 3213 2626 3268 admitti
2665 3213 2733 3269 ad
2778 3211 3218 3269 communionem
3264 3227 3438 3276 suam,

178 3302 403 3369 prodidit.
446 3303 517 3359 Et
567 3304 691 3359 ideo
737 3303 956 3358 Patrem
1000 3303 1263 3372 majorem
1307 3303 1443 3359 Filio
1469 3304 1548 3360 sic
1594 3304 1744 3371 dicit,

177 3392 310 3458 quasi
335 3403 643 3449 creatorem
669 3410 682 3447 :
714 3400 772 3448 et
797 3392 989 3449 Filium
1018 3391 1279 3461 majorem
1308 3392 1512 3463 Spiritu
1533 3402 1744 3460 sancto,

177 3484 309 3550 quasi
330 3495 639 3541 creatorem
668 3483 802 3553 ejus.
839 3482 1097 3547 Nostros,
1128 3484 1182 3538 id
1219 3492 1303 3538 est
1330 3483 1645 3548 catholicos,
1678 3482 1746 3538 ad

176 3577 504 3633 sevenientes
543 3576 882 3645 rebaptizant
914 3593 926 3629 :
964 3583 1144 3631 utrum
1170 3576 1276 3631 hoc
1318 3577 1485 3631 etiam
1522 3576 1660 3643 aliis,
1692 3574 1747 3631 id

177 3675 363 3723 estnon
390 3669 702 3734 catholicis,
734 3667 956 3734 iaciant,
989 3684 1249 3739 nusquam
1296 3669 1508 3737 legitur.
1535 3668 1746 3725 Primus

176 3766 339 3812 contra
369 3760 466 3815 hos
493 3760 745 3830 suscepit
771 3768 990 3816 sanctus
1031 3759 1297 3815 Hesiodus
1327 3761 1613 3832 episcopus
1640 3761 1747 3817 Co-

178 3849 495 3917 rinthiomm,
524 3854 610 3907 vir
631 3853 905 3922 quietiam
934 3861 1179 3908 mortuos
1207 3853 1498 3911 suscitasse
1543 3855 1744 3911 asseri-

181 3947 271 3997 tur.
322 3941 466 3999 Unde
493 3944 699 4000 factum
737 3951 822 3999 est
850 3951 907 3998 ut
953 3944 1074 4014 plus
1098 3945 1445 4002 sanctitatem
1470 3960 1634 4015 quam
1663 3945 1745 4000 di-

180 4035 519 4100 sputationem
575 4033 918 4090 attendentes
960 4035 1210 4090 homines
1259 4035 1447 4090 Arium
1492 4050 1745 4091 exsecra-

180 4132 361 4180 rentur.
385 4128 663 4198 Siquidem
686 4127 803 4197 ejus
828 4130 1166 4186 orationibus
1178 4131 1437 4185 asseritur
1460 4130 1575 4201 ipse
1587 4130 1746 4187 Arius

179 4213 227 4267 in
243 4231 499 4275 secessum
548 4220 745 4275 sedens
787 4221 1038 4276 universa
1086 4221 1245 4278 simul
1291 4222 1573 4277 interanea
1614 4237 1739 4276 cum

177 4310 483 4367 stercoribus
522 4311 845 4381 profudisse.
876 4310 996 4366 Jam
1029 4315 1219 4368 centra
1264 4321 1466 4369 sectam
1493 4312 1609 4382 ejus
1634 4321 1742 4369 tam

178 4396 459 4456 Orientales
497 4417 661 4471 quam
701 4403 867 4457 etiam
913 4400 1288 4458 Occidentales
1328 4403 1569 4474 episcopi
1616 4405 1745 4459 seri-

177 4497 392 4552 pserunt.
418 4491 624 4558 Quibus
666 4507 791 4547 eum
818 4508 918 4563 per
956 4493 1165 4563 singula
1207 4495 1385 4565 capita
1431 4495 1740 4565 dogmatnm

176 4589 374 4635 suorum
401 4591 653 4638 asserunt
677 4584 1161 4654 blasphemantem.

904 4675 969 4730 L.

237 4763 709 4836 Quinquagesimos
738 4776 765 4806 ι
796 4767 1072 4825 Audianos
1097 4778 1364 4826 memorat
1385 4769 1737 4842 Epiphanius,

177 4865 271 4908 non
296 4858 507 4924 quidem
537 4858 838 4923 haereticos,
868 4858 965 4914 sed
1002 4861 1373 4918 schismaticos
1410 4880 1423 4915 :
1472 4877 1611 4932 quos
1647 4864 1739 4919 alii

177 4941 732 5019 Anthropomorphitas
760 4958 976 5017 vocant,
1007 4952 1264 5020 quoniam
1293 4953 1463 5009 Deum
1501 4955 1604 5011 sibi
1632 4953 1736 5010 ﬁn-

176 5045 291 5100 gunt
329 5041 656 5109 cogitatione
699 5044 944 5111 carnali,
992 5045 1049 5099 in
1091 5046 1445 5103 similitudine
1490 5047 1738 5116 imaginis

178 5135 519 5204 corruptibilis
570 5136 825 5203 hominis,
855 5137 1096 5193 dicentes
1130 5155 1142 5191 :
1175 5136 1326 5192 Oculi
1354 5136 1565 5193 Domini
1584 5156 1739 5211 super

174 5220 321 5292 justas
357 5227 482 5299 (Ps.
529 5245 712 5295 χχχιιι,
748 5228 872 5299 l6);
915 5227 1080 5284 Curios
1127 5246 1285 5301 opera
1332 5230 1611 5302 digitorum
1638 5229 1738 5286 Dei

179 5313 288 5377 (Ps.
318 5335 425 5384 vm,
455 5320 544 5389 4);
583 5331 683 5379 et:
730 5321 872 5376 Deus
913 5322 1057 5377 sedet
1091 5338 1244 5394 super
1281 5324 1458 5378 sedem
1500 5334 1737 5379 sanctam

178 5420 307 5462 suam
335 5409 458 5483 (Ps.
492 5430 629 5480 m1,
661 5413 749 5483 9);
782 5424 837 5469 et
869 5433 881 5467 :
917 5414 1056 5469 Deus
1083 5417 1225 5469 stetit
1251 5416 1306 5469 in
1325 5432 1593 5488 synagoga
1615 5418 1737 5473 deo-

180 5511 278 5552 rum
307 5501 431 5573 (Ps.
463 5522 639 5573 um,
672 5507 747 5573 1),
779 5515 836 5562 et
860 5516 1075 5573 uetera,
1116 5523 1236 5577 qua:
1261 5518 1486 5579 possunt
1511 5509 1580 5565 de
1610 5511 1735 5566 visi-

241 5650 263 5715 f
420 5644 573 5715 Aug”
615 5645 919 5699 Valdianos.
949 5645 1193 5714 August.,
1231 5644 1514 5699 Vadianos.

245 5710 267 5747 ⁸)
297 5712 385 5783 iis.
414 5710 564 5783 Aug”
600 5720 648 5771 in
687 5734 772 5771 eos
813 5733 986 5782 agens.

246 5791 263 5818 τ
292 5781 382 5838 his.
414 5781 542 5857 Aug.
571 5788 744 5843 adiit:
779 5792 879 5857 egi!
912 5796 1086 5841 contra
1118 5802 1203 5840 cos
1234 5785 1460 5857 synodus
1490 5785 1731 5841 Nicwnn.

1848 3303 1953 3359 nisi
1973 3319 2004 3357 a
2032 3304 2289 3374 conjugio
2314 3304 2666 3360 abstinentes.

2578 3412 2711 3467 LIV.

1919 3501 2368 3571 Quiuquagesima
2396 3512 2453 3558 et
2477 3510 2668 3572 quarta
2698 3503 2919 3558 hmresis
2948 3501 3201 3567 Aetiana,
3234 3502 3302 3555 ab
3329 3500 3438 3556 Ae-

1846 3595 1923 3649 tio
1950 3600 2161 3648 vocata.
2194 3591 2262 3648 Hi
2300 3608 2422 3648 cum
2464 3592 2730 3648 Eunomio
2758 3590 3072 3647 dissimilem
3119 3605 3216 3660 per
3256 3590 3435 3644 omnia

1846 3683 1996 3740 Patri
2034 3684 2227 3741 Filium
2273 3682 2300 3722 ἀ
2346 3683 2701 3749 conﬁtentur;
2750 3692 2806 3737 et
2848 3682 3033 3737 dicunt
3067 3700 3103 3763 εἰ
3132 3680 3439 3749 quicunque

1845 3783 2046 3833 nostra:
2076 3775 2200 3832 ﬁdei
2245 3776 2604 3841 consentiunt,
2653 3774 2825 3830 sciant
2869 3773 2970 3828 sibi
3004 3782 3027 3810 ο
3059 3772 3202 3827 nulla
3248 3771 3440 3826 obesse

1844 3876 2068 3939 peccata
2101 3884 2433 3939 quaecunque
2472 3867 2541 3923 ab
2564 3866 2643 3922 eis
2663 3865 2862 3921 iuerint
2882 3871 3210 3936 perpetrata.
3235 3862 3436 3919 Contra

1844 3961 1945 4017 hos
1971 3962 2209 4033 synodus
2235 3960 2303 4015 20
2330 3961 2705 4031 episcoporum
2743 3958 2854 4027 egit
2881 3959 2934 4012 in
2965 3939 3207 4013 Achaia.‘

2579 4068 2691 4124 LV.

1917 4182 2367 4253 Quinquagesima
2389 4189 2445 4237 et
2464 4181 2650 4250 quinta
2678 4179 2900 4234 hazresis
2929 4177 3435 4248 Apollinaristarum

1845 4285 1947 4341 est,
1982 4275 2050 4329 ab
2079 4273 2390 4344 Apollinare
2435 4271 2711 4325 inchoata.
2759 4268 2967 4336 Negant
2994 4266 3267 4321 hominem
3314 4282 3438 4337 per-

1843 4369 2042 4426 fectum
2064 4368 2117 4422 in
2133 4366 2367 4430 Christo,
2387 4363 2482 4420 sed
2497 4361 2919 4432 assumptionem
2936 4359 3112 4415 carnis
3128 4360 3199 4413 ita
3217 4357 3433 4421 iactam,

1843 4471 1903 4517 ut
1924 4462 2068 4517 intus
2090 4461 2142 4515 in
2163 4459 2380 4515 homine
2405 4472 2505 4528 pro
2535 4456 2713 4510 anima
2734 4454 2987 4510 divinitas
3014 4461 3172 4508 esset.
3205 4451 3437 4507 Carnem

1767 4568 1818 4626 υ
1844 4564 2026 4609 autem
2056 4562 2112 4609 et
2137 4551 2376 4609 Verbum
2424 4550 2584 4606 unius
2630 4547 2979 4619 ejusdemque
3026 4545 3193 4601 voluit
3237 4545 3436 4600 docere

1846 4645 2174 4701 substantize.
2250 4641 2756 4698 Contentiosissime
2805 4637 3092 4694 aﬁ'erentes
3142 4655 3155 4690 :
3213 4634 3437 4690 Verbum

1845 4756 1967 4795 caro
1997 4742 2193 4811 factum
2219 4747 2296 4793 est
2329 4735 2519 4808 (Joan.
2547 4751 2594 4800 ι,
2629 4732 2765 4802 14),
2796 4731 2983 4787 volunt
3009 4729 3205 4785 docere
3233 4728 3437 4800 aliquid

1844 4831 1913 4886 de
1936 4831 2115 4886 Verbo
2144 4829 2199 4884 in
2248 4842 2465 4883 carnem
2512 4837 2851 4880 conversum.
2896 4820 3117 4891 Insuper
3161 4820 3327 4875 etiam
3365 4820 3435 4876 de

1845 4922 2025 4977 Maria:
2052 4936 2216 4977 carne
2253 4918 2386 4973 nihil
2432 4932 2555 4973 esse
2600 4921 2909 4985 susceptum
2962 4913 3018 4967 in
3068 4912 3436 4969 incarnatione

1844 5013 2055 5069 Domini
2103 5011 2273 5067 nostri
2319 5008 2447 5064 Jesu
2486 5006 2685 5063 Christi
2726 5004 3063 5062 conﬁrmant.
3096 5004 3219 5076 Egit
3246 5012 3437 5061 contra

1844 5106 1985 5160 hunc
2011 5101 2249 5176 synodus
2276 5102 2330 5157 in
2352 5099 2658 5155 Antiochia.

2569 5210 2697 5267 LVI.

1916 5328 1974 5383 lu
2002 5324 2444 5398 quinquagesima
2473 5331 2627 5380 sexta
2674 5322 2865 5378 hzeresi
2909 5320 2927 5359 ί
2981 5313 3433 5375 Antidieomaritae

1844 5417 2097 5491 appellati
2124 5424 2251 5472 sunt
2278 5414 2547 5482 hmretici,
2590 5414 2684 5483 qui
2725 5413 2904 5469 Maria:
2947 5406 3231 5479 virginitati
3261 5417 3433 5497 usque

1842 5509 1978 5566 adeo
2005 5506 2400 5572 contradicunt,
2450 5513 2509 5562 ut
2553 5504 2820 5562 aﬁirment
2864 5517 2985 5564 eam
3013 5508 3135 5572 post
3161 5496 3428 5553 Clu-istum

1916 5643 1940 5681 ἀ
1976 5643 2069 5696 .\Is.
2104 5642 2264 5709 Aug.,
2296 5641 2599 5710 conﬁtentes
2630 5640 2823 5710 dicunt.

1921 5726 1942 5750 ο
1976 5714 2069 5767 Ms.
2105 5708 2262 5779 Aug},
2296 5708 2439 5765 nulla
2474 5727 2622 5780 posse
2642 5708 2831 5763 obesse.

1923 5784 1938 5821 τ
1966 5784 2313 5855 Augustinus,
2338 5781 2899 5835 Antidicomarmmm.
