3926 6176
411 364 510 421 607
1401 352 1771 413 ANONYMUS
1808 346 2089 406 AUCTOR
2126 345 2671 404 PRAEDESTINATI.
3454 410 3461 416 θ
3578 354 3675 411 eos

415 488 598 549 natum
618 478 733 532 viro
754 477 915 532 fuisse
934 475 1298 532 commixtam.
1324 472 1444 542 Egit
1472 479 1661 527 contra
1689 472 1789 526 hos
1817 467 1993 521 Theoc
2024 471 2065 522 Α
2098 464 2252 534 pejus
2294 472 2394 532 est,
2426 466 2552 535 quia
2581 481 2933 536 quoscunque
2961 468 3231 537 simplices
3263 467 3577 533 invenerint.
3605 472 3674 526 ita

372 614 393 631 I
413 571 573 627 ιιοιυε
600 569 824 641 Cyprius
852 569 1155 639 episcopus,
1496 606 1503 611 .
2098 572 2193 612 eos
2220 555 2424 612 faciunt
2464 558 2664 612 sentire
2694 566 2746 612 et
2774 560 3012 614 credere.
3048 560 3162 615 lloc
3203 560 3377 616 scelus
3402 562 3554 616 valde
3582 562 3677 617 ini-

1126 657 1278 712 LVII.

485 750 990 818 Quinquagesimam
1020 757 1076 803 et
1102 751 1385 819 septimam
1428 747 1673 802 haeresim
1716 745 1996 801 Messalia-

414 857 601 895 norum
627 841 963 895 invenimus:
996 841 1138 908 quod
1170 855 1364 893 nomen
1395 854 1461 893 ex
1493 840 1670 907 lingua
1700 837 1832 915 Syra
1878 846 1992 902 est;

383 921 594 986 'Gmce
622 942 799 987 autem
823 932 1071 987 dicuntur
1092 931 1349 994 Euchitaz,
1382 932 1448 985 ab
1477 931 1683 985 orando
1710 932 1788 985 sic
1815 930 1999 1001 appel-

410 1024 525 1079 lati.
558 1024 673 1078 Non
704 1024 957 1093 psallunt,
985 1024 1183 1091 jugiter
1210 1028 1387 1078 orant.
1419 1022 1525 1078 Sed
1551 1023 1675 1092 quia
1700 1024 1803 1078 hoc
1824 1023 1995 1078 solum

413 1115 631 1179 faciunt,
672 1131 778 1169 non
824 1116 1085 1170 habentes
1130 1115 1445 1170 charitatem
1486 1130 1588 1169 nec
1632 1114 1849 1184 alloquii
1899 1130 1998 1169 nec

414 1206 778 1271 humanitatis,
808 1207 947 1261 inter
992 1207 1271 1262 haereticos
1316 1215 1440 1260 sunt
1482 1222 1512 1259 a
1558 1215 1742 1261 sancta
1791 1205 1997 1278 synodo

411 1297 692 1352 confutati.
715 1297 1091 1353 Condemnant
1111 1300 1270 1353 etiam
1293 1315 1387 1354 eos
1407 1301 1700 1356 monachos
1721 1300 1811 1370 qui
1833 1300 1993 1365 aliud,

409 1398 607 1461 pnnter
644 1390 854 1459 legendi
883 1391 1179 1459 orandique
1215 1406 1378 1460 opera
1410 1391 1607 1461 aliquid
1638 1390 1833 1445 fuerint
1862 1406 1997 1460 ope-

410 1480 535 1545 rati,
561 1480 644 1535 vel
665 1481 814 1544 artis,
841 1481 921 1535 vel
944 1482 1296 1549 agriculturae.
1327 1480 1505 1550 Usque
1526 1482 1591 1535 ad
1612 1483 1743 1536 istos
1765 1480 1998 1551 Epipha-

410 1572 532 1626 nius
558 1573 820 1640 pervenit,
851 1578 906 1625 et
933 1572 1098 1625 siluit.
1123 1570 1299 1626 Credo
1328 1587 1450 1626 eum
1481 1588 1650 1641 usque
1679 1572 1744 1626 ad
1774 1572 1828 1626 id
1855 1579 1994 1626 tem-

411 1662 559 1732 poris
604 1662 822 1717 vixisse.
865 1660 1144 1717 Prtcterita
1193 1663 1337 1716 enim
1368 1671 1423 1717 et
1451 1663 1733 1732 praesentia
1763 1662 1999 1718 indicare

413 1752 643 1806 humana
669 1753 953 1807 curiositas
993 1761 1189 1822 potest,
1214 1753 1356 1808 Deus
1400 1762 1579 1809 autem
1626 1754 1775 1809 solus
1819 1762 1998 1823 potest

2097 651 2292 706 micum
2318 651 2505 705 salutis
2533 658 2732 705 nostra:
2771 652 2845 705 ita
2893 660 3137 706 astruunt
3167 671 3179 705 :
3212 652 3352 720 Ergo
3391 653 3532 708 Deus
3570 654 3678 709 illas

2101 740 2291 796 sordes
2337 741 2521 795 habuit
2568 741 2873 807 sustinere,
2920 758 3053 811 quas
3100 745 3359 797 naturalis
3401 745 3678 814 conceptio

2097 841 2284 902 partus
2322 840 2376 886 et
2403 834 2660 902 parientis
2704 834 2918 903 inﬂigit;
2952 834 3244 904 habuitque
3276 836 3368 889 Dei
3397 836 3561 890 Filius
3586 838 3677 890 ha-

2099 921 2227 977 bere
2257 922 2436 976 alvum
2465 923 2683 991 degesta
2714 940 2809 979 sua
2836 927 3166 990 abluentem,
3198 927 3475 980 humorem
3500 927 3565 980 de
3590 944 3679 981 na-

2096 1016 2266 1081 ribus,
2295 1017 2518 1070 salivam
2560 1033 2627 1071 ex
2675 1033 2790 1083 ore,
2838 1018 3052 1073 sordem
3102 1019 3154 1073 in
3201 1035 3349 1085 aure,
3398 1021 3451 1075 in
3499 1028 3679 1074 ventre

2097 1114 2373 1173 stercora,
2419 1116 2663 1176 putorem
2714 1110 2767 1163 in
2814 1110 3189 1164 exhalatione?
3234 1118 3290 1165 et
3336 1111 3417 1164 his
3466 1111 3675 1172 similia,

2098 1213 2217 1267 quae
2248 1198 2452 1252 insania
2479 1200 2674 1255 mentis
2701 1200 2990 1268 excogitat.
3022 1200 3116 1254 llis
3144 1199 3505 1255 Tertullianus
3528 1201 3679 1256 vehe-

2098 1298 2311 1344 menter
2340 1291 2600 1356 occurrit,
2633 1292 2925 1348 ostendens
2948 1292 3041 1347 Dei
3071 1291 3262 1346 Filium
3307 1292 3679 1361 impassibilcm

2099 1396 2236 1442 esse,
2269 1390 2324 1436 et
2353 1383 2450 1435 ista
2481 1382 2754 1436 Divinitati
2801 1398 2908 1436 non
2949 1381 3195 1450 injuriam
3238 1382 3332 1437 sed
3371 1382 3580 1437 laudem
3608 1380 3681 1435 al—
3728 1419 3740 1426 .

2098 1472 2259 1527 ferre.
2292 1472 2442 1527 Sicut
2484 1488 2607 1538 rex,
2636 1474 2729 1541 qui
2777 1473 2963 1527 volens
3009 1473 3264 1527 annulum
3296 1489 3521 1527 aureum
3566 1488 3679 1527 cum

2099 1578 2307 1633 gemma
2336 1564 2404 1620 de
2430 1565 2614 1620 cloaca
2645 1566 2845 1628 levare,
2877 1565 3049 1621 induit
3076 1581 3134 1620 se
3155 1565 3402 1621 servilem
3426 1566 3677 1627 tunicam,

2100 1664 2157 1712 et
2183 1658 2261 1713 sic
2288 1656 2565 1713 descendit
2602 1658 2668 1712 ad
2715 1660 2976 1725 cloacam,
3020 1668 3078 1714 ut
3124 1667 3427 1715 stercoreas
3469 1660 3682 1727 injurias

2101 1748 2279 1801 tunica
2309 1748 2397 1802 illa
2427 1749 2716 1818 suscipiat,
2747 1758 2802 1803 et
2827 1750 3049 1805 mittens
3075 1764 3318 1815 manum,
3350 1758 3406 1804 et
3430 1750 3684 1804 annulum

413 1840 587 1895 futura
637 1842 945 1911 prmdicere.
990 1842 1188 1897 Verum
1230 1844 1355 1913 quia
1396 1842 1660 1898 Philaster
1700 1845 1751 1897 in
1798 1845 1909 1899 suis
1949 1854 2002 1899 et
2034 1838 2077 1895 Β
2106 1852 2326 1892 aureum
2355 1853 2474 1893 cum
2504 1853 2713 1908 Gemma
2747 1840 3001 1909 eripiens:
3029 1856 3168 1909 aqua
3209 1840 3396 1903 εὼιυῖῑν
3436 1848 3497 1895 εί
3524 1840 3682 1907 (“Silo

414 1932 526 2001 ipse
556 1931 704 1985 libris
728 1931 921 2000 quibus
949 1931 1281 1988 diversorum
1305 1933 1499 1988 retexit
1527 1934 1803 1998 historias,
1837 1935 1998 1989 etiam

415 2022 647 2078 htcreses
674 2039 791 2093 quae
821 2032 951 2078 orta:
980 2022 1179 2079 fuerint
1219 2026 1427 2080 cazteris
1454 2026 1753 2095 quibusque
1792 2035 2001 2097 tempo-

415 2113 564 2169 ribus
583 2155 597 2177 ,
631 2129 696 2167 ex
727 2115 844 2182 ejus
871 2130 1016 2169 nunc
1047 2114 1195 2169 libris
1223 2114 1578 2185 discerpendo
1606 2117 1749 2171 solas
1770 2116 2001 2172 haereses

415 2205 469 2259 in
498 2204 731 2259 medium
757 2205 1090 2262 exhibemus.
1127 2203 1248 2274 Egit
1274 2214 1463 2262 contra
1492 2207 1593 2263 hos
1615 2204 1851 2278 Ephrem
1873 2223 1998 2279 pre-

415 2295 597 2366 sbyter
624 2293 902 2366 Syrorum.

1102 2386 1282 2444 LVIII.

484 2476 992 2547 Quinquagesimam
1012 2487 1068 2533 et
1097 2487 1344 2534 octavam
1365 2480 1610 2535 hazresim
1631 2479 2006 2550 Metangismo—

418 2571 543 2626 niue
570 2572 971 2627 inchoaveram.
1007 2581 1229 2647 ’Δγγιῐον
1255 2573 1444 2629 Graeco
1472 2589 1721 2630 sermone
1747 2590 1844 2629 vas
1871 2575 2002 2629 dici-

418 2671 528 2728 tur,
553 2666 902 2736 μιταγονισμὸς
940 2671 1118 2719 autem
1165 2680 1262 2719 vas
1290 2665 1429 2719 intra
1459 2682 1552 2721 vas
1578 2666 1889 2721 advertitur.
1922 2665 2002 2720 Ex

420 2754 525 2809 isto
547 2771 675 2823 ergo
697 2757 924 2811 articulo
946 2758 1048 2812 hoc
1071 2757 1171 2811 sibi
1193 2774 1389 2812 nomen
1412 2768 1708 2823 assumunt,
1726 2758 1998 2814 dicentes:

420 2844 509 2899 Sic
534 2854 618 2899 est
644 2845 810 2901 Filius
838 2847 890 2900 in
929 2845 1090 2901 PatTe
1118 2848 1389 2916 quomodo
1418 2866 1512 2904 vas
1538 2851 1713 2903 minus
1741 2851 1879 2904 intra
1908 2868 2004 2906 vas

421 2934 610 3004 majus.
644 2935 790 3002 Quos
819 2937 939 2992 ideo
967 2938 1212 3007 repudiat
1244 2937 1481 2994 Ecclesia
1511 2959 1523 2994 :
1556 2942 1680 3009 quia
1722 2943 1789 2996 de
1827 2943 2004 2997 incor-

422 3023 589 3096 μοι·δο
635 3027 922 3082 carnaliter
966 3029 1219 3094 sentiunt,
1268 3038 1323 3085 et
1369 3031 1436 3085 dc
1481 3031 2006 3102 incomprehensibili

423 3127 447 3155 ⁸
472 3117 669 3175 liniatis
716 3126 896 3186 agunt,
947 3126 1003 3173 et
1047 3119 1115 3174 de
1140 3121 1444 3188 aequalitate
1474 3121 1776 3177 Divinitatis
1810 3123 2005 3192 gradus

2101 1945 2200 1984 suo
2228 1931 2392 1998 regali
2432 1931 2636 1996 induit,
2682 1940 3033 2002 posteaquam
3081 1932 3205 1987 inde
3250 1932 3575 1987 ascenderit.
3612 1932 3701 1987 Ita.

2102 2020 2291 2088 procul
2336 2019 2501 2075 dubio
2549 2021 2643 2075 Dei
2694 2021 2860 2077 Filius
2907 2023 3134 2077 formam
3182 2030 3324 2077 servi
3367 2022 3683 2092 suscipiens.

2101 2110 2257 2163 venit
2277 2125 2384 2164 non
2412 2110 2585 2165 solum
2615 2111 2683 2165 ad
2712 2112 2911 2167 inferos
2939 2114 3197 2168 cmlorum
3216 2155 3230 2179 ,
3262 2113 3353 2167 ubi
3380 2128 3481 2167 nos
3508 2129 3687 2168 sumus

2103 2200 2195 2269 qui
2224 2200 2466 2255 videmur
2497 2202 2677 2257 vivere
2708 2203 2761 2256 in
2792 2203 3024 2267 mundo,
3071 2204 3167 2259 sed
3194 2205 3354 2259 etiam
3395 2204 3462 2258 ad
3494 2204 3688 2261 inferos

2103 2290 2404 2358 inferiores,
2440 2294 2533 2362 qui
2568 2302 2718 2350 tanto
2747 2311 2777 2349 a
2806 2295 2963 2351 nobis
2991 2304 3114 2351 sunt
3139 2297 3455 2367 profundius
3483 2305 3685 2367 quanto

2103 2398 2202 2438 nos
2229 2399 2414 2439 sumus
2433 2386 2600 2451 cmlo;
2624 2394 2680 2440 et
2700 2394 2758 2441 ut
2780 2387 2901 2442 inde
2921 2388 3211 2442 humanum
3241 2402 3409 2457 genus
3434 2389 3686 2458 eriperet,

2103 2483 2416 2530 cunctarum
2445 2478 2704 2544 sordium,
2728 2495 2836 2534 non
2867 2496 3102 2546 suarum,
3136 2482 3229 2535 sed
3258 2487 3590 2545 nostrarum,
3612 2488 3687 2535 cst

2104 2568 2411 2635 squalorem
2441 2585 2745 2639 perpessus.
2799 2569 2904 2625 Pro
2932 2572 3233 2627 viventibus
3260 2572 3338 2627 sic
3376 2572 3517 2626 vixit
3558 2572 3686 2626 sicut

2105 2673 2205 2712 nos
2232 2660 2325 2728 qui
2362 2660 2618 2726 vivimus,
2649 2662 2781 2717 nihil
2809 2662 2951 2717 aliud
2997 2663 3232 2728 distans,
3279 2664 3382 2717 nisi
3413 2663 3522 2719 hoc
3550 2661 3687 2732 quod

2105 2752 2499 2809 immaculatam
2526 2754 2691 2808 vitam
2716 2755 2976 2818 exercuit,
3000 2755 3203 2810 habens
3236 2757 3374 2809 intra
3402 2770 3461 2810 se
3488 2754 3684 2818 Deum;

2106 2858 2204 2913 pro
2250 2845 2476 2898 mortuis
2527 2846 2606 2901 sic
2654 2854 2924 2911 mortuus,
2977 2846 3107 2900 nihil
3153 2846 3385 2911 distans,
3438 2845 3543 2901 nisi
3588 2845 3688 2899 hoc

2105 2936 2249 3005 quod
2278 2938 2437 2992 tertia
2479 2938 2566 2992 die
2611 2940 2902 2994 resurrexit
2944 2954 2973 2992 a
3003 2939 3261 3004 mortuis;
3291 2947 3348 2993 et
3387 2937 3538 3006 quod
3564 2952 3687 3007 pro-

2106 3035 2292 3097 pterea
2321 3030 2400 3085 sic
2426 3029 2726 3096 descendit,
2753 3041 2812 3085 ut
2838 3039 3054 3086 sanctos
3084 3029 3206 3085 inde
3231 3037 3447 3084 erueret
3473 3035 3529 3083 et
3550 3043 3687 3083 mor-

2107 3120 2176 3175 tis
2195 3121 2489 3194 principem
2513 3124 2783 3191 religaret.
2812 3123 2966 3190 Quod
2990 3132 3168 3178 autem
3190 3123 3447 3177 annulum
3471 3134 3685 3176 aureum

423 3216 681 3261 statuunt.
714 3207 832 3278 Egit
856 3215 1044 3264 contra
1073 3210 1172 3265 hos
1207 3187 1475 3267 Diodorus
1521 3187 2009 3283 episcopus'Nico-
2035 3187 2081 3249 (ἶ
2112 3187 2235 3268 cum
2260 3187 2470 3282 gemma
2496 3187 2695 3284 posuit,
2720 3219 2824 3271 hoc
2836 3187 2903 3270 'in
2934 3216 3178 3286 sequenti
3198 3215 3430 3269 lectione
3459 3212 3684 3275 edocuit,

424 3299 631 3354 mediae.

1155 3389 1285 3446 LIX.

494 3478 551 3533 In
581 3480 1103 3550 quinquagesima'et
1130 3499 1272 3565 nona
1312 3484 1501 3541 haeresi
1530 3484 1831 3541 Seleuciani
1860 3495 2004 3554 sunt,

427 3572 532 3625 orti
562 3588 593 3625 a
617 3570 843 3629 Seleuco
888 3593 900 3627 :
945 3576 1036 3644 qui
1079 3576 1471 3631 elementorum
1500 3580 1781 3633 materiam
1809 3578 1877 3633 de
1903 3592 2009 3647 qua

428 3661 599 3717 factus
620 3672 700 3717 est
722 3664 966 3731 mundus,
999 3682 1106 3721 non
1136 3682 1166 3720 a
1189 3667 1300 3722 Deo
1328 3666 1522 3722 factam
1544 3669 1747 3733 dicunt,
1776 3668 1870 3723 sed
1899 3669 2010 3723 Deo

427 3753 749 3808 chaeternam
781 3774 794 3808 :
827 3772 927 3811 nec
955 3757 1186 3811 animam
1222 3758 1333 3813 Deo
1362 3759 1603 3813 tribuunt
1631 3761 1883 3825 creatori,
1914 3761 2013 3815 sed

430 3851 707 3905 creatorcs
726 3861 844 3900 esse
866 3848 1162 3902 animarum
1187 3847 1406 3918 angelos
1427 3851 1615 3905 volunt
1643 3851 1709 3906 de
1730 3852 1839 3921 igni
1864 3860 1919 3906 et
1946 3852 2013 3908 de

430 3936 640 4006 spiritu.
673 3936 869 3991 Malum
899 3946 1078 3992 autem
1100 3948 1347 3994 asserunt
1370 3956 1489 3996 esse
1518 3941 1805 4011 aliquando
1826 3958 1856 3996 a
1878 3942 2009 4009 Deo,

430 4027 718 4096 aliquando
764 4043 795 4082 a
842 4030 1085 4084 materia.
1137 4031 1344 4100 Negant
1389 4028 1722 4089 Salvatorem
1770 4036 1823 4089 in
1853 4051 2016 4091 carne

429 4118 620 4173 sedere
668 4120 735 4175 ad
782 4120 1059 4176 dexteram
1109 4120 1317 4189 Patris,
1349 4124 1443 4180 sed
1470 4139 1533 4180 ea
1559 4141 1619 4184 se
1647 4128 1858 4182 exuisse
1885 4144 2013 4198 per-

430 4209 635 4276 hibent,
663 4226 888 4281 eamque
919 4212 971 4266 in
995 4212 1109 4268 sole
1137 4216 1399 4284 posuisse,
1428 4216 1752 4286 accipientes
1774 4219 2016 4273 occasio-

431 4316 553 4357 nem
592 4301 661 4358 de‘
691 4302 897 4372 psalmo
927 4304 1016 4359 ubi
1058 4304 1253 4373 legitur
1286 4324 1298 4358 :
1333 4305 1398 4360 In
1426 4306 1535 4361 sole
1569 4310 1739 4378 posuit
1776 4307 2018 4361 taberna-

428 4392 598 4445 culum
625 4408 772 4445 suum
799 4391 970 4464 (Paul.
1000 4410 1145 4459 xvm,
1169 4395 1244 4464 6).
1277 4396 1483 4465 Negant
1510 4398 1774 4453 visibilem
1803 4399 2016 4470 paradi-

431 4497 569 4547 sum,
581 4482 906 4552 baptismum
921 4484 974 4538 in
990 4500 1128 4553 aqua
1145 4501 1250 4540 non
1266 4488 1550 4556 accipiunt,
1567 4491 2015 4546 resurrectionem

2110 3304 2254 3375 quod
2284 3306 2537 3360 annulum
2567 3322 2765 3376 corpus
2791 3307 3048 3376 posuerit,
3078 3320 3343 3374 gemmam
3364 3319 3497 3358 vero
3528 3302 3690 3358 inclu-

2110 3410 2226 3451 sam
2253 3410 2372 3450 esse
2400 3396 2632 3450 animam
2660 3396 2968 3451 declaravit.
3007 3394 3161 3450 Hunc
3188 3409 3317 3463 ergo
3346 3394 3605 3448 annulum
3627 3391 3689 3445 de

2108 3490 2436 3544 stercoribus
2475 3490 2707 3560 antiquis
2734 3497 2789 3543 et
2824 3488 2891 3543 de
2918 3488 3102 3543 cloaca
3128 3487 3287 3556 hujus
3328 3486 3515 3541 mundi
3545 3485 3690 3541 Chri-

2110 3589 2225 3637 stus
2252 3582 2469 3637 elevans
2490 3597 2553 3637 ac
2575 3582 2909 3653 baptismatis
2928 3579 3069 3635 unda
3087 3578 3435 3650 perfundens,
3461 3579 3532 3633 ab
3551 3576 3688 3633 omni

2111 3673 2363 3742 squalore
2410 3672 2663 3737 abluens,
2715 3673 2767 3725 in
2810 3672 2921 3726 suis
2949 3670 3073 3726 fecit
3099 3670 3299 3725 sanctis
3334 3669 3585 3723 manibus
3605 3682 3689 3721 ra-

2112 3762 2280 3817 diare.
2312 3762 2581 3830 Siquidem
2610 3763 2680 3816 ita
2709 3762 2905 3831 legitur
2945 3780 2958 3813 :
3000 3757 3271 3815 Justorum
3300 3769 3471 3814 autem
3504 3760 3689 3812 animo:

2112 3854 2168 3907 in
2195 3869 2353 3905 manu
2381 3851 2479 3905 Dei
2507 3860 2626 3907 sunt
2652 3852 2817 3923 (Sap.
2844 3868 2927 3914 ιιι,
2958 3851 2982 3904 I
3007 3852 3045 3923 ).
3080 3849 3145 3905 Et
3169 3853 3363 3905 iterum
3397 3869 3410 3903 :
3444 3849 3591 3904 Pone
3616 3863 3691 3902 nu

2112 3946 2245 3999 sicut
2271 3944 2515 3997 annulum
2544 3946 2599 3997 in
2628 3960 2783 3997 manu
2806 3953 2891 3997 tua
2916 3942 3088 4014 (Cant.
3112 3956 3221 4002 vm,
3248 3941 3325 4007 ti).
3352 3940 3419 3994 Et
3444 3959 3456 3993 :
3483 3939 3549 3993 In
3577 3955 3688 3992 rua-

2117 4054 2211 4092 nus
2242 4046 2356 4091 tuas
2385 4036 2685 4091 commendo
2714 4037 2951 4104 spiritum
2987 4051 3154 4089 meum
3178 4033 3348 4105 (Paul.
3374 4049 3499 4094 xxx,
3531 4029 3616 4101 6);
3639 4037 3690 4083 et

2117 4130 2319 4184 intinita
2349 4136 2475 4183 sunt
2501 4128 2584 4182 his
2610 4127 2803 4183 similia
2832 4127 2887 4181 in
2914 4127 3082 4182 sacris
3113 4125 3381 4196 apicibus,
3434 4137 3553 4193 quae
3597 4136 3691 4176 nos

2117 4236 2278 4276 causa
2304 4218 2586 4274 brevitatis
2631 4219 2963 4283 omittentes,
2994 4217 3061 4272 ad
3089 4216 3475 4285 sexagesimam
3501 4221 3557 4268 et
3583 4211 3693 4283 pri-

2116 4326 2260 4366 mam
2288 4311 2547 4365 hzcresem
2581 4308 2916 4364 accedamus.

2841 4396 2973 4451 LXI.

2188 4492 2587 4561 Sexagesimam
2616 4499 2670 4547 et
2696 4493 2920 4562 primam
2949 4490 3194 4545 haeresim
3237 4486 3527 4542 Patriciani
3555 4483 3690 4539 fece-

429 4588 538 4628 non
568 4573 794 4635 eredunt
823 4572 1076 4641 futuram,
1108 4576 1203 4631 sed
1224 4578 1464 4645 quotidie
1492 4588 1740 4634 asserunt
1769 4581 1822 4635 in
1850 4594 2014 4648 gene-
2047 4560 2094 4618 D
2120 4595 2274 4653 runt,
2307 4560 2349 4640 a7
2368 4584 2599 4640 Patricio
2628 4560 2899 4639 sumentes
2926 4582 3223 4638 exordium.
3256 4580 3320 4635 Hi
3348 4576 3689 4634 substantiam

429 4667 642 4723 ratione
681 4665 930 4723 ﬁliorum.
984 4667 1095 4723 llos
1144 4686 1249 4725 non
1297 4670 1532 4727 admittit
1569 4672 1845 4744 disciplina
1894 4676 2017 4732 tidei

430 4765 630 4812 nostra:
655 4760 934 4815 nobiscum
974 4760 1417 4831 disceptationem
1459 4778 1764 4832 assumere,
1796 4765 1890 4822 sed
1919 4784 2016 4838 pro

430 4849 829 4908 deﬁnitionibus
857 4854 967 4910 suis
1010 4869 1106 4911 eos
1133 4855 1389 4926 prmcepit
1435 4857 1765 4913 anathemati
1810 4862 2007 4915 manci-

433 4945 567 5014 pari.

1171 5042 1281 5097 LX.
1742 5108 1747 5113 ,

503 5127 903 5196 Sexagesimam
944 5130 1187 5188 hzcresim
1235 5131 1652 5189 Proclinianistaa
1692 5149 1724 5188 a
1768 5130 2019 5189 Proclino

433 5219 692 5275 fecerunt.
718 5219 912 5275 Dicunt
933 5222 1019 5275 isti
1042 5221 1135 5277 Dei
1162 5222 1357 5279 Filium
1381 5225 1460 5279 sic
1482 5225 1725 5295 paruisse
1754 5224 1806 5278 in
1838 5225 2014 5290 terris,

431 5310 570 5367 sicut
599 5310 925 5381 Rapbaelem
954 5311 1223 5381 angelum,
1255 5320 1346 5368 aut
1366 5312 1689 5379 Gabrielem,
1719 5330 1824 5369 non
1853 5329 2017 5370 carne

435 5410 726 5474 assumpta,
747 5403 842 5460 sed
862 5405 995 5460 visa.
1022 5402 1112 5460 Sic
1138 5420 1197 5460 se
1218 5406 1445 5461 miscent
1466 5406 1665 5476 populo
1687 5406 1803 5470 Dei,
1828 5414 1886 5461 ut
1906 5422 2015 5461 non

435 5492 817 5564 intelligantur.
869 5495 1107 5566 Denique
1149 5496 1274 5567 quia
1319 5497 1521 5551 nullum
1568 5496 1729 5550 alium
1777 5512 2015 5551 errorem

435 5586 729 5654 patiuntur,
759 5588 1156 5644 communicant
1199 5587 1474 5642 nobiscum
1504 5605 1515 5635 :
1553 5595 1607 5640 et
1634 5587 1737 5642 hoc
1765 5594 1846 5643 est
1874 5588 2019 5658 quod

501 5774 523 5800 ⁸
567 5772 663 5828 Ms.
702 5775 856 5847 Aug”
894 5778 1123 5832 (imitate.

2121 4679 2298 4734 carnis
2340 4678 2588 4731 humana:
2636 4692 2741 4731 non
2772 4691 2803 4729 a
2830 4675 2961 4737 Deo,
2993 4673 3085 4728 sed
3115 4688 3146 4726 a
3174 4669 3392 4726 diabolo
3428 4667 3688 4724 conditam

2121 4768 2336 4834 dicunt;
2365 4783 2592 4837 eamque
2627 4768 2705 4822 sic
2729 4766 3084 4828 detestantur,
3118 4772 3176 4818 ut
3201 4763 3347 4817 hunc
3373 4761 3557 4817 dicant
3579 4768 3691 4811 esse

2121 4858 2416 4930 perfectum
2442 4859 2532 4927 qui
2552 4873 2612 4913 se
2624 4857 2861 4927 potuerit
2882 4863 3190 4911 constanter
3219 4851 3484 4908 occidere.
3518 4848 3593 4903 Ex
3612 4845 3690 4901 his

2122 4959 2247 5007 sunt
2284 4936 2661 5020 aliquanti'qui
2690 4949 2853 5002 etiam
2879 4955 3075 5015 rogant
3102 4960 3196 4999 eos
3222 4958 3360 5014 quos
3399 4936 3689 4996 invenerint

2121 5044 2353 5112 ignotos,
2384 5049 2443 5096 ut
2463 5041 2531 5095 ab
2553 5042 2632 5095 eis
2651 5040 2984 5095 occidantur.
3007 5038 3132 5093 Haec
3154 5035 3357 5091 insania
3381 5034 3434 5088 in
3462 5031 3689 5103 partibus

2120 5132 2381 5189 Numidia:
2425 5131 2719 5201 superioris
2764 5138 2820 5184 et
2864 5128 3196 5183 Mauritania:
3223 5126 3391 5196 erepit
3417 5125 3562 5179 olim.
3591 5120 3688 5175 llos

2121 5225 2304 5280 miseri
2334 5222 2624 5278 Donatista:
2664 5229 2851 5291 postea
2881 5220 3078 5284 secuti,
3110 5224 3392 5288 cmperunt
3419 5230 3479 5272 se
3505 5209 3690 5268 montis

2116 5313 2418 5387 praecipitio
2455 5312 2607 5383 quasi
2655 5312 2818 5366 futuri
2866 5319 3129 5381 martyres
3175 5306 3391 5363 tradere
3440 5324 3452 5359 :
3501 5310 3555 5359 ut
3606 5297 3688 5369 qui

2123 5407 2284 5460 vitam
2311 5413 2567 5461 aeternam
2596 5403 2873 5459 catholica:
2912 5401 3033 5457 ﬁdei
3062 5400 3465 5470 derelinquunt,
3494 5391 3687 5449 viotlia-

2123 5498 2236 5554 nati
2263 5506 2520 5553 mternam
2543 5494 2771 5551 mortem
2805 5495 3096 5551 inveniant.
3127 5476 3456 5547 Contra’hos
3480 5487 3687 5559 ()ptatus

2124 5589 2320 5659 legitur
2344 5587 2536 5658 egisse.
