3884 6184
200 258 287 314 609

871 360 1026 416 LXII.

260 457 572 525 Sexagesima
593 454 826 511 secunda
849 454 1066 509 haeresis
1095 452 1397 508 Ascitarum
1425 459 1528 506 est.
1561 450 1753 505 Ascitte

198 567 307 623 ergo
332 559 393 605 ab
419 556 532 605 utre
577 546 938 618 appellantur.
991 547 1161 605 Ἀσκὸς
1209 543 1353 597 enim
1401 540 1586 597 Gnece
1630 549 1752 596 uter

196 645 380 701 dicitur.
423 639 508 693 Isti
555 654 678 693 cum
727 638 781 691 in
829 635 1093 690 Trinitate
1140 634 1271 688 nihil
1321 633 1449 687 mali
1495 632 1748 695 habeant,

193 745 342 788 utrem
370 740 538 784 tamen
570 729 841 796 ingentem
865 730 1018 796 juxta
1049 726 1219 779 altare
1246 732 1487 794 ponunt,
1518 737 1751 792 eumque

194 839 390 881 vacuum
420 821 601 876 inﬂant
621 861 636 886 ,
668 828 722 874 et
750 818 1150 885 linteaminibus
1190 818 1374 872 velant
1419 825 1475 871 et
1503 815 1747 879 adorant,

190 916 298 985 quia
325 911 617 969 confectum
659 911 867 965 cruoris
913 909 1124 965 Domini
1167 909 1240 963 ibi
1290 907 1568 976 adjiciunt,
1621 905 1753 961 illud

191 1009 403 1063 dicentes
431 1002 795 1071 evangelicum
824 1019 836 1054 :
883 1001 1067 1056 Vinum
1115 1016 1298 1053 novum
1328 999 1381 1052 in
1409 1006 1550 1051 utres
1594 1013 1751 1051 noras

189 1099 433 1170 adjiciunt,
462 1104 509 1149 et
537 1103 753 1167 utraque
780 1100 1148 1148 conservantur
1176 1090 1393 1165 (Matth.
1420 1106 1494 1156 Ix,
1526 1089 1635 1160 l7).

875 1181 1053 1236 LXIII.

244 1276 571 1345 Sexagesima
622 1274 777 1328 tertia
838 1273 1086 1328 haeresis
1115 1279 1199 1327 est
1242 1269 1743 1342 Passalorynehitas.

186 1371 359 1424 Omnes
381 1367 594 1438 quando
622 1367 688 1421 ad
717 1366 1013 1421 Ecclesiam
1036 1379 1185 1419 suam
1212 1364 1568 1428 conveniunt,
1598 1370 1750 1417 tanto

187 1461 378 1515 silentio
400 1459 648 1523 student,
695 1465 753 1512 ut
792 1465 846 1511 et
876 1456 1093 1511 naribus
1131 1464 1185 1511 et
1212 1456 1368 1510 labiis
1390 1456 1499 1509 suis
1523 1454 1749 1523 digitum

186 1560 452 1623 apponant,
496 1566 565 1606 ne
604 1550 690 1605 vel
728 1550 899 1620 ipsam
942 1549 1359 1604 taciturnitatem
1400 1546 1614 1602 ﬂatibus
1653 1547 1749 1601 la:-

185 1645 315 1699 dant.
346 1643 450 1699 Cur
476 1652 658 1697 autem
687 1657 783 1712 per
811 1641 989 1711 palum
1030 1641 1254 1710 digitum
1300 1639 1600 1708 signiﬁcare
1628 1653 1747 1692 ma-

641 245 1228 306 PR/EDESTINATUS
1265 244 1416 301 SIVE
1455 242 2158 301 PRIEDESTINATORUM
2200 244 2536 312 IUERESIS,
2578 246 2729 302 ETC.
2772 247 2899 303 LIB.
2938 250 2981 304 ι.

3340 253 3448 311 είο

1771 367 1817 422 Α
1847 359 1927 415 llli
1956 361 2057 417 hoc
2086 362 2154 415 ad
2182 362 2533 418 substantiam
2563 379 2595 417 a
2624 366 2804 435 specie
2835 364 3241 434 transferentes,
3269 373 3443 428 malo-

1853 466 1970 505 rum
2002 451 2170 507 Deum
2199 460 2447 507 asserunt
2491 464 2813 510 creatorem.
2856 457 2991 512 Cum
3019 469 3268 514 creatura
3297 460 3443 516 nulla

1852 543 1921 597 sit
1949 544 2108 609 mala,
2140 553 2384 614 possunt,
2419 554 2476 600 ut
2503 546 2679 612 video,
2712 547 2882 602 Deum
2911 549 3287 619 hlasphemare
3313 566 3443 622 per-

1853 650 2065 689 versum
2089 635 2213 703 quia
2235 635 2363 691 dicit
2384 636 2449 691 ad
2471 638 2769 707 populum:
2800 638 2860 693 Si
2883 639 3266 696 ambulaveritis
3296 643 3440 710 recti,

1850 734 1898 779 et
1933 744 2026 798 ego
2064 725 2321 780 uobiscum
2348 726 2621 782 ambulabo
2651 739 2846 793 rectus;
2872 731 2918 784 si
2947 721 3119 785 a'utem
3147 733 3446 787 ambulave-

1853 818 1968 872 ritis
1988 818 2232 887 perversi,
2256 826 2305 870 et
2323 833 2417 888 ego
2437 818 2673 872 incedam
2693 810 2951 875 vobiscum
2969 839 3236 892 perversus
3252 823 3442 896 (Leuit.
3471 872 3480 883 .

1851 924 2005 971 xxvn,
2031 907 2123 968 ‘23,
2151 904 2261 971 24).

2555 998 2733 1055 LXVI.
2800 1044 2807 1052 .

1925 1088 2271 1157 Sexagesima
2301 1099 2457 1145 sexta
2479 1091 2701 1148 hmresis
2721 1093 3096 1150 Florianorum
3118 1112 3147 1149 a
3170 1095 3446 1165 Floriano,

1849 1181 1940 1249 qui
1971 1181 2100 1235 dicit
2138 1181 2307 1235 malas
2336 1182 2544 1237 animas
2572 1193 2628 1237 et
2655 1185 2828 1239 bonas
2856 1202 2885 1239 a
2919 1186 3028 1242 Deo
3059 1189 3250 1242 creari.
3295 1189 3444 1255 Ιόω,

1852 1270 2043 1339 inquit,
2076 1271 2167 1340 qui
2195 1271 2446 1325 malitiosi
2477 1281 2633 1337 sunt,
2664 1274 2790 1327 mali
2820 1282 2976 1341 sunt,
3007 1287 3065 1330 et
3092 1292 3198 1330 non
3229 1286 3444 1331 mutan-

1852 1368 1964 1426 tur;
1995 1368 2051 1415 ct
2079 1362 2205 1416 boni
2253 1362 2568 1432 simpliciter
2614 1365 2857 1419 viventes
2904 1382 3011 1420 non
3061 1366 3114 1420 in
3162 1368 3443 1422 audaciam

1850 1452 2154 1521 iniquorum
2202 1453 2477 1507 hominum
2521 1456 2928 1523 protrahuntur.
2980 1455 3133 1523 Quod
3181 1459 3379 1513 dictum
3409 1474 3441 1512 a

1853 1542 2140 1599 Theodoro
2171 1546 2407 1599 breviter
2433 1544 2665 1601 vincitur
2694 1549 2767 1601 ita
2801 1564 2814 1598 :
2846 1546 3011 1601 Judas
3040 1549 3212 1603 bonus
3238 1549 3358 1614 fuit,
3389 1557 3444 1604 et

1850 1635 2024 1691 factus
2050 1644 2133 1691 est
2160 1637 2409 1691 traditor.
2438 1636 2557 1706 Ipso
2588 1646 2831 1707 tempore
2858 1653 2965 1707 quo
2995 1640 3253 1693 meretrix
3280 1640 3446 1709 pessi-

184 1741 373 1802 luerint,
400 1755 429 1794 a
458 1738 655 1807 quibus
682 1737 786 1793 hoc
816 1751 1012 1791 nomen
1041 1734 1400 1805 compositum
1429 1740 1511 1787 est
1540 1732 1742 1796 nescio,
1778 1728 1823 1787 Β
1852 1742 1938 1780 ma
1966 1727 2216 1799 lacrymis
2243 1727 2452 1795 rigabat
2479 1727 2644 1797 pedes
2673 1729 2809 1797 ejus,
2841 1728 3262 1783 misericordiam
3290 1744 3441 1798 qum-

181 1847 285 1886 cum
299 1828 476 1885 Grzece
494 1831 758 1889 πάσσαλος·
780 1827 933 1897 palus
947 1827 1174 1892 dicatur,
1193 1834 1248 1881 et
1262 1825 1459 1894 digitus
1478 1824 1746 1888 δάκτυλος,

182 1930 227 1974 et
245 1921 433 1995 ῥὲγχος
464 1936 646 1976 nasus.
680 1918 868 1973 Melius
888 1924 1069 1971 autem
1098 1916 1232 1970 mihi
1260 1916 1472 1971 videtur
1490 1914 1536 1969 si
1558 1915 1752 1985 Dacty-

183 2011 468 2084 lorynchita:
495 2009 820 2065 vocitentur.
869 2007 1078 2063 Invenit
1122 2007 1226 2061 sibi
1272 2005 1518 2061 diabolus
1548 2005 1602 2059 in
1632 2005 1752 2073 lege

183 2103 261 2157 Dei
287 2119 415 2172 quos
444 2101 649 2157 faceret
676 2099 1038 2170 Pythagoras,
1068 2097 1198 2152 illud
1226 2098 1575 2152 observantes
1602 2096 1748 2165 Apo-

183 2194 285 2247 βίοὶὶ
317 2212 329 2247 ;
364 2192 535 2247 Urabo
566 2193 771 2263 spiritu,
802 2188 961 2244 orabo
994 2199 1042 2242 et
1080 2197 1278 2252 mente;
1304 2186 1560 2257 psalmum
1582 2186 1752 2239 dicam

183 2285 364 2352 spiritu,
387 2284 644 2354 psalmum
674 2281 842 2335 dicam
871 2291 917 2334 et
940 2290 1106 2334 mente
1128 2278 1178 2350 (I
1204 2276 1323 2332 Cor.
1353 2293 1462 2342 xw,
1496 2275 1606 2346 15).
1641 2275 1752 2330 Do-

184 2382 291 2428 ceut
327 2388 451 2443 ergo
498 2372 750 2427 homines
795 2370 939 2425 foras
986 2370 1270 2425 ecclesiam
1317 2368 1442 2439 quid
1490 2366 1671 2421 dicant
1700 2365 1754 2420 in

185 2465 411 2519 cordibus
439 2465 555 2520 suis
586 2463 724 2517 intra
754 2462 1039 2516 ecclesiam
1070 2460 1251 2530 positi.
1283 2458 1446 2525 Quasi
1478 2474 1583 2511 non
1614 2456 1756 2510 idem

185 2557 449 2625 Apostolus
477 2556 725 2611 dixerit:
759 2552 928 2607 Corde
972 2552 1198 2605 creditur
1241 2549 1311 2603 ad
1342 2549 1620 2621 justitiam,
1669 2563 1759 2602 ore

185 2658 331 2700 autem
358 2647 617 2719 confessio
646 2646 708 2715 ﬁt
733 2643 802 2697 ad
829 2644 1047 2696 salutem
1088 2640 1276 2713 (Rom.
1301 2657 1368 2705 χ,
1393 2638 1515 2710 IO).
1548 2638 1757 2692 Vanum

186 2737 290 2791 dico
316 2753 413 2806 ego
441 2753 567 2793 eum
598 2737 840 2791 laborem
870 2735 1127 2804 arripere,
1160 2734 1252 2802 qui
1283 2732 1533 2801 dignatur
1564 2731 1760 2787 talibus

188 2830 539 2898 respondendo
587 2837 799 2897 tempus
845 2840 1184 2891 consumere,
1226 2824 1537 2893 justumque
1574 2823 1760 2894 judico

191 2927 238 2972 ut
263 2927 493 2976 tacentes
525 2919 756 2975 tacendo
787 2918 1079 2972 vincamus.

875 3006 1057 3062 LXIV.

1854 1833 2000 1882 rens,
2030 1817 2074 1872 si
2104 1818 2338 1872 animam
2367 1818 2565 1871 malam
2596 1819 2781 1873 habuit
2809 1821 3020 1885 mulier,
3052 1836 3220 1890 quare
3249 1822 3302 1876 in
3332 1838 3447 1877 me-

1853 1909 2072 1964 retricio
2097 1910 2321 1964 crimine
2351 1926 2459 1963 non
2488 1926 2553 1964 co
2582 1918 2825 1981 tempore
2847 1911 3194 1982 perduravit?
3222 1912 3446 1967 Constat

1856 2016 1985 2070 ergo
2015 2002 2222 2056 animas
2247 2002 2419 2057 bonas
2447 2018 2477 2056 a
2507 2003 2619 2058 Deo
2647 2003 2887 2060 conditas
2911 2023 2923 2057 :
2949 2007 3143 2075 quibus
3165 2022 3262 2077 per
3289 2016 3446 2062 natu-

1853 2111 1967 2149 ram
1998 2097 2101 2150 hoc
2130 2096 2307 2151 inesse
2336 2103 2550 2150 creator
2577 2096 2829 2159 indulsit,
2871 2104 2930 2151 ut
2970 2114 3093 2153 cum
3135 2100 3242 2153 sint
3268 2099 3444 2165 home,

1854 2204 1962 2241 non
1992 2188 2166 2242 solum
2196 2196 2317 2241 actu
2348 2203 2446 2241 suo
2473 2188 2843 2255 meliorentur,
2891 2190 2985 2244 sed
3036 2192 3198 2246 etiam
3246 2194 3299 2247 in
3329 2190 3444 2263 ipsa

1853 2278 2064 2348 possint
2094 2278 2427 2347 malignitate
2454 2279 2716 2341 converti,
2749 2279 2875 2334 dum
2904 2281 3035 2336 illud
3059 2282 3333 2351 diligentia
3358 2283 3445 2339 in-

1854 2370 2020 2436 venit,
2051 2369 2157 2424 hoc
2184 2370 2409 2423 incurrit
2438 2369 2783 2439 negligentia.

2543 2460 2747 2516 LXVII.

1929 2551 2274 2620 Sexagesima
2295 2559 2348 2606 et
2369 2552 2595 2623 septima
2616 2554 2835 2609 bseresis
2863 2562 2947 2608 est
2965 2553 3441 2622 Satannianorum,

1859 2659 1891 2698 a
1922 2643 2202 2698 Satannio.
2228 2642 2294 2696 Hi
2324 2644 2537 2711 dicunt,
2569 2654 2695 2715 post
2724 2647 3169 2702 resurrectionem
3201 2658 3443 2705 mortuo-

1858 2750 2011 2800 rum,
2056 2734 2108 2788 in
2156 2735 2349 2788 eodem
2377 2743 2521 2789 statu
2562 2735 2613 2789 in
2643 2751 2750 2805 quo
2789 2752 2931 2792 nunc
2967 2753 3152 2793 sumus
3190 2755 3300 2795 non
3328 2755 3448 2796 esse

1860 2840 2175 2893 mansuros;
2208 2840 2382 2894 neque
2411 2826 2485 2880 ita
2514 2843 2633 2882 esse
2661 2829 2979 2895 mutandos,
3027 2839 3087 2885 ut
3137 2831 3207 2885 sit
3251 2832 3447 2888 cmlum

1861 2933 2060 2973 novum
2088 2925 2142 2971 et
2172 2924 2313 2971 terra
2345 2933 2502 2984 nova,
2527 2919 2665 2973 sicut
2682 2928 2865 2974 sancta
2886 2920 3159 2990 Scriptura
3188 2921 3451 2992 promittit

1866 3005 1941 3080 (II
1970 3006 2375 3078 Petr.m,15).
2407 3006 2607 3077 Contra
2653 3008 2753 3063 hos
2802 3012 3079 3081 utriusque
3120 3011 3451 3113 Testamenti

248 3102 589 3172 Sexagesima
617 3108 809 3172 quarta
855 3099 1074 3153 haeresis
1118 3095 1506 3166 Aquariorum,
1552 3096 1646 3168 qui
1691 3111 1762 3152 ex
1787 3092 1833 3152 C
1864 3101 2063 3170 scripta
2091 3100 2381 3154 luctantur.

192 3193 277 3249 hoc
303 3194 557 3264 appellati
585 3200 711 3248 sunt
737 3190 987 3261 Aquarii,
1031 3183 1174 3258 quod
1214 3203 1406 3258 aquam
1449 3185 1681 3243 offerunt
1708 3187 1764 3241 in

192 3286 364 3352 poculo
392 3285 741 3340 sacramenti.
767 3283 960 3336 Dicunt
979 3281 1121 3336 enim
1144 3280 1327 3334 vinum
1349 3279 1626 3334 ebrietatis
1646 3294 1766 3336 esse

192 3390 320 3439 rem,
353 3392 447 3447 per
473 3391 642 3446 quam
681 3373 967 3429 homicidia
996 3381 1051 3427 et
1079 3371 1461 3427 fornicationes
1489 3378 1543 3425 et
1570 3378 1767 3426 cmtera

191 3466 374 3521 scelera
404 3474 809 3537 perpetrantur,
840 3479 962 3519 cum
992 3470 1203 3518 constet
1241 3462 1421 3517 omnia
1449 3462 1766 3517 excedentia

191 3558 386 3612 modum
416 3560 628 3615 crimen
658 3555 853 3621 facere,
878 3563 933 3611 et
959 3555 1145 3609 vitium
1167 3568 1474 3624 procreare.
1498 3552 1613 3607 Non
1637 3568 1766 3623 ergo

191 3647 287 3701 vini
314 3650 538 3713 haustu,
572 3646 666 3702 sed
712 3646 1019 3708 nimietate,
1066 3645 1289 3700 crimina
1335 3644 1762 3699 committuntur.

192 3737 312 3805 Quid
342 3749 423 3795 est
450 3741 601 3795 enim
631 3737 775 3808 quod
802 3737 962 3791 nimis
991 3744 1260 3806 sumptum
1302 3750 1409 3789 non
1439 3735 1648 3804 culpam
1680 3735 1765 3788 in-

191 3834 385 3885 currat?
414 3832 644 3886 Bibatur
674 3829 830 3883 nimis
859 3843 1025 3896 aqua,
1056 3827 1335 3881 videamus
1362 3826 1408 3881 si
1438 3842 1543 3881 non
1575 3826 1763 3891 lmdat;

191 3922 487 3977 comedatur
540 3921 700 3975 nimis
745 3919 930 3990 panis,
962 3918 1238 3973 videamus
1265 3918 1311 3972 si
1340 3934 1446 3971 non
1492 3918 1769 3988 crapulam

190 4008 350 4066 faciat.
402 4012 680 4083 Optimum
736 4025 866 4078 ergo
920 4010 974 4063 in
1028 4008 1189 4064 rebus
1243 4009 1493 4063 omnibus
1549 4009 1767 4063 modum

192 4106 418 4157 tenentes
437 4143 452 4169 ,
483 4102 651 4157 etiam
678 4098 779 4155 hos
817 4100 1364 4167 anathematizamus,
1397 4116 1492 4155 cur
1518 4115 1767 4155 cruorem

190 4188 373 4247 Christi
401 4210 431 4247 a
462 4193 616 4248 fonte
646 4199 988 4261 separantes,
1032 4188 1340 4260 prrejudicio
1380 4187 1766 4245 fornicatorum

193 4292 242 4337 et
282 4286 705 4350 homicidarum,
747 4284 987 4353 regulam
1028 4299 1059 4338 a
1102 4281 1318 4339 Christo
1360 4282 1633 4337 fundatam
1672 4297 1769 4337 au-

192 4372 361 4431 dacter
389 4388 415 4414 ἰ
448 4376 762 4443 infringant.

898 4462 1056 4517 LXV.

253 4554 599 4625 Sexagesima
622 4554 806 4624 quinta
826 4555 1045 4609 haeresis
1066 4553 1091 4593 ιι
1113 4552 1553 4610 Coluthianorum
1584 4569 1616 4609 a
1643 4569 1772 4624 quo-

193 4644 301 4700 dam
327 4646 568 4715 Coluuio
596 4648 832 4702 emersit.
867 4644 931 4700 Ili
974 4646 1159 4702 dicunt
1196 4645 1363 4700 Deum
1391 4662 1603 4702 creasse
1631 4645 1772 4700 mala

192 4744 241 4789 et
265 4736 443 4821 bona‘:
468 4737 766 4793 secundum
796 4737 1028 4791 litteram
1051 4737 1346 4792 sentientes
1366 4738 1507 4805 quod
1539 4737 1768 4791 dicitur:

192 4825 295 4896 Ego
324 4828 466 4884 Deus
497 4846 679 4883 creans
720 4829 859 4883 mala
887 4836 937 4882 et
976 4830 1171 4899 faciens
1201 4827 1333 4883 bona
1370 4828 1502 4899 (Isa.
1538 4845 1659 4894 xcv,
1694 4828 1769 4899 '7).

192 4915 317 4973 Cum
347 4920 489 4976 Dens
523 4924 626 4975 hoc
653 4938 748 4990 per
777 4922 1093 4991 prophetam
1116 4922 1443 4990 promiserit,
1467 4923 1611 4990 quod
1641 4922 1776 4978 face-

192 5017 268 5062 ret
294 5026 387 5066 eos
415 5012 539 5066 sine
566 5012 744 5081 gladio
774 5011 1008 5065 hoStium
1037 5011 1239 5075 vivere,
1264 5020 1318 5065 et
1346 5010 1548 5067 faceret
1576 5021 1775 5067 terram

192 5102 312 5154 dare
339 5116 568 5170 germen
598 5117 750 5156 suum
774 5100 1264 5169 abundantiamque
1286 5102 1522 5155 omnium
1545 5102 1774 5171 frugum,

191 5203 232 5240 St
258 5190 371 5258 ejus
401 5192 657 5246 mandata
705 5200 1036 5260 servassent;
1086 5194 1129 5247 si
1169 5209 1299 5248 vero
1339 5196 1781 5263 prrcvaricatores

192 5290 393 5348 essent,
442 5283 677 5352 gladium
707 5292 762 5338 et
790 5283 983 5338 famem
1030 5292 1364 5353 paterentur.
1395 5283 1462 5339 Et
1507 5286 1588 5341 his
1624 5288 1781 5344 dictis

194 5368 495 5437 adjunxerit
534 5390 547 5425 :
580 5372 693 5445 Ego
740 5373 878 5428 Deus
923 5392 1104 5430 creans
1150 5377 1291 5431 mala
1319 5386 1370 5432 et
1397 5380 1592 5451 faciens
1623 5379 1778 5438 bona.

264 5519 289 5586 ξ
455 5513 615 5586 Aug...
646 5514 957 5586 infringunt.

261 5577 288 5615 ι’
316 5578 408 5635 Sic
435 5589 494 5635 et
521 5577 860 5657 Augustinus.
889 5584 1067 5657 Code;
1093 5596 1269 5641 autem
1299 5587 1599 5657 Augiensis,
1623 5590 1779 5645 Colu-

199 5653 463 5713 tanorum;
495 5659 553 5706 et
577 5653 863 5708 Coluthauo
892 5671 990 5725 pro
1018 5654 1255 5712 Colat/to.

2548 3192 2772 3249 LXVIII.

1940 3278 2284 3349 Sexagesima
2313 3288 2368 3336 et
2394 3290 2584 3336 octava
2607 3283 2826 3337 haeresis
2853 3292 2937 3339 est
2954 3283 3451 3356 Gymnopodarum.

1869 3371 1935 3426 Ili
1965 3372 2120 3426 nudis
2148 3372 2374 3443 pedibus
2411 3388 2626 3443 semper
2650 3375 2957 3440 ambulant,
2990 3390 3056 3430 eo
3084 3377 3226 3443 quod
3258 3377 3453 3432 dixerit

1870 3462 2126 3517 Dominus
2154 3463 2221 3516 ad
2250 3461 2471 3534 Moysen
2499 3481 2511 3515 :
2543 3463 2695 3518 Solve
2723 3464 3125 3519 calceamentum
3152 3465 3215 3519 de
3241 3466 3455 3537 pedibus

1872 3554 1971 3606 tuis
2002 3552 2195 3624 (Exod.
2222 3570 2306 3616 Ill,
2338 3551 2422 3623 5);
2454 3562 2510 3607 et
2537 3554 2678 3622 quod
2708 3563 2924 3610 sanctus
2952 3555 3116 3611 Isaias
3138 3556 3332 3625 legitur
3358 3574 3454 3612 nu-

1872 3643 1950 3697 dis
1980 3643 2190 3715 pedibus
2218 3643 2508 3699 ambulasse
2551 3644 2685 3717 (Isa.
2729 3662 2834 3711 xx,
2877 3646 2956 3718 2).
2986 3647 3110 3703 Ideo
3138 3648 3194 3703 hi
3222 3649 3454 3706 schisma

1870 3735 2090 3800 faciunt,
2123 3738 2378 3815 quoniam
2404 3737 2674 3793 calceatos
2702 3738 3080 3795 condemnant.

2570 3829 2756 3885 LXIX.

1942 3919 1999 3973 In
2027 3921 2413 3988 sexagesimam
2455 3928 2510 3975 et
2552 3936 2747 3976 nonam
2788 3922 3047 3977 hmresem
3092 3923 3383 3979 Donatistae
3425 3942 3457 3980 a

1871 4010 2081 4065 Donato
2110 4011 2285 4066 exorti
2329 4020 2453 4065 sunt
2494 4029 2507 4064 :
2553 4012 2644 4082 qui
2688 4020 2910 4082 propter
2937 4013 3239 4067 ordinatum
3268 4022 3457 4070 contra

1871 4114 2022 4154 suam
2071 4100 2404 4155 voluntatem
2451 4099 2795 4156 Caecilianum
2819 4143 2833 4166 ,
2884 4100 3139 4156 Ecclesiae
3180 4102 3457 4172 Carthagi-

1872 4190 2073 4244 niensis
2101 4191 2412 4260 episcopum
2431 4229 2447 4256 ,
2491 4191 2722 4246 schisma
2761 4190 3034 4257 fecerunt,
3066 4191 3381 4261 objicientes
3408 4196 3458 4249 ei

1871 4283 2096 4337 crimina
2126 4299 2232 4338 non
2262 4283 2504 4353 probata,
2537 4291 2594 4338 et
2621 4283 2853 4353 maxime
2877 4284 3023 4354 quod
3048 4299 3082 4339 a
3108 4286 3460 4341 traditorihus

1872 4374 2171 4430 divinarum
2201 4373 2599 4444 Scripturarum
2630 4373 2789 4429 fuerit
2808 4374 3111 4431 ordinatus.
3134 4375 3203 4430 At
3230 4376 3317 4431 tibi
3338 4377 3463 4432 hinc

1799 4468 1851 4528 D
1876 4466 2093 4522 mentiri
2122 4465 2353 4521 convicti
2382 4474 2527 4531 sunt,
2558 4466 2791 4521 schisma
2820 4466 2873 4519 in
2902 4465 3151 4521 haeresim
3179 4474 3462 4521 converte-

1875 4563 2019 4610 runt.
2048 4554 2211 4622 Quasi
2241 4556 2402 4611 etiam
2439 4557 2484 4611 si
2511 4572 2640 4612 vera
2687 4554 2913 4610 fuissent
2958 4557 3181 4610 crimina
3210 4557 3262 4609 in
3291 4555 3460 4612 Caeci.

1875 4646 2040 4712 liano,
2071 4655 2271 4701 statum
2299 4663 2454 4702 suum
2500 4648 2567 4702 de
2596 4655 2712 4701 toto
2762 4646 2894 4701 orbe
2933 4656 3197 4701 terrarum
3224 4646 3462 4702 Ecclesia

1875 4740 2126 4794 amittere
2172 4742 2437 4810 potuisset
2483 4748 2703 4810 propter
2746 4738 2903 4793 unius
2946 4736 3180 4791 hominis
3220 4739 3459 4812 culpam,

1876 4846 1972 4885 seu
2001 4846 2215 4898 veram,
2246 4848 2341 4888 seu
2359 4874 2373 4899 ,
2405 4831 2548 4901 quod
2577 4830 2745 4899 magis
2773 4829 3023 4899 apparuit
3044 4827 3337 4897 judicihus,
3365 4829 3467 4883 fal-

1877 4908 2023 4989 sam:
2054 4932 2109 4979 et
2136 4925 2188 4979 in
2219 4934 2372 4995 parte
2400 4924 2645 4979 Africana
2668 4923 2814 4978 solus
2836 4922 3076 4976 Donatus
3096 4924 3333 4993 potuerit
3359 4933 3461 4979 sta-

1881 5022 1993 5071 tum
2024 5016 2276 5071 Ecclesia:
2302 5030 2655 5079 conservare,
2685 5012 2751 5067 de
2783 5020 2895 5066 toto
2918 5021 3097 5067 autem
3128 5014 3262 5068 orbe
3291 5021 3464 5067 terra-

1878 5125 1999 5163 rum
2029 5109 2097 5163 sit
2117 5107 2325 5163 deletus
2353 5114 2662 5161 sanctorum
2689 5102 3055 5174 apostolorum
3087 5104 3240 5160 labor
3263 5112 3319 5159 et
3346 5119 3469 5173 pas»

1880 5200 1962 5254 sio
1991 5197 2505 5269 martyrumzlmmo
2539 5197 2651 5267 ipse
2684 5194 2982 5252 Salvatoris
3018 5196 3187 5249 nostri
3219 5209 3379 5248 cruor
3400 5193 3466 5246 a.l

1883 5290 2307 5346 conservandum
2346 5298 2546 5346 emtum
2586 5290 2864 5345 catholicae
2903 5288 3024 5343 fidei
3054 5286 3281 5351 defecit,
3307 5297 3464 5352 quem

1883 5384 2034 5438 solus
2055 5383 2290 5437 Donatus
2310 5398 2430 5437 cum
2462 5381 2746 5451 aliquantis
2768 5379 3112 5437 ascllionibus
3135 5386 3154 5414 ε
3178 5373 3468 5444 Byzacenis

1955 5534 1977 5562 ο
2010 5522 2164 5590 Quod
2185 5522 2454 5643 βἔῖγῖίιρριιὶ
2484 5528 2701 5577 ararent
2725 5520 2896 5574 asino.
2922 5513 3097 5569 Testis
3126 5510 3350 5576 Plinius,
3371 5508 3460 5566 lib.

1955 5611 2008 5643 II.
2034 5608 2154 5643 COD.
2183 5626 2193 5640 ο
2221 5632 2234 5643 .

1883 5611 2008 5659 xvn,
2034 5608 2154 5664 cap.
2183 5608 2234 5646 ι).
