3926 6176
468 284 560 340 UH

1462 270 1835 327 ANONYMUS
1876 268 2153 326 AUCTOR
2192 262 2734 324 PRIEDESTINATI.
3620 264 3707 322 612

464 399 713 458 obtinuit.
742 395 810 451 Et
839 394 957 450 ideo
987 392 1100 447 ausi
1126 396 1252 444 sunt
1279 387 1615 459 rebaptizare
1645 386 1958 442 catholicos.
1991 384 2049 440 In
2080 392 2124 447 Α
2156 386 2256 439 tire
2284 390 2580 454 ueperunt,
2633 397 2740 437 non
2790 381 2856 437 de
2892 380 3230 451 baptismatis
3274 387 3364 438 aut
3408 379 3525 436 Iidei
3560 389 3707 437 trans-

464 504 573 560 quo
593 501 756 558 opere
776 492 832 540 et
853 488 1267 553 praesumptores
1287 493 1347 533 se
1367 485 1422 533 et
1436 477 1770 532 damnabiles
1791 491 2045 547 compro-

464 576 678 642 barunt,
701 588 821 631 cum
850 571 1102 627 Ecclesia:
1131 569 1416 624 universali
1442 567 1615 624 sciant
1639 568 1923 638 placuisse,
1950 583 2051 623 nec

464 668 517 722 in
540 667 669 737 ipsis
696 662 963 719 haereticis
992 660 1327 731 baptismatis
1353 660 1558 715 violare
1579 660 1849 714 virtutem.
1876 658 2050 728 Hujus

464 756 687 813 haeresis
714 754 1014 824 principem
1044 752 1269 819 legimus
1305 750 1571 805 Donatum
1607 768 1619 802 :
1651 749 1743 818 qui
1771 749 1839 804 de
1866 749 2051 803 Numi-

462 846 549 901 dia
574 845 798 902 veniens
825 842 1222 911 Carthaginem,
1241 848 1296 895 et
1321 849 1504 895 contra
1527 838 1868 893 Caecilianum
1896 837 2053 893 Chri-

463 940 532 994 sti
561 937 804 992 dividens
830 936 1062 1006 plebem,
1087 933 1383 1002 adjungens
1411 932 1511 987 sibi
1540 931 1776 1001 ejusdem
1811 931 2054 986 factionis

465 1029 768 1098 episcopos,
803 1036 827 1062 λ
855 1024 1177 1093 Majorinum
1222 1023 1440 1076 nomine
1480 1022 1534 1075 in
1577 1038 1672 1076 sua
1719 1029 1873 1092 parte
1913 1020 2056 1091 apud

466 1121 844 1189 Carthaginem
874 1117 1141 1173 ordinavit
1169 1117 1500 1185 episcopum.
1534 1116 1630 1168 Cui
1657 1113 1922 1183 Majorino
1950 1113 2057 1168 Do-

467 1221 623 1267 natus
663 1212 797 1265 alius
845 1210 899 1264 in
946 1209 1135 1263 eadem
1183 1206 1447 1261 divisione
1486 1207 1782 1262 successit:
1813 1207 1906 1274 qui
1944 1206 2057 1261 elo-

470 1303 691 1371 quentia
732 1316 827 1355 sua
868 1301 945 1355 sic
986 1295 1323 1353 confirmavit
1351 1297 1490 1352 hanc
1517 1297 1781 1360 haeresim,
1811 1304 1869 1349 ut
1905 1295 2057 1349 multi

467 1393 778 1447 existiment
804 1391 872 1445 de
900 1390 1016 1460 ipso
1056 1389 1235 1459 potius
1274 1389 1583 1442 Donatistas
1632 1388 1839 1441 initium
1884 1387 2055 1441 barre-

464 1498 589 1539 seos
632 1483 1002 1553 assumpsisse.
1052 1480 1277 1535 Exstant
1322 1481 1481 1536 hodie
1534 1481 1729 1550 scripta
1776 1480 1921 1549 ejus,
1968 1479 2057 1533 ubi

465 1574 496 1613 ι»
520 1575 778 1645 probatur
817 1575 870 1627 in
911 1573 1175 1627 Trinitate
1203 1579 1391 1627 contra
1420 1572 1576 1626 tidem
1604 1571 1921 1625 catholicam
1963 1586 2056 1624 su-

465 1667 718 1735 scepisse.
750 1664 819 1717 Et
838 1664 1082 1733 quamvis
1110 1663 1268 1717 unius
1296 1663 1607 1717 substantia:
1626 1662 1769 1716 dicat
1795 1662 1847 1715 in
1878 1661 2056 1714 Trini-

2156 477 2433 546 gressione
2461 489 2581 530 sese
2603 474 2672 529 ab
2691 472 2934 528 Ecclesia
2964 470 3326 527 absciderunt.

2862 561 3022 618 LXX.

2224 658 2685 729 Septuagesimam
2714 655 2962 711 haeresim
2990 652 3442 709 Priscillianorum
3471 652 3601 723 apud
3628 653 3707 710 Ili-

2155 766 2352 821 spanos
2392 748 2754 803 Priscillianus
2809 746 3005 814 legitur
3055 745 3354 799 inchoasse.
3413 742 3477 797 Hi
3530 747 3710 801 animas

2154 842 2348 896 divina:
2373 847 2577 895 natura:
2605 837 2891 892 afﬁrmant.
2926 835 3069 904 Quas
3097 835 3162 889 ad
3190 849 3419 903 agonem
3457 835 3713 904 quemdam

2155 943 2510 1006 spontaneum
2542 933 2595 985 in
2626 932 2783 986 terris
2811 928 3190 991 exercendum,
3218 943 3316 998 per
3341 934 3543 996 septem
3569 926 3712 982 cmlos

2156 1036 2213 1083 et
2245 1043 2343 1098 per
2380 1024 2637 1096 quosdam
2664 1022 2924 1093 gradatim
2963 1021 3148 1077 dicunt
3184 1018 3509 1074 descendere
3535 1019 3710 1089 princi-

2157 1126 2335 1190 patus,
2378 1126 2435 1172 et
2471 1116 2525 1170 in
2571 1116 2862 1183 malignum
2894 1112 3202 1182 principem
3238 1112 3516 1166 incurrere
3557 1126 3585 1164 a
3626 1125 3716 1180 quo

2159 1212 2319 1267 istum
2347 1210 2604 1265 mundum
2632 1207 2829 1267 factum
2857 1206 3064 1267 volunt,
3090 1212 3252 1274 atque
3279 1204 3346 1258 ab
3374 1203 3483 1257 hoc
3507 1202 3715 1272 principe

2158 1319 2257 1374 per
2284 1302 2494 1356 diversa
2522 1298 2701 1354 carnis
2738 1312 2965 1367 corpora
2995 1295 3269 1350 seminari.
3302 1294 3557 1347 Asserunt
3577 1293 3714 1347 etiam

2158 1392 2408 1447 fatalibus
2434 1390 2606 1445 stellis
2633 1389 2880 1444 homines
2916 1386 3215 1455 colligatos,
3247 1386 3528 1456 ipsumque
3553 1400 3718 1455 corpus

2162 1490 2404 1537 nostrum
2445 1479 2739 1535 secundum
2785 1476 3069 1532 duodecim
3108 1477 3258 1544 signa
3291 1475 3413 1529 coeli
3442 1488 3559 1529 esse
3592 1488 3717 1527 com-

2159 1577 2415 1646 positum.
2448 1572 2675 1628 Prorsus
2704 1572 2843 1627 sicut
2872 1571 2908 1624 ii
2938 1570 3031 1639 qui
3065 1566 3428 1622 Mathematici
3469 1566 3617 1632 vulgo
3642 1579 3720 1634 ap-

2162 1673 2448 1743 pellantur,
2481 1668 2817 1725 constituunt
2852 1667 2907 1719 in
2943 1665 3121 1734 capite
3155 1662 3398 1725 arietem,
3442 1668 3638 1713 taurum
3677 1659 3719 1710 in

469 1765 582 1811 (³ῑο
626 1757 793 1811 Deum
843 1755 1076 1816 Ρίητεηὶν
1120 1763 1299 1808 tamen
1351 1753 1610 1821 majorem
1659 1752 1816 1817 Filio.
1866 1751 2058 1805 Filium
2088 1763 2135 1820 B
2162 1764 2389 1827 cervice,
2421 1761 2661 1830 geminos
2709 1760 2763 1812 in
2811 1756 3067 1819 humeris,
3107 1768 3357 1809 cancrum
3407 1751 3460 1805 in
3509 1758 3717 1820 pectore,

468 1846 727 1914 majorem
759 1846 959 1914 Spiritu
998 1854 1186 1919 sancto
1222 1843 1541 1898 confirmare
1573 1844 1817 1896 tentavit.
1859 1841 1966 1897 Sed
2003 1844 2056 1895 in

469 1939 612 1993 hunc
652 1953 891 1992 errorem
934 1937 1056 1991 ideo
1098 1936 1275 1990 nullus
1312 1936 1380 1990 de
1417 1934 1617 2004 populo
1646 1934 1761 2003 ejus
1803 1935 2053 1997 attendit,

467 2031 591 2097 quia
635 2029 736 2082 alia
781 2036 901 2082 erat
946 2027 1171 2081 intentio
1212 2027 1361 2095 inter
1408 2032 1609 2095 partes.
1642 2024 1708 2079 Hi
1738 2024 1971 2080 haeretici
2004 2026 2055 2079 in

468 2121 711 2191 partibus
757 2120 922 2173 Italia:
969 2118 1239 2174 Monteses
1287 2119 1644 2188 appellantur,
1696 2117 1749 2170 in
1800 2117 2057 2172 interiore

467 2212 646 2267 Africa
695 2211 1053 2275 Parmeniani,
1088 2212 1139 2264 in
1179 2209 1608 2277 Carthaginiensi
1639 2208 1949 2263 Donatistae.
1998 2207 2055 2262 In

466 2303 747 2371 utriusque
777 2302 1033 2357 Numidia:
1060 2302 1302 2371 partibus
1324 2301 1524 2355 habent
1552 2300 1717 2355 veluti
1742 2300 2054 2362 monachos,

468 2409 603 2462 quos
630 2392 1102 2449 Circumcelliones
1127 2408 1401 2460 vocamus,
1427 2400 1666 2461 agrestes
1685 2400 1741 2446 et
1767 2391 2060 2447 audacissi-

469 2501 585 2540 mos
612 2485 917 2540 dazmonum
944 2483 1207 2540 famulos:
1234 2484 1327 2554 qui
1357 2500 1461 2539 non
1492 2485 1664 2539 solum
1688 2484 1742 2538 in
1765 2484 1901 2539 alios
1920 2484 2059 2539 aeri-

469 2586 553 2632 ter
580 2577 824 2642 szeviunt,
855 2592 1041 2631 verum
1081 2576 1243 2631 etiam
1291 2576 1392 2631 sibi
1439 2576 1567 2646 ipsis
1607 2575 1790 2631 miseri
1837 2577 2057 2631 omnino

468 2684 576 2722 non
627 2676 871 2736 parcunt.
914 2666 1046 2721 Nam
1085 2682 1184 2736 per
1228 2673 1431 2721 mortes
1469 2667 1668 2729 varias,
1716 2666 2058 2734 maximeque

467 2757 907 2828 prtecipitiorum,
956 2767 1011 2813 et
1057 2773 1335 2828 aquarum,
1368 2766 1423 2813 et
1451 2759 1673 2827 ignium,
1704 2775 1823 2813 sese
1853 2757 2058 2813 interli-

468 2864 594 2904 cere
626 2856 975 2913 consuerunt,
1000 2856 1056 2904 et
1085 2849 1152 2904 ad
1179 2850 1319 2903 hunc
1341 2850 1545 2903 exitum
1575 2865 1643 2904 ex
1670 2858 1899 2918 utroque
1922 2865 2058 2905 sexu

467 2951 698 3011 quantos
745 2940 1019 3011 potuerint
1061 2940 1341 2996 seducunt.
1386 2940 1686 3009 Aliquando
1732 2941 1894 2995 etiam
1922 2956 2058 3011 quos

469 3033 771 3087 invenerint
808 3039 998 3098 rogant
1026 3039 1084 3085 ut
1113 3032 1180 3086 ab
1214 3033 1291 3086 eis
1333 3031 1664 3097 occidantur,
1696 3039 1927 3087 mortem
1954 3032 2055 3087 nisi

2162 1861 2217 1908 et
2236 1861 2429 1907 caetera
2462 1849 2776 1904 nominatim
2805 1849 2954 1917 signa
2976 1852 3351 1916 percurrentes
3378 1841 3444 1896 ad
3466 1842 3675 1912 plantas,
3696 1856 3720 1893 a

2160 1946 2312 2014 signo
2340 1942 2537 1997 Christi
2566 1941 2635 1996 ad
2673 1941 2823 2009 signa
2864 1950 2885 1977 ε
2918 1936 3175 2005 astrologi
3215 1928 3722 2003 migraveruntlhec

2161 2044 2216 2089 et
2245 2036 2346 2088 alia
2379 2032 2615 2088 fabulosa
2648 2040 2701 2086 et
2727 2046 2868 2085 vana
2913 2029 3082 2084 multa
3119 2026 3451 2095 conﬁngunt.
3486 2022 3675 2080 Uxores
3696 2038 3721 2078 ι

2160 2128 2287 2181 viris
2315 2142 2451 2195 quas
2478 2124 2757 2196 potuerint
2784 2127 3057 2193 separant.
3079 2118 3282 2174 Carncs
3310 2118 3447 2173 sicut
3473 2115 3722 2171 Manichtci

2159 2218 2386 2288 fugiunt.
2420 2216 2770 2288 Apocryphas
2798 2213 2957 2269 simul
2985 2229 3107 2268 cum
3146 2210 3423 2267 canonicis
3460 2206 3725 2278 Scripturis

2142 2304 2448 2379 accipiunt,
2488 2317 2544 2363 et
2585 2308 2639 2361 in
2685 2322 2875 2361 sensus
2922 2321 3051 2360 suos
3091 2301 3488 2371 allegorizando
3525 2313 3727 2354 conver-

2161 2408 2301 2455 tunt.
2335 2399 2653 2453 Trinitatem
2683 2406 2882 2462 autem,
2927 2395 3066 2450 sicut
3110 2392 3422 2457 Sabelliani,
3454 2393 3621 2462 ipsum
3639 2386 3724 2443 sibi

2160 2489 2395 2554 Patrem,
2428 2489 2601 2557 ipsum
2629 2486 2730 2541 sibi
2759 2485 2972 2551 Filium,
3007 2484 3183 2554 ipsum
3212 2481 3312 2536 sibi
3353 2488 3595 2536 sanctum
3620 2476 3723 2547 Spi-

2159 2583 2319 2637 ritum
2343 2579 2685 2637 conﬁtentur.

2856 2660 3041 2722 LXXI.

2230 2762 2691 2834 Septuagesimam
2732 2767 2789 2815 et
2828 2760 3057 2830 primam
3086 2756 3332 2811 haeresim
3361 2750 3626 2820 Adelofagi
3654 2751 3722 2803 in—

2157 2854 2438 2917 choarunt,
2463 2852 2701 2907 dicentes
2721 2865 2829 2905 non
2850 2849 3049 2904 debere
3070 2848 3145 2902 ita
3164 2847 3341 2903 cibum
3364 2859 3571 2902 sumere
3587 2840 3725 2895 Chri-

2160 2945 2417 3009 stianum,
2442 2954 2500 2997 ut
2527 2943 2595 2997 ab
2634 2941 2741 2997 alio
2778 2940 3024 2996 videatur
3062 2939 3188 2995 dum
3229 2936 3480 2993 comedit.
3522 2934 3585 2988 Et
3621 2934 3723 2987 haec

2159 3036 2275 3091 sola
2300 3050 2462 3090 causa
2491 3050 2586 3090 eos
2612 3033 2679 3089 ab
2707 3032 2947 3088 Ecclesia
2975 3045 3226 3101 separare
3251 3029 3592 3099 dignoscitur.
3619 3024 3735 3079 'I‘ri-‘

469 3125 693 3179 fecerint
721 3124 1128 3179 comminantes.
1172 3122 1326 3190 Quod
1369 3139 1555 3178 verum
1587 3132 1687 3188 est,
1735 3124 1917 3179 multis
1944 3123 2054 3179 Do-
2079 3131 2126 3195 ο
2160 3128 2385 3181 nitatem
2425 3125 2568 3181 enim
2612 3123 2852 3192 ejusdem
2887 3121 3198 3177 substantia:
3236 3118 3570 3174 conﬁtentur.
3598 3113 3720 3182 Ege-

468 3218 786 3272 uatistarum
806 3216 1090 3285 disiilicent
1119 3215 1251 3269 tales
1284 3232 1296 3267 :
1330 3214 1423 3270 sed
1445 3215 1550 3269 hoc
1573 3215 1760 3280 verbo,
1792 3230 1898 3269 non
1922 3230 2057 3285 ope-

468 3322 549 3361 re.
580 3306 713 3360 Nam
732 3306 778 3360 si
798 3320 926 3360 vere
950 3304 1313 3375 displicerent,
1345 3305 1531 3374 utique
1560 3305 1753 3359 talibus
1782 3321 1889 3359 non
1912 3321 2056 3360 com-

469 3398 824 3463 municarent,
869 3398 960 3466 qui
1014 3413 1110 3467 per
1156 3405 1327 3451 totum
1374 3397 1559 3451 orbem
1606 3396 1861 3452 Ecclesiis
1899 3397 2057 3452 unius

466 3490 735 3544 Cinciliani
755 3491 959 3545 crimen
987 3489 1305 3559 impingunt.
1328 3488 1459 3542 Nam
1483 3497 1535 3543 et
1557 3490 1696 3543 inter
1721 3504 1780 3543 se
1806 3488 2057 3557 frequen-

467 3590 548 3635 ter
594 3582 829 3635 habuere
883 3581 1117 3635 dissidia.
1166 3580 1408 3648 Denique
1455 3580 1595 3649 apud
1648 3579 2053 3648 Carthaginem,

468 3672 797 3739 temporibus
826 3658 1140 3726 Ileracliani
1150 3671 1381 3736 comitis,
1407 3686 1528 3725 cum
1554 3670 1908 3726 Maximianus
1928 3688 2058 3727 con-

467 3771 551 3816 tra
594 3761 943 3826 Primianum,
987 3761 1054 3815 ab
1094 3761 1332 3830 ejusdem
1385 3762 1585 3816 erroris
1606 3770 1847 3818 .eentum
1890 3761 2059 3817 ferme

469 3853 736 3922 episcopis
784 3853 1081 3917 ordinatus,
1113 3868 1144 3905 a
1177 3853 1397 3921 reliquis
1439 3853 1689 3907 trecentis
1717 3852 1903 3908 decem
1945 3854 2059 3924 epi-

465 3945 644 4015 scopis
689 3945 783 4014 qui
830 3944 1156 3999 ordinationi
1211 3944 1327 4014 ejus
1379 3945 1603 4000 crimina
1658 3944 2053 4015 impingebant,

467 4034 655 4091 fuisset
699 4036 1000 4097 damnatus,
1047 4035 1229 4091 docuit
1267 4037 1522 4106 populum
1560 4035 1652 4107 qui
1690 4051 1815 4091 eum
1859 4051 2057 4107 seque-

467 4127 644 4190 batur,
675 4128 836 4181 etiam
862 4135 1013 4181 extra
1044 4126 1337 4181 Ecclesiam
1375 4125 1490 4180 dari
1535 4142 1695 4195 posse
1731 4128 2058 4197 baptismum

464 4217 681 4273 Christi.
715 4217 972 4287 Denique,
1000 4218 1304 4286 quicunque
1333 4226 1425 4272 aut
1460 4233 1490 4271 a
1519 4217 1791 4271 Primiano
1825 4217 1891 4272 ad
1939 4217 2055 4271 Ma-

464 4308 756 4361 ximianum
785 4308 935 4372 abiit,
966 4316 1117 4361 auta
1146 4308 1468 4362 Maximiano
1488 4308 1554 4362 ad
1576 4307 1922 4374 Primianum,
1948 4324 2056 4363 non

463 4406 547 4453 est
591 4399 786 4454 iterum
834 4399 1138 4467 baptizatus
1166 4399 1234 4453 ab
1273 4414 1338 4453 eo
1366 4398 1460 4467 qui
1488 4406 1678 4453 contra
1725 4399 2054 4453 voluntatem

2160 3226 2290 3274 runt
2316 3233 2439 3273 cum
2467 3217 2545 3272 eis
2569 3216 2809 3286 episcopi
2838 3213 2936 3358 dt;i
2940 3209 3175 3283 Epheso.

2846 3303 2887 3358 L
2939 3303 3053 3358 XII.

2846 3303 3053 3359 LXXII.

2228 3396 2685 3469 Septuagesimam
2736 3404 2790 3451 et
2836 3394 3126 3450 secundam
3171 3392 3417 3448 hieresim
3460 3390 3718 3446 Rhetoria-

2159 3507 2370 3554 norum,
2422 3505 2450 3543 a
2501 3489 2761 3543 Rhetorio
2814 3489 3119 3543 inchoatam
3167 3484 3435 3540 Philastro
3481 3484 3718 3538 scribente

2158 3583 2476 3636 invenimus.
2527 3580 2592 3635 Hi
2638 3580 2706 3635 ad
2752 3586 2957 3633 tantam
3005 3579 3296 3632 vanitatem
3325 3575 3557 3631 devoluti
3592 3580 3714 3633 sunt,

2158 3681 2218 3727 ut
2244 3673 2424 3728 dicant
2464 3688 2653 3728 omnes
2692 3672 2973 3727 hmreticos
3014 3679 3162 3725 recte
3204 3669 3349 3740 apud
3391 3668 3551 3723 Deum
3588 3667 3718 3720 ince-

2156 3764 2303 3827 dere,
2332 3765 2455 3834 quia
2504 3748 2607 3819 hoc
2649 3766 2703 3818 in
2749 3779 2935 3819 eorum
2977 3762 3247 3816 mentibus
3293 3761 3471 3815 datum
3499 3767 3574 3814 est
3609 3757 3711 3811 :sic

2157 3855 2339 3909 colunt
2367 3855 2534 3909 Deum
2565 3856 2702 3910 sicut
2731 3862 2973 3925 possunt.
3006 3853 3170 3907 Error
3197 3868 3385 3907 eorum
3416 3852 3561 3906 nobis
3587 3848 3715 3903 vide-

2159 3955 2245 3999 tur
2289 3946 2724 4014 reprehensibilis
2760 3964 2771 3997 :
2805 3943 2946 4014 apud
2984 3943 3149 3997 Deum
3199 3952 3398 4008 autem,
3446 3957 3538 3996 nec
3579 3952 3706 3993 erret

2157 4046 2256 4103 est,
2288 4052 2386 4091 nec
2413 4037 2755 4107 vituperatio.
2787 4035 2852 4090 Hi
2894 4037 2997 4090 hoc
3026 4034 3289 4089 docentur
3308 4049 3337 4087 a
3367 4033 3476 4088 suis
3505 4027 3712 4086 doctori-

2155 4128 2276 4189 bus,
2324 4136 2383 4182 ut
2430 4136 2625 4198 praeter
2655 4127 2850 4197 templa
2889 4134 2944 4180 et
2971 4139 3290 4197 synagogas,
3330 4125 3616 4190 ubicunque
3640 4118 3710 4171 in-

2155 4228 2380 4273 vocatur
2432 4218 2674 4272 Christus
2726 4226 2884 4271 natus
2939 4232 3003 4271 ex
3054 4215 3290 4283 Virgine,
3341 4214 3615 4274 introeant,
3662 4214 3710 4260 et

2155 4309 2444 4380 participes
2472 4324 2531 4364 se
2557 4308 2754 4363 faciant
2783 4308 3175 4362 haereticorum.

2834 4396 3062 4451 LXXIII.

464 4506 650 4546 eorum
680 4490 959 4546 ordinatus
988 4497 1089 4552 est,
1123 4490 1543 4559 comprobantur
1571 4490 1638 4543 ab
1665 4505 1732 4544 eo
1761 4505 1920 4558 quem
1944 4491 2047 4545 uti-
2075 4494 2124 4554 D
2218 4490 2620 4560 Septuagesima
2650 4498 2704 4543 et
2732 4489 2889 4543 tertia
2913 4488 3130 4542 turresis
3152 4496 3233 4543 est
3256 4485 3701 4556 Theoponitarum.

463 4596 567 4650 que
594 4581 985 4636 damnaverunt
1030 4598 1043 4632 :
1077 4595 1183 4635 non
1213 4579 1489 4648 abjieiunt,
1521 4595 1628 4634 non
1660 4590 1907 4647 renuunt,
1940 4597 2048 4636 non

462 4681 673 4728 mutant
698 4666 1034 4742 baptismatis
1054 4680 1475 4735 sacramentum;
1500 4679 1555 4725 et
1576 4686 1671 4725 seu
1693 4686 1722 4725 a
1752 4669 2044 4737 Primiano,

462 4762 576 4819 sive
603 4778 635 4817 a
661 4762 987 4818 Maximiano
1027 4762 1149 4831 quis
1187 4769 1279 4816 aut
1320 4761 1641 4831 baptizetur,
1686 4769 1778 4814 aut
1823 4762 2049 4818 clericus

462 4851 759 4917 ordinetur,
805 4853 958 4921 quasi
1007 4853 1073 4907 ab
1113 4867 1224 4906 uno
1271 4850 1468 4906 factum
1499 4851 1586 4916 sit,
1627 4866 1735 4904 non
1775 4866 1807 4904 a
1839 4851 2049 4907 duobus

460 4942 771 5006 contrariis;
802 4942 856 4996 in
885 4957 947 4997 ea
976 4943 1236 5011 dignitate
1281 4957 1384 5011 qua
1426 4941 1493 4995 ab
1538 4957 1645 4997 uno
1685 4943 1890 4997 venerit
1928 4944 2048 5012 quis

461 5034 529 5089 ad
557 5034 804 5097 alterum,
846 5043 1155 5102 perseverat
1183 5054 1196 5088 :
1230 5050 1336 5089 non
1366 5041 1605 5088 mutatur
1632 5034 1917 5105 baptisma,
1948 5050 2047 5089 nec

458 5121 689 5191 dignitas
721 5122 954 5188 tollitur;
986 5123 1111 5191 quia
1140 5139 1247 5177 non
1275 5123 1343 5177 de
1370 5123 1711 5192 baptismatis
1734 5124 2043 5178 altercatio-

459 5230 546 5280 ne,
599 5214 693 5270 sed
742 5214 809 5270 de
860 5215 1214 5270 ordinationis
1268 5216 1615 5271 contentione
1671 5214 1811 5271 facta
1854 5216 2043 5271 divisio

457 5306 858 5377 comprobatur.
890 5306 968 5361 De
996 5306 1265 5363 Caeciliani
1294 5309 1435 5363 enim
1464 5308 1802 5363 ordinatione
1831 5306 2041 5363 dissen-

526 5538 550 5565 ⁸
584 5527 739 5598 Apud
760 5528 1109 5598 Augustinum
1130 5541 1352 5598 quoque
1374 5526 1668 5597 Majorinus
1697 5528 2035 5593 nominatur;

458 5596 511 5653 in
541 5596 727 5652 codice
750 5607 926 5651 autem
956 5597 1205 5665 Augiensi
1239 5596 1555 5665 Mojun'nus.

527 5667 553 5705 ι»
581 5667 679 5723 bis.
719 5668 876 5736 Aug.,
920 5666 1165 5736 probatur
1208 5668 1553 5737 integritatem
1579 5667 1654 5738 (id
1683 5675 1765 5722 est
1788 5667 2036 5735 fortasse,

2111 4646 2118 4652 ,
2152 4580 2216 4634 Ili
2251 4581 2434 4634 dicunt
2466 4579 2516 4632 in
2547 4577 2782 4642 Christo,
2812 4578 2936 4631 dum
2967 4586 3257 4647 pateretur,
3294 4577 3615 4630 Divinitatem
3639 4569 3703 4622 sic

2151 4672 2403 4737 doluisse,
2433 4671 2570 4725 sicut
2598 4677 2776 4740 potest
2804 4669 2989 4723 dolere
3016 4669 3193 4721 anima
3222 4667 3348 4721 dum
3387 4676 3574 4735 Corpus
3598 4674 3700 4727 sup-

2149 4762 2323 4833 pliciis
2368 4762 2561 4829 agitur.
2605 4760 2680 4814 De
2717 4760 2912 4829 quibus
2953 4759 3028 4812 ait
3073 4755 3363 4825 Gregorius
3402 4757 3695 4827 episcopus:

2150 4853 2392 4909 Infelices
2421 4861 2476 4908 et
2503 4852 2686 4907 miseri
2726 4867 2832 4906 non
2862 4851 3065 4915 vident,
3102 4851 3154 4904 in
3192 4849 3489 4913 arboribus,
3516 4841 3700 4916 quando
3734 4884 3749 4937 Ι

2150 4944 2292 5000 ferro
2337 4943 2634 5009 caeduntur,
2674 4941 2843 4996 solem
2889 4942 3105 5012 quidem
3146 4955 3265 4996 esse
3305 4941 3356 4994 in
3405 4937 3696 4993 arboribus:
3734 4958 3745 4985 ι

2148 5034 2389 5104 nunquid
2410 5049 2517 5088 non
2537 5033 2684 5088 dolet
2712 5034 2839 5088 solis
2863 5031 3132 5102 splendor,
3156 5045 3316 5100 quem
3344 5031 3543 5098 utique.
3566 5030 3698 5078 ante-

2147 5143 2307 5198 quam
2336 5127 2404 5181 ad
2444 5127 2642 5195 lignum
2670 5125 2967 5197 perveniat,
3003 5124 3240 5195 priorem
3277 5123 3414 5178 ictus
3441 5118 3558 5175 ferri
3591 5128 3702 5169 con-

2146 5218 2338 5287 tingit?
2386 5217 2524 5272 Deus
2566 5230 2696 5286 ergo
2735 5216 2827 5271 lux
2853 5223 2954 5280 est,
2990 5223 3045 5269 et
3087 5213 3361 5285 quomodo
3398 5210 3522 5267 aedi
3548 5205 3701 5279 ροιθει

2145 5308 2269 5363 lux?
2297 5308 2429 5362 Nam
2453 5307 2597 5378 quod
2627 5307 2802 5362 anima
2831 5307 2900 5362 sit
2925 5321 3046 5376 qua:
3065 5304 3246 5362 doleat
3264 5305 3321 5360 in
3340 5315 3575 5376 corpore,
3594 5295 3694 5350 hinc

2147 5529 2519 5599 defensionem)
2549 5530 2660 5600 ejus
2687 5537 2887 5600 contra,
2913 5538 3019 5584 etc.

2221 5613 2241 5638 ε’
2276 5601 2369 5654 iis.
2398 5602 2555 5668 Αιις.ν
2572 5598 2900 5669 “αδιιοοιυ9ἱω.
