3884 6184
190 291 280 350 613
614 282 1207 343 PREDESTINATUS
1243 280 1394 339 SIVE
1433 278 2130 336 PR.-EDESTINATORU.\I
2170 280 2505 347 HJERESIS,
2549 280 2698 337 ETC.
2742 281 2868 337 LIB.
2909 281 2951 336 I.
3338 277 3440 336 6H

191 403 511 468 advertimus,
539 400 682 471 quod
709 399 999 456 recedente
1025 398 1203 452 anima
1231 395 1299 451 de
1328 409 1578 465 corpore,
1602 393 1748 449 nulla
1779 397 1824 453 Α
1856 399 2037 458 vetur;
2067 393 2183 449 Itch
2211 401 2411 449 statuta
2455 395 2508 448 in
2552 395 2733 449 anima
2768 404 2913 460 sunt,
2941 409 3049 450 non
3080 394 3134 449 in
3172 397 3449 466 corporeis

190 502 352 570 potest
377 508 566 564 corpus
605 492 828 557 sentire,
861 505 961 544 nec
987 488 1211 544 adversa
1243 500 1349 545 nec
1384 500 1657 556 prOSpera.
1691 483 1750 538 In
1854 482 2180 540 liniamentis
2222 485 2503 551 instructa,
2545 492 2600 541 et
2629 494 2781 542 tanto
2819 486 2942 556 plus
2981 486 3173 541 similis
3207 487 3315 541 Deo
3342 494 3446 551 est,

190 601 397 659 «crpore
422 598 549 654 ergo
577 582 791 638 Domini
831 579 1001 636 nostri
1039 577 1164 633 Jesu
1192 576 1411 639 Christi,
1441 577 1619 630 anima
1652 576 1755 630 hu-
1854 583 2057 645 quanto
2086 576 2204 647 plus
2229 570 2345 632 haec
2381 590 2502 645 qua:
2538 578 2955 634 memoravimus
2990 576 3176 648 purius
3214 577 3450 646 potuerit

194 678 443 736 manitatis
486 675 651 731 sensit
676 688 838 744 quam
868 688 991 728 cum
1032 685 1260 740 corpore
1305 669 1613 739 assumpsit,
1646 684 1753 724 non
1856 668 2122 724 obtinere.

194 776 298 843 ipse
315 770 400 840 qui
429 766 734 836 assumpsit,
763 764 903 821 sicut
930 780 1032 819 nec
1058 762 1141 818 sol
1165 763 1257 832 qui
1289 762 1342 817 in
1372 762 1568 817 arbore
1593 775 1755 831 quam
2523 760 2778 816 Lxxvn,

194 875 529 918 memoramus
554 858 729 913 illuxit
761 874 774 910 :
806 857 968 912 etiam
994 855 1041 910 si
1068 854 1196 910 solis
1224 854 1314 908 lux
1342 852 1397 907 in
1425 853 1618 907 arbore
1638 865 1760 922 pos-
1929 851 2392 923 Septuagesimam
2439 861 2496 909 et
2538 854 2824 924 septimam
2879 856 3122 910 haeresim
3172 855 3449 910 Ametrita:

193 957 254 1011 sit
288 970 316 1007 a
350 953 661 1007 verberante
708 947 939 1013 concidi,
986 947 1040 1002 in
1081 944 1296 1001 Christo
1341 945 1603 1000 Divinitas
1647 958 1755 998 non
1856 944 2224 1008 instituerunt,
2267 944 2509 1000 dicentes
2563 946 2982 1001 innumerabiles
3032 962 3152 1003 esse
3199 946 3447 1003 mundos.

194 1048 348 1117 possit
372 1061 401 1099 a
429 1044 700 1100 cruciante
726 1040 998 1108 contingi;
1028 1040 1155 1109 quia
1200 1038 1330 1096 solis
1376 1037 1467 1092 lux
1507 1044 1755 1092 creatura
1858 1034 1974 1090 Hoc
2002 1050 2097 1091 eos
2123 1035 2304 1091 dicere
2345 1053 2545 1092 novum
2575 1047 2746 1108 putat,
2778 1039 2872 1109 qui
2904 1054 3011 1093 non
3055 1038 3184 1108 legit
3210 1039 3451 1107 philoso-

193 1150 284 1203 est,
313 1140 397 1195 hic
431 1148 609 1193 antem
648 1145 862 1192 creator
889 1135 1199 1203 agnoscitur
1226 1141 1282 1188 et
1314 1132 1592 1203 probatur.
1622 1129 1757 1184 Nam
1857 1127 2024 1196 pbos;
2052 1128 2157 1183 hoc
2183 1129 2327 1183 enim
2357 1130 2486 1185 olim
2514 1130 2773 1199 aliquanti
2794 1132 3239 1201 philosophorum
3265 1131 3453 1185 dixere

190 1234 317 1304 quod
358 1232 534 1286 anima
585 1229 935 1285 humanitatis
974 1226 1205 1282 senserit
1250 1225 1590 1296 passionem,
1642 1223 1759 1292 ipse
1858 1219 2103 1285 gentiles.
2149 1218 2257 1274 Nos
2288 1226 2469 1275 autem
2510 1220 2731 1291 Moysen
2761 1237 2791 1275 a
2822 1222 2935 1278 Deo
2965 1222 3187 1277 missum
3224 1221 3453 1291 suscipi-

192 1324 423 1378 Dominus
464 1322 541 1375 ait
576 1320 644 1375 ad
690 1319 984 1389 discipulos
1023 1332 1170 1383 suos,
1208 1316 1393 1372 dicens
1418 1332 1430 1367 :
1458 1313 1643 1368 Tristis
1681 1322 1759 1367 est
1858 1326 2017 1365 mus:
2049 1319 2106 1365 et
2130 1308 2198 1365 de
2217 1310 2417 1366 mundo
2437 1311 2565 1380 quid
2592 1312 2890 1368 sentiamus
2908 1320 2965 1367 et
2990 1313 3119 1382 quid
3144 1313 3450 1378 credamus,

192 1417 347 1470 anima
365 1430 475 1468 mea
499 1428 660 1483 usque
679 1410 749 1464 ad
775 1418 989 1465 mortem
1020 1407 1095 1479 (Μ
1104 1417 1199 1461 att.
1232 1422 1379 1470 xxvr,
1403 1403 1515 1475 '58).
1539 1402 1607 1457 Et
1635 1403 1759 1458 hinc
1860 1402 1928 1457 ab
1956 1402 2076 1473 ipso
2101 1401 2400 1458 didicimus.

191 1508 368 1565 dixisse
386 1505 619 1561 sufficiat
650 1522 663 1557 :
699 1502 1022 1558 accedamus
1049 1499 1117 1554 ad
1145 1498 1399 1568 reliquos.
2525 1491 2803 1548 LXXVIII.

846 1592 1078 1647 LXXIV.
1586 1671 1591 1675 t
1930 1604 2393 1675 Septuagesimam
2421 1613 2477 1660 et
2506 1613 2753 1661 octavam
2792 1605 3039 1662 hmresim
3069 1606 3454 1679 Psychopneu-

251 1687 700 1759 Septuagesimam
755 1695 812 1742 et
866 1694 1112 1755 quartam
1168 1684 1415 1738 haeresim
1469 1671 1759 1737 Triscilidm

1921 1711 2053 1751 ones
2081 1705 2433 1766 occuparunt,
2465 1698 2706 1753 dicentes
2745 1699 2952 1754 animas
2981 1701 3258 1755 hominum
3286 1702 3455 1756 bonas

194 1781 505 1836 incurrerunt
539 1797 554 1832 :
590 1779 681 1849 qui
724 1776 1019 1833 triformem
1068 1776 1236 1830 Deum
1275 1776 1347 1829 ita
1389 1781 1664 1839 asserunt,
1700 1789 1728 1828 u

1955 1787 2175 1858 spiritus
2221 1788 2533 1856 angelorum
2586 1790 2829 1845 converti
2873 1808 2887 1843 :
2926 1792 3134 1846 animas
3184 1808 3312 1848 vero
3361 1793 3458 1847 ho-

193 1870 409 1940 ‘lmﬁdam
434 1885 565 1941 Pars
589 1868 707 1938 eius
733 1869 807 1923 δίε
834 1866 1012 1932 pawn
1043 1865 1289 1936 quamam
1311 1865 1494 1931 Filius:
1518 1863 1762 1935 quamam
1863 1880 2071 1935 minum
2088 1880 2259 1935 malas
2287 1880 2341 1934 in
2370 1880 2592 1950 spiritus
2619 1881 2924 1936 dremonum
2954 1884 3167 1937 mutari.

192 1964 399 2070 spiritus
423 1970 669 2070 sanctus,
708 1969 770 2067 et
804 1961 954 2070 hinc.
965 1961 1039 2070 sit
1064 1958 1297 2070 Trinitas
1329 1958 1666 2070 in.unitate..J
2541 2014 2775 2070 LXXIX

192 2055 364 2125 quibus
388 2055 463 2110 ait
488 2052 791 2123 Gregorius
822 2071 835 2105 :
866 2050 1112 2107 Infelices
1137 2057 1195 2106 et
1225 2050 1407 2106 miseri
1442 2066 1554 2105 non
1578 2049 1766 2105 vident

192 2147 301 2215 quia
326 2153 491 2202 totam
533 2145 714 2215 ipsam
750 2144 1070 2199 Trinitatem
1108 2142 1503 2212 blasphemant.
1536 2140 1652 2195 Non
1680 2148 1767 2195 est
1936 2145 2399 2217 Septuagesimam
2444 2154 2503 2201 et
2547 2160 2745 2200 nonam
2785 2146 3043 2202 haeresem
3073 2145 3100 2185 δ
3125 2146 3459 2202 Adecerditm

194 2237 320 2293 enim
349 2237 502 2304 Deus,
533 2237 645 2292 nisi
679 2235 772 2306 qui
818 2235 875 2290 in
922 2234 1104 2305 seipso
1147 2231 1421 2304 perfectus
1452 2238 1553 2286 est.
1584 2229 1766 2286 Perfe-
1871 2250 1894 2279 ο
1924 2246 2130 2305 tenent,
2179 2237 2423 2296 dicentes
2458 2255 2471 2291 :
2501 2238 2719 2294 Christo
2762 2238 3110 2293 descendenti
3149 2238 3217 2291 ad
3260 2236 3464 2292 inferos
3531 2273 3547 2291 .

196 2337 298 2383 ctus
323 2341 446 2397 ergo
483 2327 652 2384 Pater
677 2324 975 2398 perfectum
1007 2339 1078 2381 ex
1106 2339 1167 2380 se
1187 2324 1372 2393 genuit
1398 2321 1612 2387 Filium.
1640 2336 1769 2400 ρει-
1867 2332 2043 2388 omnis
2087 2331 2390 2386 animarum
2434 2329 2724 2385 multitudo
2752 2331 3007 2397 occurrit,
3043 2338 3100 2385 et
3131 2329 3360 2385 credidit
3385 2329 3459 2392 ei,

197 2422 346 2478 fectus
370 2439 437 2478 ex
473 2421 638 2478 Patre
664 2419 912 2492 procedit
948 2417 1183 2490 Spiritus
1219 2423 1457 2471 sanctus.
1495 2413 1636 2471 Ecce
1666 2413 1767 2468 tria
1867 2428 1925 2475 et
1950 2421 2177 2475 liberata
2207 2427 2311 2477 est.

196 2512 407 2583 perfecta
434 2529 541 2569 non
572 2512 780 2568 faciunt
811 2519 923 2565 tres
956 2510 1110 2575 deos,
1153 2508 1248 2564 sed
1284 2522 1469 2573 unum,
1506 2507 1633 2576 quia
1662 2521 1768 2561 una
2550 2506 2764 2563 LXXX.

197 2611 269 2658 est
290 2603 478 2659 Deitas.
509 2603 635 2658 Non
664 2603 807 2659 enim
835 2600 975 2657 sicut
1002 2608 1113 2656 tres
1141 2614 1404 2670 personae,
1430 2598 1508 2653 sic
1528 2606 1641 2653 tres
1662 2597 1770 2653 dei-
1940 2597 1966 2637 ά
1995 2598 2337 2679 Octogesima
2365 2598 2585 2655 haeresis
2613 2599 2745 2654 dicit
2772 2598 2967 2653 Filium
3014 2598 3110 2654 Dei
3150 2609 3337 2670 postea
3370 2615 3466 2671 ge-

197 2701 353 2769 tates:
383 2694 475 2749 sed
501 2701 634 2748 sunt
653 2700 783 2759 tres,
814 2689 993 2757 Pater,
1017 2699 1075 2745 et
1104 2689 1289 2756 Filius,
1312 2698 1369 2744 et
1387 2688 1618 2759 Spiritus
1645 2703 1771 2744 san-
1870 2692 2066 2753 nitum,
2097 2698 2287 2759 postea
2316 2705 2477 2760 quam
2506 2691 2677 2746 voluit
2705 2689 2894 2756 Pater;
2925 2691 2970 2745 si
3000 2691 3261 2747 noluisset
3282 2690 3461 2757 Pater,

197 2791 326 2849 ctus;
361 2786 455 2839 sed
482 2800 591 2839 una
621 2783 824 2847 Deitas,
853 2797 959 2837 una
993 2781 1268 2851 majestas,
1298 2795 1405 2835 una
1437 2780 1628 2851 virtus,
1662 2794 1768 2834 una
1870 2800 1980 2838 non
2025 2784 2298 2852 genuisset
2338 2802 2352 2836 :
2388 2791 2528 2847 esto,
2570 2782 2926 2839 confiteamur
2968 2784 3228 2854 aequalem
3274 2784 3466 2841 Filium

197 2878 439 2944 voluntas,
469 2885 526 2933 et
552 2891 666 2932 una
693 2874 992 2931 substantia
1019 2872 1342 2930 conﬁtenda.
1871 2875 2049 2943 Patri;
2079 2885 2140 2932 ut
2164 2877 2384 2946 aequalis
2411 2877 2499 2941 sit,
2521 2893 2631 2933 non
2661 2885 2742 2933 est
2772 2892 2860 2932 res
2888 2885 3111 2943 naturae,
3136 2878 3229 2933 sed
3258 2881 3462 2947 gratim.

870 2962 1081 3019 LXXV.
1874 2966 2033 3021 Pater
2073 2967 2177 3022 hoc
2204 2968 2398 3032 voluit,
2436 2982 2500 3022 ac
2526 2982 2624 3038 per
2664 2968 2769 3023 hoc
2808 2975 2982 3022 totum
3022 2966 3198 3023 Patris
3225 2978 3325 3032 est.
3358 2986 3468 3025 non

174 3090 177 3097 -
257 3057 710 3128 Septuagesimam
738 3064 795 3112 et
821 3056 1066 3125 quintam
1109 3054 1354 3109 haeresim
1401 3052 1771 3123 Hydrotheitae
1871 3058 2012 3113 Filii.
2044 3057 2154 3114 Nos
2182 3073 2214 3113 e
2241 3059 2517 3113 contrario
2553 3058 2780 3113 dicimus
2813 3076 2825 3111 :
2858 3059 2997 3114 sicut
3032 3057 3152 3115 fons
3179 3075 3249 3114 ex
3276 3076 3342 3114 eo
3370 3073 3468 3128 ge-

198 3147 435 3213 fecerunt,
476 3164 680 3221 aquam
707 3148 877 3204 Deum
905 3147 1165 3214 dicentes,
1199 3162 1306 3203 non
1344 3148 1635 3203 habentem
1671 3160 1775 3201 nec
1799 3136 1846 3198 (ἶ
1875 3151 1993 3205 nuit
2020 3148 2217 3205 flumen
2247 3164 2316 3204 ex
2336 3164 2444 3218 quo
2470 3159 2570 3213 est,
2602 3151 2677 3205 ita
2706 3149 2866 3205 Pater
2892 3166 2961 3206 ex
2985 3166 3052 3206 eo
3071 3152 3257 3221 genuit
3278 3152 3470 3207 Filium

198 3239 384 3295 initium
411 3257 510 3297 nec
538 3241 728 3306 ﬁnem,
757 3238 943 3295 sordes
963 3239 1220 3304 luentem,
1251 3245 1474 3308 peccata
1499 3238 1775 3292 dimitten-
1875 3254 1946 3295 ex
1981 3254 2092 3308 quo
2130 3246 2215 3294 est
2245 3256 2260 3292 :
2292 3247 2348 3295 et
2387 3240 2531 3295 sicut
2568 3239 2688 3295 fons
2724 3257 2834 3295 non
2873 3241 3106 3297 volendo
3146 3250 3201 3297 et
3240 3242 3472 3298 nolendo

201 3340 313 3397 tem,
361 3343 414 3389 et
464 3334 760 3389 habentem
813 3331 1071 3403 Spiritum
1121 3338 1388 3386 sanctum.
1438 3327 1588 3397 Quos
1627 3329 1773 3398 juste
1874 3330 2062 3398 genuit
2093 3328 2333 3395 ﬂuvium,
2378 3330 2475 3385 sed
2512 3330 2811 3399 gignendo;
2843 3332 2917 3385 ita
2952 3331 3114 3387 Pater
3152 3348 3260 3388 non
3289 3334 3475 3404 dispu-

200 3423 397 3480 damnat
435 3425 564 3481 ﬁdes
609 3424 881 3480 catholica
908 3423 1065 3493 quasi
1097 3437 1287 3487 cmcos,
1319 3429 1376 3475 et
1397 3436 1505 3476 non
1530 3420 1775 3476 videntes
1876 3422 2061 3487 tando,
2092 3430 2188 3477 aut
2218 3421 2473 3487 volendo,
2505 3431 2600 3477 aut
2643 3406 2898 3485 nolendo,
2949 3423 3043 3479 sed
3092 3425 3232 3481 sicut
3277 3434 3471 3479 natura

200 3530 374 3585 aquam
399 3518 596 3589 quibus
639 3514 911 3586 spurcitiis
953 3512 1138 3578 servit,
1169 3520 1227 3567 et
1269 3518 1453 3582 potest
1490 3510 1633 3566 Deus
1659 3514 1775 3565 ser-
1877 3512 2042 3568 fontis
2088 3515 2194 3569 hoc
2237 3520 2433 3578 exstat,
2458 3519 2518 3566 ut
2546 3513 2614 3567 de
2645 3513 2980 3583 plenitudine
3004 3529 3100 3568 sua
3128 3524 3361 3578 emanet,
3398 3516 3470 3570 ita

199 3608 313 3674 rire,
336 3611 526 3679 quibus
553 3608 724 3665 etiam
762 3602 1132 3677 squaloribus;
1179 3611 1273 3659 aut
1316 3602 1469 3672 cujus
1513 3604 1777 3658 momenti
1878 3601 2042 3659 Pater
2065 3605 2134 3660 de
2159 3604 2492 3675 plenitudine
2520 3620 2615 3659 sua
2645 3603 2923 3659 ell‘undens
2949 3604 3141 3659 Filium
3171 3606 3374 3673 genuit.
3406 3606 3476 3660 Et

207 3709 279 3755 est
301 3717 429 3773 aqua
448 3702 566 3758 sine
582 3699 1023 3756 consecratione.
1044 3697 1196 3752 Illam
1220 3712 1399 3752 sermo
1417 3697 1574 3752 vivus
1600 3694 1774 3751 viviﬁ-
1878 3696 2017 3751 sicut
2045 3694 2234 3751 fluvius
2270 3695 2461 3751 circuit
2502 3703 2674 3750 totum
2702 3695 2977 3761 mundum,
3010 3703 3067 3751 et
3105 3710 3255 3751 mare
3292 3696 3474 3763 ingre-

203 3798 299 3857 cat,
323 3807 495 3849 sermo
522 3797 748 3847 sanctus
772 3787 1093 3850 sanctificat,
1126 3795 1185 3841 ut
1220 3794 1438 3843 sanctus
1466 3787 1696 3858 Spiritus
1722 3788 1777 3842 in
1879 3786 2043 3852 ditur,
2073 3794 2130 3842 et
2158 3794 2334 3841 tamen
2360 3788 2427 3841 de
2455 3786 2575 3841 sinu
2604 3784 2766 3841 fontis
2796 3803 2902 3842 non
2929 3787 3132 3842 recedit
3164 3806 3176 3840 :
3210 3788 3283 3842 ita
3314 3794 3370 3842 et
3395 3787 3478 3841 Fi-

201 3882 789 3951 eadignetnrhabitare,
813 3886 908 3934 aut
927 3887 987 3933 ut
1008 3878 1536 3949 possitcredentibus
1553 3887 1777 3950 peccata
1881 3877 1984 3932 lius
2029 3876 2099 3932 de
2147 3878 2268 3932 sinu
2317 3875 2494 3932 Patris
2548 3893 2819 3947 nunquam
2868 3878 3139 3945 discessit,
3190 3895 3292 3935 nec
3348 3890 3476 3933 tunc

202 3971 454 4028 mundare.
486 3972 555 4027 Et
582 3971 687 4033 sic,
717 3968 991 4040 quomodo
1025 3969 1224 4039 accipit
1249 3970 1359 4023 vim
1390 3969 1547 4038 hujus
1573 3970 1652 4025 rei
1682 3984 1780 4040 per
1881 3969 2100 4037 quando
2126 3984 2186 4024 se
2214 3969 2516 4023 humiliavit
2552 3968 2723 4025 factus
2749 3970 3007 4025 obediens
3034 3985 3202 4040 usque
3230 3970 3299 4024 ad
3326 3985 3477 4026 mor-

210 4062 620 4121 benedictionem
667 4069 728 4117 ut
774 4061 944 4132 possit
989 4061 1172 4116 omnia
1219 4061 1479 4116 mundare
1522 4069 1776 4132 peccata,
1882 4068 2013 4115 tem.
2044 4059 2135 4116 Sic
2166 4074 2296 4129 ergo
2326 4062 2468 4117 inter
2498 4077 2597 4116 nos
2629 4078 2721 4132 per
2751 4063 3175 4132 assumptionem
3205 4064 3477 4132 apparuit,

204 4169 295 4209 non
319 4166 495 4227 potest
517 4155 784 4212 mundare
808 4162 1031 4225 peccata
1057 4153 1174 4222 ejus
1194 4153 1286 4224 qui
1314 4150 1475 4207 ﬁdem
1495 4169 1648 4208 suam
1669 4169 1780 4209 non
1881 4149 1978 4205 sed
2004 4165 2103 4221 per
2129 4150 2466 4220 majestatem
2509 4167 2661 4207 suam
2700 4153 2768 4206 de
2815 4152 2935 4206 sinu
2984 4152 3158 4208 Patris
3197 4169 3473 4223 nunquam

204 4259 263 4300 ex
280 4248 478 4318 integro
505 4249 660 4319 prius
680 4247 793 4302 Deo
821 4246 1114 4303 crediderit
1135 4244 1484 4300 offerendam.
1510 4245 1627 4299 Non
1649 4260 1779 4315 ergo
1881 4243 2145 4299 discessit.
2193 4242 2261 4298 Ut
2303 4245 2448 4298 enim
2489 4245 2594 4300 hoc
2633 4243 2813 4309 ﬁeret,
2861 4259 2961 4299 nec
3001 4246 3327 4315 possibilitas
3366 4246 3478 4302 Deo

207 4352 290 4405 per
314 4341 481 4396 solum
500 4340 835 4404 abluentem,
866 4336 962 4393 sed
982 4338 1154 4407 magis
1190 4352 1289 4407 per
1314 4336 1623 4393 credentem
1652 4337 1776 4408 Spi-
1882 4332 2051 4389 defuit
2072 4350 2171 4390 nec
2196 4336 2466 4390 voluntas.
2500 4334 2676 4391 Unum
2707 4336 2898 4390 horum
2921 4337 2967 4390 si
2986 4336 3099 4391 Deo
3120 4336 3311 4404 defuit,
3338 4336 3480 4391 Deus

208 4428 327 4484 ritus
351 4439 566 4488 sanctus
606 4428 908 4485 infunditur
951 4430 1005 4483 in
1044 4429 1311 4493 homines,
1343 4436 1399 4484 et
1432 4436 1779 4499 peccatorum
1882 4444 1993 4483 non
2033 4435 2215 4499 potest
2260 4428 2575 4498 nuncupari.
2623 4428 2725 4494 Qui
2773 4432 2916 4483 enim
2963 4432 3158 4484 bonum
3195 4445 3302 4484 non
3334 4430 3477 4494 vult,

212 4521 347 4576 venia
372 4523 733 4578 condonatur.
1810 4511 1862 4571 D
1886 4522 2060 4576 malus
2088 4529 2199 4588 est;
2230 4522 2323 4591 qui
2353 4537 2460 4576 non
2490 4528 2670 4591 potest
2698 4521 2841 4590 quod
2863 4521 2979 4575 vult
3005 4520 3200 4587 facere,
3233 4521 3482 4592 omnipo-

868 4609 1100 4665 LXXVI.
1881 4623 2005 4670 tens
2048 4631 2157 4670 non
2205 4622 2307 4670 est.
2341 4614 2493 4669 Ilanc
2519 4614 2906 4684 blasphemiam
2936 4614 3255 4668 damnantes
3290 4613 3343 4667 in
3369 4613 3480 4667 ha:-

270 4687 722 4773 Septuagesimam
751 4710 808 4759 et
832 4712 1040 4759 sextam
1064 4702 1310 4758 haeresim
1338 4702 1578 4759 fecerunt
1608 4711 1632 4738 ⁸
1666 4700 1777 4758 llo—
1880 4706 2052 4762 retice
2081 4721 2242 4775 quem
2265 4705 2519 4771 diximus,
2544 4705 2611 4759 ad
2639 4712 2864 4759 caeteros
2885 4704 3226 4759 accedamus.

212 4797 552 4863 muncionitaz,
585 4796 680 4867 qui
705 4796 891 4851 dicunt
916 4795 970 4850 in
998 4810 1228 4865 corpore
1256 4795 1488 4849 hominis
1510 4810 1627 4849 esse
1649 4795 1782 4849 ima—
1812 4784 1818 4795 ’
2555 4834 2790 4890 LXXXL

209 4883 370 4951 ginem
411 4887 526 4955 Dei,
577 4903 687 4943 non
728 4888 781 4942 in
827 4886 1024 4941 anima.
1082 4881 1235 4940 Unde
1282 4883 1575 4954 Gregorius
1612 4904 1624 4938 :
1658 4901 1781 4941 cum

212 4975 370 5047 imago
397 4981 491 5036 Dei
519 4983 574 5037 in
606 4983 769 5038 rebus
796 4981 1006 5050 magnis
1033 4988 1089 5035 et
1113 4980 1301 5050 primis
1319 4994 1438 5049 quae
1460 4987 1585 5036 sunt
1609 4980 1662 5035 in
1692 4981 1785 5036 ho-
1958 4977 2352 5046 Octogesimam
2382 4981 2437 5027 et
2476 4973 2705 5043 primam
2743 4988 2852 5027 non
2894 4972 3139 5029 haeresim
3171 4989 3486 5030 accusamus

212 5067 339 5124 mine
381 5071 575 5128 debeat
620 5072 806 5144 quaeri,
850 5073 905 5126 in
953 5071 1233 5136 memoria,
1282 5071 1337 5125 in
1383 5070 1675 5135 intellectu,
1726 5073 1779 5126 in
1891 5081 1915 5110 ο
1947 5069 2269 5135 Luciferum,
2293 5066 2387 5122 sed
2413 5067 2645 5122 schisma
2676 5066 2968 5134 arguimus.
3002 5064 3355 5124 fCatholicos
3374 5068 3489 5136 qui-

212 5161 435 5227 scientia,
467 5173 523 5221 et
550 5166 607 5220 in
637 5165 740 5221 illis
768 5164 902 5220 locis
922 5162 1063 5218 unde
1091 5163 1255 5217 homo
1283 5162 1350 5217 ad
1380 5162 1637 5232 pietatem
1663 5179 1779 5219 mo—
1887 5164 2009 5220 dem
2038 5176 2137 5233 per
2161 5159 2359 5225 omnia,
2379 5158 2472 5214 sed
2495 5156 2862 5213 Luciferianos
2886 5156 3130 5213 faciendo
3159 5159 3406 5229 populos,
3434 5162 3490 5211 et

277 5304 301 5333 ι
327 5298 381 5353 In
422 5302 566 5357 hunc
614 5301 789 5358 locum
842 5299 1039 5356 videsis
1084 5297 1430 5362 Cotelerium,
1480 5298 1545 5352 ad
1594 5296 1781 5354 Const.
1886 5298 2229 5352 salvarentur.
2254 5291 2405 5346 Hanc
2434 5287 3485 5362 observationemacccptamreferimus

214 5363 406 5434 Apost.,
438 5356 633 5435 nme
663 5356 783 5444 cap.
816 5370 901 5436 ιο,
935 5379 1047 5425 not.
1073 5368 1126 5421 4.
1186 5389 1191 5393 ο
1419 5356 1427 5362 ’
1887 5366 2160 5421 Cutelerio
2190 5364 2242 5417 in
2273 5363 2416 5415 notis
2445 5361 2509 5415 ad
2544 5360 2815 5442 Hennam,
2847 5360 3006 5414 simil.
3030 5356 3093 5424 '9,
3127 5358 3155 5429 ς
3188 5356 3273 5423 l6,
3298 5366 3429 5412 tom.
3463 5357 3481 5411 l

277 5436 302 5475 δ
329 5437 421 5492 Ms.
448 5441 731 5492 Auaiense.
755 5441 1086 5492 Adicerdiur.
1892 5436 1994 5490 PP.
2029 5434 2295 5492 Aoostol.,
2326 5446 2449 5492 pag.
2479 5430 2580 5485 120
2608 5432 2738 5487 edit.
2766 5429 2910 5484 Cler.

279 5441 302 5475 δ
329 5441 421 5494 Ms.
448 5441 1086 5511 Augiense,’Adicerdi!¢r.
1893 5441 1994 5490 PP.
2029 5441 2295 5504 Apostol.,
2326 5446 2449 5501 pag.
2479 5441 2580 5485 120
2608 5441 2738 5487 edit.
2766 5441 2910 5484 Cler.
3146 5496 3158 5509 .

279 5511 684 5587 cﬂ'Adqupdgrm,
706 5520 929 5587 propter
969 5512 1173 5587 lucrum
1223 5508 1414 5587 salutis
1449 5508 1504 5587 in
1548 5508 1777 5587 inferno.
1897 5578 1911 5587 _
1960 5506 1988 5545 ἀ
2018 5505 2113 5587 liis
2152 5519 2348 5587 nomen
2379 5504 2431 5557 in
2461 5502 2708 5587 e‘lencho,
2738 5499 3111 5571 Metagenetw;
3144 5512 3197 5551 in
3239 5512 3337 5552 nis.
3370 5494 3489 5548 nul-

219 5571 535 5654 Ij‘hilastrius,
562 5571 752 5654 haeres.
788 5571 891 5634 {2'2
922 5581 1072 5654 :_Alii
1098 5588 1217 5654 sunt
1238 5579 1465 5633 haeretici
1493 5579 1580 5654 qui
1602 5579 1784 5632 dicunt
1897 5574 2227 5654 lum,__inqnit
2252 5572 2589 5654 Sirmondus:
2669 5643 2680 5654 _

219 5641 477 5705 Dominum
519 5641 573 5705 in
618 5653 876 5723 infernum
914 5650 1257 5711 descendisse,
1299 5656 1348 5701 et
1388 5641 1635 5723 omnibus
1655 5658 1787 5723 post
1970 5641 2812 5723 fhis.'AugiensenitrLucifefq-

218 5728 414 5781 κοτιεηι
431 5723 585 5783 etiam
604 5710 790 5777 ibidem
812 5740 866 5776 se
887 5724 1169 5784 nuntiasse,
1193 5710 1251 5773 ut
1271 5720 1568 5790 conﬁtcntes
1595 5710 1783 5774 ibidem
1971 5716 1989 5756 ί
2023 5716 2120 5771 Ms.
2154 5710 2313 5782 idem,
2347 5712 2631 5768 catholicus
2659 5710 2883 5781 quidem.
