3884 6184
479 315 579 371 (.l5

1461 306 1830 362 ANONVMUS
1870 306 2146 364 AUCTOR
2180 305 2722 367 PRA‘JDESTINATI.

3608 312 3691 366 616

476 429 757 483 dividendo
788 441 843 479 se
874 428 935 482 ai
970 426 1228 487 Ecclesia,
1254 441 1282 479 a
1316 424 1417 479 lide
1451 441 1546 479 sua
1579 435 1601 462 ι
1624 426 1859 481 charitas
1886 424 2067 480 cxclu-
2095 428 2142 487 Α
2172 426 2297 480 rari.
2351 425 2455 482 Sed
2503 428 2603 483 hos
2628 426 2993 499 disputatione
3013 424 3252 499 Origenis
3271 448 3451 507 magna
3472 451 3691 496 memorat

473 524 543 578 sit
570 540 583 575 :
609 522 819 575 dicente
849 518 1107 589 Apostolo
1133 536 1144 572 τ
1172 516 1233 572 Si
1261 517 1417 588 ﬁdem
1438 517 1655 571 habeam
1682 520 1756 570 ita
1778 526 1842 569 ut
1861 526 2059 572 montes

478 616 808 676 transferam,
838 612 1140 665 charitatem
1174 619 1344 663 autem
1372 602 1476 663 non
1506 608 1740 674 habeam,
1772 609 1906 662 nihil
1931 607 2062 663 milii

473 704 683 775 prodest
712 703 754 773 (Ι
782 702 901 757 Cor.
932 719 1046 765 xm,
1075 702 1153 771 ‘2).
1187 701 1499 757 Gloriantur
1525 703 1739 772 quidem
1766 718 1795 755 a
1822 701 1924 755 Ilde
1955 717 2061 755 non

472 796 714 850 deviasse
746 795 879 849 :sed
907 811 1013 849 non
1054 810 1279 865 parvum
1318 794 1520 849 crimen
1552 794 1821 861 arguimus
1850 809 1947 848 eos
1974 794 2062 846 in-
2100 820 2115 835 ι

471 900 709 950 currere,
728 886 818 955 qui
842 901 961 940 cum
992 885 1087 939 Dei
1113 884 1352 939 Ecclesia
1381 884 1652 939 noluerint
1691 884 1894 938 habere
1931 884 2061 938 Cha-

472 976 515 1029 ri
523 983 707 1030 tatem.

1140 1065 1396 1120 LXXXII.

542 1157 911 1213 Jovinianistze
949 1174 977 1212 a
1017 1157 1300 1212 Joviniano
1329 1158 1560 1227 quodam
1596 1158 1979 1226 octogesimam
2007 1166 2065 1213 et

473 1249 761 1304 secundam
792 1249 1038 1303 hatresim
1068 1249 1357 1318 arripuisse
1395 1248 1593 1303 detecti
1621 1257 1764 1303 sunt.
1795 1248 1896 1316 Qui
1925 1250 2062 1304 sicut

471 1341 639 1396 Stoici
678 1341 981 1411 philosophi
1008 1348 1218 1410 putant,
1251 1340 1398 1409 paria
1428 1339 1613 1394 dicunt
1652 1354 1770 1394 esse
1811 1341 2060 1395 universa

470 1441 691 1505 peccata
718 1452 730 1486 :
760 1449 860 1489 nec
887 1449 1045 1503 posse
1083 1448 1310 1502 peccare
1351 1433 1624 1488 hominem
1658 1433 1875 1488 lavacro
1902 1447 2059 1502 rege-

471 1524 767 1578 nerationis
802 1510 1046 1593 accepto,
1078 1540 1178 1578 nec
1218 1523 1416 1593 aliquid
1450 1523 1705 1591 prodesse
1741 1522 1944 1592 jejunia
1975 1523 2060 1577 vel

470 1630 500 1668 a
529 1616 661 1669 cibis
690 1615 956 1684 aliquibus
998 1614 1396 1669 abstinentiam.
1449 1613 1820 1681 Virginitatem
1862 1622 2059 1668 sancta:

470 1707 651 1762 Maria:
679 1709 980 1768 destruunt,
1012 1707 1252 1762 dicentes
1293 1723 1411 1761 eam
1452 1707 1710 1776 pariendo
1749 1706 1911 1761 fuisse
1944 1707 2059 1761 vio-

2163 530 2229 570 ex
2259 525 2414 587 parte
2444 524 2752 576 revodatos.

2816 609 3100 667 LXXXIV.

2230 695 2626 766 Octogesimam
2679 708 2735 754 et
2788 711 3035 769 quartam
3096 703 3346 760 haeresem
3399 706 3695 767 Helvidianos

2162 803 2459 859 occupasse
2513 791 2581 843 ab
2619 789 2868 846 Helvidio
2906 808 3285 849 memoramus.
3316 795 3412 863 Qui
3455 799 3519 852 ita
3560 804 3696 869 virgi-

2160 877 2332 955 nitati
2357 887 2558 934 sancte
2586 879 2768 935 Maria:
2796 883 3192 949 contradicunt,
3222 894 3303 940 ut.
3325 902 3437 941 eam
3470 889 3629 945 dicant
3644 893 3698 947 de

2159 969 2358 1040 Ioseph
2388 982 2510 1040 post
2530 973 2865 1028 nativitatem
2884 972 3083 1029 Christi
3123 976 3257 1032 alios
3284 975 3415 1033 illius
3441 983 3693 1049 peperisse.

2160 1060 2252 1117 Isti
2279 1063 2497 1132 quidem
2525 1078 2715 1132 nuper.
2761 1064 2812 1118 id
2865 1073 2950 1120 est
2995 1067 3095 1121 sub
3145 1066 3334 1123 Siricio
3377 1068 3692 1127 Romanorum

2162 1156 2401 1211 antistite
2429 1157 2536 1211 orti
2561 1165 2707 1222 sunt,
2739 1165 2795 1211 et
2823 1173 2922 1226 per
2963 1157 3171 1213 Italiam
3223 1169 3380 1230 atque
3425 1159 3605 1217 Callias
3633 1164 3693 1218 di-

2160 1254 2420 1302 rexerunt
2463 1263 2590 1302 suos
2617 1248 2927 1318 discipulos.
2960 1248 3163 1305 Contra
3202 1251 3300 1306 bos
3319 1253 3518 1322 scripsit
3539 1254 3694 1311 Hiero-

2162 1352 2355 1407 nymus
2382 1336 2575 1391 doctor
2602 1339 2850 1406 egregius
2876 1341 2902 1377 δ
2926 1340 3063 1395 duos
3092 1341 3275 1406 libros,
3298 1358 3430 1413 quos
3477 1344 3622 1400 lectos
3654 1346 3696 1398 in

2161 1434 2404 1496 tempore
2430 1427 2588 1495 digna
2633 1442 2729 1482 eos
2756 1431 3131 1485 exsecratione
3159 1444 3182 1471 ο
3206 1434 3695 1490 anathematizabaut.

2162 1516 2491 1587 Epiphanius
2543 1527 2723 1573 autem
2774 1531 2986 1584 noster,
3036 1530 3306 1577 scrutator
3356 1524 3698 1592 bzereticorum,

2160 1608 2403 1663 scribens
2450 1617 2639 1664 contra
2680 1610 2781 1664 hos
2835 1611 3095 1677 libellum,
3147 1614 3322 1681 quiin
3374 1615 3460 1668 illo
3496 1624 3695 1684 tempore

2160 1700 2301 1754 hanc
2341 1700 2692 1770 hlasphemiis
2738 1702 2949 1770 plenam
2995 1705 3349 1761 assertionem
3385 1705 3698 1777 proferebant,

471 1797 653 1851 latam.
698 1798 1001 1865 Virginitati
1039 1799 1200 1853 etiam
1239 1797 1749 1861 sanctimonialium,
1779 1798 2060 1852 continen-
2091 1800 2135 1859 Β
2163 1790 2636 1847 Antidicomarilas
2655 1808 2752 1848 eos
2777 1794 2989 1848 censuit
3010 1795 3294 1867 appellari.

472 1889 605 1942 tium
646 1889 912 1949 castitati.
959 1889 1181 1943 etviris
1219 1889 1536 1956 eligentibus
1574 1888 1818 1943 ctelibem
1858 1888 2056 1953 vitam,

471 1980 776 2047 conjugium
799 1988 1068 2051 castorum
1090 1987 1251 2048 atque
1274 1978 1505 2033 ﬁdelium
1528 1979 1733 2033 meritis
1754 1978 2056 2047 adaequant;

471 2071 546 2123 ita
594 2078 651 2125 ut
696 2069 936 2140 quaedam
966 2071 1196 2137 virgines
1224 2084 1390 2124 sacrae
1429 2079 1696 2139 provecta:
1720 2069 1831 2136 jam
1860 2068 2056 2135 artatis,

468 2160 524 2214 in
554 2161 687 2215 urbe
718 2159 960 2214 Romana
990 2160 1080 2214 ubi
1109 2161 1223 2214 haec
1246 2159 1492 2223 docebat,
1516 2174 1583 2214 eo
1604 2159 1788 2214 audito
1814 2159 2059 2229 nupsisse

380 2296 391 2305 .
468 2252 733 2307 dicantur.
774 2250 890 2305 Non
937 2266 1067 2306 sane
1109 2251 1222 2320 ipse
1261 2249 1574 2305 Joviuianus
1602 2250 1687 2304 vel
1714 2250 1948 2305 habebat
1977 2249 2058 2305 vel

468 2345 667 2399 habere
714 2344 931 2399 volebat
975 2359 1196 2398 uxorem
1230 2361 1243 2396 :
1276 2343 1420 2414 quod
1467 2343 1665 2399 factum
1712 2359 1820 2398 non
1868 2341 2059 2398 futura:

467 2436 590 2490 vita:
617 2433 954 2505 profuturum
982 2435 1215 2499 dicebat,
1245 2435 1337 2489 sed
1365 2434 1614 2504 praesenti
1642 2432 1929 2488 commodo
1962 2448 2060 2503 ap-

466 2526 719 2595 plicabat.
768 2524 969 2581 Contra
1011 2526 1159 2581 hunc
1206 2526 1443 2594 suscepit
1484 2532 1701 2580 sanctus
1741 2525 2057 2580 Ambrosius

466 2617 879 2672 Mediolanensis
926 2618 1230 2688 cpiscopus,
1281 2618 1480 2687 quique
1527 2618 1695 2671 edidit
1746 2618 1942 2673 librum
1988 2617 2056 2672 ad

464 2709 785 2764 destruenda
838 2710 1018 2765 omnia
1074 2717 1378 2764 commenta
1430 2709 1869 2764 adinventionum
1915 2694 2051 2778 ejus.

466 2797 585 2867 Quo
617 2800 756 2853 lecto
787 2800 839 2853 in
883 2800 1056 2853 media
1090 2800 1351 2862 Romana,
1385 2799 1439 2854 id
1471 2806 1553 2853 est
1580 2800 1805 2854 ecclesia
1837 2797 2054 2853 Lrtera-

465 2890 638 2955 nensi,
670 2906 772 2944 una
805 2906 938 2944 voce
966 2899 1021 2944 et
1060 2890 1289 2960 populus
1338 2890 1610 2945 Romanus
1638 2898 1693 2944 et
1720 2890 2049 2957 sacerdotes,

464 2980 519 3034 in
560 2978 763 3034 eisdem
804 2978 1172 3034 Joviniauistis
1199 2988 1256 3033 et
1299 2980 1415 3048 ipso
1455 2979 1739 3035 Joviniano
1767 2981 2051 3037 anathema

461 3069 847 3135 clamaverunt,
896 3073 949 3124 in
997 3072 1113 3141 ipso
1160 3072 1312 3126 initio
1355 3072 1805 3140 Quadragesimzc,
1863 3082 2051 3131 sancto

463 3163 746 3218 Anastasio
792 3165 1046 3233 episcopo
1101 3165 1357 3218 antistite.
1404 3165 1644 3234 Denique
1691 3167 1743 3220 in
1788 3168 1901 3236 ipsa
1948 3183 2048 3221 au-
2074 3142 2120 3204 Ο

464 3252 699 3308 tbentica
741 3252 1076 3307 hebdomada
1124 3252 1357 3319 Paschzc,
1388 3255 1587 3309 inventi
1621 3263 1745 3309 sunt
1771 3258 2051 3326 epulantes

463 3348 520 3397 et
541 3356 826 3411 porcorum
855 3342 1103 3396 carnibus
1133 3342 1407 3398 trahentes
1450 3345 1694 3398 convivia
1728 3362 1741 3397 :
1775 3346 1846 3399 ita
1876 3355 1935 3399 ut
1959 3361 2049 3401 as—

461 3447 580 3486 sum
620 3447 839 3501 porcum
870 3447 1028 3501 quem
1061 3434 1113 3486 in
1145 3449 1329 3489 mensa
1369 3451 1555 3490 eorum
1587 3436 1921 3501 invenerant,
1952 3454 2051 3508 po-

461 3522 571 3592 puli
601 3523 741 3577 collo
781 3521 898 3590 ejus
946 3524 1352 3594 suspenderent,
1386 3534 1437 3581 et
1489 3527 1558 3581 ita
1598 3543 1720 3582 eum
1753 3544 1853 3598 per
1880 3537 2049 3584 totam

459 3614 731 3668 civitatem
787 3613 1024 3670 facerent
1070 3616 1316 3670 circuire.
1370 3614 1596 3685 Scripsit
1648 3618 1811 3672 etiam
1858 3628 2049 3674 contra

461 3702 562 3758 hos
603 3702 957 3775 Hieronymus
996 3705 1277 3775 presbyter
1315 3714 1495 3760 certos
1542 3707 1735 3772 libros;
1784 3725 1921 3778 quos
1957 3710 2050 3779 qui

461 3792 671 3862 plenius
709 3793 915 3860 legerit,
958 3803 1013 3847 et
1057 3804 1256 3864 quanta
1296 3796 1438 3849 bona
1466 3796 1742 3863 virginitas
1782 3805 1837 3851 et
1875 3799 2051 3852 conti-

463 3882 647 3938 nentia
675 3890 729 3938 et
757 3883 1076 3937 abstinentia
1118 3885 1315 3939 habeat
1357 3885 1531 3951 discit,
1574 3894 1629 3940 et
1662 3895 1865 3958 quanta
1908 3889 2047 3942 mala

463 3974 700 4031 edacitas
727 3984 783 4030 et
809 3975 1016 4029 luxuria
1045 3976 1241 4030 habeat
1270 3978 1649 4047 perhorrescit.

1109 4065 1387 4122 LXXXIII.

532 4156 925 4228 Octogesimam
963 4164 1019 4213 et
1064 4161 1277 4215 tertiam
1307 4162 1556 4217 ltzcresim
1600 4164 1655 4218 in
1702 4171 1861 4219 sexto
1908 4163 2047 4219 libro

462 4250 925 4321 historiograpbus
962 4260 1148 4307 noster
1187 4254 1339 4323 ponit
1393 4255 1687 4320 Eusebius,
1736 4271 1897 4325 quam
1948 4271 2050 4311 nec

461 4339 791 4412 Epiphanius
836 4344 1031 4398 alicubi
1080 4346 1415 4411 memoravit,
1462 4362 1560 4401 nec
1589 4345 1919 4418 Polycrates,
1948 4362 2051 4402 nec

462 4432 759 4498 Africanus,
790 4450 892 4489 nec
912 4433 1194 4499 Hesiodus,
1225 4437 1314 4505 qui
1337 4434 1524 4519 (ἔφερες)
1557 4451 1805 4491 sermone
1828 4436 2047 4491 univer-

2815 1884 3073 1941 LXXXV.

2230 1969 2625 2042 Octogesimam
2653 1982 2710 2030 et
2735 1977 2976 2044 quintam
3008 1977 3268 2034 haeresem
3314 1978 3593 2036 Paterniani
3631 1983 3697 2035 in-

2160 2062 2386 2119 choasse
2412 2065 2679 2133 leguntur.
2707 2065 2771 2119 Hi
2800 2065 3081 2121 inferiores
3109 2068 3331 2123 humani
3357 2071 3577 2139 corporis
3595 2086 3697 2140 par-

2159 2159 2244 2207 tes
2288 2169 2394 2206 non
2445 2169 2476 2207 a
2518 2154 2650 2219 Deo,
2701 2155 2794 2211 sed
2842 2171 2872 2208 a
2897 2156 3112 2211 diabolo
3144 2158 3314 2214 factas
3341 2161 3697 2229 opinanturzet

2160 2243 2400 2297 omnium
2441 2258 2510 2297 ex
2557 2244 2660 2298 illis
2713 2246 2955 2315 partibus
3010 2245 3333 2315 ﬂagitiorum
3362 2249 3602 2305 licentiam
3624 2250 3699 2304 tri-

2158 2333 2386 2413 buentes
2414 2335 2774 2406 impurissime
2804 2338 3007 2393 vivunt.
3033 2339 3142 2394 Hos
3167 2341 3295 2395 dum
3328 2342 3560 2397 Damasus
3581 2343 3697 2395 dam-

2158 2433 2315 2483 naret
2341 2428 2632 2498 episcopus
2676 2428 2921 2484 deteclos
2962 2430 3016 2485 in
3055 2433 3285 2496 scelere,
3334 2433 3607 2502 hujusmodi
3643 2432 3695 2488 de

2157 2520 2242 2575 bis
2262 2522 2314 2574 in
2337 2520 2601 2575 relatione
2621 2536 2716 2575 sua
2740 2522 2805 2574 ad
2837 2521 3273 2578 Valentinianum
3296 2524 3535 2593 majorem
3558 2525 3696 2593 scrip-

2157 2612 2246 2676 sit,
2279 2612 2504 2667 diccns:
2551 2611 2700 2667 Scire
2729 2615 2959 2667 volumus
3006 2615 3255 2684 pietatem
3298 2627 3521 2680 vestram,
3547 2613 3570 2651 ἀ
3616 2613 3693 2668 Ve-

2156 2703 2425 2757 nustianos
2453 2704 2506 2756 in
2535 2703 2724 2757 scelere
2754 2704 3047 2772 turpissimo
3076 2704 3306 2760 detectas
3353 2705 3415 2758 ab
3454 2704 3691 2775 apostolica

2155 2793 2274 2847 sede
2297 2810 2408 2848 esse
2436 2793 2726 2849 damnatos.
2753 2793 2993 2861 Quorum
3015 2796 3179 2850 etiam
3204 2797 3549 2852 CLIIICSSIOIICS
3565 2793 3691 2851 simul

2156 2881 2374 2938 direxit.
2429 2883 2633 2940 Contra
2688 2886 2788 2940 hos
2836 2894 3023 2955 postea
3071 2887 3159 2941 lex
3229 2890 3467 2959 specialis
3517 2902 3688 2955 egressa

2155 2982 2268 3037 est,
2311 2984 2370 3029 ut
2406 2976 2729 3045 ubicumque
2793 2987 2976 3033 essent
3027 2981 3255 3049 reperti,
3312 2981 3508 3035 vindice
3549 2977 3687 3048 gladio

2155 3075 2462 3133 agerentur.

2810 3158 3094 3214 LXXXVI.

2225 3248 2657 3307 Tertullianistas
2682 3252 2811 3307 olim
2858 3269 2890 3308 a
2930 3253 3125 3309 Sotere
3154 3270 3293 3325 papa
3316 3255 3542 3309 Romano
3564 3254 3683 3307 dam-

2150 3351 2308 3396 natos
2352 3342 2596 3409 legimus.
2643 3342 2755 3398 Cur
2805 3355 2983 3399 autem
3036 3348 3420 3413 octogesimam
3445 3356 3495 3400 et
3517 3353 3683 3398 sextam

2150 3448 2246 3489 eos
2267 3434 2522 3489 hteresem
2543 3436 2786 3491 dicamus
2807 3438 3116 3507 arripuisse,
3152 3439 3271 3496 hace
3290 3455 3441 3495 causa
3462 3448 3551 3500 est,
3570 3434 3685 3505 quod

2150 3526 2393 3595 quaedam
2420 3526 2712 3582 Octaviana
2740 3529 2960 3583 veniens
2984 3544 3053 3583 ex
3083 3530 3286 3595 Africa,
3318 3530 3462 3599 cujus
3485 3531 3569 3589 vir.
3604 3525 3686 3580 llo-

2149 3617 2360 3686 spcrius
2387 3618 2626 3683 nomine,
2657 3618 2939 3673 videbatur
2965 3620 3085 3674 duci
3116 3621 3400 3689 Arbugasti
3431 3621 3564 3675 valde
3585 3631 3684 3672 con-

2144 3707 2380 3776 junctus,
2412 3709 2504 3775 qui
2534 3709 2695 3763 etiam
2726 3710 2864 3778 apud
2892 3709 3184 3765 Maximum
3212 3722 3483 3783 tyrannum
3502 3707 3681 3764 multum

2149 3802 2343 3871 potuit,
2370 3801 2485 3855 haec
2518 3811 2540 3837 θ
2565 3794 2856 3855 Octaviana
2886 3802 3108 3856 adduxit
3131 3818 3315 3859 secum
3336 3802 3590 3873 quemdam
3606 3806 3683 3850 ter-

2148 3893 2536 3960 giversatorem
2591 3901 2977 3962 versutumque
3030 3894 3353 3961 daemonem,
3383 3895 3464 3949 cui
3489 3894 3565 3945 vix
3583 3903 3683 3943 cea-

2148 3989 2263 4035 tum
2310 3992 2596 4036 occurrent
2639 3982 2945 4037 verbosanti
2993 3991 3156 4051 atque
3186 3985 3242 4039 in
3270 3985 3522 4039 hominem
3548 3976 3680 4035 conli'

2148 4073 2316 4127 denti.
2361 4073 2459 4128 ilic
2508 4090 2629 4129 cum
2658 4089 2717 4129 se
2760 4076 3133 4146 presbyterum
3169 4078 3370 4133 diceret
3397 4069 3678 4131 Tertulliani-

2148 4174 2307 4231 stam,
2350 4169 2546 4222 meruit
2576 4184 2670 4235 per
2697 4184 2905 4223 sacrum
2935 4171 3195 4239 scriptum
3245 4180 3304 4227 ut
3329 4172 3424 4226 sibi
3451 4165 3680 4234 collegium

2150 4267 2302 4312 extra
2331 4275 2514 4314 muros
2546 4259 2703 4315 Urbis
2724 4260 3027 4317 fabricaret.
3056 4264 3213 4330 Quod
3242 4267 3367 4320 dum
3398 4260 3681 4333 impetrasset

2149 4363 2181 4402 a
2207 4356 2438 4420 tyranno
2491 4349 2744 4416 Maximo,
2795 4362 3106 4409 sanctorum
3155 4366 3456 4412 nostrorum
3500 4346 3680 4407 ext-lusit

2149 4440 2348 4503 locum,
2374 4441 2426 4495 id
2453 4451 2536 4497 est
2563 4443 2790 4498 duorum
2821 4444 3042 4500 fratrum
3068 4445 3311 4503 Processi
3340 4456 3393 4501 et
3414 4437 3678 4501 Martiniani,

459 4543 546 4583 sas
567 4528 798 4582 haereses
825 4527 1190 4581 describentes
1217 4514 1499 4581 volumina
1515 4529 1803 4583 multorum
1854 4530 2043 4585 condi-
2078 4514 2123 4573 ί)
2151 4532 2335 4587 dicens
2363 4548 2458 4589 eos
2480 4533 2716 4605 Phryges
2744 4536 2927 4601 luisse,
2960 4547 3015 4592 et
3036 4538 3156 4593 ideo
3178 4541 3315 4595 hanc
3344 4540 3501 4607 legem
3522 4531 3680 4587 tenuis.

458 4624 586 4679 dere
630 4621 906 4675 librorum.
939 4619 995 4673 In
1024 4631 1177 4674 sexto
1206 4621 1404 4689 itaque,
1436 4630 1493 4674 ut
1535 4621 1665 4683 dixi,
1698 4622 1834 4676 libro
1862 4630 2044 4676 narrat

459 4710 721 4771 Eusebius
748 4728 866 4768 esse
892 4714 944 4767 in
967 4713 1160 4767 Arabia
1193 4713 1491 4779 hmrcticos,
1515 4728 1740 4782 quorum
1776 4716 1901 4783 quia
1949 4731 2045 4768 au-

459 4809 665 4856 ctorem
712 4818 819 4857 non
860 4812 1141 4868 memorat,
1176 4820 1275 4857 IIOS
1303 4819 1586 4873 pOSSIIIIIIIS
1610 4820 1704 4858 COS
1736 4821 2045 4873 nuncupare

461 4893 736 4948 Arabicos.
791 4876 889 4959 Ili,
923 4896 1113 4963 inquit,
1145 4896 1328 4950 dicunt
1355 4896 1560 4949 animas
1585 4912 1705 4951 cum
1730 4897 2046 4966 corporibus

459 4982 598 5035 mori
626 4991 787 5052 atque
812 4984 1047 5052 dissolvi,
1072 4995 1127 5041 et
1147 4987 1199 5040 in
1229 4987 1333 5041 line
1360 4987 1539 5042 smculi
1580 4995 1863 5057 utrumque
1888 5002 2045 5056 repa-

530 5167 557 5195 ι
584 5155 682 5211 Ms.
712 5157 871 5222 idem,
902 5162 1205 5216 charitatem
1226 5163 1462 5218 exclusit.

529 5227 557 5267 ι’
596 5226 713 5282 Non
745 5228 947 5303 duos,”
972 5233 1065 5286 scd
1107 5249 1268 5285 unum
1310 5236 1522 5303 scripsit
1564 5234 1751 5289 doctor
1780 5236 2042 5289 maximus

467 5299 714 5375 adversus
744 5298 1061 5375 Helvidium,
1109 5311 1165 5354 ut.
1206 5298 1445 5356 notatum
1470 5305 1729 5357 Vallarsio
1752 5306 1801 5358 in
1835 5305 2039 5375 przcﬁtt.

457 5369 522 5423 ad
540 5369 928 5443 S._IIieronynti
945 5369 1175 5441 Operam
1191 5383 1389 5425 tonnnn
1415 5375 1453 5437 l,
1478 5390 1596 5443 pag.
1626 5392 1771 5440 χχιιι,
1788 5369 1934 5429 num.
1954 5377 2039 5429 55.

533 5450 557 5478 ε
594 5440 691 5492 Ms.
726 5440 1010 5507 Augiease,
1042 5440 1572 5498 anathemati/tabum.

530 5510 554 5546 α
597 5509 674 5564 De
704 5510 1034 5566 Venustiauis
1059 5512 1219 5567 verba
1251 5513 1373 5567 facit
1403 5515 1456 5567 S.
1485 5516 1828 5581 Augustinus,
1856 5517 1947 5570 lib.
1975 5516 2042 5571 de

460 5580 662 5654 llgcrcs.
686 5597 805 5654 cap.
835 5582 923 5647 85',
949 5591 1003 5637 et
1025 5583 1113 5654 lib.
1148 5600 1175 5637 v
1197 5591 1382 5636 contra
1412 5580 1606 5639 Julian.
1649 5601 1770 5654 cap.
1807 5588 1855 5647 7,
1890 5601 2039 5640 num.

458 5650 548 5703 26.
574 5648 652 5702 Ex
685 5648 786 5705 hoc
811 5662 991 5708 autem
1021 5653 1388 5707 Pranlcstinati
1438 5656 1555 5709 loco
1584 5648 1771 5709 censet
1796 5656 2047 5712 Baluzius

463 5718 816 5775 Venustianos
839 5721 999 5778 fuisse
1029 5741 1059 5778 τι
1088 5726 1142 5779 S.
1173 5725 1400 5779 Damaso
1428 5724 1711 5780 damnatos
1738 5727 1788 5779 in
1820 5727 2048 5782 concilio

2148 4637 2225 4684 se.
2268 4639 2429 4693 quam
2462 4625 2858 4682 Tertullianus:
2901 4637 3065 4698 atque
3113 4632 3217 4685 hoc
3246 4631 3428 4685 ordine
3454 4642 3538 4696 per
3560 4635 3681 4676 occa-

2147 4714 2354 4769 sionem
2378 4726 2670 4787 martyrum
2690 4718 2782 4772 Dei
2801 4722 3057 4789 populum
3091 4723 3398 4777 seducebal.
3423 4708 3522 4773 Deo
3541 4722 3677 4768 autem

2162 4804 2469 4861 Theodosio
2510 4808 2762 4876 religioso
2792 4810 3032 4877 Augusto
3080 4813 3242 4867 dante
3264 4800 3681 4874 victoriatum!!!“-

2148 4906 2314 4966 toque
2343 4900 2574 4954 satellite
2602 4900 2821 4955 Maximi
2845 4903 2911 4957 de
2941 4904 3094 4972 cujus
3124 4920 3182 4958 se
3212 4900 3577 4959 Tertullianista
3601 4906 3676 4963 ρο·

2150 4998 2345 5046 testate
2360 4990 2617 5075 jactatiat,
2642 4994 2827 5047 statim
2853 4994 2984 5063 fugit
3007 5011 3129 5050 cum
3159 5004 3397 5049 matrona
3423 5004 3531 5061 qua:
3554 4995 3678 5039 γρηῢ

2150 5165 2398 5219 Romano
2426 5181 2482 5229 ll,
2511 5181 2652 5219 anno
2683 5164 2786 5217 567
2815 5173 3025 5221 coacto.
3058 5168 3264 5221 Videsis
3291 5164 3500 5220 Collcct.
3523 5160 3673 5230 conci}-

2152 5245 2282 5288 tom.
2315 5235 2379 5299 Il,
2410 5223 2529 5304 pag.
2568 5235 2701 5287 1058
2732 5237 2862 5290 edit.
2898 5236 3030 5291 Ven.
3065 5236 3225 5291 Labh.
3257 5234 3502 5304 Ca‘lmum
3537 5223 3674 5304 ιῒελξίε

2154 5290 2423 5359 Ιιιιξιόίὶρῖέ
2459 5290 2727 5371 ὦιιδιιιεις,
2775 5306 2819 5359 si
2868 5290 3033 5369 Iubet,
3080 5309 3146 5362 cl.
3179 5302 3574 5367 Wesscliugium.
3602 5290 3671 5371 ΠΡ·

2154 5374 2423 5428 Prohahil.
2477 5391 2593 5445 cap.
2648 5377 2697 5437 ’5,
2758 5392 2879 5445 pag.
2942 5377 3041 5443 τως
3101 5377 3311 5432 Petrum
3364 5372 3672 5445 llorrrutllrlﬂ

2157 5446 2379 5517 Misce”.
2427 5440 2559 5499 crit:
2602 5447 2691 5499 lih.
2726 5440 2772 5517 ιζ
2795 5440 2914 5516 cap.
2949 5448 2997 5510 7,
3030 5440 3118 5517 pp.
3171 5445 3283 5506 l05,
3317 5456 3498 5517 _scqq-;
3522 5443 3567 5517 (ξι

2158 5515 2215 5569 S.
2259 5517 2472 5569 Damasi
2502 5518 2697 5583 scripta
2746 5508 2927 5572 Roma:
2957 5508 3094 5572 haud
3126 5519 3195 5572 ita
3218 5508 3413 5586 pridem
3437 5508 3669 5586 ενυιὲδῗξιι

2150 5587 2199 5638 Ivi
2232 5587 2471 5651 ejusdem
2517 5580 2785 5657 pontiﬁcis
2834 5580 3310 5657 opusculorum-ac
3336 5589 3578 5651 gestorum
3602 5580 3671 5623 ω’

2151 5657 2423 5730 censione,
2452 5673 2572 5730 cap.
2615 5657 2665 5730 7,
2702 5658 2730 5727 §
2760 5656 2811 5722 ὗ.
2838 5656 2961 5728 ρὶις-
2996 5658 3092 5730 δεῖ,
3220 5726 3230 5730 ,
3385 5720 3433 5730 η.

2226 5736 2248 5760 ε·
2290 5709 2678 5794 ΜεηὉτὶαυὶιί,
2703 5709 2823 5797 ipse
2839 5709 3021 5799 rpr‘i’us,
3048 5709 3351 5781 iOctariana.
3383 5709 3612 5775 Sirmond.
