3926 6176
260 269 346 325 617
414 322 419 329 ι

678 248 1265 309 PRAZDESTINATUS
1304 248 1453 303 SIVE
1495 245 1814 300 [διιέπῦῐίἓῖ

1917 241 2190 298 \TORUM
2231 237 2570 305 IUERESIS,
2613 237 2761 294 ETC.
2809 237 2933 291 LIB.
2980 239 3014 291 I.

3379 234 3481 293 618

258 387 345 444 rat,
372 387 462 429 nec
485 360 706 425 viventis
744 381 843 420 nec
872 365 1068 419 mortui
1098 377 1313 417 rumore
1354 368 1632 415 renovato.
1667 358 1799 412 Mar-
1829 367 1875 426 Α
1906 359 1970 413 ad
1996 374 2080 413 me
2111 358 2342 429 pertinet
2369 355 2540 411 dehis
2564 370 2682 424 qum
2710 353 2928 422 oltjecit,
2961 351 3049 407 ubi
3080 366 3256 405 meum
3288 368 3483 406 nomen

260 480 411 541 tyrum
460 474 669 518 suorum
723 456 867 510 Dens
914 454 1172 509 excubias
1200 452 1475 508 catholicae
1526 449 1801 504 festivitati

260 553 480 614 restituit.
536 548 893 605 Tertullianus
937 558 1117 599 autem
1146 543 1245 597 fuit
1291 542 1422 597 civis
1451 551 1504 594 et
1524 541 1802 611 presbyter

257 638 671 711 Carthaginiensis
694 656 706 689 :
731 636 986 706 opuscula
1009 633 1441 703 eloquentissima
1460 640 1515 685 et
1544 630 1800 685 ferventia

258 739 301 791 in
323 732 612 790 defensione
639 728 803 783 edidit
824 726 1083 781 veritatis.
1110 724 1209 779 Hic
1236 724 1376 794 apud
1425 721 1802 789 Carthaginem

260 826 498 881 basilicam
526 820 727 883 habuit,
780 818 872 873 ubi
898 817 1082 888 populi
1112 815 1179 870 ad
1220 830 1342 869 eum
1389 812 1799 869 conveniebant.

260 918 369 983 Qua:
415 912 625 968 basilica
676 924 844 978 usque
890 907 958 961 ad
1012 906 1287 961 Aurelium
1344 906 1653 975 episcopum
1682 904 1800 957 fuit.

260 1009 438 1074 Agente
474 1003 611 1057 enim
640 1000 939 1067 Augustino
981 997 1312 1068 Hipponensi
1341 997 1615 1066 episeopo,
1645 1003 1701 1049 et
1727 1009 1807 1048 ra-

259 1094 552 1151 tionabiliter
577 1107 698 1147 cum
728 1091 806 1145 eis
833 1090 1159 1160 disputante,
1183 1088 1429 1143 conversi
1455 1094 1596 1150 sunt,
1620 1084 1808 1139 Eccle-

255 1189 469 1254 siamque
513 1198 666 1239 suam
708 1190 903 1237 sanctae
925 1181 1179 1236 Ecclesia:
1208 1178 1569 1234 contulerunt.
1596 1175 1805 1254 Tertul-

254 1251 429 1333 lianutn
466 1282 643 1329 autem
671 1272 934 1328 catholica
966 1271 1092 1325 hinc
1117 1268 1464 1339 reprehendit
1492 1251 1803 1332 auctoritas,

253 1365 376 1437 quod
401 1367 627 1419 animam
650 1378 716 1418 ex
743 1363 922 1417 anima
955 1361 1100 1415 nasci
1128 1360 1276 1425 dicit,
1306 1368 1361 1414 et
1387 1356 1624 1413 defendit
1651 1356 1805 1410 Mon-

252 1469 434 1521 tanum,
472 1462 526 1510 et
564 1452 821 1518 Priscam,
868 1458 921 1506 et
947 1450 1290 1505 Maximillam
1320 1458 1507 1505 contra
1539 1448 1696 1502 fidem
1719 1463 1809 1502 ca-

251 1549 500 1609 tholicam,
533 1552 588 1600 et
616 1553 803 1600 contra
833 1542 1175 1612 Apollonium
1204 1541 1514 1610 episcopum
1542 1536 1803 1604 Orientis,

247 1648 295 1695 ct
312 1649 486 1694 contra
514 1636 762 1691 Soterem
785 1648 978 1704 papam
1007 1632 1154 1687 urbis
1183 1631 1388 1696 Romae,
1417 1638 1473 1684 ut
1495 1645 1653 1699 supra
1678 1629 1810 1682 dixi-

1906 459 2005 515 est,
2032 458 2083 504 et
2105 450 2305 503 crimen
2337 447 2588 502 alienum.
2623 444 2772 500 Tunc
2792 444 2867 498 illi
2907 444 3214 498 obtulerunt
3244 444 3291 497 ei
3324 443 3488 497 libros

1904 559 2049 607 suos,
2078 542 2165 597 ubi
2187 542 2414 606 dicebat,
2441 540 2607 609 ipsam
2632 538 2730 592 sibi
2752 537 2985 592 hominis
3004 543 3247 591 naturam
3277 537 3343 590 ad
3367 551 3489 605 per-

1906 636 2192 690 fectionem
2223 648 2381 704 posse
2428 629 2673 688 sufficere
2706 649 2718 684 :
2751 632 2854 685 hoc
2904 639 3005 692 est,
3056 637 3262 684 tantam
3311 637 3491 701 potest

1906 729 2070 782 homo
2100 740 2352 781 exercere
2369 724 2653 792 justitiam,
2686 731 2743 777 ut
2782 724 2944 777 etiam
2973 723 3088 778 sine
3116 733 3340 793 peccato
3364 740 3489 794 pos-

1907 819 1976 873 sit
2020 832 2138 872 esse
2183 817 2228 872 si
2280 815 2428 870 velit.
2474 815 2642 867 Adam
2696 813 2980 868 mortalem
3010 813 3227 879 factum,
3257 816 3348 883 qui
3378 816 3491 869 sive

1906 915 2178 979 peccaret,
2203 907 2316 961 sive
2345 920 2451 959 non
2475 912 2744 975 peccaret,
2777 913 2922 959 esset
2950 904 3257 959 moriturus.
3292 905 3380 960 Sic
3404 906 3489 960 lex

1906 999 2052 1054 misit
2072 999 2139 1053 ad
2168 1011 2410 1065 regnum,
2442 997 2581 1051 sicut
2603 994 2912 1063 Evangelia.
2943 994 3177 1051 Infantes
3217 996 3268 1051 in
3300 999 3494 1053 remis-

1908 1092 2115 1147 sionem
2138 1098 2483 1162 peccatorum
2509 1089 2858 1159 baptizandos
2870 1103 2990 1143 esse
3009 1088 3131 1144 ideo
3149 1090 3490 1155 confitemur,

1906 1194 2131 1256 propter
2175 1184 2412 1252 regulam
2440 1182 2755 1237 universalis
2781 1180 3056 1237 Ecclesize.
3084 1180 3222 1237 Nihil
3263 1183 3497 1237 obfuisse

1909 1276 2095 1346 generi
2142 1277 2377 1330 lmmano
2421 1282 2701 1344 peccatum
2730 1272 2876 1328 Adae.
2909 1271 3098 1328 Omnia
3124 1274 3238 1329 haec
3279 1277 3497 1345 opposi-

1910 1367 2116 1435 tionum
2138 1379 2331 1434 genera
2354 1364 2421 1418 ad
2442 1362 2801 1417 damnandum
2817 1362 3206 1431 objiciebantur
3220 1362 3493 1419 leestio.

1911 1457 2018 1513 Sed
2068 1458 2158 1512 ille
2184 1457 2396 1512 dicebat
2424 1456 2591 1510 multa
2637 1471 2756 1511 esse
2786 1455 2840 1510 in
2863 1456 2945 1510 bis
2972 1471 3090 1525 qua:
3126 1464 3331 1512 teneret
3363 1455 3494 1511 fides

1912 1549 2045 1617 ejus,
2071 1555 2125 1601 et
2145 1554 2366 1616 propter
2384 1546 2499 1616 ipsa
2525 1553 2719 1600 caetera
2746 1545 3002 1600 damnare
3022 1561 3128 1601 non
3149 1562 3327 1617 posse.
3347 1546 3495 1602 Tunc

1915 1639 1982 1694 ad
2009 1638 2329 1693 relationem
2357 1652 2496 1708 pene
2522 1637 2761 1692 omnium
2789 1635 3040 1691 Afrorum
3093 1637 3491 1707 episcoporum,

247 1746 369 1793 ntus,
414 1729 537 1784 dum
591 1728 960 1798 Cataphryges
998 1724 1279 1780 haereticos
1324 1723 1696 1791 detegeremus
1728 1738 1740 1772 :
1775 1734 1804 1773 a

1917 1746 2048 1801 papa
2067 1728 2411 1785 Innocentius
2427 1727 2828 1783 damnationem
2851 1735 2906 1781 et
2924 1726 3141 1795 Pelagio
3162 1737 3216 1782 et
3243 1727 3498 1783 leestio

245 1823 419 1892 quibus
436 1829 622 1891 postea
654 1819 873 1885 divisus,
905 1833 972 1873 ne
993 1818 1143 1889 plebs
1172 1816 1410 1872 Montani
1439 1831 1635 1870 nomen
1685 1813 1809 1868 Ter-

246 1914 434 1968 tulliani
451 1912 728 1967 videretur
753 1909 1058 1973 excludere,
1084 1907 1257 1963 fundit
1279 1923 1307 1961 a
1330 1922 1388 1962 se
1409 1921 1623 1962 omnem
1648 1903 1810 1976 Phry-

240 2006 330 2074 giae
387 2004 679 2057 vanitatem
741 2008 797 2056 et
845 1999 1365 2055 Tertullianistarum
1433 1996 1807 2052 conventicula

241 2094 535 2165 prepagavit
566 2110 580 2146 :
615 2092 745 2147 nihil
766 2100 947 2146 tamen
970 2091 1024 2145 in
1056 2087 1159 2144 fide
1190 2089 1435 2145 mutavit.
1478 2087 1612 2142 Nam
1643 2095 1697 2142 et
1723 2103 1811 2143 se-

240 2184 420 2239 cundas
446 2183 667 2254 nuptias
694 2181 1036 2247 condemnat,
1078 2190 1138 2235 ut
1180 2179 1430 2244 diximus,
1479 2178 1713 2232 animam
1741 2191 1810 2232 ex

239 2273 439 2328 traduce
461 2273 652 2327 venire
677 2271 886 2336 asserit,
913 2278 969 2325 et
994 2285 1094 2325 nos
1114 2268 1409 2325 catholicos
1430 2266 1716 2340 Psycbicos
1745 2267 1811 2320 ti-

240 2366 374 2420 tulat.
410 2364 735 2434 Ubicunque
762 2371 943 2418 autem
965 2362 1159 2432 legeris
1190 2360 1505 2418 Tertulliani
1530 2360 1811 2416 adversum

238 2452 524 2528 Psyehicos,
557 2455 704 2511 scias
723 2469 844 2509 eum
869 2462 1056 2510 contra
1084 2454 1383 2509 catholicos
1402 2465 1580 2522 agere.

866 2545 1170 2601 LXXXVII.

296 2638 352 2693 In
388 2629 725 2709 octogesima
761 2645 816 2692 et
860 2638 1087 2708 septima
1116 2636 1307 2692 hazresi
1336 2636 1612 2691 Abeloitas
1640 2635 1816 2691 nomi-

237 2744 408 2784 namus
432 2750 444 2782 :
487 2730 590 2799 qui
619 2744 740 2784 cum
788 2729 896 2783 sint
921 2728 1129 2798 priores
1152 2743 1292 2797 pene
1317 2726 1566 2782 omnibus
1596 2725 1813 2781 haereti-

235 2822 321 2886 cis,
373 2837 515 2877 nunc
542 2821 750 2876 nostris
778 2819 1111 2890 temporibus
1139 2818 1291 2873 finiti.
1325 2818 1415 2873 Isti
1456 2833 1524 2873 ex
1553 2818 1661 2872 lilio
1689 2816 1816 2871 Adae

236 2913 325 2967 sibi
367 2913 608 2968 nominis
634 2910 1020 2969 derivationem
1068 2919 1488 2981 assumpserant,
1522 2910 1574 2964 id
1623 2917 1722 2975 est,
1748 2909 1817 2965 ab

233 3004 354 3060 Abel
378 3004 667 3060 Abeloitas
694 3019 753 3059 se
781 3003 1047 3059 nominari
1068 3004 1372 3059 voluerunt.
1408 3002 1475 3057 Hi
1493 3018 1603 3057 non
1623 3004 1817 3057 misce-

1910 1819 2246 1890 conscripsit.
2296 1818 2375 1872 llli
2405 1825 2602 1883 autem,
2635 1817 2748 1871 sive
2787 1822 3074 1886 antequam
3115 1817 3499 1872 damnarentur

1910 1912 1976 1966 ab
2025 1910 2315 1966 universali
2370 1908 2638 1975 Ecclesia,
2696 1909 2810 1963 sive
2857 1916 3206 1978 posteaquam
3260 1908 3498 1964 damnati

1909 2009 2054 2067 sunt,
2109 2017 2216 2056 non
2260 2007 2610 2056 cessaverunt
2632 2000 2864 2055 scribere
2892 2015 3052 2070 posse
3079 2001 3351 2056 hominem
3382 2002 3499 2056 sine

1910 2099 2134 2163 peccato
2160 2106 2299 2156 esse,
2332 2098 2386 2145 et
2410 2089 2539 2144 nihil
2563 2089 2798 2145 obfuisse
2826 2090 2997 2144 Adam
3027 2092 3210 2160 generi
3240 2093 3495 2157 humano,

1911 2190 1968 2238 et
2019 2182 2191 2251 legem
2233 2183 2311 2238 sie
2355 2181 2563 2236 misisse
2591 2180 2658 2235 ad
2686 2194 2911 2248 regnum
2939 2181 3077 2237 sicut
3105 2180 3411 2251 Evangelia,
3445 2192 3499 2237 et

1912 2271 2144 2329 infantes
2196 2288 2304 2327 non
2358 2271 2480 2328 ideo
2520 2272 2887 2343 baptizandos,
2912 2274 3039 2342 quia
3069 2274 3268 2329 habere
3295 2276 3498 2345 possint

1912 2365 2174 2435 originale
2200 2372 2514 2434 peccatum;
2545 2372 2601 2418 et
2646 2371 2891 2418 naturam
2918 2371 3027 2419 tam
3076 2365 3215 2421 bene
3243 2366 3436 2421 factam
3468 2384 3497 2421 a

1917 2456 2049 2525 Deo,
2080 2464 2138 2511 ut
2164 2456 2267 2511 sibi
2295 2456 2410 2510 sola
2432 2454 2663 2510 sufliciat
2687 2455 2754 2509 ad
2778 2455 2882 2511 hoc
2905 2463 2962 2511 ut
2988 2457 3160 2527 possit
3178 2473 3363 2513 carere
3383 2474 3501 2527 pecs

1914 2556 2057 2606 ceto.
2086 2547 2288 2604 Contra
2314 2548 2416 2603 hos
2434 2548 2669 2618 suscepit
2697 2548 2811 2603 sine
2839 2548 3101 2618 scriptura
3121 2549 3336 2619 quidam
3359 2550 3500 2604 Con-

1916 2642 2144 2699 stantius
2173 2646 2450 2695 tractator.
2483 2637 2613 2693 Post
2636 2639 2780 2693 hunc
2807 2645 3008 2704 autem,
3049 2640 3264 2709 scripsit
3310 2648 3497 2697 contra

1917 2736 2018 2790 bos
2045 2741 2099 2787 et
2127 2731 2451 2800 Augustinus
2471 2728 2827 2799 Hipponensis
2854 2729 3138 2799 episcopus
3161 2735 3221 2783 et
3240 2728 3508 2800 Hierony-

1917 2840 2037 2880 mus
2084 2824 2368 2895 presbyter
2415 2830 2442 2859 ι
2497 2819 2808 2875 Bethleites.
2868 2818 3141 2889 Pelagiani
3192 2828 3374 2875 tamen
3405 2837 3500 2876 seu

1918 2914 2251 2978 leestiani,
2296 2911 2575 2968 catholica:
2620 2910 2762 2981 plebi
2790 2911 3043 2980 permixti
3071 2919 3216 2977 sunt,
3257 2912 3381 2979 quia
3411 2928 3499 2967 ec~

1920 3006 2140 3061 clesiam
2168 3004 2329 3059 aliam
2357 3018 2466 3059 non
2490 3003 2730 3058 habent:
2763 3011 2819 3057 et
2847 2987 3087 3058 ideoubi
3114 3004 3192 3058 eis
3238 3006 3499 3070 evenerit,

232 3095 418 3151 bantur
442 3097 731 3162 uxoribus,
764 3104 819 3150 et
865 3103 1041 3150 tamen
1072 3111 1180 3150 non
1209 3096 1403 3150 licebat
1438 3102 1601 3149 secta:
1627 3094 1727 3165 ipsi
1756 3102 1816 3149 ut
1840 3099 1885 3158 C
1917 3096 2350 3151 communionem
2379 3110 2485 3149 non
2513 3102 2763 3149 renuunt.
2805 3093 2999 3150 Dicunt
3025 3095 3168 3150 enim
3191 3097 3348 3152 unius
3372 3111 3501 3152 con~

230 3186 338 3241 sine
358 3188 629 3242 uxoribus
658 3186 916 3241 viverent.
948 3185 1061 3240 Mas
1081 3178 1294 3254 ergoet
1320 3183 1538 3249 femina,
1568 3185 1667 3239 sub
1688 3199 1819 3239 con-

232 3278 463 3333 tinentia:
502 3274 849 3349 professidne
891 3278 1050 3332 simul
1099 3278 1403 3331 habitantes
1426 3317 1441 3341 ,
1491 3291 1717 3347 puerum
1764 3282 1821 3330 et

232 3368 454 3440 puellam
498 3370 613 3426 sibi
655 3369 1000 3439 adoptabant,
1052 3370 1106 3423 in
1156 3368 1396 3438 ejusdem
1425 3367 1820 3437 eonjunctionis

231 3467 378 3531 pacto
403 3476 757 3517 successores
774 3459 1002 3516 futuros.
1026 3460 1198 3517 Morte
1215 3462 1499 3530 praeventis
1519 3461 1820 3530 quibusque

228 3552 442 3622 singulis
490 3549 591 3607 alii
624 3551 1072 3621 subrogabantur,
1113 3551 1239 3606 dum
1269 3559 1449 3607 tamen
1478 3551 1585 3607 duo
1613 3551 1821 3608 duobus

230 3643 448 3714 disparis
473 3659 651 3700 sexus
678 3645 733 3698 in
762 3645 903 3698 illius
930 3644 1121 3699 domus
1156 3644 1414 3699 societate
1450 3643 1815 3699 succederent.

233 3730 491 3790 Utrolibet
517 3734 729 3803 quippe
782 3741 1005 3803 parente
1050 3732 1323 3799 defuncto,
1375 3735 1468 3788 uni
1514 3735 1818 3790 remanenti

226 3838 389 3894 usqtie
406 3824 477 3880 ad
493 3825 624 3895 ejus
638 3839 854 3895 quoque
869 3824 1073 3878 obitum
1088 3823 1179 3877 lilii
1194 3823 1518 3890 serviebant;
1533 3833 1656 3895 post
1669 3823 1821 3895 cujus

224 3923 474 3983 mortem,
500 3917 677 3971 etiam
703 3915 802 3985 ipsi
818 3929 1043 3984 puerum
1070 3921 1125 3968 et
1151 3914 1385 3984 puellam
1410 3915 1659 3970 similiter
1690 3914 1823 3971 ado-

224 4007 465 4075 ptabant.
498 4006 625 4062 Nec
646 4020 878 4074 unquam
902 4005 980 4059 eis
1006 4004 1175 4059 defuit
1196 4007 1336 4061 unde
1367 4007 1702 4077 adoptarent,
1726 4020 1822 4076 ge-

224 4098 542 4154 nerantibus
563 4098 987 4165 circumquaque
1011 4096 1218 4163 vicinis,
1237 4106 1292 4152 et
1312 4097 1451 4153 ﬁlios
1471 4114 1599 4153 suos
1629 4099 1822 4170 inopes

220 4188 285 4242 ad
311 4205 467 4260 spem
498 4186 839 4243 hazreditatis
866 4187 1054 4241 alienae
1094 4187 1326 4242 libenter
1374 4187 1642 4244 dantibus.
1695 4189 1821 4247 Huic

223 4280 333 4335 sola
372 4289 495 4336 erat
552 4280 704 4334 inter
750 4294 849 4335 nos
891 4287 1054 4348 atque
1108 4279 1230 4333 illos
1279 4279 1576 4335 distantia:
1633 4283 1685 4336 in
1712 4298 1820 4353 quo

221 4383 436 4430 nostros
466 4373 800 4443 arguebant,
851 4373 923 4426 ita
968 4387 1077 4427 non
1106 4372 1160 4426 in
1208 4373 1324 4441 lege
1367 4382 1551 4429 nostra
1579 4377 1821 4431 exerceri

1921 3185 2170 3241 fessionis
2215 3200 2333 3240 esse
2358 3185 2412 3239 in
2440 3186 2542 3240 hac
2561 3193 2734 3255 parte,
2766 3185 2820 3239 in
2847 3199 2956 3253 qua
2983 3186 3303 3241 eucharistia
3333 3188 3501 3242 conli-

1919 3276 2092 3332 citur:
2124 3275 2191 3330 de
2218 3275 2513 3345 q-umstione
2541 3275 2684 3329 enim
2706 3275 2873 3338 aiunt,
2903 3290 3010 3329 non
3030 3274 3098 3329 de
3122 3278 3502 3335 communione

1920 3364 2291 3420 discernimur.
2324 3361 2429 3417 Pro
2452 3363 2557 3418 hoc
2575 3378 2730 3427 ausu,
2756 3370 2812 3417 et
2839 3377 2870 3417 a
2892 3364 3108 3429 nostris,
3132 3365 3177 3418 si
3205 3364 3503 3435 deprehen-

1919 3456 2136 3521 dantur,
2164 3453 2417 3525 periculis
2477 3453 2773 3522 subjaeent,
2821 3461 2877 3508 et
2922 3468 2951 3507 a
2991 3454 3102 3509 suis
3146 3456 3504 3512 exsecrationi

1920 3546 2205 3602 habentur.
2231 3543 2442 3599 Habent
2469 3544 2611 3599 enim
2641 3552 2697 3598 et
2724 3544 3068 3616 presbyteros
3114 3551 3170 3601 et
3222 3547 3505 3617 episcopos

1922 3654 2066 3694 suos.
2099 3637 2219 3708 Ipse
2239 3646 2416 3691 autem
2440 3635 2687 3706 Pelagius
2716 3637 2789 3691 ita
2821 3637 2872 3691 in
2902 3640 3291 3694 commentario
3317 3656 3415 3695 suo
3437 3641 3505 3695 ad

1924 3728 2198 3785 Romanos
2226 3728 2441 3795 scribit;
2471 3728 2597 3783 dum
2626 3736 2809 3798 ageret
2836 3728 2981 3783 illum
3038 3729 3215 3785 locum
3269 3746 3376 3801 quo
3430 3734 3507 3787 ait

1923 3820 2244 3893 Apostolus:
2271 3819 2530 3885 Quoniam
2552 3838 2644 3893 per
2662 3838 2822 3875 unum
2841 3822 3098 3877 hominem
3123 3825 3332 3894 iurum:
3358 3843 3506 3880 mun-

1924 3916 2047 3969 dum
2066 3907 2332 3986 peccatum
2354 3915 2586 3977 intravit,
2618 3922 2667 3968 et
2689 3932 2780 3985 per
2798 3923 3066 3986 peccatum
3083 3933 3257 3977 ntere;
3282 3927 3331 3971 et
3356 3920 3432 3972 ita
3451 3922 3505 3974 in

1924 4023 2100 4060 omnes
2135 4006 2366 4060 homines
2406 4007 2728 4076 pertransiit,
2759 4008 2816 4060 in
2854 4024 2952 4076 quo
2973 4024 3148 4062 omnes
3169 4026 3506 4079 peccaverunt

1927 4100 2103 4171 (Rom.
2127 4116 2179 4165 v,
2206 4097 2328 4168 12);
2366 4106 2589 4166 tangens
2634 4097 2963 4158 Caelestium,
2995 4099 3086 4167 qui
3107 4109 3293 4154 contra
3324 4102 3508 4157 tradu-

1923 4205 2041 4246 cem
2062 4188 2267 4260 peccati
2295 4188 2498 4258 primus
2521 4187 2752 4258 scripsit,
2776 4188 2857 4242 his
2876 4189 3053 4244 verbis
3072 4191 3179 4244 ait:
3204 4190 3288 4258 Hi,
3313 4194 3501 4264 inquit,

1924 4280 2016 4350 qui
2044 4288 2228 4335 contra
2259 4278 2531 4333 traducem
2581 4278 2821 4345 veniunt,
2873 4280 2946 4333 ita
2995 4279 3140 4335 illam
3192 4283 3506 4353 impugnare

1923 4372 2204 4426 nituntur:
2258 4369 2316 4424 Si
2369 4368 2496 4424 Adae
2534 4377 2813 4439 peccatum
2843 4370 3003 4425 etiam
3032 4386 3141 4425 non
3162 4375 3506 4443 peccantibus

222 4465 493 4536 conjugia,
533 4473 597 4519 ut
646 4472 701 4518 et
727 4463 820 4533 qui
848 4464 1056 4519 nubunt
1093 4472 1348 4533 tanquam
1394 4480 1502 4519 non
1558 4466 1822 4523 nubentes
1851 4462 1898 4522 Ι)
1924 4461 2114 4526 obfuit,
2146 4475 2276 4530 ergo
2329 4468 2384 4516 et
2422 4458 2619 4515 Christi
2657 4459 2828 4529 gratia
2847 4462 3010 4517 etiam
3033 4478 3143 4517 non
3166 4464 3509 4522 credentibus

219 4553 340 4609 sint.

872 4642 1197 4699 LXXXVIII.

285 4734 706 4806 Octogesimam
751 4742 806 4788 et
847 4742 1094 4789 octavam
1148 4735 1390 4790 hreresim
1439 4736 1490 4789 in
1521 4734 1740 4804 Pelagio
1765 4751 1824 4792 se

220 4824 499 4882 invenisse
538 4826 706 4881 sedes
731 4824 1027 4894 apostolica
1053 4826 1150 4879 sub
1178 4841 1313 4896 papa
1343 4836 1530 4882 sancto
1557 4827 1823 4883 Innocen-

216 4906 290 4972 tio
317 4917 537 4980 docuit,
573 4915 705 4969 dum
759 4914 1044 4970 leestius
1098 4913 1296 4983 Pelagii
1335 4915 1628 4986 discipulus
1682 4916 1825 4987 apud

215 5004 622 5076 Carthaginem
675 5005 896 5060 doceret
946 5019 1103 5075 posse
1146 5005 1390 5061 homines
1435 5008 1553 5061 sine
1598 5017 1823 5077 peccato

214 5113 353 5161 esse,
386 5100 601 5152 natura
627 5095 725 5149 sibi
751 5093 1052 5151 sufficiente
1079 5097 1191 5151 sola
1233 5098 1485 5152 humana.
1532 5098 1747 5154 Restitit
1775 5102 1825 5155 ei

213 5190 437 5258 quidam
470 5185 741 5241 Paulinus
768 5185 1047 5252 diaconus,
1098 5186 1348 5243 defensor
1395 5196 1451 5243 et
1503 5198 1824 5259 procurator

211 5280 466 5336 ecclesiae
494 5274 917 5332 Mediolanensis
946 5296 958 5330 :
1000 5278 1192 5348 cuique
1222 5279 1274 5331 in
1321 5287 1587 5334 conventu
1642 5295 1824 5336 sacer-

211 5371 402 5425 dotum
435 5368 626 5424 multa
655 5368 885 5439 capitula
925 5368 1122 5438 objeeit
1160 5377 1345 5424 contra
1388 5371 1546 5425 ﬁdem
1596 5372 1822 5427 catholi-

209 5478 349 5526 cam,
384 5477 517 5533 qua:
549 5459 841 5517 Caelestius
864 5461 1117 5517 damnare
1144 5463 1397 5533 neglexit,
1445 5462 1628 5520 dicens
1657 5482 1668 5517 :
1702 5463 1819 5520 Non

283 5652 308 5680 ι
352 5640 458 5696 Ms.
491 5638 788 5706 Augiense,
819 5639 1159 5695 Bethlemites.

471 5734 756 5795 ΡΛτιωι..
806 5732 963 5793 LIII.

1925 4553 2165 4624 prodest.
2185 4553 2402 4608 Addunt
2427 4553 2587 4608 etiam
2615 4552 2721 4607 hoc
2751 4570 2763 4604 :
2796 4552 2853 4606 Si
2882 4553 3180 4623 baptismus
3206 4555 3348 4609 tollit
3393 4558 3507 4611 ori.

1926 4646 2103 4713 ginale
2141 4643 2271 4698 illud
2295 4653 2595 4715 peccatum,
2626 4643 2693 4699 de
2731 4643 2939 4699 duobus
2966 4645 3249 4715 baptizatis
3276 4649 3386 4702 nati
3414 4649 3508 4704 de-

1924 4738 2054 4793 bent
2093 4739 2197 4793 hoc
2240 4752 2425 4793 carere
2444 4745 2664 4807 peccato
2689 4755 2701 4790 :
2733 4737 3004 4806 quomodo
3031 4738 3175 4793 enim
3203 4740 3422 4796 mittunt
3442 4743 3509 4797 ad

1927 4837 2176 4899 posteros
2202 4828 2345 4897 quod
2386 4828 2488 4896 ipsi
2526 4829 2579 4881 in
2631 4842 2690 4882 se
2727 4827 2946 4882 minime
2991 4829 3332 4887 habuerunt?
3360 4833 3503 4904 Hice,

1926 4920 2065 4976 sicut
2092 4918 2159 4973 ab
2188 4919 2304 4988 ipso
2327 4917 2543 4986 Pelagio
2569 4925 2695 4972 sunt
2736 4919 2931 4988 scripta
2961 4921 3255 4990 posuimus.
3302 4923 3375 4980 De
3403 4925 3508 4980 hoc

1926 5012 2108 5079 itaque
2133 5009 2279 5079 quod
2306 5009 2505 5063 dictum
2534 5016 2636 5073 est,
2663 5024 2822 5078 posse
2848 5009 3119 5067 hominem
3148 5013 3264 5070 sine
3284 5025 3511 5085 peccato

1927 5114 2063 5165 esse,
2087 5098 2356 5167 objectum
2386 5106 2466 5153 est
2486 5098 2589 5153 illis
2608 5098 2714 5152 ita:
2748 5097 2853 5153 Aut
2872 5108 3069 5169 potest,
3099 5110 3155 5157 et
3182 5103 3506 5173 adjutorium

1929 5207 2034 5247 non
2063 5191 2281 5260 (παίει-ηδ
2312 5198 2403 5244 aut
2432 5206 2538 5244 non
2569 5197 2764 5260 potest,
2796 5198 2850 5246 et
2878 5193 3198 5263 adjutorium
3222 5197 3427 5266 qumrit.
3460 5198 3506 5249 A

1928 5296 2265 5352 quocumque
2293 5281 2433 5336 enim
2463 5281 2720 5335 auxilium
2740 5283 3015 5353 quteritur,
3047 5284 3176 5339 dicit
3195 5300 3253 5339 se
3281 5285 3338 5339 id
3360 5287 3506 5354 quod

1929 5373 2044 5428 vult
2069 5371 2246 5427 facere
2267 5372 2489 5442 implere
2518 5387 2625 5427 non
2647 5388 2805 5443 posse
2835 5392 2847 5426 :
2881 5373 3117 5442 alioquin
3140 5374 3376 5428 irrisorie
3403 5390 3506 5444 po-

1927 5464 2028 5519 scit
2051 5463 2141 5535 qui
2171 5471 2348 5535 potest
2375 5464 2479 5519 hoc
2502 5464 2646 5520 solus
2675 5480 2772 5535 pro
2795 5480 2902 5535 quo
2924 5463 3247 5535 adjutorium
3268 5466 3502 5534 postulat

2989 5729 3066 5790 20
