3926 6176
422 220 536 275 MO

1453 220 1731 276 ANONYM
1742 222 1824 277 US
1866 222 2015 277 AUC'

2121 224 2140 276 ἰ
2180 221 2720 277 ΡΒΑΕΒΕΞΤΙΝΑΤΙ.
3580 226 3668 281 ΒΞ)

430 332 741 403 adimplere.
778 333 936 389 Verbi
961 334 1151 401 gratia,
1184 332 1369 387 decem
1422 336 1601 402 pondo
1651 335 2017 402 cujuscunque
2047 340 2089 394 Α
2122 334 2319 393 nuisse,
2352 332 2445 387 sed
2473 322 2666 395 solum,
2692 331 2882 398 inquit,
2912 330 3204 385 hominem.
3238 329 3294 385 Si
3335 331 3470 385 enim
3498 330 3671 387 disert.

431 423 507 478 rei
539 425 584 477 si
611 424 791 478 levare
823 424 1099 486 voluerim,
1129 432 1185 476 et
1211 423 1533 491 adjutorium
1570 439 1824 492 quaeram,
1878 424 2010 477 ridi-

430 514 609 566 culum
641 512 823 566 videor
842 512 1094 566 exhibere
1119 512 1243 566 dum
1267 528 1449 582 posco.
1483 511 1552 567 At
1582 529 1708 566 vero
1737 514 1783 566 si
1808 513 2012 567 ducen-

431 614 514 658 tas
541 613 631 657 aut
657 604 884 673 amplius
911 604 1070 657 velim
1117 604 1297 658 levare
1344 605 1523 667 libras,
1558 604 1682 673 quia
1714 604 1765 659 id
1789 605 2012 674 implere

431 711 537 747 non
569 710 804 763 possum,
849 695 1104 748 auxilium
1137 693 1339 762 ﬂagito,
1381 705 1435 750 et
1466 696 1738 749 immensis
1769 697 2015 764 precibus

430 784 753 853 sdjutorium
783 799 964 852 quzero
998 801 1011 835 :
1046 785 1313 854 praecipue
1351 786 1395 839 si
1425 793 1596 839 status
1636 785 1756 839 vitae
1800 802 1932 839 mea:
1959 787 2013 840 in

430 876 535 929 hoc
560 875 768 951 videtur
805 874 1041 944 pondere
1070 876 1295 943 positus,
1345 876 1465 928 utsi
1496 874 1702 943 pondus
1731 876 1873 943 quod
1903 890 2016 930 mc—

432 966 637 1020 moravi
664 981 766 1019 non
798 966 1065 1030 levavere,
1092 966 1157 1019 ad
1179 968 1338 1019 vitam
1364 968 1642 1036 pervenire
1665 984 1769 1020 non
1793 970 2011 1037 possim.

430 1061 507 1115 De
535 1061 743 1115 duobus
771 1069 948 1114 autem
978 1061 1259 1129 haptizatis
1289 1070 1470 1114 natum
1524 1061 1654 1114 nihil
1702 1061 1901 1114 habere
1948 1060 2016 1114 de

340 1185 347 1193 -
431 1129 535 1207 nui:
573 1161 872 1222 parentum,
902 1152 1016 1205 hate
1044 1168 1142 1204 nos
1166 1152 1301 1205 ratio
1335 1152 1516 1205 docet.
1551 1151 1814 1216 Quoniam
1846 1150 1901 1204 hi
1922 1150 2013 1218 qui

428 1242 683 1312 baptizati
728 1250 870 1305 sunt,
921 1242 1053 1295 duas
1095 1242 1293 1295 habent
1332 1241 1672 1303 nativitates;
1720 1256 1879 1293 unam
1907 1254 2015 1308 qua

422 1350 522 1389 eos
550 1334 823 1402 generavit
851 1349 997 1397 caro,
1029 1333 1185 1385 aliam
1214 1348 1319 1400 qua
1346 1347 1441 1386 eos
1468 1331 1747 1399 generavit
1787 1330 2016 1401 Spiritus

427 1433 645 1479 sanctus
676 1442 689 1476 :
722 1430 777 1477 et
804 1438 871 1477 ex
898 1423 980 1478 his
1007 1423 1213 1476 duabus
1241 1422 1676 1488 generationibus
1715 1420 1848 1481 nati,
1881 1420 2015 1474 duas

427 1515 803 1584 generationes
832 1514 899 1568 ad
927 1521 1173 1582 posteros
1214 1514 1432 1566 mittunt
1470 1530 1481 1563 :
1524 1528 1683 1566 unam
1721 1512 1788 1565 de
1829 1527 2013 1576 carne,

426 1605 661 1674 conjugii
717 1606 1050 1670 mini~terio;
1099 1605 1259 1658 aliam
1308 1604 1375 1659 de
1429 1604 1649 1673 Spiritu,
1695 1604 2016 1673 baptismate

2113 440 2231 479 mus
2260 425 2382 492 quia
2407 423 2572 478 Deum
2595 423 2796 491 genuit,
2820 422 3039 477 fecimus
3056 421 3081 459 ιι
3107 431 3334 476 matrem
3353 421 3532 486 Deum,
3554 425 3674 479 sicut

2113 517 2358 586 gentiles.
2394 516 2561 569 Maria
2589 530 2737 583 ergo,
2790 516 2982 584 inquit,
3028 515 3281 584 templum
3337 515 3445 570 Deo
3486 520 3672 584 genuit.

2113 622 2219 660 non
2250 606 2424 676 ipsum
2454 606 2544 674 qui
2574 606 2625 659 in
2656 607 2855 676 templo
2882 606 3110 660 habitat.
3170 607 3395 674 Accepit
3439 607 3660 661 inducit.

2114 705 2172 752 ut
2201 708 2295 751 aut
2340 699 2623 752 damnaret
2648 697 2869 760 dictum,
2916 704 2971 751 et
3000 696 3200 751 rediret
3245 698 3310 751 ad
3340 697 3517 751 sedem
3544 713 3667 751 suan

2113 788 2428 858 episcopus;
2478 796 2570 841 aut
2599 788 2643 842 si
2684 787 2939 841 damnare
2986 786 3260 847 noluisset,
3313 794 3494 855 postea
3525 787 3675 845 redire

2112 896 2220 934 non
2253 888 2450 948 posset.
2476 878 2672 944 Noluit,
2699 887 2754 933 et
2783 879 2834 932 in
2866 877 3056 932 eadem
3078 877 3414 933 confessione
3442 894 3676 947 perman-

2114 973 2202 1027 sit.
2238 966 2389 1027 llu‘nc
2414 972 2650 1042 synodus
2679 970 2821 1040 apud
2849 969 3121 1038 Ephesum
3165 969 3439 1023 damnavit
3468 987 3479 1020 :
3514 969 3563 1021 in
3589 984 3681 1037 qua

2113 1064 2458 1118 damnatione
2512 1064 2788 1118 {lentanus
2842 1078 2981 1133 papa
3033 1062 3355 1118 C(elestinus
3383 1064 3603 1132 scripsit,
3634 1070 3682 1116 et

2114 1170 2304 1209 omnes
2333 1170 2451 1209 eum
2483 1170 2549 1208 eo
2599 1155 2802 1223 pariter
2822 1151 3121 1210 Orientales
3149 1164 3310 1224 atque
3335 1152 3680 1209 Occidentales

2116 1245 2355 1315 episcopi
2385 1246 2841 1315 subscripserunt.

2186 1426 2540 1495 Nonagesima
2578 1427 2824 1493 hmresis,
2867 1440 3026 1495 quam
3073 1426 3128 1479 in
3160 1424 3478 1493 prchatioue
3521 1433 3684 1480 nostra

2116 1518 2349 1574 diximus
2368 1520 2434 1573 de
2457 1520 2672 1573 nomine
2701 1517 2980 1586 Augustini
3006 1518 3245 1585 episc0pi
3261 1533 3380 1571 esse
3408 1518 3686 1581 mentitam,

2120 1608 2629 1663 Prtedestinatornm
2658 1623 2852 1661 nomen
2881 1607 3107 1677 accepit.
3141 1606 3205 1660 lli
3244 1608 3562 1662 electionem
3605 1608 3689 1661 bo-

420 1696 817 1751 consecrando.
850 1696 948 1750 llic
991 1710 1118 1763 ergo
1147 1697 1239 1763 qui
1274 1695 1340 1750 de
1382 1696 1665 1764 haptizatis
1712 1704 1870 1749 natus
1913 1704 2012 1762 est,
2051 1726 2092 1783 Β
2120 1715 2332 1762 norum,
2365 1706 2420 1754 et
2447 1698 2841 1753 recusationem
2889 1696 3152 1751 malorum
3178 1739 3192 1761 ,
3224 1696 3338 1751 Deo
3385 1697 3690 1752 decernente

424 1789 703 1857 interrogo
734 1797 784 1841 te
826 1803 930 1856 qua
960 1804 1017 1842 re
1058 1797 1214 1841 natus
1241 1788 1367 1842 est?
1413 1787 1480 1841 de
1522 1803 1703 1851 carne,
1736 1788 1789 1841 id
1817 1795 1916 1854 est,
1949 1790 2017 1845 de

429 1880 602 1951 prima
630 1883 1010 1949 generatione,
1035 1897 1104 1935 an
1132 1882 1200 1935 de
1229 1882 1437 1951 spiritu,
1470 1882 1522 1935 ιὰ
1551 1892 1654 1947 est,
1687 1883 1754 1936 de
1782 1884 2017 1939 secunda

429 1973 825 2038 generatione?
860 1972 914 2026 Si
959 1973 1027 2027 de
1066 1973 1253 2042 spiritu
1285 1982 1440 2027 natus
1467 1982 1567 2039 est,
1609 1974 1871 2044 baptizari
1909 1992 2016 2030 non

428 2062 588 2117 debet
613 2081 625 2115 :
650 2064 853 2131 quare?
881 2064 1003 2132 quia
1035 2062 1264 2132 Spiritus
1290 2072 1509 2120 sanctus
1530 2080 1652 2119 eum
1692 2066 1815 2120 fecit
1847 2066 2014 2130 nasci,

428 2174 539 2211 non
587 2158 750 2212 libido
794 2158 1047 2226 eonjugii.
1099 2157 1191 2212 Sin
1221 2166 1403 2212 autem
1431 2158 1498 2213 de
1520 2158 1771 2227 conjugio
1792 2160 2015 2226 carnali,

427 2247 482 2302 id
512 2256 595 2302 est
622 2248 689 2302 de
720 2248 958 2302 masculo
987 2258 1040 2302 et
1063 2246 1281 2313 femina,
1307 2256 1475 2303 restat
1520 2258 1581 2303 ut
1607 2250 1750 2303 unde
1776 2257 1899 2304 sunt
1927 2266 2018 2305 re-

428 2339 665 2406 generati
695 2338 761 2393 de
789 2337 1004 2393 Christo
1028 2347 1081 2391 et
1103 2338 1357 2405 Ecclesia,
1385 2354 1536 2393 suam
1569 2341 1759 2394 iterum
1793 2354 2019 2409 regene-

429 2439 550 2483 reat
592 2430 819 2499 prolem.
868 2430 943 2484 De
971 2429 1145 2499 primo
1193 2431 1334 2483 enim
1365 2437 1448 2485 est
1477 2430 1646 2484 Adam
1675 2431 1819 2499 quod
1846 2430 2019 2485 nasci-

428 2537 550 2575 mur
577 2541 588 2575 :
621 2522 687 2577 de
713 2521 945 2578 secundo
975 2531 1154 2575 autem
1178 2521 1323 2590 quod
1350 2523 1543 2576 iterum
1570 2538 1895 2587 recreantur,
1927 2522 2013 2576 di-

426 2604 586 2668 cente
613 2622 798 2667 saneto
822 2612 1082 2682 Apostolo
1108 2630 1120 2664 :
1147 2611 1344 2667 Factus
1363 2621 1439 2667 est
1459 2614 1656 2683 primus
1678 2612 1827 2668 homo
1848 2613 2017 2666 Adam

430 2706 481 2757 in
503 2703 737 2756 animam
765 2704 1029 2766 viventem,
1062 2703 1372 2755 novissimus
1393 2703 1563 2756 Adam
1590 2703 1645 2756 in
1678 2705 1923 2774 spiritum
1944 2705 2019 2756 vi-

430 2792 743 2860 viﬁcantem.
778 2789 882 2844 Sed
912 2808 1017 2844 non
1046 2792 1190 2861 prius
1219 2792 1355 2862 quod
1377 2792 1616 2860 spiritale
1635 2802 1733 2857 est,
1765 2794 1855 2846 sed
1882 2793 2018 2863 quod

429 2883 658 2936 animale
673 2900 691 2946 ;
713 2883 899 2936 deinde
917 2882 1053 2951 quod
1078 2884 1333 2952 spiritale.
1370 2883 1580 2937 Primus
1606 2884 1760 2938 homo
1787 2885 1849 2937 de
1878 2894 2017 2937 terra

426 2982 681 3037 terrenus,
707 2973 960 3026 secundus
979 2972 1131 3027 homo
1167 2972 1231 3025 de
1257 2973 1382 3027 carlo
1429 2974 1666 3028 caalestis.
1698 2972 1839 3045 Ergo
1886 2974 2017 3028 sicut

2120 1791 2398 1855 deﬁniunt,
2428 1807 2535 1845 non
2588 1791 2806 1845 homine
2855 1789 2939 1844 vel
2969 1789 3218 1844 studente
3247 1790 3333 1844 vel
3378 1790 3688 1857 negligente.

2118 1882 2317 1938 Nolunt
2336 1882 2586 1951 Dei-jura,
2618 1882 2704 1937 vel
2734 1898 2763 1935 a
2793 1881 3132 1936 studentibus
3158 1882 3437 1948 custodiri,
3466 1882 3591 1936 vela
3612 1898 3692 1936 ne-

2119 1974 2441 2042 gligentibus
2480 1972 2690 2026 violari.
2724 1971 2935 2036 Dicunt,
2969 1971 3132 2027 etiam
3170 1973 3215 2026 si
3246 1972 3482 2027 voluerit
3514 1972 3693 2027 bonum

2118 2065 2297 2121 facere
2343 2065 2434 2135 qui
2465 2064 2534 2118 ad
2562 2065 2759 2119 malum
2808 2064 3217 2134 prmdestinatus
3252 2072 3358 2128 est,
3387 2062 3456 2118 ad
3514 2064 3694 2119 bonum

2118 2157 2401 2226 pervenire
2428 2170 2536 2209 non
2564 2154 2766 2225 poterit
2793 2172 2805 2207 :
2839 2169 2962 2208 nam
2992 2154 3082 2224 qui
3112 2154 3178 2208 ad
3208 2154 3407 2208 bonum
3432 2153 3695 2223 pnedesti-

2119 2254 2279 2301 natus
2322 2254 2425 2309 est,
2454 2247 2615 2301 etiam
2643 2245 2689 2300 si
2737 2245 3004 2313 negligat,
3054 2245 3121 2297 ad
3156 2245 3357 2299 bonum
3384 2245 3697 2314 perducetur

2120 2336 2335 2393 invitus.
2368 2335 2562 2391 Dicunt
2584 2336 2923 2405 baptismatis
2953 2334 3151 2389 undam
3174 2351 3280 2389 non
3308 2335 3561 2390 universa
3589 2350 3698 2404 pec-
3742 2348 3749 2351 '

2121 2438 2240 2482 cata
2267 2420 2547 2495 mundare.
2579 2425 2807 2492 Dicunt,
2851 2426 2924 2479 ita
2970 2406 3243 2480 antecedit
3268 2425 3437 2492 gratia
3487 2425 3699 2479 liberum

2122 2520 2419 2583 arbitrium,
2451 2531 2511 2573 ut
2553 2527 2678 2574 ante
2724 2518 2950 2590 accipiat
2978 2518 3140 2572 homo
3187 2532 3347 2585 quam
3391 2523 3563 2586 petat,
3588 2524 3701 2571 ante

2121 2610 2357 2664 inveniat
2377 2625 2538 2679 quam
2566 2618 2789 2679 qurerat,
2811 2617 2935 2662 ante
2961 2608 3010 2663 ei
3033 2608 3307 2678 aperiatur
3330 2622 3495 2676 quam
3521 2607 3697 2677 pulset.

2120 2701 2314 2756 Dicunt
2355 2702 2561 2756 nullum
2606 2703 2674 2755 ad
2698 2701 2895 2757 Christi
2921 2701 3085 2753 ﬁdem
3115 2699 3391 2765 accedere,
3424 2700 3531 2754 nisi
3559 2699 3700 2753 fuerit

2119 2810 2151 2848 a
2177 2792 2336 2848 Patre
2364 2801 2564 2848 tractus
2592 2792 2788 2846 invitus
2815 2811 2827 2845 :
2863 2790 2989 2846 illud
3014 2790 3356 2846 attendentes
3384 2809 3396 2843 :
3429 2789 3605 2846 Nemo
3627 2808 3703 2845 re.

2118 2886 2195 2938 nit
2225 2885 2295 2938 ad
2334 2901 2433 2949 me,
2468 2885 2571 2938 nisi
2599 2900 2747 2953 quem
2773 2882 2936 2937 Pater
2963 2883 3242 2936 attraxerit
3283 2881 3462 2951 (Joan.
3497 2898 3572 2946 γι,
3598 2879 3700 2947 ll).

2119 2977 2312 3034 Dicunt
2340 2979 2518 3033 omnia
2559 2993 2665 3031 non
2697 2977 2750 3031 in
2791 2992 2870 3041 re,
2901 2976 2995 3030 sed
3018 2978 3089 3030 ita
3120 2976 3172 3029 in
3202 2991 3298 3045 spe
3322 2974 3453 3039 ﬁeri,
3485 2983 3546 3029 ut
3571 2971 3700 3042 quod

430 3068 746 3136 portavimus
792 3067 1070 3137 imaginem
1115 3069 1323 3131 terreni,
1357 3068 1407 3121 id
1439 3077 1521 3123 est
1550 3070 1687 3123 sicut
1713 3069 2013 3123 creavimus
2045 3100 2088 3163 ε
2121 3067 2252 3122 dicit
2272 3068 2594 3137 Apostdus:
2621 3067 2754 3139 Spes
2774 3084 2890 3139 qua:
2918 3067 3135 3129 videtur,
3155 3084 3259 3120 non
3287 3075 3365 3119 est
3384 3081 3505 3136 spes
3535 3065 3697 3137 (Rom.

432 3159 568 3214 tilias
595 3158 898 3221 carnaliter,
927 3166 1187 3225 portemus
1209 3168 1256 3212 et
1282 3160 1564 3230 imaginem
1591 3160 1803 3213 ca'lestis
1828 3159 1868 3229 (ι
1892 3157 2012 3214 Cor.

424 3264 518 3312 xv,
543 3247 664 3318 45);
698 3248 750 3302 id
773 3256 879 3323 est,
900 3264 1035 3316 quos
1062 3252 1361 3303 creavimus
1379 3250 1686 3314 carnaliter,
1709 3251 2020 3319 spiritaliter

430 3354 735 3394 recreemus
759 3356 773 3391 :
806 3348 897 3392 aut
923 3339 1023 3409 ipsi
1049 3340 1140 3409 qui
1169 3340 1458 3394 carnaliter
1481 3341 1647 3394 creati
1667 3355 1861 3395 cunnus
1884 3350 2019 3396 nutu

429 3432 721 3497 Creatoris,
751 3432 947 3486 iterum
994 3432 1113 3501 ejus
1151 3434 1319 3500 gratia
1349 3432 1664 3502 spiritaliter
1685 3448 2015 3488 recreemur.

424 3523 484 3577 11
488 3540 547 3579 oc
573 3532 745 3578 autem
764 3523 902 3588 dice,
927 3522 1063 3576 dixit
1081 3522 1393 3592 Apostolus,
1424 3525 1543 3592 quia
1563 3539 1687 3578 caro
1714 3531 1764 3577 et
1784 3525 2017 3595 sanguis,

424 3615 484 3669 aid
515 3624 616 3680 est,
652 3616 824 3685 prima
855 3622 1062 3668 tantum
1106 3615 1453 3681 generatione
1500 3615 1744 3669 homines
1765 3616 1897 3679 nati,
1920 3616 2020 3669 nisi

425 3707 655 3775 gratiam
686 3705 921 3759 divinam
968 3707 1260 3761 meruerint
1306 3706 1546 3776 adipisci,
1572 3724 1788 3778 regnum
1813 3706 1910 3761 Dei
1939 3709 2021 3762 in-

432 3797 603 3850 renire
630 3808 733 3851 non
756 3805 997 3867 possunt.
1049 3795 1231 3868 Neque
1271 3799 1533 3868 corruptio
1576 3801 2017 3871 incorruptionem

431 3885 713 3958 possidebit
745 3886 889 3958 (Ibid
897 3926 934 3952 .,
960 3884 1071 3958 50).

1081 4038 1365 4096 LXXXIX.

501 4154 891 4221 Octogesimam
943 4161 998 4208 et
1046 4169 1241 4208 nonam
1282 4153 1529 4210 hmresim
1571 4153 1848 4210 Nestorius
1876 4153 2019 4209 Con-

434 4245 870 4315 stantinopolites
898 4245 1183 4315 episcopus
1206 4245 1400 4312 legitur
1444 4246 1747 4301 incurrisse.
1779 4244 2019 4300 Consue-

433 4335 562 4389 tudo
592 4344 674 4389 est
705 4350 934 4403 namque
961 4343 1018 4389 ut
1048 4351 1210 4389 unum
1235 4344 1518 4391 tractatum
1549 4352 1703 4390 suum
1732 4338 2018 4408 episcopus

426 4427 823 4484 Alexandrinus
850 4427 1028 4480 mittat
1049 4426 1115 4480 ad
1136 4424 1674 4498 Constantinopolim,
1705 4429 1799 4496 qui
1820 4430 2008 4485 recite-

430 4529 518 4574 tur
540 4520 592 4573 in
614 4519 845 4589 pascha;
871 4525 925 4572 et
956 4526 1238 4573 tractatum
1266 4533 1420 4573 suum
1451 4513 2016 4589 Con'stantinopolites,

429 4611 521 4679 qui
586 4610 921 4665 Alexandria:
982 4609 1256 4663 recitetur.
1324 4608 1381 4662 In
1437 4616 1672 4664 tractatu
1726 4625 1825 4663 suo
1874 4608 2021 4664 Con-

431 4703 863 4772 stantiaopolites
892 4700 1168 4756 Nestorius
1213 4700 1426 4771 scripsit
1477 4700 1697 4755 Mariam
1743 4717 1851 4755 non
1900 4716 2020 4756 esse

434 4793 774 4859 Theotocon,
816 4793 910 4847 sed
963 4790 1384 4848 Christotocon:
1432 4792 1485 4846 id
1540 4801 1639 4857 est,
1694 4808 1802 4847 non
1850 4793 2014 4865 Deum

432 4885 743 4954 peperisse,
813 4884 907 4938 sed
971 4885 1264 4939 hominem.
1338 4882 1568 4955 Cyrillus
1623 4884 2016 4940 Alexandrinus

431 4977 534 5029 hoc
562 4974 761 5029 dictum
814 4976 884 5028 ita
915 4975 1274 5043 reprehendit,
1306 4990 1412 5045 quo
1441 4973 1649 5029 diceret
1676 4991 1771 5044 per
1808 4976 2012 5045 episto-

431 5066 557 5133 lam,
590 5074 648 5121 ut
675 5067 717 5120 s‘
742 5081 863 5120 eum
888 5065 1026 5121 forte
1045 5065 1339 5130 fefellisset,
1364 5068 1675 5121 emendaret
1695 5067 1918 5143 dictum.
1935 5065 2014 5121 Ex

430 5156 534 5212 hoc
583 5157 701 5226 ipso
754 5170 861 5224 quo
912 5156 1270 5226 reprehensus
1322 5165 1405 5211 est
1431 5156 1727 5227 Nestorius
1737 5172 1770 5210 a
1793 5156 2012 5227 Cyrillo,

428 5224 871 5321 etrapit—Cyrillum
903 5224 1212 5304 hrereticum
1245 5249 1551 5303 inclamare.
1595 5224 1727 5302 ΒΜ
1747 5224 2015 5319 θειὲγηο-

430 5341 527 5397 dus
550 5341 689 5411 apud
717 5352 739 5375 ἰ
761 5340 1025 5409 Ephesum
1049 5357 1062 5401 ;
1095 5347 1149 5391 et
1178 5354 1277 5409 nec
1305 5339 1382 5393 sic
1404 5338 1690 5393 emendare
1718 5338 1887 5392 voluit
1912 5336 2017 5391 Ne-

429 5433 647 5495 storius,
698 5440 757 5487 ut
801 5432 1006 5487 diceret
1050 5429 1270 5483 Mariam
1301 5429 1470 5484 Deum
1522 5436 1576 5484 et
1623 5429 1893 5484 hominem
1922 5440 2012 5495 ge-

503 5550 528 5577 ι
568 5539 665 5594 Ms.
699 5539 982 5607 Augiense,
1013 5535 1453 5607 Thessalonicam.

503 5609 531 5648 ι’
568 5609 667 5664 Ms.
692 5604 851 5675 idem,
884 5617 1100 5662 matrem
1131 5604 1247 5660 Dei.

2121 3158 2368 3226 vnum),
2400 3160 2561 3213 etiam
2592 3160 2693 3213 hoc
2718 3159 2982 3229 mysteriis
3012 3157 3279 3226 applicent
3300 3156 3523 3221 dictum,
3557 3164 3609 3209 et
3630 3154 3701 3207 di-

2119 3251 2394 3317 eant:Ea
2420 3267 2538 3319 quae
2586 3251 2974 3321 percipiuntur,
3006 3249 3258 3305 videntur
3300 3248 3522 3317 quidem
3573 3263 3699 3309 esse.

2121 3341 2217 3396 sed
2236 3358 2341 3395 non
2359 3350 2503 3396 sunt.
2528 3342 2720 3396 Dicunt
2744 3360 2757 3394 :
2790 3340 2916 3396 Plus
2936 3341 3105 3395 obluit
3125 3340 3189 3394 ad
3212 3339 3514 3394 nocendum
3546 3339 3700 3393 Adam

2120 3434 2309 3500 generi
2331 3434 2586 3497 humano,
2610 3447 2770 3500 quam
2792 3430 3035 3487 Christus
3060 3432 3111 3485 in
3134 3430 3526 3485 subveniendo.
3581 3430 3700 3483 Nam

2121 3524 2309 3590 Adam,
2330 3525 2498 3590 aiunt,
2523 3525 2665 3594 quod
2683 3525 2866 3579 nocuit
2894 3525 2968 3578 ita
2994 3532 3175 3578 manet
3205 3531 3263 3578 ut
3289 3522 3392 3577 hoc
3411 3535 3511 3576 nec
3534 3521 3699 3592 passio

2119 3614 2339 3676 Christi,
2365 3629 2464 3670 nec
2514 3594 2847 3684 baptismatis
2896 3611 3249 3668 sanctiﬁcatio
3277 3611 3447 3681 possit
3474 3609 3697 3663 auferre.

2197 3704 2389 3761 Verum
2421 3704 2547 3774 quid
2572 3719 2752 3758 moras
2768 3704 2881 3767 tibi,
2901 3718 2934 3756 ο
2955 3702 3127 3756 lector
3145 3708 3329 3755 sancte
3357 3709 3414 3754 et
3443 3699 3696 3758 studiose,

2122 3797 2447 3850 incutimus?
2476 3795 2694 3849 Librum
2742 3808 2927 3849 eorum
2977 3792 3070 3846 tibi
3120 3791 3409 3859 integrum,
3447 3789 3589 3844 sicut
3626 3795 3702 3842 est

2122 3885 2314 3948 editus,
2344 3885 2396 3938 in
2446 3884 2549 3938 isto
2580 3898 2808 3953 corpore
2836 3889 3220 3953 praesentamus
3252 3898 3266 3933 :
3299 3879 3450 3948 cujus
3478 3878 3701 3933 lectione

2119 3990 2414 4043 cognosces
2443 3973 2785 4030 deﬁnitiones
2811 3973 2926 4042 ejus
2955 3988 2986 4027 a
3016 3970 3366 4026 metatoribus
3392 3968 3699 4024 Antichristi

2119 4066 2452 4120 adinventas.
2478 4065 2918 4133 Quotiescunque
2940 4064 3118 4117 autem
3142 4070 3326 4115 contra
3350 4074 3446 4114 eos
3468 4056 3702 4127 suscepi-

2118 4171 2256 4219 mus,
2285 4155 2534 4209 dixerunt
2563 4170 2661 4208 nos
2683 4170 2748 4208 ex
2770 4153 3146 4207 haereticorum
3174 4149 3397 4219 argutiis
3424 4156 3610 4203 contra
3640 4159 3698 4201 se

2119 4260 2300 4313 agere.
2331 4246 2586 4300 Videntes
2614 4246 2756 4300 enim
2802 4259 2861 4298 se
2908 4246 2979 4297 ita
3033 4242 3294 4312 superari,
3324 4248 3383 4294 ut
3435 4239 3699 4310 suspirare

2120 4351 2227 4390 non
2258 4345 2498 4405 possent,
2527 4337 2666 4391 hanc
2685 4335 3005 4391 calumniam
3033 4347 3247 4402 semper
3269 4331 3549 4387 catholicis
3575 4329 3695 4384 nisi-

2121 4429 2219 4484 bus
2248 4430 2568 4497 irrogarunt,
2602 4436 2659 4484 ut
2684 4429 2808 4483 dum
2835 4428 3025 4481 timent
3051 4441 3111 4479 se
3137 4421 3700 4481 hmreticosinl‘amari,

2122 4522 2175 4575 in
2203 4521 2417 4575 silentio
2437 4521 2679 4575 veritatis
2709 4520 2972 4588 loquelam
3003 4526 3288 4571 arctarent.
3326 4514 3525 4569 Eorum
3574 4525 3693 4579 ergo

2121 4610 2191 4665 ob
2220 4625 2433 4665 causam
2455 4626 2642 4665 omnes
2658 4611 2888 4681 haereses
2911 4624 2940 4661 a
2967 4607 3188 4662 Simone
3216 4613 3580 4660 memorantes
3596 4604 3693 4657 huc

2119 4715 2289 4769 usque
2315 4699 2635 4765 deteximus,
2667 4707 2725 4755 ut
2753 4699 3042 4769 probemus
3069 4712 3170 4751 nos
3214 4696 3314 4751 soli
3358 4692 3479 4748 ﬁdei
3511 4693 3690 4747 catho-

2120 4791 2238 4847 lica:
2267 4807 2385 4847 esse
2412 4791 2726 4847 concordes.
2746 4790 3018 4858 Rogamus
3046 4798 3116 4851 te,
3142 4787 3383 4848 Domine,
3403 4783 3563 4839 Pater
3580 4781 3691 4837 εαξιὶ

2120 4890 2175 4936 et
2203 4890 2377 4947 terrm,
2402 4882 2494 4951 qui
2523 4897 2644 4936 eum
2669 4879 2806 4934 Filio
2837 4888 2948 4943 tuo,
2978 4886 3032 4932 et
3060 4876 3262 4946 Spiritu
3302 4883 3512 4938 sancto,
3542 4872 3690 4928 unius

2120 4972 2362 5026 veritatis
2392 4972 2603 5026 obtines
2633 4972 2997 5039 majestatem,
3030 4967 3189 5022 unius
3232 4964 3527 5034 majestatis
3556 4961 3688 5017 obti-

2119 5077 2215 5117 nes
2240 5062 2534 5126 Deitatem,
2568 5061 2724 5115 unius
2769 5059 2993 5114 Deitatis
3036 5057 3250 5111 obtines
3278 5054 3592 5121 trinitatem,
3630 5058 3688 5103 ut

2121 5169 2220 5208 nos
2248 5153 2466 5222 adjuves
2491 5160 2678 5208 contra
2706 5151 2888 5204 hostes
2910 5156 3032 5202 tuos
3062 5157 3086 5185 ο
3113 5146 3215 5202 tela
3239 5152 3547 5200 tractantes.
3588 5139 3686 5194 lla-

2118 5240 2284 5296 beant
2311 5242 2386 5295 illi
2431 5250 2605 5297 castra
2634 5238 2801 5295 Colice
2844 5240 2896 5292 in
2922 5237 3328 5308 Allophylorum
3357 5234 3471 5290 acie
3497 5228 3685 5288 constio

2120 5340 2255 5388 tuta.
2288 5333 2395 5389 Nos
2423 5332 2652 5396 Hebrmi,
2682 5330 2834 5402 pueri
2864 5328 2940 5383 tui
2970 5328 3136 5383 David
3164 5325 3510 5411 pastoforium
3537 5334 3681 5375 assu-

2118 5431 2345 5490 mentes,
2370 5424 2437 5479 de
2462 5423 2637 5493 lapide
2664 5430 2757 5476 tuo
2777 5419 3021 5489 angulari
3042 5431 3368 5491 pugnemus;
3394 5425 3453 5472 ut
3472 5412 3677 5468 ﬁdente!

2194 5543 2218 5573 ε
2248 5532 2343 5589 Ms.
2363 5533 2527 5599 idem,
2561 5531 2910 5594 Delatrantes,
