  <div class='ocr_page' id='page_1' title='image "/cluster/home/n/w/nwhite01/storage/ocr_20150623/53/hvd.32044073505091/319.png"; bbox 0 0 3926 6176; ppageno 0'>
   <div class='ocr_carea' id='block_1_1' title="bbox 539 276 643 331">
    <p class='ocr_par' dir='ltr' id='par_1_1' title="bbox 539 276 643 331">
     <span class='ocr_line' id='line_1_1' title="bbox 539 276 643 331; baseline 0.019 -3"><span class='ocrx_word' id='word_1_1' title='bbox 539 276 643 331; x_wconf 65' lang='grc' dir='ltr'><strong>(ἰὲῧ</strong></span> 
     </span>
    </p>
   </div>
   <div class='ocr_carea' id='block_1_2' title="bbox 1549 263 2121 336">
    <p class='ocr_par' dir='ltr' id='par_1_2' title="bbox 1549 269 2121 326">
     <span class='ocr_line' id='line_1_2' title="bbox 1549 269 2121 326; baseline -0.003 0"><span class='ocrx_word' id='word_1_2' title='bbox 1549 269 1918 326; x_wconf 69' lang='grc' dir='ltr'><strong>ΑΝΟΝΥΜΗΒ</strong></span> <span class='ocrx_word' id='word_1_3' title='bbox 1958 269 2121 324; x_wconf 73' lang='lat' dir='ltr'><strong>AUC&#39;I</strong></span> 
     </span>
    </p>
   </div>
   <div class='ocr_carea' id='block_1_3' title="bbox 2222 263 3770 336">
    <p class='ocr_par' dir='ltr' id='par_1_3' title="bbox 2222 263 3770 336">
     <span class='ocr_line' id='line_1_3' title="bbox 2222 263 3770 336; baseline 0.006 -10"><span class='ocrx_word' id='word_1_4' title='bbox 2222 277 2234 326; x_wconf 66' lang='grc' dir='ltr'>ι</span> <span class='ocrx_word' id='word_1_5' title='bbox 2272 271 2814 332; x_wconf 66' lang='grc' dir='ltr'><strong>ΡΒιΕῡΕεΤιΝΑτι.</strong></span> <span class='ocrx_word' id='word_1_6' title='bbox 3639 281 3710 336; x_wconf 62' lang='lat' dir='ltr'><strong>tu</strong></span> <span class='ocrx_word' id='word_1_7' title='bbox 3765 263 3770 268; x_wconf 84' lang='grc'><strong>’</strong></span> 
     </span>
    </p>
   </div>
   <div class='ocr_carea' id='block_1_4' title="bbox 545 362 3712 441">
    <p class='ocr_par' dir='ltr' id='par_1_4' title="bbox 545 362 3712 441">
     <span class='ocr_line' id='line_1_4' title="bbox 545 362 3712 441; baseline -0.001 -7"><span class='ocrx_word' id='word_1_8' title='bbox 545 387 807 436; x_wconf 79' lang='lat' dir='ltr'><strong>memorat</strong></span> <span class='ocrx_word' id='word_1_9' title='bbox 829 379 996 433; x_wconf 87' lang='lat' dir='ltr'><strong>Deum</strong></span> <span class='ocrx_word' id='word_1_10' title='bbox 1030 375 1226 430; x_wconf 75' lang='lat' dir='ltr'><strong>dixisse</strong></span> <span class='ocrx_word' id='word_1_11' title='bbox 1263 385 1358 440; x_wconf 86' lang='lat' dir='ltr'><strong>per</strong></span> <span class='ocrx_word' id='word_1_12' title='bbox 1385 371 1776 441; x_wconf 66' lang='lat' dir='ltr'><strong>praescientiam</strong></span> <span class='ocrx_word' id='word_1_13' title='bbox 1797 383 1951 424; x_wconf 87' lang='lat' dir='ltr'><strong>suam</strong></span> <span class='ocrx_word' id='word_1_14' title='bbox 1978 385 1990 421; x_wconf 91' lang='lat'>:</span> <span class='ocrx_word' id='word_1_15' title='bbox 2021 362 2118 418; x_wconf 82' lang='lat' dir='ltr'><strong>Ja-</strong></span> <span class='ocrx_word' id='word_1_16' title='bbox 2143 371 2192 426; x_wconf 78' lang='grc' dir='ltr'><strong>Α</strong></span> <span class='ocrx_word' id='word_1_17' title='bbox 2221 367 2517 426; x_wconf 88' lang='lat' dir='ltr'><strong>destinatus</strong></span> <span class='ocrx_word' id='word_1_18' title='bbox 2556 373 2623 426; x_wconf 90' lang='lat' dir='ltr'><strong>ad</strong></span> <span class='ocrx_word' id='word_1_19' title='bbox 2670 371 3028 441; x_wconf 88' lang='lat' dir='ltr'><strong>apostolatum</strong></span> <span class='ocrx_word' id='word_1_20' title='bbox 3055 413 3068 438; x_wconf 95' lang='lat'><strong>,</strong></span> <span class='ocrx_word' id='word_1_21' title='bbox 3115 373 3284 428; x_wconf 92' lang='lat' dir='ltr'><strong>evasit</strong></span> <span class='ocrx_word' id='word_1_22' title='bbox 3331 373 3506 428; x_wconf 91' lang='lat' dir='ltr'><strong>subito</strong></span> <span class='ocrx_word' id='word_1_23' title='bbox 3540 375 3712 431; x_wconf 72' lang='lat' dir='ltr'><strong>universa</strong></span> 
     </span>
    </p>
   </div>
   <div class='ocr_carea' id='block_1_5' title="bbox 547 458 2115 534">
    <p class='ocr_par' dir='ltr' id='par_1_5' title="bbox 547 458 2115 534">
     <span class='ocr_line' id='line_1_5' title="bbox 547 458 2115 534; baseline -0.009 -9"><span class='ocrx_word' id='word_1_24' title='bbox 547 471 634 526; x_wconf 76' lang='grc' dir='ltr'><strong>σοὺ</strong></span> <span class='ocrx_word' id='word_1_25' title='bbox 657 471 830 534; x_wconf 72' lang='lat' dir='ltr'><strong>dilexi,</strong></span> <span class='ocrx_word' id='word_1_26' title='bbox 859 468 999 523; x_wconf 83' lang='lat' dir='ltr'><strong>Esau</strong></span> <span class='ocrx_word' id='word_1_27' title='bbox 1021 476 1190 520; x_wconf 78' lang='lat' dir='ltr'><strong>autem</strong></span> <span class='ocrx_word' id='word_1_28' title='bbox 1211 464 1334 520; x_wconf 85' lang='lat' dir='ltr'><strong>odio</strong></span> <span class='ocrx_word' id='word_1_29' title='bbox 1351 463 1506 517; x_wconf 81' lang='lat' dir='ltr'><strong><em>habui</em></strong></span> <span class='ocrx_word' id='word_1_30' title='bbox 1537 462 1712 534; x_wconf 88' lang='lat' dir='ltr'><strong>(Rom.</strong></span> <span class='ocrx_word' id='word_1_31' title='bbox 1738 477 1812 527; x_wconf 81' lang='lat' dir='ltr'><strong>Ix,</strong></span> <span class='ocrx_word' id='word_1_32' title='bbox 1837 459 1949 530; x_wconf 77' lang='grc'><strong>15).</strong></span> <span class='ocrx_word' id='word_1_33' title='bbox 1981 458 2115 513; x_wconf 88' lang='lat' dir='ltr'><strong>Cum</strong></span> 
     </span>
    </p>
   </div>
   <div class='ocr_carea' id='block_1_6' title="bbox 545 549 2118 620">
    <p class='ocr_par' dir='ltr' id='par_1_6' title="bbox 545 549 2118 620">
     <span class='ocr_line' id='line_1_6' title="bbox 545 549 2118 620; baseline -0.007 -8"><span class='ocrx_word' id='word_1_34' title='bbox 545 560 684 613; x_wconf 81' lang='lat' dir='ltr'><strong>enim</strong></span> <span class='ocrx_word' id='word_1_35' title='bbox 733 557 966 613; x_wconf 89' lang='lat' dir='ltr'><strong>nondum</strong></span> <span class='ocrx_word' id='word_1_36' title='bbox 1014 557 1124 611; x_wconf 89' lang='lat' dir='ltr'><strong>nati</strong></span> <span class='ocrx_word' id='word_1_37' title='bbox 1168 555 1435 617; x_wconf 78' lang='lat' dir='ltr'><strong>fuissent,</strong></span> <span class='ocrx_word' id='word_1_38' title='bbox 1485 567 1585 607; x_wconf 89' lang='lat' dir='ltr'><strong>nec</strong></span> <span class='ocrx_word' id='word_1_39' title='bbox 1631 549 1832 620; x_wconf 89' lang='lat' dir='ltr'><strong>aliquid</strong></span> <span class='ocrx_word' id='word_1_40' title='bbox 1881 551 2118 618; x_wconf 74' lang='lat' dir='ltr'><strong>egissent</strong></span> 
     </span>
    </p>
   </div>
   <div class='ocr_carea' id='block_1_7' title="bbox 545 641 2112 714">
    <p class='ocr_par' dir='ltr' id='par_1_7' title="bbox 545 641 2112 714">
     <span class='ocr_line' id='line_1_7' title="bbox 545 641 2112 714; baseline -0.005 -14"><span class='ocrx_word' id='word_1_41' title='bbox 545 660 565 682; x_wconf 88' lang='grc'><strong>··</strong></span> <span class='ocrx_word' id='word_1_42' title='bbox 593 649 714 701; x_wconf 87' lang='lat' dir='ltr'><strong>boui</strong></span> <span class='ocrx_word' id='word_1_43' title='bbox 740 648 820 701; x_wconf 86' lang='lat' dir='ltr'><strong>vel</strong></span> <span class='ocrx_word' id='word_1_44' title='bbox 840 648 965 702; x_wconf 88' lang='lat' dir='ltr'><strong>mali</strong></span> <span class='ocrx_word' id='word_1_45' title='bbox 990 645 1176 714; x_wconf 83' lang='lat' dir='ltr'><strong>(lbid.,</strong></span> <span class='ocrx_word' id='word_1_46' title='bbox 1205 644 1312 712; x_wconf 80' lang='lat' dir='ltr'><strong>ll),</strong></span> <span class='ocrx_word' id='word_1_47' title='bbox 1339 660 1406 698; x_wconf 79' lang='lat' dir='ltr'><strong>ex</strong></span> <span class='ocrx_word' id='word_1_48' title='bbox 1434 642 1770 714; x_wconf 69' lang='lat' dir='ltr'><strong>prmscientia</strong></span> <span class='ocrx_word' id='word_1_49' title='bbox 1791 641 1990 695; x_wconf 90' lang='lat' dir='ltr'><strong>dictum</strong></span> <span class='ocrx_word' id='word_1_50' title='bbox 2013 647 2112 702; x_wconf 86' lang='lat' dir='ltr'><strong>est,</strong></span> 
     </span>
    </p>
   </div>
   <div class='ocr_carea' id='block_1_8' title="bbox 543 731 2113 806">
    <p class='ocr_par' dir='ltr' id='par_1_8' title="bbox 543 731 2113 806">
     <span class='ocr_line' id='line_1_8' title="bbox 543 731 2113 806; baseline -0.005 -14"><span class='ocrx_word' id='word_1_51' title='bbox 543 739 682 806; x_wconf 79' lang='lat' dir='ltr'><strong>quod</strong></span> <span class='ocrx_word' id='word_1_52' title='bbox 724 753 860 792; x_wconf 86' lang='lat' dir='ltr'><strong>unus</strong></span> <span class='ocrx_word' id='word_1_53' title='bbox 895 739 1186 794; x_wconf 91' lang='lat' dir='ltr'><strong>haberetur</strong></span> <span class='ocrx_word' id='word_1_54' title='bbox 1225 735 1349 792; x_wconf 88' lang='lat' dir='ltr'><strong>odio</strong></span> <span class='ocrx_word' id='word_1_55' title='bbox 1373 775 1388 800; x_wconf 97' lang='lat'><strong>,</strong></span> <span class='ocrx_word' id='word_1_56' title='bbox 1433 736 1570 789; x_wconf 90' lang='lat' dir='ltr'><strong>alius</strong></span> <span class='ocrx_word' id='word_1_57' title='bbox 1613 741 1900 788; x_wconf 88' lang='lat' dir='ltr'><strong>amaretur.</strong></span> <span class='ocrx_word' id='word_1_58' title='bbox 1932 731 2060 787; x_wconf 62' lang='lat' dir='ltr'><strong>Haec</strong></span> <span class='ocrx_word' id='word_1_59' title='bbox 2085 746 2113 784; x_wconf 88' lang='lat' dir='ltr'><strong>a</strong></span> 
     </span>
    </p>
   </div>
   <div class='ocr_carea' id='block_1_9' title="bbox 543 822 2114 902">
    <p class='ocr_par' dir='ltr' id='par_1_9' title="bbox 543 822 2114 902">
     <span class='ocr_line' id='line_1_9' title="bbox 543 822 2114 902; baseline -0.007 -17"><span class='ocrx_word' id='word_1_60' title='bbox 543 830 698 902; x_wconf 74' lang='lat' dir='ltr'><strong>nobis</strong></span> <span class='ocrx_word' id='word_1_61' title='bbox 723 829 1008 886; x_wconf 87' lang='lat' dir='ltr'><strong>adinventa</strong></span> <span class='ocrx_word' id='word_1_62' title='bbox 1037 845 1145 884; x_wconf 89' lang='lat' dir='ltr'><strong>non</strong></span> <span class='ocrx_word' id='word_1_63' title='bbox 1173 836 1299 881; x_wconf 90' lang='lat' dir='ltr'><strong>sunt</strong></span> <span class='ocrx_word' id='word_1_64' title='bbox 1332 845 1344 880; x_wconf 91' lang='lat'>:</span> <span class='ocrx_word' id='word_1_65' title='bbox 1370 842 1471 880; x_wconf 91' lang='lat' dir='ltr'><strong>nec</strong></span> <span class='ocrx_word' id='word_1_66' title='bbox 1492 826 1717 880; x_wconf 87' lang='lat' dir='ltr'><strong>dicimus</strong></span> <span class='ocrx_word' id='word_1_67' title='bbox 1745 822 1946 892; x_wconf 89' lang='lat' dir='ltr'><strong>aliquid</strong></span> <span class='ocrx_word' id='word_1_68' title='bbox 1973 836 2114 891; x_wconf 61' lang='grc' dir='ltr'><strong>ρειπ-</strong></span> 
     </span>
    </p>
   </div>
   <div class='ocr_carea' id='block_1_10' title="bbox 542 903 2114 992">
    <p class='ocr_par' dir='ltr' id='par_1_10' title="bbox 542 903 2114 992">
     <span class='ocr_line' id='line_1_10' title="bbox 542 903 2114 992; baseline -0.008 -16"><span class='ocrx_word' id='word_1_69' title='bbox 542 931 624 976; x_wconf 89' lang='lat' dir='ltr'><strong>ter</strong></span> <span class='ocrx_word' id='word_1_70' title='bbox 649 937 809 992; x_wconf 87' lang='lat' dir='ltr'><strong>quam</strong></span> <span class='ocrx_word' id='word_1_71' title='bbox 837 919 1226 988; x_wconf 79' lang='lat' dir='ltr'><strong>evangelizavit</strong></span> <span class='ocrx_word' id='word_1_72' title='bbox 1254 915 1563 986; x_wconf 81' lang='lat' dir='ltr'><strong>Apostolus.</strong></span> <span class='ocrx_word' id='word_1_73' title='bbox 1598 913 1700 968; x_wconf 86' lang='lat' dir='ltr'><strong>Per</strong></span> <span class='ocrx_word' id='word_1_74' title='bbox 1725 903 2114 984; x_wconf 71' lang='lat' dir='ltr'><strong>prmscientiam</strong></span> 
     </span>
    </p>
   </div>
   <div class='ocr_carea' id='block_1_11' title="bbox 544 1001 2116 1080">
    <p class='ocr_par' dir='ltr' id='par_1_11' title="bbox 544 1001 2116 1080">
     <span class='ocr_line' id='line_1_11' title="bbox 544 1001 2116 1080; baseline -0.006 -15"><span class='ocrx_word' id='word_1_75' title='bbox 544 1011 637 1065; x_wconf 90' lang='lat' dir='ltr'><strong>Dei</strong></span> <span class='ocrx_word' id='word_1_76' title='bbox 667 1009 1191 1080; x_wconf 71' lang='lat' dir='ltr'><strong>prtedestinationem</strong></span> <span class='ocrx_word' id='word_1_77' title='bbox 1235 1008 1348 1075; x_wconf 91' lang='lat' dir='ltr'><strong>ipse</strong></span> <span class='ocrx_word' id='word_1_78' title='bbox 1376 1005 1568 1060; x_wconf 87' lang='lat' dir='ltr'><strong>factam</strong></span> <span class='ocrx_word' id='word_1_79' title='bbox 1599 1010 2002 1058; x_wconf 85' lang='lat' dir='ltr'><strong>commemorat.</strong></span> <span class='ocrx_word' id='word_1_80' title='bbox 2040 1001 2116 1056; x_wconf 90' lang='lat' dir='ltr'><strong>De</strong></span> 
     </span>
    </p>
   </div>
   <div class='ocr_carea' id='block_1_12' title="bbox 529 1084 2110 1164">
    <p class='ocr_par' dir='ltr' id='par_1_12' title="bbox 529 1084 2110 1164">
     <span class='ocr_line' id='line_1_12' title="bbox 529 1084 2110 1164; baseline -0.007 -16"><span class='ocrx_word' id='word_1_81' title='bbox 529 1095 653 1150; x_wconf 45' lang='lat' dir='ltr'><strong>{Deo</strong></span> <span class='ocrx_word' id='word_1_82' title='bbox 682 1095 795 1164; x_wconf 85' lang='lat' dir='ltr'><strong>ipse</strong></span> <span class='ocrx_word' id='word_1_83' title='bbox 815 1093 943 1148; x_wconf 80' lang='lat' dir='ltr'><strong>dicit</strong></span> <span class='ocrx_word' id='word_1_84' title='bbox 969 1111 982 1144; x_wconf 87' lang='lat'><strong>:</strong></span> <span class='ocrx_word' id='word_1_85' title='bbox 1016 1091 1155 1156; x_wconf 81' lang='lat' dir='ltr'><strong>Quos</strong></span> <span class='ocrx_word' id='word_1_86' title='bbox 1177 1091 1386 1151; x_wconf 70' lang='lat' dir='ltr'><strong>voravit,</strong></span> <span class='ocrx_word' id='word_1_87' title='bbox 1412 1089 1502 1142; x_wconf 76' lang='lat' dir='ltr'><strong>ltos</strong></span> <span class='ocrx_word' id='word_1_88' title='bbox 1525 1087 1910 1157; x_wconf 75' lang='lat' dir='ltr'><strong>prtedestinavit</strong></span> <span class='ocrx_word' id='word_1_89' title='bbox 1935 1084 2110 1153; x_wconf 84' lang='lat' dir='ltr'><strong>(Rom.</strong></span> 
     </span>
    </p>
   </div>
   <div class='ocr_carea' id='block_1_13' title="bbox 539 1177 2119 1253">
    <p class='ocr_par' dir='ltr' id='par_1_13' title="bbox 539 1177 2119 1253">
     <span class='ocr_line' id='line_1_13' title="bbox 539 1177 2119 1253; baseline -0.008 -14"><span class='ocrx_word' id='word_1_90' title='bbox 539 1201 652 1250; x_wconf 75' lang='lat' dir='ltr'><strong>vni,</strong></span> <span class='ocrx_word' id='word_1_91' title='bbox 682 1183 791 1253; x_wconf 77' lang='lat'><strong>30).</strong></span> <span class='ocrx_word' id='word_1_92' title='bbox 838 1181 893 1238; x_wconf 92' lang='lat' dir='ltr'><strong>Si</strong></span> <span class='ocrx_word' id='word_1_93' title='bbox 932 1182 1322 1252; x_wconf 72' lang='lat' dir='ltr'><strong>prmscientem,</strong></span> <span class='ocrx_word' id='word_1_94' title='bbox 1356 1187 1409 1233; x_wconf 89' lang='lat' dir='ltr'><strong>et</strong></span> <span class='ocrx_word' id='word_1_95' title='bbox 1455 1177 1918 1247; x_wconf 60' lang='lat' dir='ltr'><strong>praedestinantem</strong></span> <span class='ocrx_word' id='word_1_96' title='bbox 1947 1186 2000 1228; x_wconf 91' lang='lat' dir='ltr'><strong>et</strong></span> <span class='ocrx_word' id='word_1_97' title='bbox 2027 1189 2119 1228; x_wconf 84' lang='lat' dir='ltr'><strong>vo-</strong></span> 
     </span>
    </p>
   </div>
   <div class='ocr_carea' id='block_1_14' title="bbox 541 1267 2116 1344">
    <p class='ocr_par' dir='ltr' id='par_1_14' title="bbox 541 1267 2116 1344">
     <span class='ocr_line' id='line_1_14' title="bbox 541 1267 2116 1344; baseline -0.007 -13"><span class='ocrx_word' id='word_1_98' title='bbox 541 1282 770 1340; x_wconf 77' lang='lat' dir='ltr'><strong>cantem,</strong></span> <span class='ocrx_word' id='word_1_99' title='bbox 803 1276 854 1329; x_wconf 92' lang='lat' dir='ltr'><strong>in</strong></span> <span class='ocrx_word' id='word_1_100' title='bbox 886 1273 1146 1344; x_wconf 89' lang='lat' dir='ltr'><strong>Apostolo</strong></span> <span class='ocrx_word' id='word_1_101' title='bbox 1177 1273 1371 1340; x_wconf 83' lang='lat' dir='ltr'><strong>legitis,</strong></span> <span class='ocrx_word' id='word_1_102' title='bbox 1405 1271 1558 1326; x_wconf 90' lang='lat' dir='ltr'><strong>nobis</strong></span> <span class='ocrx_word' id='word_1_103' title='bbox 1588 1277 1644 1324; x_wconf 89' lang='lat' dir='ltr'><strong>ut</strong></span> <span class='ocrx_word' id='word_1_104' title='bbox 1671 1269 1795 1338; x_wconf 85' lang='lat' dir='ltr'><strong>quid</strong></span> <span class='ocrx_word' id='word_1_105' title='bbox 1828 1267 2116 1337; x_wconf 82' lang='lat' dir='ltr'><strong>impingitis</strong></span> 
     </span>
    </p>
   </div>
   <div class='ocr_carea' id='block_1_15' title="bbox 539 1358 2116 1432">
    <p class='ocr_par' dir='ltr' id='par_1_15' title="bbox 539 1358 2116 1432">
     <span class='ocr_line' id='line_1_15' title="bbox 539 1358 2116 1432; baseline -0.008 -8"><span class='ocrx_word' id='word_1_106' title='bbox 539 1366 742 1424; x_wconf 79' lang='lat' dir='ltr'><strong>crimen</strong></span> <span class='ocrx_word' id='word_1_107' title='bbox 789 1365 859 1420; x_wconf 91' lang='lat' dir='ltr'><strong>ob</strong></span> <span class='ocrx_word' id='word_1_108' title='bbox 903 1364 1007 1418; x_wconf 87' lang='lat' dir='ltr'><strong>hoc</strong></span> <span class='ocrx_word' id='word_1_109' title='bbox 1051 1361 1195 1432; x_wconf 87' lang='lat' dir='ltr'><strong>quod</strong></span> <span class='ocrx_word' id='word_1_110' title='bbox 1221 1362 1446 1416; x_wconf 85' lang='lat' dir='ltr'><strong>dicimus</strong></span> <span class='ocrx_word' id='word_1_111' title='bbox 1493 1359 1899 1431; x_wconf 73' lang='lat' dir='ltr'><strong>prmdestinasse</strong></span> <span class='ocrx_word' id='word_1_112' title='bbox 1949 1358 2116 1412; x_wconf 91' lang='lat' dir='ltr'><strong>Deum</strong></span> 
     </span>
    </p>
   </div>
   <div class='ocr_carea' id='block_1_16' title="bbox 524 1449 2116 1523">
    <p class='ocr_par' dir='ltr' id='par_1_16' title="bbox 524 1449 2116 1523">
     <span class='ocr_line' id='line_1_16' title="bbox 524 1449 2116 1523; baseline -0.004 -13"><span class='ocrx_word' id='word_1_113' title='bbox 524 1457 802 1520; x_wconf 82' lang='lat' dir='ltr'><strong>homines,</strong></span> <span class='ocrx_word' id='word_1_114' title='bbox 833 1455 946 1510; x_wconf 88' lang='lat' dir='ltr'><strong>sive</strong></span> <span class='ocrx_word' id='word_1_115' title='bbox 967 1455 1034 1509; x_wconf 88' lang='lat' dir='ltr'><strong>ad</strong></span> <span class='ocrx_word' id='word_1_116' title='bbox 1059 1454 1339 1523; x_wconf 80' lang='lat' dir='ltr'><strong>justitiam,</strong></span> <span class='ocrx_word' id='word_1_117' title='bbox 1372 1454 1484 1507; x_wconf 90' lang='lat' dir='ltr'><strong>sive</strong></span> <span class='ocrx_word' id='word_1_118' title='bbox 1511 1453 1578 1506; x_wconf 90' lang='lat' dir='ltr'><strong>ad</strong></span> <span class='ocrx_word' id='word_1_119' title='bbox 1609 1467 1722 1521; x_wconf 68' lang='lat' dir='ltr'><strong>pem</strong></span> <span class='ocrx_word' id='word_1_120' title='bbox 1741 1457 1906 1515; x_wconf 89' lang='lat' dir='ltr'><strong>atnm,</strong></span> <span class='ocrx_word' id='word_1_121' title='bbox 1937 1465 2006 1504; x_wconf 91' lang='lat' dir='ltr'><strong>ne</strong></span> <span class='ocrx_word' id='word_1_122' title='bbox 2033 1449 2116 1503; x_wconf 88' lang='lat' dir='ltr'><strong>vi-</strong></span> 
     </span>
    </p>
   </div>
   <div class='ocr_carea' id='block_1_17' title="bbox 535 1540 2112 1615">
    <p class='ocr_par' dir='ltr' id='par_1_17' title="bbox 535 1540 2112 1615">
     <span class='ocr_line' id='line_1_17' title="bbox 535 1540 2112 1615; baseline -0.006 -14"><span class='ocrx_word' id='word_1_123' title='bbox 535 1547 756 1601; x_wconf 83' lang='lat' dir='ltr'><strong>deretur</strong></span> <span class='ocrx_word' id='word_1_124' title='bbox 785 1545 898 1615; x_wconf 91' lang='lat' dir='ltr'><strong>ipse</strong></span> <span class='ocrx_word' id='word_1_125' title='bbox 927 1545 1026 1599; x_wconf 85' lang='lat' dir='ltr'><strong>sibi</strong></span> <span class='ocrx_word' id='word_1_126' title='bbox 1062 1544 1214 1613; x_wconf 89' lang='lat' dir='ltr'><strong>quasi</strong></span> <span class='ocrx_word' id='word_1_127' title='bbox 1246 1559 1350 1597; x_wconf 90' lang='lat' dir='ltr'><strong>non</strong></span> <span class='ocrx_word' id='word_1_128' title='bbox 1380 1542 1606 1612; x_wconf 90' lang='lat' dir='ltr'><strong>provide</strong></span> <span class='ocrx_word' id='word_1_129' title='bbox 1646 1540 1821 1594; x_wconf 86' lang='lat' dir='ltr'><strong>facere</strong></span> <span class='ocrx_word' id='word_1_130' title='bbox 1849 1540 2112 1603; x_wconf 84' lang='lat' dir='ltr'><strong>homines,</strong></span> 
     </span>
    </p>
   </div>
   <div class='ocr_carea' id='block_1_18' title="bbox 539 1633 2115 1708">
    <p class='ocr_par' dir='ltr' id='par_1_18' title="bbox 539 1633 2115 1708">
     <span class='ocr_line' id='line_1_18' title="bbox 539 1633 2115 1708; baseline -0.004 -16"><span class='ocrx_word' id='word_1_131' title='bbox 539 1639 628 1708; x_wconf 85' lang='lat' dir='ltr'><strong>qui</strong></span> <span class='ocrx_word' id='word_1_132' title='bbox 656 1637 891 1694; x_wconf 86' lang='lat' dir='ltr'><strong>facerent</strong></span> <span class='ocrx_word' id='word_1_133' title='bbox 918 1636 1064 1706; x_wconf 87' lang='lat' dir='ltr'><strong>quod</strong></span> <span class='ocrx_word' id='word_1_134' title='bbox 1095 1637 1349 1690; x_wconf 86' lang='lat' dir='ltr'><strong>nolebat?</strong></span> <span class='ocrx_word' id='word_1_135' title='bbox 1374 1635 1607 1689; x_wconf 79' lang='lat' dir='ltr'><strong>Invictus</strong></span> <span class='ocrx_word' id='word_1_136' title='bbox 1635 1635 1776 1688; x_wconf 90' lang='lat' dir='ltr'><strong>enim</strong></span> <span class='ocrx_word' id='word_1_137' title='bbox 1809 1633 1860 1686; x_wconf 92' lang='lat' dir='ltr'><strong>in</strong></span> <span class='ocrx_word' id='word_1_138' title='bbox 1893 1648 1988 1686; x_wconf 89' lang='lat' dir='ltr'><strong>sua</strong></span> <span class='ocrx_word' id='word_1_139' title='bbox 2017 1649 2115 1687; x_wconf 88' lang='lat' dir='ltr'><strong>vo-</strong></span> 
     </span>
    </p>
   </div>
   <div class='ocr_carea' id='block_1_19' title="bbox 2217 463 3716 535">
    <p class='ocr_par' dir='ltr' id='par_1_19' title="bbox 2217 463 3716 535">
     <span class='ocr_line' id='line_1_19' title="bbox 2217 463 3716 535; baseline 0.005 -19"><span class='ocrx_word' id='word_1_140' title='bbox 2217 463 2460 526; x_wconf 90' lang='lat' dir='ltr'><strong>crimina,</strong></span> <span class='ocrx_word' id='word_1_141' title='bbox 2494 472 2546 518; x_wconf 90' lang='lat' dir='ltr'><strong>et</strong></span> <span class='ocrx_word' id='word_1_142' title='bbox 2571 465 2638 518; x_wconf 88' lang='lat' dir='ltr'><strong>ab</strong></span> <span class='ocrx_word' id='word_1_143' title='bbox 2677 463 3018 518; x_wconf 88' lang='lat' dir='ltr'><strong>inferioribus</strong></span> <span class='ocrx_word' id='word_1_144' title='bbox 3043 463 3225 520; x_wconf 81' lang='lat' dir='ltr'><strong>inferis</strong></span> <span class='ocrx_word' id='word_1_145' title='bbox 3255 465 3282 502; x_wconf 75' lang='grc' dir='ltr'>ά</span> <span class='ocrx_word' id='word_1_146' title='bbox 3313 465 3381 520; x_wconf 88' lang='lat' dir='ltr'><strong>ad</strong></span> <span class='ocrx_word' id='word_1_147' title='bbox 3401 465 3634 535; x_wconf 85' lang='lat' dir='ltr'><strong>superiora</strong></span> <span class='ocrx_word' id='word_1_148' title='bbox 3653 483 3716 524; x_wconf 77' lang='lat' dir='ltr'><strong>stt—</strong></span> 
     </span>
    </p>
   </div>
   <div class='ocr_carea' id='block_1_20' title="bbox 2219 554 3716 626">
    <p class='ocr_par' dir='ltr' id='par_1_20' title="bbox 2219 554 3716 626">
     <span class='ocr_line' id='line_1_20' title="bbox 2219 554 3716 626; baseline 0.002 -18"><span class='ocrx_word' id='word_1_149' title='bbox 2219 555 2489 624; x_wconf 89' lang='lat' dir='ltr'><strong>periorum</strong></span> <span class='ocrx_word' id='word_1_150' title='bbox 2521 555 2780 610; x_wconf 85' lang='lat' dir='ltr'><strong>ascendit.</strong></span> <span class='ocrx_word' id='word_1_151' title='bbox 2821 554 3018 610; x_wconf 86' lang='lat' dir='ltr'><strong>Omnes</strong></span> <span class='ocrx_word' id='word_1_152' title='bbox 3060 556 3272 626; x_wconf 83' lang='lat' dir='ltr'><strong>itaque,</strong></span> <span class='ocrx_word' id='word_1_153' title='bbox 3311 571 3449 625; x_wconf 90' lang='lat' dir='ltr'><strong>quos</strong></span> <span class='ocrx_word' id='word_1_154' title='bbox 3477 557 3566 610; x_wconf 89' lang='lat' dir='ltr'><strong>scit</strong></span> <span class='ocrx_word' id='word_1_155' title='bbox 3586 555 3716 624; x_wconf 79' lang='lat' dir='ltr'><strong>dignos</strong></span> 
     </span>
    </p>
   </div>
   <div class='ocr_carea' id='block_1_21' title="bbox 2217 647 3720 718">
    <p class='ocr_par' dir='ltr' id='par_1_21' title="bbox 2217 647 3720 718">
     <span class='ocr_line' id='line_1_21' title="bbox 2217 647 3720 718; baseline 0 -18"><span class='ocrx_word' id='word_1_156' title='bbox 2217 647 2390 702; x_wconf 88' lang='lat' dir='ltr'><strong>salute</strong></span> <span class='ocrx_word' id='word_1_157' title='bbox 2424 647 2811 718; x_wconf 89' lang='lat' dir='ltr'><strong>redemptionis</strong></span> <span class='ocrx_word' id='word_1_158' title='bbox 2835 661 2945 702; x_wconf 75' lang='lat' dir='ltr'><strong>sua:</strong></span> <span class='ocrx_word' id='word_1_159' title='bbox 2973 647 3132 714; x_wconf 87' lang='lat' dir='ltr'><strong>Deus,</strong></span> <span class='ocrx_word' id='word_1_160' title='bbox 3175 647 3273 702; x_wconf 90' lang='lat' dir='ltr'><strong>hos</strong></span> <span class='ocrx_word' id='word_1_161' title='bbox 3302 647 3370 702; x_wconf 90' lang='lat' dir='ltr'><strong>ad</strong></span> <span class='ocrx_word' id='word_1_162' title='bbox 3407 647 3608 702; x_wconf 84' lang='lat' dir='ltr'><strong>salutem</strong></span> <span class='ocrx_word' id='word_1_163' title='bbox 3629 663 3720 716; x_wconf 71' lang='lat' dir='ltr'><strong>pra-</strong></span> 
     </span>
    </p>
   </div>
   <div class='ocr_carea' id='block_1_22' title="bbox 2217 730 3720 808">
    <p class='ocr_par' dir='ltr' id='par_1_22' title="bbox 2217 730 3720 808">
     <span class='ocr_line' id='line_1_22' title="bbox 2217 730 3720 808; baseline -0.001 -15"><span class='ocrx_word' id='word_1_164' title='bbox 2217 738 2505 794; x_wconf 88' lang='lat' dir='ltr'><strong>destinavit</strong></span> <span class='ocrx_word' id='word_1_165' title='bbox 2535 757 2546 792; x_wconf 94' lang='lat'>:</span> <span class='ocrx_word' id='word_1_166' title='bbox 2578 748 2632 795; x_wconf 89' lang='lat' dir='ltr'><strong>et</strong></span> <span class='ocrx_word' id='word_1_167' title='bbox 2660 740 2760 794; x_wconf 92' lang='lat' dir='ltr'><strong>hos</strong></span> <span class='ocrx_word' id='word_1_168' title='bbox 2789 748 2994 794; x_wconf 88' lang='lat' dir='ltr'><strong>tantum</strong></span> <span class='ocrx_word' id='word_1_169' title='bbox 3020 730 3219 807; x_wconf 57' lang='lat' dir='ltr'><strong>salvat;</strong></span> <span class='ocrx_word' id='word_1_170' title='bbox 3237 754 3372 808; x_wconf 88' lang='lat' dir='ltr'><strong>quos</strong></span> <span class='ocrx_word' id='word_1_171' title='bbox 3395 755 3455 794; x_wconf 90' lang='lat' dir='ltr'><strong>se</strong></span> <span class='ocrx_word' id='word_1_172' title='bbox 3482 739 3546 794; x_wconf 87' lang='lat' dir='ltr'><strong>ad</strong></span> <span class='ocrx_word' id='word_1_173' title='bbox 3561 740 3720 794; x_wconf 84' lang='lat' dir='ltr'><strong>salutem</strong></span> 
     </span>
    </p>
   </div>
   <div class='ocr_carea' id='block_1_23' title="bbox 2217 819 3718 898">
    <p class='ocr_par' dir='ltr' id='par_1_23' title="bbox 2217 819 3718 898">
     <span class='ocr_line' id='line_1_23' title="bbox 2217 819 3718 898; baseline 0.001 -17"><span class='ocrx_word' id='word_1_174' title='bbox 2217 827 2627 897; x_wconf 85' lang='lat' dir='ltr'><strong>praedestinasse</strong></span> <span class='ocrx_word' id='word_1_175' title='bbox 2656 830 2956 898; x_wconf 86' lang='lat' dir='ltr'><strong>cognoscit.</strong></span> <span class='ocrx_word' id='word_1_176' title='bbox 2988 829 3146 885; x_wconf 86' lang='lat' dir='ltr'><strong>Salus</strong></span> <span class='ocrx_word' id='word_1_177' title='bbox 3179 831 3321 884; x_wconf 89' lang='lat' dir='ltr'><strong>enim</strong></span> <span class='ocrx_word' id='word_1_178' title='bbox 3349 829 3448 884; x_wconf 85' lang='lat' dir='ltr'><strong>Dei</strong></span> <span class='ocrx_word' id='word_1_179' title='bbox 3471 845 3569 884; x_wconf 93' lang='lat' dir='ltr'><strong>non</strong></span> <span class='ocrx_word' id='word_1_180' title='bbox 3583 819 3718 882; x_wconf 58' lang='lat' dir='ltr'><strong>volun.</strong></span> 
     </span>
    </p>
   </div>
   <div class='ocr_carea' id='block_1_24' title="bbox 2217 918 3724 990">
    <p class='ocr_par' dir='ltr' id='par_1_24' title="bbox 2217 918 3724 990">
     <span class='ocr_line' id='line_1_24' title="bbox 2217 918 3724 990; baseline 0.001 -20"><span class='ocrx_word' id='word_1_181' title='bbox 2217 918 2316 972; x_wconf 90' lang='lat' dir='ltr'><strong>tati</strong></span> <span class='ocrx_word' id='word_1_182' title='bbox 2353 919 2587 974; x_wconf 88' lang='lat' dir='ltr'><strong>hominis</strong></span> <span class='ocrx_word' id='word_1_183' title='bbox 2615 921 2812 986; x_wconf 82' lang='lat' dir='ltr'><strong>servit;</strong></span> <span class='ocrx_word' id='word_1_184' title='bbox 2859 921 2974 990; x_wconf 89' lang='lat' dir='ltr'><strong>ipse</strong></span> <span class='ocrx_word' id='word_1_185' title='bbox 3009 922 3150 976; x_wconf 90' lang='lat' dir='ltr'><strong>enim</strong></span> <span class='ocrx_word' id='word_1_186' title='bbox 3191 921 3292 975; x_wconf 87' lang='lat' dir='ltr'><strong>scit</strong></span> <span class='ocrx_word' id='word_1_187' title='bbox 3332 920 3438 974; x_wconf 83' lang='lat' dir='ltr'><strong>cui-</strong></span> <span class='ocrx_word' id='word_1_188' title='bbox 3458 919 3577 990; x_wconf 88' lang='lat' dir='ltr'><strong>quid</strong></span> <span class='ocrx_word' id='word_1_189' title='bbox 3599 919 3724 973; x_wconf 83' lang='lat' dir='ltr'><strong>faciat.</strong></span> 
     </span>
    </p>
   </div>
   <div class='ocr_carea' id='block_1_25' title="bbox 2217 1009 3725 1079">
    <p class='ocr_par' dir='ltr' id='par_1_25' title="bbox 2217 1009 3725 1079">
     <span class='ocr_line' id='line_1_25' title="bbox 2217 1009 3725 1079; baseline 0 -15"><span class='ocrx_word' id='word_1_190' title='bbox 2217 1009 2328 1065; x_wconf 86' lang='lat' dir='ltr'><strong>Nec</strong></span> <span class='ocrx_word' id='word_1_191' title='bbox 2365 1012 2504 1066; x_wconf 87' lang='lat' dir='ltr'><strong>enim</strong></span> <span class='ocrx_word' id='word_1_192' title='bbox 2537 1012 2806 1068; x_wconf 83' lang='lat' dir='ltr'><strong>antecedit</strong></span> <span class='ocrx_word' id='word_1_193' title='bbox 2832 1013 3048 1068; x_wconf 87' lang='lat' dir='ltr'><strong>humani</strong></span> <span class='ocrx_word' id='word_1_194' title='bbox 3087 1011 3292 1068; x_wconf 89' lang='lat' dir='ltr'><strong>arbitrii</strong></span> <span class='ocrx_word' id='word_1_195' title='bbox 3311 1012 3537 1066; x_wconf 61' lang='lat' dir='ltr'><strong>{ibertas</strong></span> <span class='ocrx_word' id='word_1_196' title='bbox 3567 1012 3725 1079; x_wconf 87' lang='lat' dir='ltr'><strong>gratiam</strong></span> 
     </span>
    </p>
   </div>
   <div class='ocr_carea' id='block_1_26' title="bbox 2215 1099 3728 1172">
    <p class='ocr_par' dir='ltr' id='par_1_26' title="bbox 2215 1099 3728 1172">
     <span class='ocr_line' id='line_1_26' title="bbox 2215 1099 3728 1172; baseline 0.001 -19"><span class='ocrx_word' id='word_1_197' title='bbox 2215 1099 2333 1166; x_wconf 86' lang='lat' dir='ltr'><strong>Dei,</strong></span> <span class='ocrx_word' id='word_1_198' title='bbox 2367 1101 2458 1154; x_wconf 89' lang='lat' dir='ltr'><strong>sed</strong></span> <span class='ocrx_word' id='word_1_199' title='bbox 2488 1103 2755 1157; x_wconf 89' lang='lat' dir='ltr'><strong>antecedit</strong></span> <span class='ocrx_word' id='word_1_200' title='bbox 2793 1104 2962 1172; x_wconf 83' lang='lat' dir='ltr'><strong>gratia</strong></span> <span class='ocrx_word' id='word_1_201' title='bbox 2990 1102 3085 1156; x_wconf 91' lang='lat' dir='ltr'><strong>Dei</strong></span> <span class='ocrx_word' id='word_1_202' title='bbox 3113 1103 3328 1156; x_wconf 89' lang='lat' dir='ltr'><strong>humani</strong></span> <span class='ocrx_word' id='word_1_203' title='bbox 3353 1102 3652 1156; x_wconf 82' lang='lat' dir='ltr'><strong>voluntatem</strong></span> <span class='ocrx_word' id='word_1_204' title='bbox 3671 1116 3728 1154; x_wconf 84' lang='lat' dir='ltr'><strong>ar-</strong></span> 
     </span>
    </p>
   </div>
   <div class='ocr_carea' id='block_1_27' title="bbox 2215 1192 3727 1258">
    <p class='ocr_par' dir='ltr' id='par_1_27' title="bbox 2215 1192 3727 1258">
     <span class='ocr_line' id='line_1_27' title="bbox 2215 1192 3727 1258; baseline 0 -12"><span class='ocrx_word' id='word_1_205' title='bbox 2215 1192 2379 1246; x_wconf 87' lang='lat' dir='ltr'><strong>bitrii.</strong></span> <span class='ocrx_word' id='word_1_206' title='bbox 2411 1193 2560 1249; x_wconf 83' lang='lat' dir='ltr'><strong>Vana</strong></span> <span class='ocrx_word' id='word_1_207' title='bbox 2587 1205 2670 1250; x_wconf 89' lang='lat' dir='ltr'><strong>est</strong></span> <span class='ocrx_word' id='word_1_208' title='bbox 2685 1195 2828 1250; x_wconf 87' lang='lat' dir='ltr'><strong>enim</strong></span> <span class='ocrx_word' id='word_1_209' title='bbox 2851 1203 2904 1250; x_wconf 89' lang='lat' dir='ltr'><strong>et</strong></span> <span class='ocrx_word' id='word_1_210' title='bbox 2927 1195 3253 1250; x_wconf 82' lang='lat' dir='ltr'><strong>infructuosa</strong></span> <span class='ocrx_word' id='word_1_211' title='bbox 3277 1195 3522 1250; x_wconf 82' lang='lat' dir='ltr'><strong>voluntas</strong></span> <span class='ocrx_word' id='word_1_212' title='bbox 3543 1194 3727 1258; x_wconf 73' lang='lat' dir='ltr'><strong>hominis,</strong></span> 
     </span>
    </p>
   </div>
   <div class='ocr_carea' id='block_1_28' title="bbox 2216 1284 3730 1352">
    <p class='ocr_par' dir='ltr' id='par_1_28' title="bbox 2216 1284 3730 1352">
     <span class='ocr_line' id='line_1_28' title="bbox 2216 1284 3730 1352; baseline -0.001 -13"><span class='ocrx_word' id='word_1_213' title='bbox 2216 1292 2270 1339; x_wconf 91' lang='lat' dir='ltr'><strong>et</strong></span> <span class='ocrx_word' id='word_1_214' title='bbox 2293 1302 2485 1340; x_wconf 86' lang='lat' dir='ltr'><strong>vanum</strong></span> <span class='ocrx_word' id='word_1_215' title='bbox 2514 1295 2596 1341; x_wconf 90' lang='lat' dir='ltr'><strong>est</strong></span> <span class='ocrx_word' id='word_1_216' title='bbox 2622 1287 2867 1342; x_wconf 77' lang='lat' dir='ltr'><strong>humana:</strong></span> <span class='ocrx_word' id='word_1_217' title='bbox 2890 1287 3181 1342; x_wconf 83' lang='lat' dir='ltr'><strong>voluntatis</strong></span> <span class='ocrx_word' id='word_1_218' title='bbox 3201 1287 3500 1342; x_wconf 86' lang='lat' dir='ltr'><strong>arbitrium.</strong></span> <span class='ocrx_word' id='word_1_219' title='bbox 3529 1285 3656 1338; x_wconf 86' lang='lat' dir='ltr'><strong>Errat</strong></span> <span class='ocrx_word' id='word_1_220' title='bbox 3670 1284 3730 1352; x_wconf 87' lang='lat' dir='ltr'><strong>qui</strong></span> 
     </span>
    </p>
   </div>
   <div class='ocr_carea' id='block_1_29' title="bbox 2215 1373 3733 1447">
    <p class='ocr_par' dir='ltr' id='par_1_29' title="bbox 2215 1373 3733 1447">
     <span class='ocr_line' id='line_1_29' title="bbox 2215 1373 3733 1447; baseline -0.005 -16"><span class='ocrx_word' id='word_1_221' title='bbox 2215 1391 2274 1431; x_wconf 86' lang='lat' dir='ltr'><strong>se</strong></span> <span class='ocrx_word' id='word_1_222' title='bbox 2304 1385 2454 1447; x_wconf 86' lang='lat' dir='ltr'><strong>putat</strong></span> <span class='ocrx_word' id='word_1_223' title='bbox 2494 1392 2592 1447; x_wconf 89' lang='lat' dir='ltr'><strong>per</strong></span> <span class='ocrx_word' id='word_1_224' title='bbox 2618 1377 2670 1432; x_wconf 93' lang='lat' dir='ltr'><strong>id</strong></span> <span class='ocrx_word' id='word_1_225' title='bbox 2695 1378 2840 1446; x_wconf 91' lang='lat' dir='ltr'><strong>quod</strong></span> <span class='ocrx_word' id='word_1_226' title='bbox 2878 1377 2990 1432; x_wconf 89' lang='lat' dir='ltr'><strong>vult</strong></span> <span class='ocrx_word' id='word_1_227' title='bbox 3009 1378 3211 1432; x_wconf 89' lang='lat' dir='ltr'><strong>bonum</strong></span> <span class='ocrx_word' id='word_1_228' title='bbox 3240 1373 3522 1446; x_wconf 74' lang='lat' dir='ltr'><strong>pervenire</strong></span> <span class='ocrx_word' id='word_1_229' title='bbox 3547 1375 3606 1427; x_wconf 88' lang='lat' dir='ltr'><strong>ad</strong></span> <span class='ocrx_word' id='word_1_230' title='bbox 3627 1373 3733 1426; x_wconf 71' lang='grc' dir='ltr'><strong>Ωιιτὶ-</strong></span> 
     </span>
    </p>
   </div>
   <div class='ocr_carea' id='block_1_30' title="bbox 2215 1467 3734 1539">
    <p class='ocr_par' dir='ltr' id='par_1_30' title="bbox 2215 1467 3734 1539">
     <span class='ocr_line' id='line_1_30' title="bbox 2215 1467 3734 1539; baseline -0.003 -17"><span class='ocrx_word' id='word_1_231' title='bbox 2215 1477 2354 1522; x_wconf 87' lang='lat' dir='ltr'><strong>stum</strong></span> <span class='ocrx_word' id='word_1_232' title='bbox 2379 1509 2394 1534; x_wconf 95' lang='lat'><strong>,</strong></span> <span class='ocrx_word' id='word_1_233' title='bbox 2426 1485 2548 1523; x_wconf 91' lang='lat' dir='ltr'><strong>cum</strong></span> <span class='ocrx_word' id='word_1_234' title='bbox 2583 1471 2697 1539; x_wconf 89' lang='lat' dir='ltr'><strong>ipse</strong></span> <span class='ocrx_word' id='word_1_235' title='bbox 2723 1468 2969 1524; x_wconf 85' lang='lat' dir='ltr'><strong>Christus</strong></span> <span class='ocrx_word' id='word_1_236' title='bbox 2995 1469 3136 1524; x_wconf 90' lang='lat' dir='ltr'><strong>dicat</strong></span> <span class='ocrx_word' id='word_1_237' title='bbox 3169 1487 3182 1521; x_wconf 91' lang='lat'><strong>:</strong></span> <span class='ocrx_word' id='word_1_238' title='bbox 3217 1467 3384 1522; x_wconf 80' lang='lat' dir='ltr'><strong>Nemo</strong></span> <span class='ocrx_word' id='word_1_239' title='bbox 3418 1469 3551 1522; x_wconf 73' lang='lat' dir='ltr'><strong>venit</strong></span> <span class='ocrx_word' id='word_1_240' title='bbox 3577 1467 3634 1520; x_wconf 83' lang='lat' dir='ltr'><strong>ad</strong></span> <span class='ocrx_word' id='word_1_241' title='bbox 3657 1482 3734 1528; x_wconf 78' lang='lat' dir='ltr'><strong>me,</strong></span> 
     </span>
    </p>
   </div>
   <div class='ocr_carea' id='block_1_31' title="bbox 2216 1556 3737 1632">
    <p class='ocr_par' dir='ltr' id='par_1_31' title="bbox 2216 1556 3737 1632">
     <span class='ocr_line' id='line_1_31' title="bbox 2216 1556 3737 1632; baseline -0.005 -18"><span class='ocrx_word' id='word_1_242' title='bbox 2216 1562 2318 1614; x_wconf 82' lang='lat' dir='ltr'><strong>nisi</strong></span> <span class='ocrx_word' id='word_1_243' title='bbox 2347 1577 2494 1632; x_wconf 78' lang='lat' dir='ltr'><strong>quem</strong></span> <span class='ocrx_word' id='word_1_244' title='bbox 2524 1560 2686 1616; x_wconf 85' lang='lat' dir='ltr'><strong>Pater</strong></span> <span class='ocrx_word' id='word_1_245' title='bbox 2713 1563 2989 1616; x_wconf 76' lang='lat' dir='ltr'><strong>attraxerit</strong></span> <span class='ocrx_word' id='word_1_246' title='bbox 3020 1560 3195 1632; x_wconf 80' lang='lat' dir='ltr'><strong>(Joan.</strong></span> <span class='ocrx_word' id='word_1_247' title='bbox 3227 1577 3300 1624; x_wconf 75' lang='lat' dir='ltr'><strong>vi,</strong></span> <span class='ocrx_word' id='word_1_248' title='bbox 3331 1557 3443 1626; x_wconf 65' lang='grc'><strong>44).</strong></span> <span class='ocrx_word' id='word_1_249' title='bbox 3475 1559 3574 1624; x_wconf 86' lang='lat' dir='ltr'><strong>Qui</strong></span> <span class='ocrx_word' id='word_1_250' title='bbox 3604 1556 3737 1611; x_wconf 69' lang='lat' dir='ltr'><strong>melius</strong></span> 
     </span>
    </p>
   </div>
   <div class='ocr_carea' id='block_1_32' title="bbox 2217 1647 3738 1720">
    <p class='ocr_par' dir='ltr' id='par_1_32' title="bbox 2217 1647 3738 1720">
     <span class='ocr_line' id='line_1_32' title="bbox 2217 1647 3738 1720; baseline -0.005 -14"><span class='ocrx_word' id='word_1_251' title='bbox 2217 1651 2403 1720; x_wconf 82' lang='lat' dir='ltr'><strong>sapitis</strong></span> <span class='ocrx_word' id='word_1_252' title='bbox 2431 1661 2462 1705; x_wconf 87' lang='lat' dir='ltr'><strong>a</strong></span> <span class='ocrx_word' id='word_1_253' title='bbox 2490 1650 2732 1716; x_wconf 85' lang='lat' dir='ltr'><strong>Christo,</strong></span> <span class='ocrx_word' id='word_1_254' title='bbox 2765 1651 2926 1706; x_wconf 88' lang='lat' dir='ltr'><strong>dicite</strong></span> <span class='ocrx_word' id='word_1_255' title='bbox 2953 1652 2997 1706; x_wconf 90' lang='lat' dir='ltr'><strong>si</strong></span> <span class='ocrx_word' id='word_1_256' title='bbox 3027 1651 3282 1704; x_wconf 85' lang='lat' dir='ltr'><strong>mentitus</strong></span> <span class='ocrx_word' id='word_1_257' title='bbox 3311 1659 3390 1703; x_wconf 89' lang='lat' dir='ltr'><strong>est</strong></span> <span class='ocrx_word' id='word_1_258' title='bbox 3419 1647 3646 1702; x_wconf 81' lang='lat' dir='ltr'><strong>Christus</strong></span> <span class='ocrx_word' id='word_1_259' title='bbox 3670 1664 3680 1698; x_wconf 88' lang='lat'>:</span> <span class='ocrx_word' id='word_1_260' title='bbox 3702 1653 3738 1698; x_wconf 89' lang='lat' dir='ltr'><strong>et</strong></span> 
     </span>
    </p>
   </div>
   <div class='ocr_carea' id='block_1_33' title="bbox 529 1725 2121 1807">
    <p class='ocr_par' dir='ltr' id='par_1_33' title="bbox 529 1725 2117 1800">
     <span class='ocr_line' id='line_1_33' title="bbox 529 1725 2117 1800; baseline -0.005 -14"><span class='ocrx_word' id='word_1_261' title='bbox 529 1732 744 1786; x_wconf 79' lang='lat' dir='ltr'><strong>.luntate</strong></span> <span class='ocrx_word' id='word_1_262' title='bbox 779 1735 1060 1800; x_wconf 84' lang='lat' dir='ltr'><strong>permanet</strong></span> <span class='ocrx_word' id='word_1_263' title='bbox 1090 1729 1228 1782; x_wconf 88' lang='lat' dir='ltr'><strong>Deus</strong></span> <span class='ocrx_word' id='word_1_264' title='bbox 1253 1767 1268 1792; x_wconf 91' lang='lat'><strong>,</strong></span> <span class='ocrx_word' id='word_1_265' title='bbox 1305 1743 1424 1780; x_wconf 87' lang='lat' dir='ltr'><strong>cum</strong></span> <span class='ocrx_word' id='word_1_266' title='bbox 1464 1727 1626 1780; x_wconf 83' lang='lat' dir='ltr'><strong>homo</strong></span> <span class='ocrx_word' id='word_1_267' title='bbox 1657 1725 1868 1780; x_wconf 70' lang='lat' dir='ltr'><strong>assidue</strong></span> <span class='ocrx_word' id='word_1_268' title='bbox 1897 1740 2117 1795; x_wconf 85' lang='lat' dir='ltr'><strong>supere—</strong></span> 
     </span>
    </p>
   </div>
   <div class='ocr_carea' id='block_1_34' title="bbox 2222 1725 3739 1807">
    <p class='ocr_par' dir='ltr' id='par_1_34' title="bbox 2222 1739 3739 1807">
     <span class='ocr_line' id='line_1_34' title="bbox 2222 1739 3739 1807; baseline -0.006 -11"><span class='ocrx_word' id='word_1_269' title='bbox 2222 1743 2292 1796; x_wconf 89' lang='lat' dir='ltr'><strong>ita</strong></span> <span class='ocrx_word' id='word_1_270' title='bbox 2319 1742 2532 1796; x_wconf 89' lang='lat' dir='ltr'><strong>demum</strong></span> <span class='ocrx_word' id='word_1_271' title='bbox 2561 1741 2783 1796; x_wconf 88' lang='lat' dir='ltr'><strong>asserite</strong></span> <span class='ocrx_word' id='word_1_272' title='bbox 2811 1757 2908 1797; x_wconf 91' lang='lat' dir='ltr'><strong>nos</strong></span> <span class='ocrx_word' id='word_1_273' title='bbox 2933 1749 3120 1796; x_wconf 87' lang='lat' dir='ltr'><strong>contra</strong></span> <span class='ocrx_word' id='word_1_274' title='bbox 3150 1740 3346 1795; x_wconf 88' lang='lat' dir='ltr'><strong>Christi</strong></span> <span class='ocrx_word' id='word_1_275' title='bbox 3377 1739 3610 1807; x_wconf 82' lang='lat' dir='ltr'><strong>regulam</strong></span> <span class='ocrx_word' id='word_1_276' title='bbox 3631 1739 3739 1791; x_wconf 76' lang='lat' dir='ltr'><strong>istam</strong></span> 
     </span>
    </p>
   </div>
   <div class='ocr_carea' id='block_1_35' title="bbox 526 1815 2115 1890">
    <p class='ocr_par' dir='ltr' id='par_1_35' title="bbox 526 1815 2115 1890">
     <span class='ocr_line' id='line_1_35' title="bbox 526 1815 2115 1890; baseline -0.006 -12"><span class='ocrx_word' id='word_1_277' title='bbox 526 1832 647 1878; x_wconf 80' lang='lat' dir='ltr'><strong>&quot;tur.</strong></span> <span class='ocrx_word' id='word_1_278' title='bbox 677 1822 732 1877; x_wconf 90' lang='lat' dir='ltr'><strong>Si</strong></span> <span class='ocrx_word' id='word_1_279' title='bbox 763 1835 890 1890; x_wconf 84' lang='lat' dir='ltr'><strong>ergo</strong></span> <span class='ocrx_word' id='word_1_280' title='bbox 919 1820 1182 1874; x_wconf 84' lang='lat' dir='ltr'><strong>invictum</strong></span> <span class='ocrx_word' id='word_1_281' title='bbox 1203 1816 1528 1872; x_wconf 86' lang='lat' dir='ltr'><strong>confitemini</strong></span> <span class='ocrx_word' id='word_1_282' title='bbox 1570 1817 1754 1882; x_wconf 88' lang='lat' dir='ltr'><strong>Deum,</strong></span> <span class='ocrx_word' id='word_1_283' title='bbox 1784 1815 2115 1870; x_wconf 80' lang='lat' dir='ltr'><strong>confitemini</strong></span> 
     </span>
    </p>
   </div>
   <div class='ocr_carea' id='block_1_36' title="bbox 539 1905 2116 1982">
    <p class='ocr_par' dir='ltr' id='par_1_36' title="bbox 539 1905 2116 1982">
     <span class='ocr_line' id='line_1_36' title="bbox 539 1905 2116 1982; baseline -0.007 -12"><span class='ocrx_word' id='word_1_284' title='bbox 539 1923 598 1970; x_wconf 87' lang='lat' dir='ltr'><strong>et</strong></span> <span class='ocrx_word' id='word_1_285' title='bbox 627 1915 750 1980; x_wconf 90' lang='lat' dir='ltr'><strong>hoc,</strong></span> <span class='ocrx_word' id='word_1_286' title='bbox 781 1913 906 1982; x_wconf 87' lang='lat' dir='ltr'><strong>quia</strong></span> <span class='ocrx_word' id='word_1_287' title='bbox 944 1909 1088 1979; x_wconf 87' lang='lat' dir='ltr'><strong>quod</strong></span> <span class='ocrx_word' id='word_1_288' title='bbox 1117 1925 1212 1964; x_wconf 88' lang='lat' dir='ltr'><strong>eos</strong></span> <span class='ocrx_word' id='word_1_289' title='bbox 1241 1909 1408 1962; x_wconf 90' lang='lat' dir='ltr'><strong>voluit</strong></span> <span class='ocrx_word' id='word_1_290' title='bbox 1445 1908 1534 1961; x_wconf 90' lang='lat' dir='ltr'><strong>ille</strong></span> <span class='ocrx_word' id='word_1_291' title='bbox 1562 1908 1652 1976; x_wconf 87' lang='lat' dir='ltr'><strong>qui</strong></span> <span class='ocrx_word' id='word_1_292' title='bbox 1685 1906 1940 1972; x_wconf 85' lang='lat' dir='ltr'><strong>condidit,</strong></span> <span class='ocrx_word' id='word_1_293' title='bbox 1973 1905 2116 1960; x_wconf 89' lang='lat' dir='ltr'><strong>aliud</strong></span> 
     </span>
    </p>
   </div>
   <div class='ocr_carea' id='block_1_37' title="bbox 534 1997 2117 2074">
    <p class='ocr_par' dir='ltr' id='par_1_37' title="bbox 534 1997 2117 2074">
     <span class='ocr_line' id='line_1_37' title="bbox 534 1997 2117 2074; baseline -0.009 -10"><span class='ocrx_word' id='word_1_294' title='bbox 534 2023 660 2064; x_wconf 82' lang='lat' dir='ltr'><strong>esse</strong></span> <span class='ocrx_word' id='word_1_295' title='bbox 707 2021 814 2060; x_wconf 90' lang='lat' dir='ltr'><strong>non</strong></span> <span class='ocrx_word' id='word_1_296' title='bbox 861 2011 1103 2074; x_wconf 88' lang='lat' dir='ltr'><strong>possunt.</strong></span> <span class='ocrx_word' id='word_1_297' title='bbox 1157 2000 1308 2056; x_wconf 90' lang='lat' dir='ltr'><strong>Unde</strong></span> <span class='ocrx_word' id='word_1_298' title='bbox 1353 2000 1652 2067; x_wconf 65' lang='lat' dir='ltr'><strong>colligimus</strong></span> <span class='ocrx_word' id='word_1_299' title='bbox 1697 1997 1834 2068; x_wconf 87' lang='lat' dir='ltr'><strong>apud</strong></span> <span class='ocrx_word' id='word_1_300' title='bbox 1882 1998 2117 2051; x_wconf 89' lang='lat' dir='ltr'><strong>animum</strong></span> 
     </span>
    </p>
   </div>
   <div class='ocr_carea' id='block_1_38' title="bbox 541 2089 2118 2168">
    <p class='ocr_par' dir='ltr' id='par_1_38' title="bbox 541 2089 2118 2168">
     <span class='ocr_line' id='line_1_38' title="bbox 541 2089 2118 2168; baseline -0.004 -17"><span class='ocrx_word' id='word_1_301' title='bbox 541 2100 568 2139; x_wconf 72' lang='grc' dir='ltr'><strong>ι’</strong></span> <span class='ocrx_word' id='word_1_302' title='bbox 597 2114 735 2168; x_wconf 88' lang='lat' dir='ltr'><strong>quos</strong></span> <span class='ocrx_word' id='word_1_303' title='bbox 759 2096 902 2150; x_wconf 89' lang='lat' dir='ltr'><strong>Deus</strong></span> <span class='ocrx_word' id='word_1_304' title='bbox 929 2095 1093 2150; x_wconf 88' lang='lat' dir='ltr'><strong>semel</strong></span> <span class='ocrx_word' id='word_1_305' title='bbox 1129 2093 1524 2164; x_wconf 74' lang='lat' dir='ltr'><strong>prmdestinavit</strong></span> <span class='ocrx_word' id='word_1_306' title='bbox 1553 2091 1618 2145; x_wconf 84' lang='lat' dir='ltr'><strong>ad</strong></span> <span class='ocrx_word' id='word_1_307' title='bbox 1647 2091 1810 2145; x_wconf 88' lang='lat' dir='ltr'><strong>vitam</strong></span> <span class='ocrx_word' id='word_1_308' title='bbox 1831 2131 1844 2154; x_wconf 95' lang='lat'><strong>,</strong></span> <span class='ocrx_word' id='word_1_309' title='bbox 1882 2090 2042 2144; x_wconf 88' lang='lat' dir='ltr'><strong>etiam</strong></span> <span class='ocrx_word' id='word_1_310' title='bbox 2071 2089 2118 2145; x_wconf 88' lang='lat' dir='ltr'><strong>si</strong></span> 
     </span>
    </p>
   </div>
   <div class='ocr_carea' id='block_1_39' title="bbox 536 2180 2117 2260">
    <p class='ocr_par' dir='ltr' id='par_1_39' title="bbox 536 2180 2117 2260">
     <span class='ocr_line' id='line_1_39' title="bbox 536 2180 2117 2260; baseline -0.009 -12"><span class='ocrx_word' id='word_1_311' title='bbox 536 2191 830 2260; x_wconf 76' lang='lat' dir='ltr'><strong>negligant,</strong></span> <span class='ocrx_word' id='word_1_312' title='bbox 859 2187 1020 2242; x_wconf 90' lang='lat' dir='ltr'><strong>etiam</strong></span> <span class='ocrx_word' id='word_1_313' title='bbox 1048 2186 1093 2240; x_wconf 89' lang='lat' dir='ltr'><strong>si</strong></span> <span class='ocrx_word' id='word_1_314' title='bbox 1120 2193 1360 2256; x_wconf 89' lang='lat' dir='ltr'><strong>peccent,</strong></span> <span class='ocrx_word' id='word_1_315' title='bbox 1385 2185 1547 2237; x_wconf 84' lang='lat' dir='ltr'><strong>etiam</strong></span> <span class='ocrx_word' id='word_1_316' title='bbox 1576 2182 1620 2238; x_wconf 89' lang='lat' dir='ltr'><strong>si</strong></span> <span class='ocrx_word' id='word_1_317' title='bbox 1643 2183 1832 2244; x_wconf 83' lang='lat' dir='ltr'><strong>nolint,</strong></span> <span class='ocrx_word' id='word_1_318' title='bbox 1858 2180 1926 2234; x_wconf 91' lang='lat' dir='ltr'><strong>ad</strong></span> <span class='ocrx_word' id='word_1_319' title='bbox 1952 2181 2117 2234; x_wconf 89' lang='lat' dir='ltr'><strong>vitam</strong></span> 
     </span>
    </p>
   </div>
   <div class='ocr_carea' id='block_1_40' title="bbox 533 2271 2120 2356">
    <p class='ocr_par' dir='ltr' id='par_1_40' title="bbox 533 2271 2120 2356">
     <span class='ocr_line' id='line_1_40' title="bbox 533 2271 2120 2356; baseline -0.009 -18"><span class='ocrx_word' id='word_1_320' title='bbox 533 2282 900 2356; x_wconf 84' lang='lat' dir='ltr'><strong>perducentur</strong></span> <span class='ocrx_word' id='word_1_321' title='bbox 939 2277 1096 2332; x_wconf 85' lang='lat' dir='ltr'><strong>inviti</strong></span> <span class='ocrx_word' id='word_1_322' title='bbox 1144 2295 1155 2329; x_wconf 94' lang='lat'><strong>:</strong></span> <span class='ocrx_word' id='word_1_323' title='bbox 1206 2290 1342 2346; x_wconf 91' lang='lat' dir='ltr'><strong>quos</strong></span> <span class='ocrx_word' id='word_1_324' title='bbox 1388 2281 1566 2328; x_wconf 90' lang='lat' dir='ltr'><strong>autem</strong></span> <span class='ocrx_word' id='word_1_325' title='bbox 1614 2271 2010 2342; x_wconf 72' lang='lat' dir='ltr'><strong>prmdcstinavit</strong></span> <span class='ocrx_word' id='word_1_326' title='bbox 2054 2272 2120 2325; x_wconf 89' lang='lat' dir='ltr'><strong>ad</strong></span> 
     </span>
    </p>
   </div>
   <div class='ocr_carea' id='block_1_41' title="bbox 543 2363 2122 2438">
    <p class='ocr_par' dir='ltr' id='par_1_41' title="bbox 543 2363 2122 2438">
     <span class='ocr_line' id='line_1_41' title="bbox 543 2363 2122 2438; baseline -0.009 -7"><span class='ocrx_word' id='word_1_327' title='bbox 543 2383 770 2432; x_wconf 86' lang='lat' dir='ltr'><strong>mortem</strong></span> <span class='ocrx_word' id='word_1_328' title='bbox 795 2414 808 2438; x_wconf 93' lang='lat'><strong>,</strong></span> <span class='ocrx_word' id='word_1_329' title='bbox 846 2371 1007 2426; x_wconf 90' lang='lat' dir='ltr'><strong>etiam</strong></span> <span class='ocrx_word' id='word_1_330' title='bbox 1051 2369 1094 2424; x_wconf 91' lang='lat' dir='ltr'><strong>si</strong></span> <span class='ocrx_word' id='word_1_331' title='bbox 1125 2375 1374 2430; x_wconf 86' lang='lat' dir='ltr'><strong>currant,</strong></span> <span class='ocrx_word' id='word_1_332' title='bbox 1407 2367 1568 2420; x_wconf 82' lang='lat' dir='ltr'><strong>etiam</strong></span> <span class='ocrx_word' id='word_1_333' title='bbox 1597 2365 1642 2418; x_wconf 89' lang='lat' dir='ltr'><strong>si</strong></span> <span class='ocrx_word' id='word_1_334' title='bbox 1673 2363 1964 2428; x_wconf 82' lang='lat' dir='ltr'><strong>festinent,</strong></span> <span class='ocrx_word' id='word_1_335' title='bbox 2005 2363 2122 2416; x_wconf 85' lang='lat' dir='ltr'><strong>sine</strong></span> 
     </span>
    </p>
   </div>
   <div class='ocr_carea' id='block_1_42' title="bbox 542 2455 2123 2524">
    <p class='ocr_par' dir='ltr' id='par_1_42' title="bbox 542 2455 2123 2524">
     <span class='ocr_line' id='line_1_42' title="bbox 542 2455 2123 2524; baseline -0.01 0"><span class='ocrx_word' id='word_1_336' title='bbox 542 2483 700 2524; x_wconf 87' lang='lat' dir='ltr'><strong>causa</strong></span> <span class='ocrx_word' id='word_1_337' title='bbox 746 2465 1010 2520; x_wconf 76' lang='lat' dir='ltr'><strong>laborant.</strong></span> <span class='ocrx_word' id='word_1_338' title='bbox 1057 2460 1166 2515; x_wconf 88' lang='lat' dir='ltr'><strong>Nec</strong></span> <span class='ocrx_word' id='word_1_339' title='bbox 1213 2459 1318 2514; x_wconf 90' lang='lat' dir='ltr'><strong>hoc</strong></span> <span class='ocrx_word' id='word_1_340' title='bbox 1363 2458 1478 2512; x_wconf 89' lang='lat' dir='ltr'><strong>sine</strong></span> <span class='ocrx_word' id='word_1_341' title='bbox 1518 2457 1826 2524; x_wconf 81' lang='lat' dir='ltr'><strong>magisterio</strong></span> <span class='ocrx_word' id='word_1_342' title='bbox 1873 2455 2123 2508; x_wconf 86' lang='lat' dir='ltr'><strong>admittas</strong></span> 
     </span>
    </p>
   </div>
   <div class='ocr_carea' id='block_1_43' title="bbox 541 2547 2126 2626">
    <p class='ocr_par' dir='ltr' id='par_1_43' title="bbox 541 2547 2126 2626">
     <span class='ocr_line' id='line_1_43' title="bbox 541 2547 2126 2626; baseline -0.011 -9"><span class='ocrx_word' id='word_1_343' title='bbox 541 2558 803 2617; x_wconf 88' lang='lat' dir='ltr'><strong>evidentis</strong></span> <span class='ocrx_word' id='word_1_344' title='bbox 831 2554 1080 2626; x_wconf 84' lang='lat' dir='ltr'><strong>exempli.</strong></span> <span class='ocrx_word' id='word_1_345' title='bbox 1111 2551 1274 2608; x_wconf 72' lang='lat' dir='ltr'><strong>Iudas</strong></span> <span class='ocrx_word' id='word_1_346' title='bbox 1300 2551 1540 2623; x_wconf 87' lang='lat' dir='ltr'><strong>quotidie</strong></span> <span class='ocrx_word' id='word_1_347' title='bbox 1567 2550 1788 2604; x_wconf 85' lang='lat' dir='ltr'><strong>verbum</strong></span> <span class='ocrx_word' id='word_1_348' title='bbox 1823 2549 1944 2603; x_wconf 80' lang='lat' dir='ltr'><strong>vitae</strong></span> <span class='ocrx_word' id='word_1_349' title='bbox 1980 2547 2126 2602; x_wconf 82' lang='lat' dir='ltr'><strong>audi-</strong></span> 
     </span>
    </p>
   </div>
   <div class='ocr_carea' id='block_1_44' title="bbox 539 2639 2124 2720">
    <p class='ocr_par' dir='ltr' id='par_1_44' title="bbox 539 2639 2124 2720">
     <span class='ocr_line' id='line_1_44' title="bbox 539 2639 2124 2720; baseline -0.009 -13"><span class='ocrx_word' id='word_1_350' title='bbox 539 2652 654 2716; x_wconf 83' lang='lat' dir='ltr'><strong>vit,</strong></span> <span class='ocrx_word' id='word_1_351' title='bbox 696 2648 934 2720; x_wconf 88' lang='lat' dir='ltr'><strong>quotidie</strong></span> <span class='ocrx_word' id='word_1_352' title='bbox 973 2645 1198 2700; x_wconf 72' lang='lat' dir='ltr'><strong>adhaesit</strong></span> <span class='ocrx_word' id='word_1_353' title='bbox 1238 2643 1504 2705; x_wconf 87' lang='lat' dir='ltr'><strong>Domino,</strong></span> <span class='ocrx_word' id='word_1_354' title='bbox 1560 2641 1799 2709; x_wconf 88' lang='lat' dir='ltr'><strong>quotidie</strong></span> <span class='ocrx_word' id='word_1_355' title='bbox 1835 2639 2124 2693; x_wconf 87' lang='lat' dir='ltr'><strong>virtutibus</strong></span> 
     </span>
    </p>
   </div>
   <div class='ocr_carea' id='block_1_45' title="bbox 541 2725 2122 2810">
    <p class='ocr_par' dir='ltr' id='par_1_45' title="bbox 541 2725 2122 2810">
     <span class='ocr_line' id='line_1_45' title="bbox 541 2725 2122 2810; baseline -0.009 -13"><span class='ocrx_word' id='word_1_356' title='bbox 541 2747 872 2810; x_wconf 85' lang='lat' dir='ltr'><strong>occupatus,</strong></span> <span class='ocrx_word' id='word_1_357' title='bbox 921 2725 1160 2806; x_wconf 74' lang='lat' dir='ltr'><strong>quotidie</strong></span> <span class='ocrx_word' id='word_1_358' title='bbox 1207 2735 1378 2804; x_wconf 87' lang='lat' dir='ltr'><strong>ipsum</strong></span> <span class='ocrx_word' id='word_1_359' title='bbox 1417 2733 1514 2787; x_wconf 88' lang='lat' dir='ltr'><strong>Dei</strong></span> <span class='ocrx_word' id='word_1_360' title='bbox 1560 2731 1752 2786; x_wconf 86' lang='lat' dir='ltr'><strong>Filium</strong></span> <span class='ocrx_word' id='word_1_361' title='bbox 1800 2731 2122 2784; x_wconf 91' lang='lat' dir='ltr'><strong>monitorem</strong></span> 
     </span>
    </p>
   </div>
   <div class='ocr_carea' id='block_1_46' title="bbox 543 2823 2123 2898">
    <p class='ocr_par' dir='ltr' id='par_1_46' title="bbox 543 2823 2123 2898">
     <span class='ocr_line' id='line_1_46' title="bbox 543 2823 2123 2898; baseline -0.008 -9"><span class='ocrx_word' id='word_1_362' title='bbox 543 2833 746 2888; x_wconf 86' lang='lat' dir='ltr'><strong>audivit</strong></span> <span class='ocrx_word' id='word_1_363' title='bbox 779 2849 792 2882; x_wconf 90' lang='lat'><strong>:</strong></span> <span class='ocrx_word' id='word_1_364' title='bbox 835 2837 888 2884; x_wconf 90' lang='lat' dir='ltr'><strong>et</strong></span> <span class='ocrx_word' id='word_1_365' title='bbox 913 2827 1037 2898; x_wconf 87' lang='lat' dir='ltr'><strong>quia</strong></span> <span class='ocrx_word' id='word_1_366' title='bbox 1078 2825 1486 2896; x_wconf 67' lang='lat' dir='ltr'><strong>prmdestinatus</strong></span> <span class='ocrx_word' id='word_1_367' title='bbox 1514 2831 1598 2877; x_wconf 89' lang='lat' dir='ltr'><strong>est</strong></span> <span class='ocrx_word' id='word_1_368' title='bbox 1625 2823 1694 2877; x_wconf 90' lang='lat' dir='ltr'><strong>ad</strong></span> <span class='ocrx_word' id='word_1_369' title='bbox 1719 2831 1950 2877; x_wconf 89' lang='lat' dir='ltr'><strong>mortem</strong></span> <span class='ocrx_word' id='word_1_370' title='bbox 1970 2861 1985 2885; x_wconf 97' lang='lat'><strong>,</strong></span> <span class='ocrx_word' id='word_1_371' title='bbox 2018 2835 2123 2876; x_wconf 92' lang='lat' dir='ltr'><strong>uno</strong></span> 
     </span>
    </p>
   </div>
   <div class='ocr_carea' id='block_1_47' title="bbox 545 2914 2128 2985">
    <p class='ocr_par' dir='ltr' id='par_1_47' title="bbox 545 2914 2128 2985">
     <span class='ocr_line' id='line_1_47' title="bbox 545 2914 2128 2985; baseline -0.009 -5"><span class='ocrx_word' id='word_1_372' title='bbox 545 2926 652 2981; x_wconf 87' lang='lat' dir='ltr'><strong>ictu</strong></span> <span class='ocrx_word' id='word_1_373' title='bbox 679 2923 856 2979; x_wconf 88' lang='lat' dir='ltr'><strong>subito</strong></span> <span class='ocrx_word' id='word_1_374' title='bbox 881 2920 1100 2976; x_wconf 84' lang='lat' dir='ltr'><strong>interiit.</strong></span> <span class='ocrx_word' id='word_1_375' title='bbox 1135 2917 1328 2972; x_wconf 86' lang='lat' dir='ltr'><strong>Saulus</strong></span> <span class='ocrx_word' id='word_1_376' title='bbox 1351 2914 1592 2985; x_wconf 88' lang='lat' dir='ltr'><strong>quotidie</strong></span> <span class='ocrx_word' id='word_1_377' title='bbox 1628 2921 1960 2985; x_wconf 89' lang='lat' dir='ltr'><strong>persecutor,</strong></span> <span class='ocrx_word' id='word_1_378' title='bbox 1989 2927 2128 2983; x_wconf 86' lang='lat' dir='ltr'><strong>quo-</strong></span> 
     </span>
    </p>
   </div>
   <div class='ocr_carea' id='block_1_48' title="bbox 543 3001 2126 3086">
    <p class='ocr_par' dir='ltr' id='par_1_48' title="bbox 543 3001 2126 3086">
     <span class='ocr_line' id='line_1_48' title="bbox 543 3001 2126 3086; baseline -0.009 -12"><span class='ocrx_word' id='word_1_379' title='bbox 543 3019 674 3074; x_wconf 84' lang='lat' dir='ltr'><strong>tidie</strong></span> <span class='ocrx_word' id='word_1_380' title='bbox 711 3014 974 3086; x_wconf 82' lang='lat' dir='ltr'><strong>lapidator</strong></span> <span class='ocrx_word' id='word_1_381' title='bbox 1011 3010 1458 3073; x_wconf 86' lang='lat' dir='ltr'><strong>Christianorum,</strong></span> <span class='ocrx_word' id='word_1_382' title='bbox 1488 3006 1727 3076; x_wconf 88' lang='lat' dir='ltr'><strong>quotidie</strong></span> <span class='ocrx_word' id='word_1_383' title='bbox 1755 3012 1995 3060; x_wconf 88' lang='lat' dir='ltr'><strong>vastator</strong></span> <span class='ocrx_word' id='word_1_384' title='bbox 2022 3001 2126 3059; x_wconf 87' lang='lat' dir='ltr'><strong>Ec-</strong></span> 
     </span>
    </p>
   </div>
   <div class='ocr_carea' id='block_1_49' title="bbox 2221 1831 3742 1888">
    <p class='ocr_par' dir='ltr' id='par_1_49' title="bbox 2221 1831 3742 1888">
     <span class='ocr_line' id='line_1_49' title="bbox 2221 1831 3742 1888; baseline -0.003 -4"><span class='ocrx_word' id='word_1_385' title='bbox 2221 1832 2396 1888; x_wconf 80' lang='lat' dir='ltr'><strong>tixisse</strong></span> <span class='ocrx_word' id='word_1_386' title='bbox 2423 1833 2762 1888; x_wconf 85' lang='lat' dir='ltr'><strong>sententiam.</strong></span> <span class='ocrx_word' id='word_1_387' title='bbox 2787 1831 2842 1888; x_wconf 88' lang='lat' dir='ltr'><strong>Si</strong></span> <span class='ocrx_word' id='word_1_388' title='bbox 2868 1833 3009 1888; x_wconf 91' lang='lat' dir='ltr'><strong>enim</strong></span> <span class='ocrx_word' id='word_1_389' title='bbox 3032 1848 3214 1886; x_wconf 87' lang='lat' dir='ltr'><strong>verum</strong></span> <span class='ocrx_word' id='word_1_390' title='bbox 3243 1831 3376 1885; x_wconf 79' lang='lat' dir='ltr'><strong>dixit</strong></span> <span class='ocrx_word' id='word_1_391' title='bbox 3394 1831 3644 1887; x_wconf 85' lang='lat' dir='ltr'><strong>Christus.</strong></span> <span class='ocrx_word' id='word_1_392' title='bbox 3669 1841 3742 1881; x_wconf 84' lang='lat' dir='ltr'><strong>non</strong></span> 
     </span>
    </p>
   </div>
   <div class='ocr_carea' id='block_1_50' title="bbox 2219 1918 3741 1996">
    <p class='ocr_par' dir='ltr' id='par_1_50' title="bbox 2219 1918 3741 1996">
     <span class='ocr_line' id='line_1_50' title="bbox 2219 1918 3741 1996; baseline -0.005 -21"><span class='ocrx_word' id='word_1_393' title='bbox 2219 1923 2512 1977; x_wconf 76' lang='lat' dir='ltr'><strong>mentimur</strong></span> <span class='ocrx_word' id='word_1_394' title='bbox 2524 1926 2664 1996; x_wconf 89' lang='lat' dir='ltr'><strong>quod</strong></span> <span class='ocrx_word' id='word_1_395' title='bbox 2679 1921 3330 1992; x_wconf 72' lang='lat' dir='ltr'><strong>dieimusprzedestinatos</strong></span> <span class='ocrx_word' id='word_1_396' title='bbox 3360 1919 3500 1973; x_wconf 87' lang='lat' dir='ltr'><strong>trahi</strong></span> <span class='ocrx_word' id='word_1_397' title='bbox 3523 1918 3588 1972; x_wconf 84' lang='lat' dir='ltr'><strong>ad</strong></span> <span class='ocrx_word' id='word_1_398' title='bbox 3608 1919 3741 1979; x_wconf 85' lang='lat' dir='ltr'><strong>vitam,</strong></span> 
     </span>
    </p>
   </div>
   <div class='ocr_carea' id='block_1_51' title="bbox 2219 2005 3744 2086">
    <p class='ocr_par' dir='ltr' id='par_1_51' title="bbox 2219 2005 3744 2086">
     <span class='ocr_line' id='line_1_51' title="bbox 2219 2005 3744 2086; baseline -0.006 -18"><span class='ocrx_word' id='word_1_399' title='bbox 2219 2015 2344 2083; x_wconf 89' lang='lat' dir='ltr'><strong>quia</strong></span> <span class='ocrx_word' id='word_1_400' title='bbox 2371 2016 2482 2070; x_wconf 89' lang='lat' dir='ltr'><strong>vita</strong></span> <span class='ocrx_word' id='word_1_401' title='bbox 2509 2016 2622 2086; x_wconf 91' lang='lat' dir='ltr'><strong>ipse</strong></span> <span class='ocrx_word' id='word_1_402' title='bbox 2639 2028 2739 2070; x_wconf 88' lang='lat' dir='ltr'><strong>est.</strong></span> <span class='ocrx_word' id='word_1_403' title='bbox 2764 2015 2920 2082; x_wconf 85' lang='lat' dir='ltr'><strong>Quod</strong></span> <span class='ocrx_word' id='word_1_404' title='bbox 2941 2015 2983 2070; x_wconf 91' lang='lat' dir='ltr'><strong>si</strong></span> <span class='ocrx_word' id='word_1_405' title='bbox 3011 2021 3265 2082; x_wconf 79' lang='lat' dir='ltr'><strong>aggravat</strong></span> <span class='ocrx_word' id='word_1_406' title='bbox 3286 2027 3380 2066; x_wconf 86' lang='lat' dir='ltr'><strong>vos</strong></span> <span class='ocrx_word' id='word_1_407' title='bbox 3400 2011 3482 2065; x_wconf 86' lang='lat' dir='ltr'><strong>vis</strong></span> <span class='ocrx_word' id='word_1_408' title='bbox 3508 2005 3744 2064; x_wconf 75' lang='lat' dir='ltr'><strong>testimmii</strong></span> 
     </span>
    </p>
   </div>
   <div class='ocr_carea' id='block_1_52' title="bbox 2212 2102 3746 2186">
    <p class='ocr_par' dir='ltr' id='par_1_52' title="bbox 2212 2102 3746 2186">
     <span class='ocr_line' id='line_1_52' title="bbox 2212 2102 3746 2186; baseline -0.007 -25"><span class='ocrx_word' id='word_1_409' title='bbox 2212 2109 2530 2186; x_wconf 81' lang='lat' dir='ltr'><strong>evangelici,</strong></span> <span class='ocrx_word' id='word_1_410' title='bbox 2561 2107 2651 2178; x_wconf 90' lang='lat' dir='ltr'><strong>qui</strong></span> <span class='ocrx_word' id='word_1_411' title='bbox 2675 2115 2862 2162; x_wconf 88' lang='lat' dir='ltr'><strong>contra</strong></span> <span class='ocrx_word' id='word_1_412' title='bbox 2889 2114 3129 2161; x_wconf 88' lang='lat' dir='ltr'><strong>nostram</strong></span> <span class='ocrx_word' id='word_1_413' title='bbox 3154 2104 3347 2159; x_wconf 87' lang='lat' dir='ltr'><strong>venitis</strong></span> <span class='ocrx_word' id='word_1_414' title='bbox 3369 2102 3688 2164; x_wconf 86' lang='lat' dir='ltr'><strong>sententiam,</strong></span> <span class='ocrx_word' id='word_1_415' title='bbox 3711 2103 3746 2150; x_wconf 86' lang='lat' dir='ltr'><strong>et</strong></span> 
     </span>
    </p>
   </div>
   <div class='ocr_carea' id='block_1_53' title="bbox 2221 2193 3748 2270">
    <p class='ocr_par' dir='ltr' id='par_1_53' title="bbox 2221 2193 3748 2270">
     <span class='ocr_line' id='line_1_53' title="bbox 2221 2193 3748 2270; baseline -0.007 -16"><span class='ocrx_word' id='word_1_416' title='bbox 2221 2215 2328 2254; x_wconf 91' lang='lat' dir='ltr'><strong>non</strong></span> <span class='ocrx_word' id='word_1_417' title='bbox 2361 2201 2588 2270; x_wconf 87' lang='lat' dir='ltr'><strong>potestis</strong></span> <span class='ocrx_word' id='word_1_418' title='bbox 2615 2199 2889 2268; x_wconf 85' lang='lat' dir='ltr'><strong>aggravati</strong></span> <span class='ocrx_word' id='word_1_419' title='bbox 2918 2199 3158 2269; x_wconf 87' lang='lat' dir='ltr'><strong>pondere</strong></span> <span class='ocrx_word' id='word_1_420' title='bbox 3176 2197 3458 2252; x_wconf 73' lang='lat' dir='ltr'><strong>sententia:</strong></span> <span class='ocrx_word' id='word_1_421' title='bbox 3491 2194 3640 2249; x_wconf 89' lang='lat' dir='ltr'><strong>nobis</strong></span> <span class='ocrx_word' id='word_1_422' title='bbox 3659 2193 3748 2246; x_wconf 85' lang='lat' dir='ltr'><strong>dare</strong></span> 
     </span>
    </p>
   </div>
   <div class='ocr_carea' id='block_1_54' title="bbox 2221 2285 3750 2358">
    <p class='ocr_par' dir='ltr' id='par_1_54' title="bbox 2221 2285 3750 2358">
     <span class='ocr_line' id='line_1_54' title="bbox 2221 2285 3750 2358; baseline -0.007 -16"><span class='ocrx_word' id='word_1_423' title='bbox 2221 2304 2551 2358; x_wconf 90' lang='lat' dir='ltr'><strong>responsum,</strong></span> <span class='ocrx_word' id='word_1_424' title='bbox 2567 2287 2755 2342; x_wconf 86' lang='lat' dir='ltr'><strong>saltem</strong></span> <span class='ocrx_word' id='word_1_425' title='bbox 2771 2287 3013 2356; x_wconf 85' lang='lat' dir='ltr'><strong>Apostoli</strong></span> <span class='ocrx_word' id='word_1_426' title='bbox 3043 2287 3198 2343; x_wconf 91' lang='lat' dir='ltr'><strong>nobis</strong></span> <span class='ocrx_word' id='word_1_427' title='bbox 3237 2285 3598 2341; x_wconf 79' lang='lat' dir='ltr'><strong>deﬁnitionem</strong></span> <span class='ocrx_word' id='word_1_428' title='bbox 3629 2297 3750 2350; x_wconf 62' lang='lat' dir='ltr'><strong>evito-</strong></span> 
     </span>
    </p>
   </div>
   <div class='ocr_carea' id='block_1_55' title="bbox 2220 2372 3751 2452">
    <p class='ocr_par' dir='ltr' id='par_1_55' title="bbox 2220 2372 3751 2452">
     <span class='ocr_line' id='line_1_55' title="bbox 2220 2372 3751 2452; baseline -0.005 -18"><span class='ocrx_word' id='word_1_429' title='bbox 2220 2381 2350 2446; x_wconf 86' lang='lat' dir='ltr'><strong>nite,</strong></span> <span class='ocrx_word' id='word_1_430' title='bbox 2368 2381 2460 2450; x_wconf 89' lang='lat' dir='ltr'><strong>qui</strong></span> <span class='ocrx_word' id='word_1_431' title='bbox 2476 2380 2602 2436; x_wconf 89' lang='lat' dir='ltr'><strong>dicit</strong></span> <span class='ocrx_word' id='word_1_432' title='bbox 2615 2393 2627 2430; x_wconf 87' lang='lat'><strong><em>:</em></strong></span> <span class='ocrx_word' id='word_1_433' title='bbox 2639 2377 2761 2434; x_wconf 85' lang='lat' dir='ltr'><strong>Non</strong></span> <span class='ocrx_word' id='word_1_434' title='bbox 2781 2389 2854 2434; x_wconf 83' lang='lat' dir='ltr'><strong>est</strong></span> <span class='ocrx_word' id='word_1_435' title='bbox 2875 2379 3106 2445; x_wconf 83' lang='lat' dir='ltr'><strong>volentis,</strong></span> <span class='ocrx_word' id='word_1_436' title='bbox 3125 2395 3286 2452; x_wconf 75' lang='lat' dir='ltr'><strong>neque</strong></span> <span class='ocrx_word' id='word_1_437' title='bbox 3304 2379 3570 2440; x_wconf 79' lang='lat' dir='ltr'><strong>currentis,</strong></span> <span class='ocrx_word' id='word_1_438' title='bbox 3589 2374 3672 2429; x_wconf 81' lang='lat' dir='ltr'><strong>sed</strong></span> <span class='ocrx_word' id='word_1_439' title='bbox 3685 2372 3751 2426; x_wconf 82' lang='lat' dir='ltr'><strong>mi-</strong></span> 
     </span>
    </p>
   </div>
   <div class='ocr_carea' id='block_1_56' title="bbox 2221 2465 3754 2544">
    <p class='ocr_par' dir='ltr' id='par_1_56' title="bbox 2221 2465 3754 2544">
     <span class='ocr_line' id='line_1_56' title="bbox 2221 2465 3754 2544; baseline -0.008 -17"><span class='ocrx_word' id='word_1_440' title='bbox 2221 2475 2436 2528; x_wconf 84' lang='lat' dir='ltr'><strong>serentis</strong></span> <span class='ocrx_word' id='word_1_441' title='bbox 2464 2481 2540 2528; x_wconf 85' lang='lat' dir='ltr'><strong>est</strong></span> <span class='ocrx_word' id='word_1_442' title='bbox 2561 2471 2658 2528; x_wconf 89' lang='lat' dir='ltr'><strong>Dei</strong></span> <span class='ocrx_word' id='word_1_443' title='bbox 2681 2471 2856 2544; x_wconf 85' lang='lat' dir='ltr'><strong>(Rom.</strong></span> <span class='ocrx_word' id='word_1_444' title='bbox 2887 2467 2974 2538; x_wconf 76' lang='lat' dir='ltr'><strong>1x,</strong></span> <span class='ocrx_word' id='word_1_445' title='bbox 2995 2471 3107 2542; x_wconf 74' lang='lat' dir='ltr'><strong>l6).</strong></span> <span class='ocrx_word' id='word_1_446' title='bbox 3131 2470 3607 2538; x_wconf 86' lang='lat' dir='ltr'><strong>Quantumcunque</strong></span> <span class='ocrx_word' id='word_1_447' title='bbox 3635 2465 3754 2534; x_wconf 83' lang='lat' dir='ltr'><strong>igitur</strong></span> 
     </span>
    </p>
   </div>
   <div class='ocr_carea' id='block_1_57' title="bbox 2221 2557 3754 2620">
    <p class='ocr_par' dir='ltr' id='par_1_57' title="bbox 2221 2557 3754 2620">
     <span class='ocr_line' id='line_1_57' title="bbox 2221 2557 3754 2620; baseline -0.008 -1"><span class='ocrx_word' id='word_1_448' title='bbox 2221 2564 2379 2619; x_wconf 87' lang='lat' dir='ltr'><strong>studii</strong></span> <span class='ocrx_word' id='word_1_449' title='bbox 2400 2565 2481 2620; x_wconf 91' lang='lat' dir='ltr'><strong>sui</strong></span> <span class='ocrx_word' id='word_1_450' title='bbox 2505 2566 2642 2619; x_wconf 90' lang='lat' dir='ltr'><strong>vires</strong></span> <span class='ocrx_word' id='word_1_451' title='bbox 2659 2565 2725 2619; x_wconf 89' lang='lat' dir='ltr'><strong>ad</strong></span> <span class='ocrx_word' id='word_1_452' title='bbox 2745 2562 3110 2620; x_wconf 64' lang='lat' dir='ltr'><strong>aedificandum</strong></span> <span class='ocrx_word' id='word_1_453' title='bbox 3131 2571 3343 2617; x_wconf 87' lang='lat' dir='ltr'><strong>moveat</strong></span> <span class='ocrx_word' id='word_1_454' title='bbox 3362 2561 3592 2616; x_wconf 80' lang='lat' dir='ltr'><strong>humana</strong></span> <span class='ocrx_word' id='word_1_455' title='bbox 3607 2557 3754 2613; x_wconf 84' lang='lat' dir='ltr'><strong>volun-</strong></span> 
     </span>
    </p>
   </div>
   <div class='ocr_carea' id='block_1_58' title="bbox 2225 2651 3754 2722">
    <p class='ocr_par' dir='ltr' id='par_1_58' title="bbox 2225 2651 3754 2722">
     <span class='ocr_line' id='line_1_58' title="bbox 2225 2651 3754 2722; baseline -0.005 -14"><span class='ocrx_word' id='word_1_456' title='bbox 2225 2666 2326 2718; x_wconf 90' lang='lat' dir='ltr'><strong>tas,</strong></span> <span class='ocrx_word' id='word_1_457' title='bbox 2343 2671 2498 2710; x_wconf 87' lang='lat' dir='ltr'><strong>casso</strong></span> <span class='ocrx_word' id='word_1_458' title='bbox 2518 2657 2811 2710; x_wconf 87' lang='lat' dir='ltr'><strong>certamine</strong></span> <span class='ocrx_word' id='word_1_459' title='bbox 2826 2655 3030 2709; x_wconf 90' lang='lat' dir='ltr'><strong>nititur.</strong></span> <span class='ocrx_word' id='word_1_460' title='bbox 3045 2653 3150 2708; x_wconf 88' lang='lat' dir='ltr'><strong>Aut</strong></span> <span class='ocrx_word' id='word_1_461' title='bbox 3169 2653 3296 2722; x_wconf 92' lang='lat' dir='ltr'><strong>quid</strong></span> <span class='ocrx_word' id='word_1_462' title='bbox 3312 2651 3630 2720; x_wconf 85' lang='lat' dir='ltr'><strong>vigilantiam</strong></span> <span class='ocrx_word' id='word_1_463' title='bbox 3641 2661 3754 2704; x_wconf 87' lang='lat' dir='ltr'><strong>suam</strong></span> 
     </span>
    </p>
   </div>
   <div class='ocr_carea' id='block_1_59' title="bbox 2223 2743 3753 2819">
    <p class='ocr_par' dir='ltr' id='par_1_59' title="bbox 2223 2743 3753 2819">
     <span class='ocr_line' id='line_1_59' title="bbox 2223 2743 3753 2819; baseline -0.004 -20"><span class='ocrx_word' id='word_1_464' title='bbox 2223 2756 2374 2819; x_wconf 90' lang='lat' dir='ltr'><strong>putat</strong></span> <span class='ocrx_word' id='word_1_465' title='bbox 2393 2749 2622 2802; x_wconf 89' lang='lat' dir='ltr'><strong>hominis</strong></span> <span class='ocrx_word' id='word_1_466' title='bbox 2646 2747 2901 2816; x_wconf 82' lang='lat' dir='ltr'><strong>fragilitas</strong></span> <span class='ocrx_word' id='word_1_467' title='bbox 2913 2748 3127 2802; x_wconf 59' lang='lat' dir='ltr'><strong>aeternis</strong></span> <span class='ocrx_word' id='word_1_468' title='bbox 3149 2745 3426 2800; x_wconf 89' lang='lat' dir='ltr'><strong>desideriis</strong></span> <span class='ocrx_word' id='word_1_469' title='bbox 3442 2743 3753 2814; x_wconf 82' lang='lat' dir='ltr'><strong>profuturam,</strong></span> 
     </span>
    </p>
   </div>
   <div class='ocr_carea' id='block_1_60' title="bbox 2225 2828 3756 2906">
    <p class='ocr_par' dir='ltr' id='par_1_60' title="bbox 2225 2828 3756 2906">
     <span class='ocr_line' id='line_1_60' title="bbox 2225 2828 3756 2906; baseline -0.007 -15"><span class='ocrx_word' id='word_1_470' title='bbox 2225 2853 2348 2891; x_wconf 90' lang='lat' dir='ltr'><strong>cum</strong></span> <span class='ocrx_word' id='word_1_471' title='bbox 2376 2837 2640 2906; x_wconf 88' lang='lat' dir='ltr'><strong>propheta</strong></span> <span class='ocrx_word' id='word_1_472' title='bbox 2678 2837 3013 2892; x_wconf 87' lang='lat' dir='ltr'><strong>evidentibus</strong></span> <span class='ocrx_word' id='word_1_473' title='bbox 3051 2835 3318 2891; x_wconf 82' lang='lat' dir='ltr'><strong>exclamet</strong></span> <span class='ocrx_word' id='word_1_474' title='bbox 3341 2831 3682 2894; x_wconf 86' lang='lat' dir='ltr'><strong>documentis,</strong></span> <span class='ocrx_word' id='word_1_475' title='bbox 3705 2828 3756 2881; x_wconf 87' lang='lat' dir='ltr'><strong>di-</strong></span> 
     </span>
    </p>
   </div>
   <div class='ocr_carea' id='block_1_61' title="bbox 2223 2920 3758 2996">
    <p class='ocr_par' dir='ltr' id='par_1_61' title="bbox 2223 2920 3758 2996">
     <span class='ocr_line' id='line_1_61' title="bbox 2223 2920 3758 2996; baseline -0.008 -12"><span class='ocrx_word' id='word_1_476' title='bbox 2223 2943 2382 2984; x_wconf 81' lang='lat' dir='ltr'><strong>cens:</strong></span> <span class='ocrx_word' id='word_1_477' title='bbox 2405 2927 2523 2982; x_wconf 88' lang='lat' dir='ltr'><strong>Nisi</strong></span> <span class='ocrx_word' id='word_1_478' title='bbox 2548 2927 2798 2982; x_wconf 79' lang='lat' dir='ltr'><strong>Dominus</strong></span> <span class='ocrx_word' id='word_1_479' title='bbox 2819 2927 3150 2996; x_wconf 71' lang='lat' dir='ltr'><strong>aediﬁcaverit</strong></span> <span class='ocrx_word' id='word_1_480' title='bbox 3176 2926 3403 2987; x_wconf 86' lang='lat' dir='ltr'><strong>domum,</strong></span> <span class='ocrx_word' id='word_1_481' title='bbox 3432 2927 3486 2977; x_wconf 88' lang='lat' dir='ltr'><strong>in</strong></span> <span class='ocrx_word' id='word_1_482' title='bbox 3508 2920 3758 2977; x_wconf 72' lang='lat' dir='ltr'><strong>variantia-</strong></span> 
     </span>
    </p>
   </div>
   <div class='ocr_carea' id='block_1_62' title="bbox 2231 3011 3758 3092">
    <p class='ocr_par' dir='ltr' id='par_1_62' title="bbox 2231 3011 3758 3092">
     <span class='ocr_line' id='line_1_62' title="bbox 2231 3011 3758 3092; baseline -0.01 -16"><span class='ocrx_word' id='word_1_483' title='bbox 2231 3021 2534 3076; x_wconf 75' lang='lat' dir='ltr'><strong>borat&#39;erunt</strong></span> <span class='ocrx_word' id='word_1_484' title='bbox 2561 3021 2646 3092; x_wconf 92' lang='lat' dir='ltr'><strong>qui</strong></span> <span class='ocrx_word' id='word_1_485' title='bbox 2675 3021 3080 3092; x_wconf 74' lang='lat' dir='ltr'><strong>wdificanteam.</strong></span> <span class='ocrx_word' id='word_1_486' title='bbox 3101 3015 3490 3071; x_wconf 87' lang='lat' dir='ltr'><strong>Nisi-Dominus</strong></span> <span class='ocrx_word' id='word_1_487' title='bbox 3505 3011 3758 3068; x_wconf 78' lang='lat' dir='ltr'><strong>custodierit</strong></span> 
     </span>
    </p>
   </div>
   <div class='ocr_carea' id='block_1_63' title="bbox 543 3088 3759 3184">
    <p class='ocr_par' dir='ltr' id='par_1_63' title="bbox 543 3088 3759 3184">
     <span class='ocr_line' id='line_1_63' title="bbox 543 3088 3759 3184; baseline -0.012 -20"><span class='ocrx_word' id='word_1_488' title='bbox 543 3104 825 3166; x_wconf 86' lang='lat' dir='ltr'><strong>clesiarinn</strong></span> <span class='ocrx_word' id='word_1_489' title='bbox 857 3122 873 3158; x_wconf 87' lang='lat'><strong>:</strong></span> <span class='ocrx_word' id='word_1_490' title='bbox 906 3111 960 3159; x_wconf 89' lang='lat' dir='ltr'><strong>et</strong></span> <span class='ocrx_word' id='word_1_491' title='bbox 997 3102 1121 3172; x_wconf 91' lang='lat' dir='ltr'><strong>quia</strong></span> <span class='ocrx_word' id='word_1_492' title='bbox 1149 3099 1558 3171; x_wconf 72' lang='lat' dir='ltr'><strong>pxmdestinatus</strong></span> <span class='ocrx_word' id='word_1_493' title='bbox 1591 3106 1672 3152; x_wconf 90' lang='lat' dir='ltr'><strong>est</strong></span> <span class='ocrx_word' id='word_1_494' title='bbox 1697 3096 1764 3151; x_wconf 91' lang='lat' dir='ltr'><strong>ad</strong></span> <span class='ocrx_word' id='word_1_495' title='bbox 1803 3097 1984 3161; x_wconf 89' lang='lat' dir='ltr'><strong>vitam,</strong></span> <span class='ocrx_word' id='word_1_496' title='bbox 2019 3111 2124 3150; x_wconf 91' lang='lat' dir='ltr'><strong>uno</strong></span> <span class='ocrx_word' id='word_1_497' title='bbox 2151 3088 2196 3150; x_wconf 91' lang='lat' dir='ltr'><strong><em>C</em></strong></span> <span class='ocrx_word' id='word_1_498' title='bbox 2229 3117 2500 3180; x_wconf 42' lang='lat' dir='ltr'><strong>mnuum,</strong></span> <span class='ocrx_word' id='word_1_499' title='bbox 2543 3088 2599 3168; x_wconf 52' lang='lat'><strong>5&quot;,</strong></span> <span class='ocrx_word' id='word_1_500' title='bbox 2643 3088 2826 3168; x_wconf 51' lang='lat' dir='ltr'><strong>vanu,”</strong></span> <span class='ocrx_word' id='word_1_501' title='bbox 2864 3111 3200 3184; x_wconf 56' lang='lat' dir='ltr'><strong>vigilaveram</strong></span> <span class='ocrx_word' id='word_1_502' title='bbox 3246 3110 3332 3180; x_wconf 54' lang='lat' dir='ltr'><strong>qui</strong></span> <span class='ocrx_word' id='word_1_503' title='bbox 3370 3101 3759 3162; x_wconf 57' lang='grc' dir='ltr'><strong>εηδεοάὶωαιεαη</strong></span> 
     </span>
    </p>
   </div>
   <div class='ocr_carea' id='block_1_64' title="bbox 545 3191 2125 3262">
    <p class='ocr_par' dir='ltr' id='par_1_64' title="bbox 545 3191 2125 3262">
     <span class='ocr_line' id='line_1_64' title="bbox 545 3191 2125 3262; baseline -0.009 -4"><span class='ocrx_word' id='word_1_504' title='bbox 545 3203 653 3260; x_wconf 83' lang='lat' dir='ltr'><strong>ictu</strong></span> <span class='ocrx_word' id='word_1_505' title='bbox 675 3202 852 3257; x_wconf 89' lang='lat' dir='ltr'><strong>subito</strong></span> <span class='ocrx_word' id='word_1_506' title='bbox 877 3215 973 3253; x_wconf 85' lang='lat' dir='ltr'><strong>vas</strong></span> <span class='ocrx_word' id='word_1_507' title='bbox 1001 3193 1281 3252; x_wconf 89' lang='lat' dir='ltr'><strong>electionis</strong></span> <span class='ocrx_word' id='word_1_508' title='bbox 1313 3201 1393 3248; x_wconf 89' lang='lat' dir='ltr'><strong>est</strong></span> <span class='ocrx_word' id='word_1_509' title='bbox 1415 3191 1599 3248; x_wconf 87' lang='lat' dir='ltr'><strong>factus.</strong></span> <span class='ocrx_word' id='word_1_510' title='bbox 1631 3191 1766 3260; x_wconf 87' lang='lat' dir='ltr'><strong>Quid</strong></span> <span class='ocrx_word' id='word_1_511' title='bbox 1800 3205 1928 3261; x_wconf 85' lang='lat' dir='ltr'><strong>ergo</strong></span> <span class='ocrx_word' id='word_1_512' title='bbox 1951 3199 2008 3246; x_wconf 92' lang='lat' dir='ltr'><strong>tu</strong></span> <span class='ocrx_word' id='word_1_513' title='bbox 2033 3193 2125 3262; x_wconf 89' lang='lat' dir='ltr'><strong>qui</strong></span> 
     </span>
    </p>
   </div>
   <div class='ocr_carea' id='block_1_65' title="bbox 545 3281 2126 3364">
    <p class='ocr_par' dir='ltr' id='par_1_65' title="bbox 545 3281 2126 3364">
     <span class='ocr_line' id='line_1_65' title="bbox 545 3281 2126 3364; baseline -0.008 -16"><span class='ocrx_word' id='word_1_514' title='bbox 545 3293 597 3348; x_wconf 89' lang='lat' dir='ltr'><strong>in</strong></span> <span class='ocrx_word' id='word_1_515' title='bbox 621 3291 857 3364; x_wconf 88' lang='lat' dir='ltr'><strong>peccatis</strong></span> <span class='ocrx_word' id='word_1_516' title='bbox 883 3299 1166 3362; x_wconf 88' lang='lat' dir='ltr'><strong>permanes</strong></span> <span class='ocrx_word' id='word_1_517' title='bbox 1195 3284 1538 3354; x_wconf 67' lang='lat' dir='ltr'><strong>expavescis?</strong></span> <span class='ocrx_word' id='word_1_518' title='bbox 1568 3285 1612 3339; x_wconf 92' lang='lat' dir='ltr'><strong>si</strong></span> <span class='ocrx_word' id='word_1_519' title='bbox 1635 3293 1688 3339; x_wconf 89' lang='lat' dir='ltr'><strong>te</strong></span> <span class='ocrx_word' id='word_1_520' title='bbox 1717 3284 1858 3338; x_wconf 89' lang='lat' dir='ltr'><strong>Deus</strong></span> <span class='ocrx_word' id='word_1_521' title='bbox 1879 3281 2126 3351; x_wconf 69' lang='lat' dir='ltr'><strong>dignatus</strong></span> 
     </span>
    </p>
   </div>
   <div class='ocr_carea' id='block_1_66' title="bbox 543 3374 2122 3452">
    <p class='ocr_par' dir='ltr' id='par_1_66' title="bbox 543 3374 2122 3452">
     <span class='ocr_line' id='line_1_66' title="bbox 543 3374 2122 3452; baseline -0.008 -12"><span class='ocrx_word' id='word_1_522' title='bbox 543 3393 646 3449; x_wconf 88' lang='lat' dir='ltr'><strong>est,</strong></span> <span class='ocrx_word' id='word_1_523' title='bbox 677 3392 894 3440; x_wconf 88' lang='lat' dir='ltr'><strong>sanctus</strong></span> <span class='ocrx_word' id='word_1_524' title='bbox 921 3383 1026 3438; x_wconf 90' lang='lat' dir='ltr'><strong>eris</strong></span> <span class='ocrx_word' id='word_1_525' title='bbox 1053 3401 1066 3436; x_wconf 91' lang='lat'><strong>:</strong></span> <span class='ocrx_word' id='word_1_526' title='bbox 1099 3391 1192 3438; x_wconf 87' lang='lat' dir='ltr'><strong>aut</strong></span> <span class='ocrx_word' id='word_1_527' title='bbox 1219 3381 1346 3452; x_wconf 90' lang='lat' dir='ltr'><strong>quid</strong></span> <span class='ocrx_word' id='word_1_528' title='bbox 1373 3390 1429 3436; x_wconf 90' lang='lat' dir='ltr'><strong>tu</strong></span> <span class='ocrx_word' id='word_1_529' title='bbox 1458 3379 1548 3451; x_wconf 90' lang='lat' dir='ltr'><strong>qui</strong></span> <span class='ocrx_word' id='word_1_530' title='bbox 1580 3380 1632 3433; x_wconf 91' lang='lat' dir='ltr'><strong>in</strong></span> <span class='ocrx_word' id='word_1_531' title='bbox 1657 3376 1942 3432; x_wconf 88' lang='lat' dir='ltr'><strong>sanctitate</strong></span> <span class='ocrx_word' id='word_1_532' title='bbox 1967 3374 2122 3440; x_wconf 72' lang='lat' dir='ltr'><strong>Vivis,</strong></span> 
     </span>
    </p>
   </div>
   <div class='ocr_carea' id='block_1_67' title="bbox 522 3463 2125 3542">
    <p class='ocr_par' dir='ltr' id='par_1_67' title="bbox 522 3463 2125 3542">
     <span class='ocr_line' id='line_1_67' title="bbox 522 3463 2125 3542; baseline -0.007 -14"><span class='ocrx_word' id='word_1_533' title='bbox 522 3475 804 3530; x_wconf 89' lang='lat' dir='ltr'><strong>.sollicitus</strong></span> <span class='ocrx_word' id='word_1_534' title='bbox 831 3471 1070 3528; x_wconf 89' lang='lat' dir='ltr'><strong>redderis</strong></span> <span class='ocrx_word' id='word_1_535' title='bbox 1102 3473 1255 3542; x_wconf 87' lang='lat' dir='ltr'><strong>quasi</strong></span> <span class='ocrx_word' id='word_1_536' title='bbox 1286 3481 1372 3526; x_wconf 87' lang='lat' dir='ltr'><strong>tua</strong></span> <span class='ocrx_word' id='word_1_537' title='bbox 1405 3479 1457 3525; x_wconf 90' lang='lat' dir='ltr'><strong>te</strong></span> <span class='ocrx_word' id='word_1_538' title='bbox 1483 3467 1788 3524; x_wconf 83' lang='lat' dir='ltr'><strong>sollicitudo</strong></span> <span class='ocrx_word' id='word_1_539' title='bbox 1809 3463 2125 3519; x_wconf 83' lang='lat' dir='ltr'><strong>conservet?</strong></span> 
     </span>
    </p>
   </div>
   <div class='ocr_carea' id='block_1_68' title="bbox 523 3553 2126 3632">
    <p class='ocr_par' dir='ltr' id='par_1_68' title="bbox 523 3553 2126 3632">
     <span class='ocr_line' id='line_1_68' title="bbox 523 3553 2126 3632; baseline -0.007 -12"><span class='ocrx_word' id='word_1_540' title='bbox 523 3567 590 3620; x_wconf 91' lang='lat' dir='ltr'><strong>.si</strong></span> <span class='ocrx_word' id='word_1_541' title='bbox 618 3566 758 3620; x_wconf 87' lang='lat' dir='ltr'><strong>Deus</strong></span> <span class='ocrx_word' id='word_1_542' title='bbox 800 3564 1072 3628; x_wconf 89' lang='lat' dir='ltr'><strong>noluerit,</strong></span> <span class='ocrx_word' id='word_1_543' title='bbox 1117 3573 1138 3602; x_wconf 76' lang='grc' dir='ltr'><strong>ο</strong></span> <span class='ocrx_word' id='word_1_544' title='bbox 1183 3578 1453 3632; x_wconf 88' lang='lat' dir='ltr'><strong>nunquam</strong></span> <span class='ocrx_word' id='word_1_545' title='bbox 1501 3575 1739 3615; x_wconf 85' lang='lat' dir='ltr'><strong>corrues.</strong></span> <span class='ocrx_word' id='word_1_546' title='bbox 1787 3555 2022 3624; x_wconf 74' lang='lat' dir='ltr'><strong>Uterque</strong></span> <span class='ocrx_word' id='word_1_547' title='bbox 2059 3553 2126 3609; x_wconf 89' lang='lat' dir='ltr'><strong>de</strong></span> 
     </span>
    </p>
   </div>
   <div class='ocr_carea' id='block_1_69' title="bbox 544 3644 2126 3721">
    <p class='ocr_par' dir='ltr' id='par_1_69' title="bbox 544 3644 2126 3721">
     <span class='ocr_line' id='line_1_69' title="bbox 544 3644 2126 3721; baseline -0.006 -13"><span class='ocrx_word' id='word_1_548' title='bbox 544 3656 657 3708; x_wconf 89' lang='lat' dir='ltr'><strong>Deo</strong></span> <span class='ocrx_word' id='word_1_549' title='bbox 681 3654 854 3709; x_wconf 84' lang='lat' dir='ltr'><strong>securi</strong></span> <span class='ocrx_word' id='word_1_550' title='bbox 883 3661 1076 3708; x_wconf 90' lang='lat' dir='ltr'><strong>estote.</strong></span> <span class='ocrx_word' id='word_1_551' title='bbox 1113 3651 1360 3721; x_wconf 83' lang='lat' dir='ltr'><strong>Nunquid</strong></span> <span class='ocrx_word' id='word_1_552' title='bbox 1391 3659 1445 3704; x_wconf 91' lang='lat' dir='ltr'><strong>tu</strong></span> <span class='ocrx_word' id='word_1_553' title='bbox 1474 3649 1565 3718; x_wconf 87' lang='lat' dir='ltr'><strong>qui</strong></span> <span class='ocrx_word' id='word_1_554' title='bbox 1595 3657 1809 3702; x_wconf 66' lang='lat' dir='ltr'><strong>sanctus</strong></span> <span class='ocrx_word' id='word_1_555' title='bbox 1832 3662 1910 3709; x_wconf 87' lang='lat' dir='ltr'><strong>es,</strong></span> <span class='ocrx_word' id='word_1_556' title='bbox 1941 3653 1996 3699; x_wconf 89' lang='lat' dir='ltr'><strong>et</strong></span> <span class='ocrx_word' id='word_1_557' title='bbox 2015 3644 2126 3699; x_wconf 88' lang='lat' dir='ltr'><strong>sol-</strong></span> 
     </span>
    </p>
   </div>
   <div class='ocr_carea' id='block_1_70' title="bbox 543 3736 2126 3807">
    <p class='ocr_par' dir='ltr' id='par_1_70' title="bbox 543 3736 2126 3807">
     <span class='ocr_line' id='line_1_70' title="bbox 543 3736 2126 3807; baseline -0.006 -8"><span class='ocrx_word' id='word_1_558' title='bbox 543 3744 720 3799; x_wconf 89' lang='lat' dir='ltr'><strong>Iicitus</strong></span> <span class='ocrx_word' id='word_1_559' title='bbox 748 3759 806 3798; x_wconf 92' lang='lat' dir='ltr'><strong>es</strong></span> <span class='ocrx_word' id='word_1_560' title='bbox 857 3759 926 3798; x_wconf 90' lang='lat' dir='ltr'><strong>ne</strong></span> <span class='ocrx_word' id='word_1_561' title='bbox 963 3757 1218 3804; x_wconf 83' lang='lat' dir='ltr'><strong>corruas,</strong></span> <span class='ocrx_word' id='word_1_562' title='bbox 1252 3751 1307 3796; x_wconf 89' lang='lat' dir='ltr'><strong>et</strong></span> <span class='ocrx_word' id='word_1_563' title='bbox 1351 3741 1438 3796; x_wconf 88' lang='lat' dir='ltr'><strong>die</strong></span> <span class='ocrx_word' id='word_1_564' title='bbox 1483 3749 1748 3807; x_wconf 84' lang='lat' dir='ltr'><strong>noctuque</strong></span> <span class='ocrx_word' id='word_1_565' title='bbox 1795 3736 2126 3791; x_wconf 86' lang='lat' dir='ltr'><strong>orationibus</strong></span> 
     </span>
    </p>
   </div>
   <div class='ocr_carea' id='block_1_71' title="bbox 531 3825 2125 3905">
    <p class='ocr_par' dir='ltr' id='par_1_71' title="bbox 531 3825 2125 3905">
     <span class='ocr_line' id='line_1_71' title="bbox 531 3825 2125 3905; baseline -0.006 -18"><span class='ocrx_word' id='word_1_566' title='bbox 531 3835 694 3898; x_wconf 87' lang='lat' dir='ltr'><strong>.ades,</strong></span> <span class='ocrx_word' id='word_1_567' title='bbox 739 3836 1018 3905; x_wconf 89' lang='lat' dir='ltr'><strong>occuparis</strong></span> <span class='ocrx_word' id='word_1_568' title='bbox 1054 3833 1294 3904; x_wconf 87' lang='lat' dir='ltr'><strong>jejuniis,</strong></span> <span class='ocrx_word' id='word_1_569' title='bbox 1337 3840 1392 3886; x_wconf 91' lang='lat' dir='ltr'><strong>ct</strong></span> <span class='ocrx_word' id='word_1_570' title='bbox 1419 3831 1612 3886; x_wconf 87' lang='lat' dir='ltr'><strong>divinis</strong></span> <span class='ocrx_word' id='word_1_571' title='bbox 1651 3827 1969 3883; x_wconf 83' lang='lat' dir='ltr'><strong>lectionibus</strong></span> <span class='ocrx_word' id='word_1_572' title='bbox 2001 3825 2125 3880; x_wconf 79' lang='lat' dir='ltr'><strong>dili-</strong></span> 
     </span>
    </p>
   </div>
   <div class='ocr_carea' id='block_1_72' title="bbox 534 3912 2125 3997">
    <p class='ocr_par' dir='ltr' id='par_1_72' title="bbox 534 3912 2125 3997">
     <span class='ocr_line' id='line_1_72' title="bbox 534 3912 2125 3997; baseline -0.006 -15"><span class='ocrx_word' id='word_1_573' title='bbox 534 3933 732 3997; x_wconf 70' lang='lat' dir='ltr'><strong>genter</strong></span> <span class='ocrx_word' id='word_1_574' title='bbox 762 3927 992 3992; x_wconf 90' lang='lat' dir='ltr'><strong>insistis,</strong></span> <span class='ocrx_word' id='word_1_575' title='bbox 1023 3925 1488 3982; x_wconf 79' lang='lat' dir='ltr'><strong>exhortationibus</strong></span> <span class='ocrx_word' id='word_1_576' title='bbox 1529 3912 1688 3978; x_wconf 80' lang='lat' dir='ltr'><strong>vacas</strong></span> <span class='ocrx_word' id='word_1_577' title='bbox 1712 3963 1726 3986; x_wconf 95' lang='lat'><strong>,</strong></span> <span class='ocrx_word' id='word_1_578' title='bbox 1762 3929 1922 3990; x_wconf 86' lang='lat' dir='ltr'><strong>atque</strong></span> <span class='ocrx_word' id='word_1_579' title='bbox 1953 3919 2125 3975; x_wconf 86' lang='lat' dir='ltr'><strong>omni-</strong></span> 
     </span>
    </p>
   </div>
   <div class='ocr_carea' id='block_1_73' title="bbox 543 4010 2123 4087">
    <p class='ocr_par' dir='ltr' id='par_1_73' title="bbox 543 4010 2123 4087">
     <span class='ocr_line' id='line_1_73' title="bbox 543 4010 2123 4087; baseline -0.008 -14"><span class='ocrx_word' id='word_1_580' title='bbox 543 4019 644 4074; x_wconf 89' lang='lat' dir='ltr'><strong>bus</strong></span> <span class='ocrx_word' id='word_1_581' title='bbox 682 4018 880 4073; x_wconf 84' lang='lat' dir='ltr'><strong>sanctis</strong></span> <span class='ocrx_word' id='word_1_582' title='bbox 921 4017 1112 4072; x_wconf 90' lang='lat' dir='ltr'><strong>studiis</strong></span> <span class='ocrx_word' id='word_1_583' title='bbox 1145 4014 1386 4087; x_wconf 87' lang='lat' dir='ltr'><strong>quotidie</strong></span> <span class='ocrx_word' id='word_1_584' title='bbox 1424 4014 1672 4069; x_wconf 90' lang='lat' dir='ltr'><strong>immines</strong></span> <span class='ocrx_word' id='word_1_585' title='bbox 1695 4051 1710 4078; x_wconf 93' lang='lat'><strong>,</strong></span> <span class='ocrx_word' id='word_1_586' title='bbox 1759 4010 2123 4080; x_wconf 87' lang='lat' dir='ltr'><strong>nunquidnam</strong></span> 
     </span>
    </p>
   </div>
   <div class='ocr_carea' id='block_1_74' title="bbox 543 4101 2126 4174">
    <p class='ocr_par' dir='ltr' id='par_1_74' title="bbox 543 4101 2126 4174">
     <span class='ocr_line' id='line_1_74' title="bbox 543 4101 2126 4174; baseline -0.006 -8"><span class='ocrx_word' id='word_1_587' title='bbox 543 4119 638 4166; x_wconf 93' lang='lat' dir='ltr'><strong>tuo</strong></span> <span class='ocrx_word' id='word_1_588' title='bbox 665 4109 770 4164; x_wconf 91' lang='lat' dir='ltr'><strong>hoc</strong></span> <span class='ocrx_word' id='word_1_589' title='bbox 805 4107 982 4163; x_wconf 88' lang='lat' dir='ltr'><strong>studio</strong></span> <span class='ocrx_word' id='word_1_590' title='bbox 1023 4107 1201 4162; x_wconf 89' lang='lat' dir='ltr'><strong>salvus</strong></span> <span class='ocrx_word' id='word_1_591' title='bbox 1249 4107 1388 4162; x_wconf 87' lang='lat' dir='ltr'><strong>eris?</strong></span> <span class='ocrx_word' id='word_1_592' title='bbox 1445 4103 1693 4174; x_wconf 86' lang='lat' dir='ltr'><strong>Nunquid</strong></span> <span class='ocrx_word' id='word_1_593' title='bbox 1738 4102 1977 4158; x_wconf 86' lang='lat' dir='ltr'><strong>sanctior</strong></span> <span class='ocrx_word' id='word_1_594' title='bbox 2018 4101 2126 4156; x_wconf 88' lang='lat' dir='ltr'><strong>eris</strong></span> 
     </span>
    </p>
   </div>
   <div class='ocr_carea' id='block_1_75' title="bbox 542 4191 2124 4268">
    <p class='ocr_par' dir='ltr' id='par_1_75' title="bbox 542 4191 2124 4268">
     <span class='ocr_line' id='line_1_75' title="bbox 542 4191 2124 4268; baseline -0.005 -15"><span class='ocrx_word' id='word_1_595' title='bbox 542 4197 698 4265; x_wconf 87' lang='lat' dir='ltr'><strong>Juda,</strong></span> <span class='ocrx_word' id='word_1_596' title='bbox 730 4198 822 4268; x_wconf 92' lang='lat' dir='ltr'><strong>qui</strong></span> <span class='ocrx_word' id='word_1_597' title='bbox 864 4198 1072 4267; x_wconf 89' lang='lat' dir='ltr'><strong>accepit</strong></span> <span class='ocrx_word' id='word_1_598' title='bbox 1119 4206 1442 4268; x_wconf 86' lang='lat' dir='ltr'><strong>potestatem</strong></span> <span class='ocrx_word' id='word_1_599' title='bbox 1476 4193 1716 4250; x_wconf 85' lang='lat' dir='ltr'><strong>infirmos</strong></span> <span class='ocrx_word' id='word_1_600' title='bbox 1742 4193 1983 4256; x_wconf 88' lang='lat' dir='ltr'><strong>curandi,</strong></span> <span class='ocrx_word' id='word_1_601' title='bbox 2013 4191 2124 4246; x_wconf 82' lang='lat' dir='ltr'><strong>dae-</strong></span> 
     </span>
    </p>
   </div>
   <div class='ocr_carea' id='block_1_76' title="bbox 543 4283 2126 4359">
    <p class='ocr_par' dir='ltr' id='par_1_76' title="bbox 543 4283 2126 4359">
     <span class='ocr_line' id='line_1_76' title="bbox 543 4283 2126 4359; baseline -0.006 -12"><span class='ocrx_word' id='word_1_602' title='bbox 543 4291 724 4347; x_wconf 88' lang='lat' dir='ltr'><strong>monia</strong></span> <span class='ocrx_word' id='word_1_603' title='bbox 765 4289 1012 4359; x_wconf 83' lang='lat' dir='ltr'><strong>fugandi,</strong></span> <span class='ocrx_word' id='word_1_604' title='bbox 1056 4299 1299 4345; x_wconf 87' lang='lat' dir='ltr'><strong>mortuos</strong></span> <span class='ocrx_word' id='word_1_605' title='bbox 1341 4287 1656 4347; x_wconf 87' lang='lat' dir='ltr'><strong>suscitandi,</strong></span> <span class='ocrx_word' id='word_1_606' title='bbox 1692 4283 1931 4339; x_wconf 75' lang='lat' dir='ltr'><strong>caleandi</strong></span> <span class='ocrx_word' id='word_1_607' title='bbox 1961 4298 2126 4354; x_wconf 84' lang='lat' dir='ltr'><strong>super</strong></span> 
     </span>
    </p>
   </div>
   <div class='ocr_carea' id='block_1_77' title="bbox 543 4373 2120 4450">
    <p class='ocr_par' dir='ltr' id='par_1_77' title="bbox 543 4373 2120 4450">
     <span class='ocr_line' id='line_1_77' title="bbox 543 4373 2120 4450; baseline -0.007 -12"><span class='ocrx_word' id='word_1_608' title='bbox 543 4390 822 4450; x_wconf 82' lang='lat' dir='ltr'><strong>serpentes</strong></span> <span class='ocrx_word' id='word_1_609' title='bbox 851 4389 906 4435; x_wconf 88' lang='lat' dir='ltr'><strong>et</strong></span> <span class='ocrx_word' id='word_1_610' title='bbox 928 4379 1260 4450; x_wconf 88' lang='lat' dir='ltr'><strong>scorpiones,</strong></span> <span class='ocrx_word' id='word_1_611' title='bbox 1286 4380 1489 4446; x_wconf 83' lang='lat' dir='ltr'><strong>collega</strong></span> <span class='ocrx_word' id='word_1_612' title='bbox 1516 4377 1902 4448; x_wconf 90' lang='lat' dir='ltr'><strong>apostolorum,</strong></span> <span class='ocrx_word' id='word_1_613' title='bbox 1925 4373 2120 4430; x_wconf 84' lang='lat' dir='ltr'><strong>Christi</strong></span> 
     </span>
    </p>
   </div>
   <div class='ocr_carea' id='block_1_78' title="bbox 2230 3196 3759 3278">
    <p class='ocr_par' dir='ltr' id='par_1_78' title="bbox 2230 3196 3759 3278">
     <span class='ocr_line' id='line_1_78' title="bbox 2230 3196 3759 3278; baseline -0.005 -18"><span class='ocrx_word' id='word_1_614' title='bbox 2230 3206 2345 3278; x_wconf 82' lang='lat' dir='ltr'><strong>(Ps.</strong></span> <span class='ocrx_word' id='word_1_615' title='bbox 2371 3222 2548 3270; x_wconf 62' lang='lat' dir='ltr'><strong>cum,</strong></span> <span class='ocrx_word' id='word_1_616' title='bbox 2578 3201 2656 3276; x_wconf 77' lang='grc'><strong>1),</strong></span> <span class='ocrx_word' id='word_1_617' title='bbox 2749 3199 2883 3271; x_wconf 88' lang='lat' dir='ltr'><strong>Quid</strong></span> <span class='ocrx_word' id='word_1_618' title='bbox 2905 3212 2986 3258; x_wconf 89' lang='lat' dir='ltr'><strong>est</strong></span> <span class='ocrx_word' id='word_1_619' title='bbox 3004 3201 3144 3271; x_wconf 91' lang='lat' dir='ltr'><strong>quod</strong></span> <span class='ocrx_word' id='word_1_620' title='bbox 3167 3210 3352 3257; x_wconf 89' lang='lat' dir='ltr'><strong>contra</strong></span> <span class='ocrx_word' id='word_1_621' title='bbox 3370 3199 3576 3253; x_wconf 89' lang='lat' dir='ltr'><strong>divinos</strong></span> <span class='ocrx_word' id='word_1_622' title='bbox 3593 3196 3759 3266; x_wconf 63' lang='lat' dir='ltr'><strong>apices</strong></span> 
     </span>
    </p>
   </div>
   <div class='ocr_carea' id='block_1_79' title="bbox 2227 3283 3762 3361">
    <p class='ocr_par' dir='ltr' id='par_1_79' title="bbox 2227 3283 3762 3361">
     <span class='ocr_line' id='line_1_79' title="bbox 2227 3283 3762 3361; baseline -0.009 -11"><span class='ocrx_word' id='word_1_623' title='bbox 2227 3303 2282 3350; x_wconf 90' lang='lat' dir='ltr'><strong>et</strong></span> <span class='ocrx_word' id='word_1_624' title='bbox 2317 3305 2502 3350; x_wconf 88' lang='lat' dir='ltr'><strong>contra</strong></span> <span class='ocrx_word' id='word_1_625' title='bbox 2549 3283 3152 3358; x_wconf 49' lang='lat' dir='ltr'><strong>conscien’tiamsuam,</strong></span> <span class='ocrx_word' id='word_1_626' title='bbox 3201 3297 3382 3361; x_wconf 88' lang='lat' dir='ltr'><strong>sperat</strong></span> <span class='ocrx_word' id='word_1_627' title='bbox 3427 3303 3486 3343; x_wconf 91' lang='lat' dir='ltr'><strong>se</strong></span> <span class='ocrx_word' id='word_1_628' title='bbox 3533 3285 3762 3356; x_wconf 86' lang='lat' dir='ltr'><strong>quispiam</strong></span> 
     </span>
    </p>
   </div>
   <div class='ocr_carea' id='block_1_80' title="bbox 2224 3379 3762 3452">
    <p class='ocr_par' dir='ltr' id='par_1_80' title="bbox 2224 3379 3762 3452">
     <span class='ocr_line' id='line_1_80' title="bbox 2224 3379 3762 3452; baseline -0.009 -11"><span class='ocrx_word' id='word_1_629' title='bbox 2224 3386 2562 3441; x_wconf 71' lang='lat' dir='ltr'><strong>mdiﬁcationi</strong></span> <span class='ocrx_word' id='word_1_630' title='bbox 2583 3383 2818 3446; x_wconf 81' lang='lat' dir='ltr'><strong>studere,</strong></span> <span class='ocrx_word' id='word_1_631' title='bbox 2847 3399 2968 3439; x_wconf 90' lang='lat' dir='ltr'><strong>cum</strong></span> <span class='ocrx_word' id='word_1_632' title='bbox 2989 3383 3071 3438; x_wconf 92' lang='lat' dir='ltr'><strong>his</strong></span> <span class='ocrx_word' id='word_1_633' title='bbox 3090 3382 3257 3438; x_wconf 90' lang='lat' dir='ltr'><strong>sacris</strong></span> <span class='ocrx_word' id='word_1_634' title='bbox 3284 3381 3522 3452; x_wconf 90' lang='lat' dir='ltr'><strong>apicibus</strong></span> <span class='ocrx_word' id='word_1_635' title='bbox 3543 3379 3762 3433; x_wconf 81' lang='lat' dir='ltr'><strong>doceatur</strong></span> 
     </span>
    </p>
   </div>
   <div class='ocr_carea' id='block_1_81' title="bbox 2225 3462 3764 3540">
    <p class='ocr_par' dir='ltr' id='par_1_81' title="bbox 2225 3462 3764 3540">
     <span class='ocr_line' id='line_1_81' title="bbox 2225 3462 3764 3540; baseline -0.008 -7"><span class='ocrx_word' id='word_1_636' title='bbox 2225 3476 2506 3540; x_wconf 61' lang='lat' dir='ltr'><strong>aediﬁcatio</strong></span> <span class='ocrx_word' id='word_1_637' title='bbox 2547 3475 2778 3531; x_wconf 88' lang='lat' dir='ltr'><strong>hominis</strong></span> <span class='ocrx_word' id='word_1_638' title='bbox 2805 3490 2911 3528; x_wconf 91' lang='lat' dir='ltr'><strong>non</strong></span> <span class='ocrx_word' id='word_1_639' title='bbox 2940 3489 3058 3528; x_wconf 89' lang='lat' dir='ltr'><strong>esse</strong></span> <span class='ocrx_word' id='word_1_640' title='bbox 3091 3480 3255 3537; x_wconf 90' lang='lat' dir='ltr'><strong>certa,</strong></span> <span class='ocrx_word' id='word_1_641' title='bbox 3287 3471 3382 3526; x_wconf 89' lang='lat' dir='ltr'><strong>sed</strong></span> <span class='ocrx_word' id='word_1_642' title='bbox 3409 3470 3582 3524; x_wconf 83' lang='lat' dir='ltr'><strong>vana?</strong></span> <span class='ocrx_word' id='word_1_643' title='bbox 3617 3465 3715 3522; x_wconf 87' lang='lat' dir='ltr'><strong>Sed</strong></span> <span class='ocrx_word' id='word_1_644' title='bbox 3735 3462 3764 3518; x_wconf 86' lang='lat' dir='ltr'><strong>si</strong></span> 
     </span>
    </p>
   </div>
   <div class='ocr_carea' id='block_1_82' title="bbox 2226 3559 3765 3630">
    <p class='ocr_par' dir='ltr' id='par_1_82' title="bbox 2226 3559 3765 3630">
     <span class='ocr_line' id='line_1_82' title="bbox 2226 3559 3765 3630; baseline -0.008 -6"><span class='ocrx_word' id='word_1_645' title='bbox 2226 3577 2413 3624; x_wconf 90' lang='lat' dir='ltr'><strong>contra</strong></span> <span class='ocrx_word' id='word_1_646' title='bbox 2438 3584 2536 3624; x_wconf 92' lang='lat' dir='ltr'><strong>nos</strong></span> <span class='ocrx_word' id='word_1_647' title='bbox 2565 3567 2774 3630; x_wconf 85' lang='lat' dir='ltr'><strong>venitis,</strong></span> <span class='ocrx_word' id='word_1_648' title='bbox 2799 3582 2906 3621; x_wconf 90' lang='lat' dir='ltr'><strong>non</strong></span> <span class='ocrx_word' id='word_1_649' title='bbox 2931 3575 3120 3622; x_wconf 87' lang='lat' dir='ltr'><strong>contra</strong></span> <span class='ocrx_word' id='word_1_650' title='bbox 3147 3571 3249 3620; x_wconf 85' lang='lat' dir='ltr'><strong>nos</strong></span> <span class='ocrx_word' id='word_1_651' title='bbox 3268 3563 3476 3626; x_wconf 89' lang='lat' dir='ltr'><strong>venitis,</strong></span> <span class='ocrx_word' id='word_1_652' title='bbox 3502 3559 3595 3616; x_wconf 86' lang='lat' dir='ltr'><strong>sed</strong></span> <span class='ocrx_word' id='word_1_653' title='bbox 3611 3565 3765 3614; x_wconf 74' lang='lat' dir='ltr'><strong>contra</strong></span> 
     </span>
    </p>
   </div>
   <div class='ocr_carea' id='block_1_83' title="bbox 2226 3647 3766 3730">
    <p class='ocr_par' dir='ltr' id='par_1_83' title="bbox 2226 3647 3766 3730">
     <span class='ocr_line' id='line_1_83' title="bbox 2226 3647 3766 3730; baseline -0.012 -15"><span class='ocrx_word' id='word_1_654' title='bbox 2226 3675 2347 3715; x_wconf 86' lang='lat' dir='ltr'><strong>eum</strong></span> <span class='ocrx_word' id='word_1_655' title='bbox 2377 3660 2467 3730; x_wconf 88' lang='lat' dir='ltr'><strong>qui</strong></span> <span class='ocrx_word' id='word_1_656' title='bbox 2495 3658 2628 3712; x_wconf 77' lang='lat' dir='ltr'><strong>dixit</strong></span> <span class='ocrx_word' id='word_1_657' title='bbox 2661 3677 2673 3711; x_wconf 88' lang='lat'>:</span> <span class='ocrx_word' id='word_1_658' title='bbox 2699 3656 2818 3712; x_wconf 84' lang='lat' dir='ltr'><strong>Nisi</strong></span> <span class='ocrx_word' id='word_1_659' title='bbox 2856 3655 3104 3711; x_wconf 78' lang='lat' dir='ltr'><strong>Dominus</strong></span> <span class='ocrx_word' id='word_1_660' title='bbox 3133 3654 3468 3724; x_wconf 71' lang='lat' dir='ltr'><strong>wdiﬁcttuerit</strong></span> <span class='ocrx_word' id='word_1_661' title='bbox 3492 3652 3702 3711; x_wconf 77' lang='lat' dir='ltr'><strong>domum,</strong></span> <span class='ocrx_word' id='word_1_662' title='bbox 3729 3647 3766 3699; x_wconf 68' lang='lat' dir='ltr'><strong>in</strong></span> 
     </span>
    </p>
   </div>
   <div class='ocr_carea' id='block_1_84' title="bbox 2225 3741 3767 3822">
    <p class='ocr_par' dir='ltr' id='par_1_84' title="bbox 2225 3741 3767 3822">
     <span class='ocr_line' id='line_1_84' title="bbox 2225 3741 3767 3822; baseline -0.01 -16"><span class='ocrx_word' id='word_1_663' title='bbox 2225 3753 2414 3806; x_wconf 81' lang='lat' dir='ltr'><strong>v&#39;anum</strong></span> <span class='ocrx_word' id='word_1_664' title='bbox 2441 3751 2801 3805; x_wconf 79' lang='lat' dir='ltr'><strong>laboraverunt</strong></span> <span class='ocrx_word' id='word_1_665' title='bbox 2826 3750 2910 3822; x_wconf 86' lang='lat' dir='ltr'><strong>qui</strong></span> <span class='ocrx_word' id='word_1_666' title='bbox 2939 3749 3204 3818; x_wconf 64' lang='lat' dir='ltr'><strong>aedificant</strong></span> <span class='ocrx_word' id='word_1_667' title='bbox 3229 3763 3362 3800; x_wconf 86' lang='lat' dir='ltr'><strong>eam.</strong></span> <span class='ocrx_word' id='word_1_668' title='bbox 3402 3743 3524 3798; x_wconf 77' lang='lat' dir='ltr'><strong>Nisi</strong></span> <span class='ocrx_word' id='word_1_669' title='bbox 3555 3741 3767 3797; x_wconf 70' lang='lat' dir='ltr'><strong>Dominus</strong></span> 
     </span>
    </p>
   </div>
   <div class='ocr_carea' id='block_1_85' title="bbox 2226 3837 3768 3910">
    <p class='ocr_par' dir='ltr' id='par_1_85' title="bbox 2226 3837 3768 3910">
     <span class='ocr_line' id='line_1_85' title="bbox 2226 3837 3768 3910; baseline -0.007 -13"><span class='ocrx_word' id='word_1_670' title='bbox 2226 3843 2524 3897; x_wconf 85' lang='lat' dir='ltr'><strong>custodierit</strong></span> <span class='ocrx_word' id='word_1_671' title='bbox 2554 3843 2830 3906; x_wconf 85' lang='lat' dir='ltr'><strong>civitatem,</strong></span> <span class='ocrx_word' id='word_1_672' title='bbox 2869 3842 2921 3894; x_wconf 85' lang='lat' dir='ltr'><strong>in</strong></span> <span class='ocrx_word' id='word_1_673' title='bbox 2945 3855 3131 3894; x_wconf 81' lang='lat' dir='ltr'><strong>vanum</strong></span> <span class='ocrx_word' id='word_1_674' title='bbox 3158 3837 3496 3910; x_wconf 74' lang='lat' dir='ltr'><strong>vigilaret-unt</strong></span> <span class='ocrx_word' id='word_1_675' title='bbox 3521 3837 3603 3908; x_wconf 85' lang='lat' dir='ltr'><strong>qui</strong></span> <span class='ocrx_word' id='word_1_676' title='bbox 3622 3841 3768 3886; x_wconf 47' lang='lat' dir='ltr'><strong>custo‘</strong></span> 
     </span>
    </p>
   </div>
   <div class='ocr_carea' id='block_1_86' title="bbox 2227 3921 3770 4000">
    <p class='ocr_par' dir='ltr' id='par_1_86' title="bbox 2227 3921 3770 4000">
     <span class='ocr_line' id='line_1_86' title="bbox 2227 3921 3770 4000; baseline -0.007 -13"><span class='ocrx_word' id='word_1_677' title='bbox 2227 3935 2374 3987; x_wconf 87' lang='lat' dir='ltr'><strong>diant</strong></span> <span class='ocrx_word' id='word_1_678' title='bbox 2401 3949 2532 3987; x_wconf 89' lang='lat' dir='ltr'><strong>eam.</strong></span> <span class='ocrx_word' id='word_1_679' title='bbox 2564 3931 2706 4000; x_wconf 83' lang='lat' dir='ltr'><strong>Ergo</strong></span> <span class='ocrx_word' id='word_1_680' title='bbox 2749 3931 2936 3986; x_wconf 91' lang='lat' dir='ltr'><strong>nesciit</strong></span> <span class='ocrx_word' id='word_1_681' title='bbox 2981 3931 3104 4000; x_wconf 87' lang='lat' dir='ltr'><strong>quia</strong></span> <span class='ocrx_word' id='word_1_682' title='bbox 3136 3945 3242 3983; x_wconf 89' lang='lat' dir='ltr'><strong>non</strong></span> <span class='ocrx_word' id='word_1_683' title='bbox 3291 3936 3408 3983; x_wconf 86' lang='lat' dir='ltr'><strong>erat</strong></span> <span class='ocrx_word' id='word_1_684' title='bbox 3435 3929 3563 3982; x_wconf 88' lang='lat' dir='ltr'><strong>utile</strong></span> <span class='ocrx_word' id='word_1_685' title='bbox 3596 3921 3770 3996; x_wconf 88' lang='lat' dir='ltr'><strong>populo</strong></span> 
     </span>
    </p>
   </div>
   <div class='ocr_carea' id='block_1_87' title="bbox 2226 4008 3770 4094">
    <p class='ocr_par' dir='ltr' id='par_1_87' title="bbox 2226 4008 3770 4094">
     <span class='ocr_line' id='line_1_87' title="bbox 2226 4008 3770 4094; baseline -0.01 -15"><span class='ocrx_word' id='word_1_686' title='bbox 2226 4025 2320 4079; x_wconf 87' lang='lat' dir='ltr'><strong>Dei</strong></span> <span class='ocrx_word' id='word_1_687' title='bbox 2343 4027 2432 4094; x_wconf 92' lang='lat' dir='ltr'><strong>qui</strong></span> <span class='ocrx_word' id='word_1_688' title='bbox 2462 4026 2574 4079; x_wconf 76' lang='lat' dir='ltr'><strong>lucc</strong></span> <span class='ocrx_word' id='word_1_689' title='bbox 2603 4023 2728 4078; x_wconf 90' lang='lat' dir='ltr'><strong>fecit</strong></span> <span class='ocrx_word' id='word_1_690' title='bbox 2754 4021 2934 4087; x_wconf 88' lang='lat' dir='ltr'><strong>scribi,</strong></span> <span class='ocrx_word' id='word_1_691' title='bbox 2961 4028 3014 4075; x_wconf 89' lang='lat' dir='ltr'><strong>et</strong></span> <span class='ocrx_word' id='word_1_692' title='bbox 3044 4036 3139 4090; x_wconf 83' lang='lat' dir='ltr'><strong>per</strong></span> <span class='ocrx_word' id='word_1_693' title='bbox 3166 4027 3412 4090; x_wconf 90' lang='lat' dir='ltr'><strong>posteros</strong></span> <span class='ocrx_word' id='word_1_694' title='bbox 3441 4031 3604 4086; x_wconf 90' lang='lat' dir='ltr'><strong>usque</strong></span> <span class='ocrx_word' id='word_1_695' title='bbox 3631 4012 3693 4067; x_wconf 86' lang='lat' dir='ltr'><strong>ad</strong></span> <span class='ocrx_word' id='word_1_696' title='bbox 3717 4008 3770 4064; x_wconf 83' lang='lat' dir='ltr'><strong>ﬁ-</strong></span> 
     </span>
    </p>
   </div>
   <div class='ocr_carea' id='block_1_88' title="bbox 2225 4103 3772 4179">
    <p class='ocr_par' dir='ltr' id='par_1_88' title="bbox 2225 4103 3772 4179">
     <span class='ocr_line' id='line_1_88' title="bbox 2225 4103 3772 4179; baseline -0.01 -11"><span class='ocrx_word' id='word_1_697' title='bbox 2225 4128 2350 4168; x_wconf 91' lang='lat' dir='ltr'><strong>nem</strong></span> <span class='ocrx_word' id='word_1_698' title='bbox 2378 4112 2690 4168; x_wconf 72' lang='lat' dir='ltr'><strong>smculorum</strong></span> <span class='ocrx_word' id='word_1_699' title='bbox 2713 4111 2902 4179; x_wconf 84' lang='lat' dir='ltr'><strong>dirigi?</strong></span> <span class='ocrx_word' id='word_1_700' title='bbox 2921 4109 3030 4164; x_wconf 84' lang='lat' dir='ltr'><strong>Vos</strong></span> <span class='ocrx_word' id='word_1_701' title='bbox 3055 4109 3233 4176; x_wconf 88' lang='lat' dir='ltr'><strong>itaque</strong></span> <span class='ocrx_word' id='word_1_702' title='bbox 3251 4107 3342 4176; x_wconf 90' lang='lat' dir='ltr'><strong>qui</strong></span> <span class='ocrx_word' id='word_1_703' title='bbox 3381 4109 3482 4161; x_wconf 85' lang='lat' dir='ltr'><strong>ista</strong></span> <span class='ocrx_word' id='word_1_704' title='bbox 3511 4103 3772 4174; x_wconf 86' lang='lat' dir='ltr'><strong>reprehen-</strong></span> 
     </span>
    </p>
   </div>
   <div class='ocr_carea' id='block_1_89' title="bbox 2226 4197 3774 4267">
    <p class='ocr_par' dir='ltr' id='par_1_89' title="bbox 2226 4197 3774 4267">
     <span class='ocr_line' id='line_1_89' title="bbox 2226 4197 3774 4267; baseline -0.009 -8"><span class='ocrx_word' id='word_1_705' title='bbox 2226 4203 2369 4266; x_wconf 86' lang='lat' dir='ltr'><strong>ditis,</strong></span> <span class='ocrx_word' id='word_1_706' title='bbox 2402 4204 2606 4257; x_wconf 87' lang='lat' dir='ltr'><strong>auferte</strong></span> <span class='ocrx_word' id='word_1_707' title='bbox 2631 4202 2746 4257; x_wconf 78' lang='lat' dir='ltr'><strong>htcc</strong></span> <span class='ocrx_word' id='word_1_708' title='bbox 2772 4199 2838 4262; x_wconf 85' lang='lat' dir='ltr'><strong>de</strong></span> <span class='ocrx_word' id='word_1_709' title='bbox 2863 4200 3001 4258; x_wconf 86' lang='lat' dir='ltr'><strong>libro</strong></span> <span class='ocrx_word' id='word_1_710' title='bbox 3032 4197 3383 4266; x_wconf 82' lang='lat' dir='ltr'><strong>Psalmorum,</strong></span> <span class='ocrx_word' id='word_1_711' title='bbox 3410 4199 3532 4267; x_wconf 87' lang='lat' dir='ltr'><strong>quia</strong></span> <span class='ocrx_word' id='word_1_712' title='bbox 3561 4197 3774 4264; x_wconf 75' lang='lat' dir='ltr'><strong>legentes</strong></span> 
     </span>
    </p>
   </div>
   <div class='ocr_carea' id='block_1_90' title="bbox 2224 4285 3774 4364">
    <p class='ocr_par' dir='ltr' id='par_1_90' title="bbox 2224 4285 3774 4364">
     <span class='ocr_line' id='line_1_90' title="bbox 2224 4285 3774 4364; baseline -0.01 -16"><span class='ocrx_word' id='word_1_713' title='bbox 2224 4301 2280 4348; x_wconf 90' lang='lat' dir='ltr'><strong>et</strong></span> <span class='ocrx_word' id='word_1_714' title='bbox 2312 4293 2600 4364; x_wconf 82' lang='lat' dir='ltr'><strong>psallentes</strong></span> <span class='ocrx_word' id='word_1_715' title='bbox 2626 4291 2726 4346; x_wconf 91' lang='lat' dir='ltr'><strong>hos</strong></span> <span class='ocrx_word' id='word_1_716' title='bbox 2761 4291 3074 4356; x_wconf 73' lang='lat' dir='ltr'><strong>versiculos,</strong></span> <span class='ocrx_word' id='word_1_717' title='bbox 3104 4297 3160 4343; x_wconf 93' lang='lat' dir='ltr'><strong>ut</strong></span> <span class='ocrx_word' id='word_1_718' title='bbox 3194 4289 3384 4353; x_wconf 87' lang='lat' dir='ltr'><strong>dicitis,</strong></span> <span class='ocrx_word' id='word_1_719' title='bbox 3415 4285 3658 4342; x_wconf 79' lang='lat' dir='ltr'><strong>:ediiicari</strong></span> <span class='ocrx_word' id='word_1_720' title='bbox 3685 4297 3774 4336; x_wconf 92' lang='lat' dir='ltr'><strong>non</strong></span> 
     </span>
    </p>
   </div>
   <div class='ocr_carea' id='block_1_91' title="bbox 2228 4369 3774 4464">
    <p class='ocr_par' dir='ltr' id='par_1_91' title="bbox 2228 4369 3774 4464">
     <span class='ocr_line' id='line_1_91' title="bbox 2228 4369 3774 4464; baseline -0.01 -26"><span class='ocrx_word' id='word_1_721' title='bbox 2228 4391 2466 4454; x_wconf 89' lang='lat' dir='ltr'><strong>possunt.</strong></span> <span class='ocrx_word' id='word_1_722' title='bbox 2517 4383 2622 4438; x_wconf 88' lang='lat' dir='ltr'><strong>Sed</strong></span> <span class='ocrx_word' id='word_1_723' title='bbox 2663 4381 2790 4452; x_wconf 91' lang='lat' dir='ltr'><strong>quid</strong></span> <span class='ocrx_word' id='word_1_724' title='bbox 2832 4389 3021 4451; x_wconf 90' lang='lat' dir='ltr'><strong>putant</strong></span> <span class='ocrx_word' id='word_1_725' title='bbox 3051 4380 3134 4434; x_wconf 84' lang='lat' dir='ltr'><strong>isti</strong></span> <span class='ocrx_word' id='word_1_726' title='bbox 3173 4395 3231 4434; x_wconf 90' lang='lat' dir='ltr'><strong>se</strong></span> <span class='ocrx_word' id='word_1_727' title='bbox 3271 4379 3548 4464; x_wconf 78' lang='lat' dir='ltr'><strong>voluntate</strong></span> <span class='ocrx_word' id='word_1_728' title='bbox 3592 4389 3680 4430; x_wconf 92' lang='lat' dir='ltr'><strong>sua</strong></span> <span class='ocrx_word' id='word_1_729' title='bbox 3721 4369 3774 4424; x_wconf 85' lang='lat' dir='ltr'><strong>ad</strong></span> 
     </span>
    </p>
   </div>
   <div class='ocr_carea' id='block_1_92' title="bbox 543 4453 3775 4544">
    <p class='ocr_par' dir='ltr' id='par_1_92' title="bbox 543 4453 3775 4544">
     <span class='ocr_line' id='line_1_92' title="bbox 543 4453 3775 4544; baseline -0.005 -17"><span class='ocrx_word' id='word_1_730' title='bbox 543 4471 862 4542; x_wconf 85' lang='lat' dir='ltr'><strong>discipulus;</strong></span> <span class='ocrx_word' id='word_1_731' title='bbox 893 4477 950 4526; x_wconf 91' lang='lat' dir='ltr'><strong>et</strong></span> <span class='ocrx_word' id='word_1_732' title='bbox 975 4477 1150 4524; x_wconf 88' lang='lat' dir='ltr'><strong>tamen</strong></span> <span class='ocrx_word' id='word_1_733' title='bbox 1173 4470 1297 4538; x_wconf 89' lang='lat' dir='ltr'><strong>quia</strong></span> <span class='ocrx_word' id='word_1_734' title='bbox 1337 4469 1744 4539; x_wconf 78' lang='lat' dir='ltr'><strong>praedestinatus</strong></span> <span class='ocrx_word' id='word_1_735' title='bbox 1781 4477 1863 4524; x_wconf 88' lang='lat' dir='ltr'><strong>est</strong></span> <span class='ocrx_word' id='word_1_736' title='bbox 1891 4468 1954 4522; x_wconf 78' lang='lat' dir='ltr'><strong>ad</strong></span> <span class='ocrx_word' id='word_1_737' title='bbox 1987 4483 2126 4521; x_wconf 86' lang='lat' dir='ltr'><strong>mor—</strong></span> <span class='ocrx_word' id='word_1_738' title='bbox 2153 4453 2200 4512; x_wconf 81' lang='lat' dir='ltr'><strong>D</strong></span> <span class='ocrx_word' id='word_1_739' title='bbox 2225 4453 2453 4530; x_wconf 63' lang='lat' dir='ltr'><strong>fructum</strong></span> <span class='ocrx_word' id='word_1_740' title='bbox 2490 4489 2650 4544; x_wconf 80' lang='lat' dir='ltr'><strong>posse</strong></span> <span class='ocrx_word' id='word_1_741' title='bbox 2686 4471 3050 4527; x_wconf 69' lang='lat' dir='ltr'><strong>mdiﬁcatiouis</strong></span> <span class='ocrx_word' id='word_1_742' title='bbox 3086 4470 3368 4538; x_wconf 63' lang='lat' dir='ltr'><strong>attingere,</strong></span> <span class='ocrx_word' id='word_1_743' title='bbox 3405 4454 3530 4524; x_wconf 41' lang='lat' dir='ltr'><strong>.cum</strong></span> <span class='ocrx_word' id='word_1_744' title='bbox 3558 4480 3655 4520; x_wconf 79' lang='lat' dir='ltr'><strong>nec</strong></span> <span class='ocrx_word' id='word_1_745' title='bbox 3679 4463 3775 4531; x_wconf 81' lang='lat' dir='ltr'><strong>ipse</strong></span> 
     </span>
    </p>
   </div>
   <div class='ocr_carea' id='block_1_93' title="bbox 543 4558 2120 4631">
    <p class='ocr_par' dir='ltr' id='par_1_93' title="bbox 543 4558 2120 4631">
     <span class='ocr_line' id='line_1_93' title="bbox 543 4558 2120 4631; baseline -0.003 -13"><span class='ocrx_word' id='word_1_746' title='bbox 543 4575 673 4631; x_wconf 76' lang='lat' dir='ltr'><strong>tein,</strong></span> <span class='ocrx_word' id='word_1_747' title='bbox 705 4571 934 4618; x_wconf 89' lang='lat' dir='ltr'><strong>mortem</strong></span> <span class='ocrx_word' id='word_1_748' title='bbox 955 4571 1210 4616; x_wconf 82' lang='lat' dir='ltr'><strong>:eternam</strong></span> <span class='ocrx_word' id='word_1_749' title='bbox 1241 4561 1482 4616; x_wconf 85' lang='lat' dir='ltr'><strong>invenit?</strong></span> <span class='ocrx_word' id='word_1_750' title='bbox 1509 4558 1668 4616; x_wconf 81' lang='lat' dir='ltr'><strong>Cessa</strong></span> <span class='ocrx_word' id='word_1_751' title='bbox 1699 4561 1766 4615; x_wconf 91' lang='lat' dir='ltr'><strong>de</strong></span> <span class='ocrx_word' id='word_1_752' title='bbox 1787 4571 1860 4626; x_wconf 84' lang='lat' dir='ltr'><strong>te,</strong></span> <span class='ocrx_word' id='word_1_753' title='bbox 1883 4578 1915 4614; x_wconf 91' lang='grc' dir='ltr'>ο</span> <span class='ocrx_word' id='word_1_754' title='bbox 1937 4561 2120 4625; x_wconf 89' lang='lat' dir='ltr'><strong>homo,</strong></span> 
     </span>
    </p>
   </div>
   <div class='ocr_carea' id='block_1_94' title="bbox 543 4653 2126 4724">
    <p class='ocr_par' dir='ltr' id='par_1_94' title="bbox 543 4653 2126 4724">
     <span class='ocr_line' id='line_1_94' title="bbox 543 4653 2126 4724; baseline -0.002 -15"><span class='ocrx_word' id='word_1_755' title='bbox 543 4672 714 4722; x_wconf 82' lang='lat' dir='ltr'><strong>cessa,</strong></span> <span class='ocrx_word' id='word_1_756' title='bbox 747 4657 986 4724; x_wconf 88' lang='lat' dir='ltr'><strong>inquam,</strong></span> <span class='ocrx_word' id='word_1_757' title='bbox 1031 4653 1098 4708; x_wconf 87' lang='lat' dir='ltr'><strong>de</strong></span> <span class='ocrx_word' id='word_1_758' title='bbox 1137 4653 1336 4707; x_wconf 85' lang='lat' dir='ltr'><strong>virtute</strong></span> <span class='ocrx_word' id='word_1_759' title='bbox 1383 4660 1474 4706; x_wconf 89' lang='lat' dir='ltr'><strong>tua</strong></span> <span class='ocrx_word' id='word_1_760' title='bbox 1513 4667 1632 4707; x_wconf 86' lang='lat' dir='ltr'><strong>esse</strong></span> <span class='ocrx_word' id='word_1_761' title='bbox 1659 4653 1936 4715; x_wconf 84' lang='lat' dir='ltr'><strong>sollicitus,</strong></span> <span class='ocrx_word' id='word_1_762' title='bbox 1969 4662 2024 4708; x_wconf 90' lang='lat' dir='ltr'><strong>et</strong></span> <span class='ocrx_word' id='word_1_763' title='bbox 2059 4653 2126 4707; x_wconf 92' lang='lat' dir='ltr'><strong>de</strong></span> 
     </span>
    </p>
   </div>
   <div class='ocr_carea' id='block_1_95' title="bbox 544 4742 2123 4800">
    <p class='ocr_par' dir='ltr' id='par_1_95' title="bbox 544 4742 2123 4800">
     <span class='ocr_line' id='line_1_95' title="bbox 544 4742 2123 4800; baseline -0.001 -1"><span class='ocrx_word' id='word_1_764' title='bbox 544 4745 641 4800; x_wconf 91' lang='lat' dir='ltr'><strong>Dei</strong></span> <span class='ocrx_word' id='word_1_765' title='bbox 665 4753 872 4800; x_wconf 89' lang='lat' dir='ltr'><strong>tantum</strong></span> <span class='ocrx_word' id='word_1_766' title='bbox 893 4743 1102 4800; x_wconf 81' lang='lat' dir='ltr'><strong>conﬁde</strong></span> <span class='ocrx_word' id='word_1_767' title='bbox 1124 4743 1398 4799; x_wconf 87' lang='lat' dir='ltr'><strong>voluntate</strong></span> <span class='ocrx_word' id='word_1_768' title='bbox 1414 4757 1650 4799; x_wconf 88' lang='lat' dir='ltr'><strong>securus.</strong></span> <span class='ocrx_word' id='word_1_769' title='bbox 1675 4742 1816 4797; x_wconf 86' lang='lat' dir='ltr'><strong>Nihil</strong></span> <span class='ocrx_word' id='word_1_770' title='bbox 1836 4744 1976 4798; x_wconf 88' lang='lat' dir='ltr'><strong>enim</strong></span> <span class='ocrx_word' id='word_1_771' title='bbox 1997 4743 2123 4799; x_wconf 91' lang='lat' dir='ltr'><strong>boni</strong></span> 
     </span>
    </p>
   </div>
   <div class='ocr_carea' id='block_1_96' title="bbox 546 4833 2127 4903">
    <p class='ocr_par' dir='ltr' id='par_1_96' title="bbox 546 4833 2127 4903">
     <span class='ocr_line' id='line_1_96' title="bbox 546 4833 2127 4903; baseline -0.001 -11"><span class='ocrx_word' id='word_1_772' title='bbox 546 4847 605 4892; x_wconf 89' lang='lat' dir='ltr'><strong>tu</strong></span> <span class='ocrx_word' id='word_1_773' title='bbox 629 4838 741 4892; x_wconf 92' lang='lat' dir='ltr'><strong>Deo</strong></span> <span class='ocrx_word' id='word_1_774' title='bbox 770 4838 1038 4894; x_wconf 88' lang='lat' dir='ltr'><strong>obtinebis</strong></span> <span class='ocrx_word' id='word_1_775' title='bbox 1067 4837 1264 4901; x_wconf 86' lang='lat' dir='ltr'><strong>invito;</strong></span> <span class='ocrx_word' id='word_1_776' title='bbox 1294 4835 1392 4890; x_wconf 86' lang='lat' dir='ltr'><strong>sed</strong></span> <span class='ocrx_word' id='word_1_777' title='bbox 1421 4835 1466 4890; x_wconf 91' lang='lat' dir='ltr'><strong>si</strong></span> <span class='ocrx_word' id='word_1_778' title='bbox 1495 4843 1550 4890; x_wconf 89' lang='lat' dir='ltr'><strong>te</strong></span> <span class='ocrx_word' id='word_1_779' title='bbox 1577 4834 1882 4903; x_wconf 82' lang='lat' dir='ltr'><strong>dignabitur</strong></span> <span class='ocrx_word' id='word_1_780' title='bbox 1904 4833 2044 4890; x_wconf 91' lang='lat' dir='ltr'><strong>Deus</strong></span> <span class='ocrx_word' id='word_1_781' title='bbox 2067 4844 2127 4890; x_wconf 91' lang='lat' dir='ltr'><strong>ut</strong></span> 
     </span>
    </p>
   </div>
   <div class='ocr_carea' id='block_1_97' title="bbox 547 4925 2124 4996">
    <p class='ocr_par' dir='ltr' id='par_1_97' title="bbox 547 4925 2124 4996">
     <span class='ocr_line' id='line_1_97' title="bbox 547 4925 2124 4996; baseline -0.001 -14"><span class='ocrx_word' id='word_1_782' title='bbox 547 4931 602 4983; x_wconf 86' lang='lat' dir='ltr'><strong>in</strong></span> <span class='ocrx_word' id='word_1_783' title='bbox 641 4927 785 4982; x_wconf 88' lang='lat' dir='ltr'><strong>bono</strong></span> <span class='ocrx_word' id='word_1_784' title='bbox 823 4942 1170 4996; x_wconf 88' lang='lat' dir='ltr'><strong>permaneas,</strong></span> <span class='ocrx_word' id='word_1_785' title='bbox 1215 4927 1394 4982; x_wconf 88' lang='lat' dir='ltr'><strong>salvus</strong></span> <span class='ocrx_word' id='word_1_786' title='bbox 1431 4925 1554 4982; x_wconf 90' lang='lat' dir='ltr'><strong>eris.</strong></span> <span class='ocrx_word' id='word_1_787' title='bbox 1590 4925 1670 4980; x_wconf 91' lang='lat' dir='ltr'><strong>Tu</strong></span> <span class='ocrx_word' id='word_1_788' title='bbox 1702 4941 1917 4995; x_wconf 89' lang='lat' dir='ltr'><strong>quoque</strong></span> <span class='ocrx_word' id='word_1_789' title='bbox 1951 4928 2043 4996; x_wconf 91' lang='lat' dir='ltr'><strong>qui</strong></span> <span class='ocrx_word' id='word_1_790' title='bbox 2071 4927 2124 4981; x_wconf 92' lang='lat' dir='ltr'><strong>in</strong></span> 
     </span>
    </p>
   </div>
   <div class='ocr_carea' id='block_1_98' title="bbox 547 5015 2125 5090">
    <p class='ocr_par' dir='ltr' id='par_1_98' title="bbox 547 5015 2125 5090">
     <span class='ocr_line' id='line_1_98' title="bbox 547 5015 2125 5090; baseline 0 -17"><span class='ocrx_word' id='word_1_791' title='bbox 547 5024 769 5090; x_wconf 76' lang='lat' dir='ltr'><strong>peccato</strong></span> <span class='ocrx_word' id='word_1_792' title='bbox 797 5017 1174 5086; x_wconf 86' lang='lat' dir='ltr'><strong>desperatione</strong></span> <span class='ocrx_word' id='word_1_793' title='bbox 1198 5033 1336 5072; x_wconf 89' lang='lat' dir='ltr'><strong>vana</strong></span> <span class='ocrx_word' id='word_1_794' title='bbox 1365 5017 1688 5083; x_wconf 89' lang='lat' dir='ltr'><strong>concuteris,</strong></span> <span class='ocrx_word' id='word_1_795' title='bbox 1720 5017 1864 5072; x_wconf 88' lang='lat' dir='ltr'><strong>disce</strong></span> <span class='ocrx_word' id='word_1_796' title='bbox 1895 5033 1926 5072; x_wconf 92' lang='lat' dir='ltr'><strong>a</strong></span> <span class='ocrx_word' id='word_1_797' title='bbox 1957 5015 2125 5074; x_wconf 87' lang='lat' dir='ltr'><strong>Paulo</strong></span> 
     </span>
    </p>
   </div>
   <div class='ocr_carea' id='block_1_99' title="bbox 546 5107 2127 5178">
    <p class='ocr_par' dir='ltr' id='par_1_99' title="bbox 546 5107 2127 5178">
     <span class='ocr_line' id='line_1_99' title="bbox 546 5107 2127 5178; baseline 0.001 -16"><span class='ocrx_word' id='word_1_798' title='bbox 546 5107 814 5178; x_wconf 82' lang='lat' dir='ltr'><strong>apostolo,</strong></span> <span class='ocrx_word' id='word_1_799' title='bbox 848 5108 968 5175; x_wconf 89' lang='lat' dir='ltr'><strong>quis</strong></span> <span class='ocrx_word' id='word_1_800' title='bbox 1003 5123 1238 5177; x_wconf 90' lang='lat' dir='ltr'><strong>unquam</strong></span> <span class='ocrx_word' id='word_1_801' title='bbox 1265 5123 1364 5178; x_wconf 89' lang='lat' dir='ltr'><strong>par</strong></span> <span class='ocrx_word' id='word_1_802' title='bbox 1390 5107 1505 5177; x_wconf 88' lang='lat' dir='ltr'><strong>ejus</strong></span> <span class='ocrx_word' id='word_1_803' title='bbox 1532 5109 1708 5178; x_wconf 89' lang='lat' dir='ltr'><strong>potuit</strong></span> <span class='ocrx_word' id='word_1_804' title='bbox 1731 5109 2023 5164; x_wconf 88' lang='lat' dir='ltr'><strong>sceleribus</strong></span> <span class='ocrx_word' id='word_1_805' title='bbox 2046 5110 2127 5164; x_wconf 91' lang='lat' dir='ltr'><strong>in-</strong></span> 
     </span>
    </p>
   </div>
   <div class='ocr_carea' id='block_1_100' title="bbox 546 5197 2126 5271">
    <p class='ocr_par' dir='ltr' id='par_1_100' title="bbox 546 5197 2126 5271">
     <span class='ocr_line' id='line_1_100' title="bbox 546 5197 2126 5271; baseline 0.003 -17"><span class='ocrx_word' id='word_1_806' title='bbox 546 5198 752 5254; x_wconf 86' lang='lat' dir='ltr'><strong>veniri?</strong></span> <span class='ocrx_word' id='word_1_807' title='bbox 768 5197 1014 5266; x_wconf 88' lang='lat' dir='ltr'><strong>Nunquid</strong></span> <span class='ocrx_word' id='word_1_808' title='bbox 1035 5206 1092 5252; x_wconf 87' lang='lat' dir='ltr'><strong>tu</strong></span> <span class='ocrx_word' id='word_1_809' title='bbox 1108 5199 1394 5268; x_wconf 89' lang='lat' dir='ltr'><strong>aliquando</strong></span> <span class='ocrx_word' id='word_1_810' title='bbox 1417 5199 1599 5270; x_wconf 87' lang='lat' dir='ltr'><strong>pejora</strong></span> <span class='ocrx_word' id='word_1_811' title='bbox 1623 5201 1843 5270; x_wconf 89' lang='lat' dir='ltr'><strong>potuisti</strong></span> <span class='ocrx_word' id='word_1_812' title='bbox 1864 5216 2023 5271; x_wconf 86' lang='lat' dir='ltr'><strong>quam</strong></span> <span class='ocrx_word' id='word_1_813' title='bbox 2039 5202 2126 5258; x_wconf 88' lang='lat' dir='ltr'><strong>ille</strong></span> 
     </span>
    </p>
   </div>
   <div class='ocr_carea' id='block_1_101' title="bbox 547 5290 2128 5364">
    <p class='ocr_par' dir='ltr' id='par_1_101' title="bbox 547 5290 2128 5364">
     <span class='ocr_line' id='line_1_101' title="bbox 547 5290 2128 5364; baseline 0 -16"><span class='ocrx_word' id='word_1_814' title='bbox 547 5291 816 5348; x_wconf 47' lang='lat' dir='ltr'><strong>commisit</strong></span> <span class='ocrx_word' id='word_1_815' title='bbox 859 5297 1173 5361; x_wconf 88' lang='lat' dir='ltr'><strong>perpetrare</strong></span> <span class='ocrx_word' id='word_1_816' title='bbox 1201 5292 1454 5360; x_wconf 72' lang='lat' dir='ltr'><strong>peccata!</strong></span> <span class='ocrx_word' id='word_1_817' title='bbox 1490 5290 1559 5344; x_wconf 85' lang='lat' dir='ltr'><strong>Et</strong></span> <span class='ocrx_word' id='word_1_818' title='bbox 1597 5299 1776 5347; x_wconf 89' lang='lat' dir='ltr'><strong>tamen</strong></span> <span class='ocrx_word' id='word_1_819' title='bbox 1799 5332 1816 5358; x_wconf 92' lang='lat'><strong>,</strong></span> <span class='ocrx_word' id='word_1_820' title='bbox 1841 5293 1966 5362; x_wconf 83' lang='lat' dir='ltr'><strong>quia</strong></span> <span class='ocrx_word' id='word_1_821' title='bbox 1995 5309 2128 5364; x_wconf 85' lang='lat' dir='ltr'><strong>prac-</strong></span> 
     </span>
    </p>
   </div>
   <div class='ocr_carea' id='block_1_102' title="bbox 621 5491 1477 5562">
    <p class='ocr_par' dir='ltr' id='par_1_102' title="bbox 621 5491 1477 5562">
     <span class='ocr_line' id='line_1_102' title="bbox 621 5491 1477 5562; baseline -0.004 -15"><span class='ocrx_word' id='word_1_822' title='bbox 621 5505 645 5530; x_wconf 75' lang='grc' dir='ltr'><strong>ε·</strong></span> <span class='ocrx_word' id='word_1_823' title='bbox 668 5491 768 5547; x_wconf 82' lang='lat' dir='ltr'><strong>Ms.</strong></span> <span class='ocrx_word' id='word_1_824' title='bbox 792 5491 1076 5562; x_wconf 81' lang='lat' dir='ltr'><strong>Augiense,</strong></span> <span class='ocrx_word' id='word_1_825' title='bbox 1108 5491 1228 5546; x_wconf 83' lang='lat' dir='ltr'><strong>boni</strong></span> <span class='ocrx_word' id='word_1_826' title='bbox 1254 5499 1313 5562; x_wconf 60' lang='lat' dir='ltr'><strong>et:</strong></span> <span class='ocrx_word' id='word_1_827' title='bbox 1333 5491 1477 5545; x_wconf 76' lang='lat' dir='ltr'><strong>mali.</strong></span> 
     </span>
    </p>
   </div>
   <div class='ocr_carea' id='block_1_103' title="bbox 621 5560 1559 5634">
    <p class='ocr_par' dir='ltr' id='par_1_103' title="bbox 621 5560 1559 5634">
     <span class='ocr_line' id='line_1_103' title="bbox 621 5560 1559 5634; baseline -0.004 -17"><span class='ocrx_word' id='word_1_828' title='bbox 621 5564 648 5602; x_wconf 71' lang='grc' dir='ltr'>ιι</span> <span class='ocrx_word' id='word_1_829' title='bbox 670 5562 768 5634; x_wconf 60' lang='lat' dir='ltr'><strong>bis.</strong></span> <span class='ocrx_word' id='word_1_830' title='bbox 798 5560 958 5634; x_wconf 79' lang='lat' dir='ltr'><strong>idem,</strong></span> <span class='ocrx_word' id='word_1_831' title='bbox 985 5563 1105 5634; x_wconf 83' lang='lat' dir='ltr'><strong>quia</strong></span> <span class='ocrx_word' id='word_1_832' title='bbox 1124 5577 1248 5634; x_wconf 76' lang='lat' dir='ltr'><strong>quos</strong></span> <span class='ocrx_word' id='word_1_833' title='bbox 1281 5560 1436 5634; x_wconf 79' lang='lat' dir='ltr'><strong>Deus,</strong></span> <span class='ocrx_word' id='word_1_834' title='bbox 1455 5571 1559 5616; x_wconf 89' lang='lat' dir='ltr'><strong>etc.</strong></span> 
     </span>
    </p>
   </div>
   <div class='ocr_carea' id='block_1_104' title="bbox 621 5630 2127 5704">
    <p class='ocr_par' dir='ltr' id='par_1_104' title="bbox 621 5630 2127 5704">
     <span class='ocr_line' id='line_1_104' title="bbox 621 5630 2127 5704; baseline 0.001 -17"><span class='ocrx_word' id='word_1_835' title='bbox 621 5643 648 5673; x_wconf 70' lang='grc' dir='ltr'><strong>α</strong></span> <span class='ocrx_word' id='word_1_836' title='bbox 676 5630 773 5687; x_wconf 79' lang='lat' dir='ltr'><strong>Ms.</strong></span> <span class='ocrx_word' id='word_1_837' title='bbox 803 5633 962 5698; x_wconf 88' lang='lat' dir='ltr'><strong>idem,</strong></span> <span class='ocrx_word' id='word_1_838' title='bbox 986 5630 1245 5704; x_wconf 73' lang='lat' dir='ltr'><strong>nunquam</strong></span> <span class='ocrx_word' id='word_1_839' title='bbox 1273 5632 1445 5700; x_wconf 81' lang='lat' dir='ltr'><strong>utique</strong></span> <span class='ocrx_word' id='word_1_840' title='bbox 1473 5647 1695 5687; x_wconf 83' lang='lat' dir='ltr'><strong>corrues.</strong></span> <span class='ocrx_word' id='word_1_841' title='bbox 1725 5631 1909 5703; x_wconf 82' lang='lat' dir='ltr'><strong>Utique</strong></span> <span class='ocrx_word' id='word_1_842' title='bbox 1927 5632 1991 5687; x_wconf 84' lang='lat' dir='ltr'><strong>de</strong></span> <span class='ocrx_word' id='word_1_843' title='bbox 2018 5631 2127 5688; x_wconf 87' lang='lat' dir='ltr'><strong>Deo</strong></span> 
     </span>
    </p>
   </div>
   <div class='ocr_carea' id='block_1_105' title="bbox 2227 4559 3772 4645">
    <p class='ocr_par' dir='ltr' id='par_1_105' title="bbox 2227 4559 3772 4645">
     <span class='ocr_line' id='line_1_105' title="bbox 2227 4559 3772 4645; baseline -0.01 -27"><span class='ocrx_word' id='word_1_844' title='bbox 2227 4581 2322 4621; x_wconf 87' lang='lat' dir='ltr'><strong>vas</strong></span> <span class='ocrx_word' id='word_1_845' title='bbox 2349 4563 2628 4645; x_wconf 70' lang='lat' dir='ltr'><strong>electiqnis</strong></span> <span class='ocrx_word' id='word_1_846' title='bbox 2665 4578 2814 4618; x_wconf 80' lang='lat' dir='ltr'><strong>suam</strong></span> <span class='ocrx_word' id='word_1_847' title='bbox 2853 4577 2912 4617; x_wconf 89' lang='lat' dir='ltr'><strong>se</strong></span> <span class='ocrx_word' id='word_1_848' title='bbox 2949 4569 3152 4616; x_wconf 88' lang='lat' dir='ltr'><strong>asserat</strong></span> <span class='ocrx_word' id='word_1_849' title='bbox 3192 4560 3433 4630; x_wconf 89' lang='lat' dir='ltr'><strong>potuisse</strong></span> <span class='ocrx_word' id='word_1_850' title='bbox 3473 4559 3772 4612; x_wconf 83' lang='lat' dir='ltr'><strong>voluntatem</strong></span> 
     </span>
    </p>
   </div>
   <div class='ocr_carea' id='block_1_106' title="bbox 2229 4639 3774 4726">
    <p class='ocr_par' dir='ltr' id='par_1_106' title="bbox 2229 4639 3774 4726">
     <span class='ocr_line' id='line_1_106' title="bbox 2229 4639 3774 4726; baseline -0.008 -18"><span class='ocrx_word' id='word_1_851' title='bbox 2229 4656 2484 4726; x_wconf 87' lang='lat' dir='ltr'><strong>implere?</strong></span> <span class='ocrx_word' id='word_1_852' title='bbox 2515 4639 2648 4710; x_wconf 84' lang='lat' dir='ltr'><strong>Dicit</strong></span> <span class='ocrx_word' id='word_1_853' title='bbox 2669 4655 2810 4710; x_wconf 88' lang='lat' dir='ltr'><strong>enim</strong></span> <span class='ocrx_word' id='word_1_854' title='bbox 2841 4654 2907 4709; x_wconf 89' lang='lat' dir='ltr'><strong>de</strong></span> <span class='ocrx_word' id='word_1_855' title='bbox 2928 4669 2985 4708; x_wconf 91' lang='lat' dir='ltr'><strong>se</strong></span> <span class='ocrx_word' id='word_1_856' title='bbox 3006 4653 3122 4724; x_wconf 90' lang='lat' dir='ltr'><strong>ipso</strong></span> <span class='ocrx_word' id='word_1_857' title='bbox 3152 4652 3440 4721; x_wconf 87' lang='lat' dir='ltr'><strong>Apostolus</strong></span> <span class='ocrx_word' id='word_1_858' title='bbox 3471 4669 3484 4704; x_wconf 87' lang='lat'><strong>:</strong></span> <span class='ocrx_word' id='word_1_859' title='bbox 3522 4647 3637 4702; x_wconf 87' lang='lat' dir='ltr'><strong>Non</strong></span> <span class='ocrx_word' id='word_1_860' title='bbox 3657 4639 3774 4716; x_wconf 76' lang='lat' dir='ltr'><strong>quod</strong></span> 
     </span>
    </p>
   </div>
   <div class='ocr_carea' id='block_1_107' title="bbox 2227 4733 3776 4816">
    <p class='ocr_par' dir='ltr' id='par_1_107' title="bbox 2227 4733 3776 4816">
     <span class='ocr_line' id='line_1_107' title="bbox 2227 4733 3776 4816; baseline -0.01 -16"><span class='ocrx_word' id='word_1_861' title='bbox 2227 4747 2340 4800; x_wconf 80' lang='lat' dir='ltr'><strong>volo</strong></span> <span class='ocrx_word' id='word_1_862' title='bbox 2365 4744 2549 4800; x_wconf 86' lang='lat' dir='ltr'><strong>bonum</strong></span> <span class='ocrx_word' id='word_1_863' title='bbox 2587 4746 2681 4799; x_wconf 86' lang='lat' dir='ltr'><strong>hoc</strong></span> <span class='ocrx_word' id='word_1_864' title='bbox 2709 4761 2829 4816; x_wconf 89' lang='lat' dir='ltr'><strong>ago,</strong></span> <span class='ocrx_word' id='word_1_865' title='bbox 2857 4743 2947 4798; x_wconf 84' lang='lat' dir='ltr'><strong>sed</strong></span> <span class='ocrx_word' id='word_1_866' title='bbox 2969 4743 3104 4815; x_wconf 86' lang='lat' dir='ltr'><strong>quod</strong></span> <span class='ocrx_word' id='word_1_867' title='bbox 3131 4742 3252 4796; x_wconf 83' lang='lat' dir='ltr'><strong>nolo</strong></span> <span class='ocrx_word' id='word_1_868' title='bbox 3285 4741 3477 4796; x_wconf 87' lang='lat' dir='ltr'><strong>malum</strong></span> <span class='ocrx_word' id='word_1_869' title='bbox 3513 4737 3638 4794; x_wconf 81' lang='lat' dir='ltr'><strong>illud</strong></span> <span class='ocrx_word' id='word_1_870' title='bbox 3655 4733 3776 4807; x_wconf 78' lang='lat' dir='ltr'><strong>facio</strong></span> 
     </span>
    </p>
   </div>
   <div class='ocr_carea' id='block_1_108' title="bbox 2231 4830 3774 4910">
    <p class='ocr_par' dir='ltr' id='par_1_108' title="bbox 2231 4830 3774 4910">
     <span class='ocr_line' id='line_1_108' title="bbox 2231 4830 3774 4910; baseline -0.009 -19"><span class='ocrx_word' id='word_1_871' title='bbox 2231 4837 2407 4910; x_wconf 84' lang='lat' dir='ltr'><strong>(Rom.</strong></span> <span class='ocrx_word' id='word_1_872' title='bbox 2439 4853 2529 4900; x_wconf 87' lang='lat' dir='ltr'><strong>vn,</strong></span> <span class='ocrx_word' id='word_1_873' title='bbox 2560 4835 2670 4905; x_wconf 80' lang='grc'><strong>19).</strong></span> <span class='ocrx_word' id='word_1_874' title='bbox 2711 4835 2768 4890; x_wconf 91' lang='lat' dir='ltr'><strong>Si</strong></span> <span class='ocrx_word' id='word_1_875' title='bbox 2796 4849 2924 4905; x_wconf 83' lang='lat' dir='ltr'><strong>ergo</strong></span> <span class='ocrx_word' id='word_1_876' title='bbox 2963 4834 3250 4904; x_wconf 86' lang='lat' dir='ltr'><strong>Apostolus</strong></span> <span class='ocrx_word' id='word_1_877' title='bbox 3278 4833 3422 4902; x_wconf 90' lang='lat' dir='ltr'><strong>quod</strong></span> <span class='ocrx_word' id='word_1_878' title='bbox 3448 4832 3559 4887; x_wconf 85' lang='lat' dir='ltr'><strong>vult</strong></span> <span class='ocrx_word' id='word_1_879' title='bbox 3595 4830 3774 4884; x_wconf 85' lang='lat' dir='ltr'><strong>bonum</strong></span> 
     </span>
    </p>
   </div>
   <div class='ocr_carea' id='block_1_109' title="bbox 2227 4922 3776 4997">
    <p class='ocr_par' dir='ltr' id='par_1_109' title="bbox 2227 4922 3776 4997">
     <span class='ocr_line' id='line_1_109' title="bbox 2227 4922 3776 4997; baseline -0.009 -13"><span class='ocrx_word' id='word_1_880' title='bbox 2227 4929 2448 4997; x_wconf 90' lang='lat' dir='ltr'><strong>implere</strong></span> <span class='ocrx_word' id='word_1_881' title='bbox 2477 4943 2584 4982; x_wconf 90' lang='lat' dir='ltr'><strong>non</strong></span> <span class='ocrx_word' id='word_1_882' title='bbox 2615 4925 2881 4997; x_wconf 61' lang='lat' dir='ltr'><strong>praevalet,</strong></span> <span class='ocrx_word' id='word_1_883' title='bbox 2923 4923 3193 4994; x_wconf 88' lang='lat' dir='ltr'><strong>quomodo</strong></span> <span class='ocrx_word' id='word_1_884' title='bbox 3233 4924 3318 4978; x_wconf 91' lang='lat' dir='ltr'><strong>isti</strong></span> <span class='ocrx_word' id='word_1_885' title='bbox 3363 4922 3544 4979; x_wconf 87' lang='lat' dir='ltr'><strong>dicunt</strong></span> <span class='ocrx_word' id='word_1_886' title='bbox 3577 4933 3670 4990; x_wconf 81' lang='lat' dir='ltr'><strong>per</strong></span> <span class='ocrx_word' id='word_1_887' title='bbox 3691 4928 3776 4968; x_wconf 46' lang='lat' dir='ltr'><strong>vo‘</strong></span> 
     </span>
    </p>
   </div>
   <div class='ocr_carea' id='block_1_110' title="bbox 2227 5003 3778 5082">
    <p class='ocr_par' dir='ltr' id='par_1_110' title="bbox 2227 5003 3778 5082">
     <span class='ocr_line' id='line_1_110' title="bbox 2227 5003 3778 5082; baseline -0.01 -8"><span class='ocrx_word' id='word_1_888' title='bbox 2227 5020 2485 5074; x_wconf 90' lang='lat' dir='ltr'><strong>luntatem</strong></span> <span class='ocrx_word' id='word_1_889' title='bbox 2533 5032 2686 5072; x_wconf 92' lang='lat' dir='ltr'><strong>suam</strong></span> <span class='ocrx_word' id='word_1_890' title='bbox 2731 5015 2798 5070; x_wconf 90' lang='lat' dir='ltr'><strong>ad</strong></span> <span class='ocrx_word' id='word_1_891' title='bbox 2845 5014 3073 5070; x_wconf 84' lang='lat' dir='ltr'><strong>fructum</strong></span> <span class='ocrx_word' id='word_1_892' title='bbox 3119 5029 3180 5069; x_wconf 89' lang='lat' dir='ltr'><strong>se</strong></span> <span class='ocrx_word' id='word_1_893' title='bbox 3210 5023 3233 5052; x_wconf 73' lang='grc' dir='ltr'><strong>ε</strong></span> <span class='ocrx_word' id='word_1_894' title='bbox 3275 5015 3461 5082; x_wconf 79' lang='lat' dir='ltr'><strong>gratia:</strong></span> <span class='ocrx_word' id='word_1_895' title='bbox 3486 5003 3778 5082; x_wconf 82' lang='lat' dir='ltr'><strong>pervenire?</strong></span> 
     </span>
    </p>
   </div>
   <div class='ocr_carea' id='block_1_111' title="bbox 2229 5097 3781 5180">
    <p class='ocr_par' dir='ltr' id='par_1_111' title="bbox 2229 5097 3781 5180">
     <span class='ocr_line' id='line_1_111' title="bbox 2229 5097 3781 5180; baseline -0.008 -15"><span class='ocrx_word' id='word_1_896' title='bbox 2229 5109 2472 5180; x_wconf 85' lang='lat' dir='ltr'><strong>Apostoli</strong></span> <span class='ocrx_word' id='word_1_897' title='bbox 2500 5109 2661 5164; x_wconf 88' lang='lat' dir='ltr'><strong>verba</strong></span> <span class='ocrx_word' id='word_1_898' title='bbox 2697 5114 2840 5172; x_wconf 91' lang='lat' dir='ltr'><strong>sunt,</strong></span> <span class='ocrx_word' id='word_1_899' title='bbox 2868 5115 3110 5161; x_wconf 87' lang='lat' dir='ltr'><strong>nostrum</strong></span> <span class='ocrx_word' id='word_1_900' title='bbox 3138 5105 3270 5160; x_wconf 88' lang='lat' dir='ltr'><strong>nihil</strong></span> <span class='ocrx_word' id='word_1_901' title='bbox 3298 5104 3643 5174; x_wconf 74' lang='lat' dir='ltr'><strong>adiungimus.</strong></span> <span class='ocrx_word' id='word_1_902' title='bbox 3672 5097 3781 5166; x_wconf 77' lang='lat' dir='ltr'><strong>Ipse</strong></span> 
     </span>
    </p>
   </div>
   <div class='ocr_carea' id='block_1_112' title="bbox 2227 5183 3778 5270">
    <p class='ocr_par' dir='ltr' id='par_1_112' title="bbox 2227 5183 3778 5270">
     <span class='ocr_line' id='line_1_112' title="bbox 2227 5183 3778 5270; baseline -0.012 -14"><span class='ocrx_word' id='word_1_903' title='bbox 2227 5201 2294 5256; x_wconf 90' lang='lat' dir='ltr'><strong>dc</strong></span> <span class='ocrx_word' id='word_1_904' title='bbox 2314 5217 2373 5255; x_wconf 90' lang='lat' dir='ltr'><strong>se</strong></span> <span class='ocrx_word' id='word_1_905' title='bbox 2397 5199 2524 5255; x_wconf 91' lang='lat' dir='ltr'><strong>dicit</strong></span> <span class='ocrx_word' id='word_1_906' title='bbox 2557 5217 2570 5252; x_wconf 92' lang='lat'>:</span> <span class='ocrx_word' id='word_1_907' title='bbox 2603 5196 2726 5252; x_wconf 83' lang='lat' dir='ltr'><strong>Non</strong></span> <span class='ocrx_word' id='word_1_908' title='bbox 2753 5197 2890 5270; x_wconf 85' lang='lat' dir='ltr'><strong>quod</strong></span> <span class='ocrx_word' id='word_1_909' title='bbox 2916 5196 3028 5252; x_wconf 84' lang='lat' dir='ltr'><strong>volo</strong></span> <span class='ocrx_word' id='word_1_910' title='bbox 3059 5196 3247 5251; x_wconf 86' lang='lat' dir='ltr'><strong>bonum</strong></span> <span class='ocrx_word' id='word_1_911' title='bbox 3274 5195 3371 5250; x_wconf 81' lang='lat' dir='ltr'><strong>hoc</strong></span> <span class='ocrx_word' id='word_1_912' title='bbox 3398 5211 3515 5266; x_wconf 87' lang='lat' dir='ltr'><strong>ago,</strong></span> <span class='ocrx_word' id='word_1_913' title='bbox 3549 5191 3634 5248; x_wconf 82' lang='lat' dir='ltr'><strong>sed</strong></span> <span class='ocrx_word' id='word_1_914' title='bbox 3658 5183 3778 5260; x_wconf 74' lang='lat' dir='ltr'><strong>quod</strong></span> 
     </span>
    </p>
   </div>
   <div class='ocr_carea' id='block_1_113' title="bbox 2227 5283 3875 5361">
    <p class='ocr_par' dir='ltr' id='par_1_113' title="bbox 2227 5283 3875 5361">
     <span class='ocr_line' id='line_1_113' title="bbox 2227 5283 3875 5361; baseline -0.007 -15"><span class='ocrx_word' id='word_1_915' title='bbox 2227 5292 2348 5346; x_wconf 80' lang='lat' dir='ltr'><strong>uolo</strong></span> <span class='ocrx_word' id='word_1_916' title='bbox 2372 5290 2561 5345; x_wconf 87' lang='lat' dir='ltr'><strong>malum</strong></span> <span class='ocrx_word' id='word_1_917' title='bbox 2590 5289 2721 5344; x_wconf 85' lang='lat' dir='ltr'><strong>illud</strong></span> <span class='ocrx_word' id='word_1_918' title='bbox 2742 5290 2897 5361; x_wconf 77' lang='lat' dir='ltr'><strong>facio.</strong></span> <span class='ocrx_word' id='word_1_919' title='bbox 2923 5286 2990 5342; x_wconf 88' lang='lat' dir='ltr'><strong>Et</strong></span> <span class='ocrx_word' id='word_1_920' title='bbox 3011 5303 3112 5344; x_wconf 91' lang='lat' dir='ltr'><strong>nos</strong></span> <span class='ocrx_word' id='word_1_921' title='bbox 3129 5287 3380 5358; x_wconf 87' lang='lat' dir='ltr'><strong>culpatis,</strong></span> <span class='ocrx_word' id='word_1_922' title='bbox 3404 5287 3526 5357; x_wconf 85' lang='lat' dir='ltr'><strong>quia</strong></span> <span class='ocrx_word' id='word_1_923' title='bbox 3553 5283 3777 5341; x_wconf 69' lang='lat' dir='ltr'><strong>dicimus,</strong></span> <span class='ocrx_word' id='word_1_924' title='bbox 3874 5329 3875 5334; x_wconf 46' lang='grc' dir='ltr'><strong>η</strong></span> 
     </span>
    </p>
   </div>
   <div class='ocr_carea' id='block_1_114' title="bbox 2231 5495 2600 5550">
    <p class='ocr_par' dir='ltr' id='par_1_114' title="bbox 2231 5495 2600 5550">
     <span class='ocr_line' id='line_1_114' title="bbox 2231 5495 2600 5550; baseline -0.008 0"><span class='ocrx_word' id='word_1_925' title='bbox 2231 5495 2398 5550; x_wconf 76' lang='lat' dir='ltr'><strong>securi</strong></span> <span class='ocrx_word' id='word_1_926' title='bbox 2422 5500 2600 5548; x_wconf 84' lang='lat' dir='ltr'><strong>estote.</strong></span> 
     </span>
    </p>
   </div>
   <div class='ocr_carea' id='block_1_115' title="bbox 2259 5559 3356 5630">
    <p class='ocr_par' dir='ltr' id='par_1_115' title="bbox 2259 5559 3356 5630">
     <span class='ocr_line' id='line_1_115' title="bbox 2259 5559 3356 5630; baseline -0.005 -14"><span class='ocrx_word' id='word_1_927' title='bbox 2259 5590 2268 5598; x_wconf 70' lang='grc' dir='ltr'><strong><em>ο</em></strong></span> <span class='ocrx_word' id='word_1_928' title='bbox 2302 5563 2328 5601; x_wconf 72' lang='grc' dir='ltr'><strong><em>ἀ</em></strong></span> <span class='ocrx_word' id='word_1_929' title='bbox 2361 5563 2456 5618; x_wconf 85' lang='lat' dir='ltr'><strong>Ms.</strong></span> <span class='ocrx_word' id='word_1_930' title='bbox 2491 5564 2649 5624; x_wconf 90' lang='lat' dir='ltr'><strong>idem,</strong></span> <span class='ocrx_word' id='word_1_931' title='bbox 2679 5559 2749 5614; x_wconf 83' lang='lat' dir='ltr'><strong>ad</strong></span> <span class='ocrx_word' id='word_1_932' title='bbox 2773 5575 2998 5630; x_wconf 76' lang='lat' dir='ltr'><strong>superna</strong></span> <span class='ocrx_word' id='word_1_933' title='bbox 3018 5559 3356 5630; x_wconf 75' lang='lat' dir='ltr'><strong>superiorum.</strong></span> 
     </span>
    </p>
   </div>
   <div class='ocr_carea' id='block_1_116' title="bbox 2308 5627 3354 5702">
    <p class='ocr_par' dir='ltr' id='par_1_116' title="bbox 2308 5627 3354 5702">
     <span class='ocr_line' id='line_1_116' title="bbox 2308 5627 3354 5702; baseline -0.004 -16"><span class='ocrx_word' id='word_1_934' title='bbox 2308 5643 2331 5672; x_wconf 73' lang='grc' dir='ltr'><strong>ε</strong></span> <span class='ocrx_word' id='word_1_935' title='bbox 2361 5631 2458 5687; x_wconf 83' lang='lat' dir='ltr'><strong>Ms.</strong></span> <span class='ocrx_word' id='word_1_936' title='bbox 2490 5631 2647 5696; x_wconf 89' lang='lat' dir='ltr'><strong>idem,</strong></span> <span class='ocrx_word' id='word_1_937' title='bbox 2687 5627 2844 5700; x_wconf 74' lang='lat' dir='ltr'><strong>posse</strong></span> <span class='ocrx_word' id='word_1_938' title='bbox 2862 5629 3048 5702; x_wconf 69' lang='lat' dir='ltr'><strong>gratia</strong></span> <span class='ocrx_word' id='word_1_939' title='bbox 3074 5627 3354 5698; x_wconf 77' lang='lat' dir='ltr'><strong>pervenire.</strong></span> 
     </span>
    </p>
   </div>
   <div class='ocr_carea' id='block_1_117' title="bbox 3873 483 3877 1084">
    <p class='ocr_par' dir='ltr' id='par_1_117' title="bbox 3873 657 3875 1084">
     <span class='ocr_line' id='line_1_117' title="bbox 3873 657 3875 676; baseline 0 0"><span class='ocrx_word' id='word_1_940' title='bbox 3873 657 3875 676; x_wconf 87' lang='grc'><strong>1</strong></span> 
     </span>
     <span class='ocr_line' id='line_1_118' title="bbox 3874 713 3875 736; baseline 0 0"><span class='ocrx_word' id='word_1_941' title='bbox 3874 713 3875 736; x_wconf 98' lang='grc'><strong>1</strong></span> 
     </span>
     <span class='ocr_line' id='line_1_119' title="bbox 3874 903 3875 920; baseline 0 0"><span class='ocrx_word' id='word_1_942' title='bbox 3874 903 3875 920; x_wconf 71' lang='grc'><strong>1</strong></span> 
     </span>
     <span class='ocr_line' id='line_1_120' title="bbox 3874 1057 3875 1084; baseline 0 0"><span class='ocrx_word' id='word_1_943' title='bbox 3874 1057 3875 1084; x_wconf 98' lang='grc'><strong>1</strong></span> 
     </span>
    </p>
   </div>
   <div class='ocr_carea' id='block_1_118' title="bbox 3870 483 3879 2242">
    <p class='ocr_par' dir='ltr' id='par_1_118' title="bbox 3873 657 3875 1206">
     <span class='ocr_line' id='line_1_121' title="bbox 3873 657 3875 676; baseline 0 0"><span class='ocrx_word' id='word_1_944' title='bbox 3873 657 3875 676; x_wconf 87' lang='grc'><strong>1</strong></span> 
     </span>
     <span class='ocr_line' id='line_1_122' title="bbox 3874 713 3875 736; baseline 0 0"><span class='ocrx_word' id='word_1_945' title='bbox 3874 713 3875 736; x_wconf 98' lang='grc'><strong>1</strong></span> 
     </span>
     <span class='ocr_line' id='line_1_123' title="bbox 3874 903 3875 920; baseline 0 0"><span class='ocrx_word' id='word_1_946' title='bbox 3874 903 3875 920; x_wconf 71' lang='grc'><strong>1</strong></span> 
     </span>
     <span class='ocr_line' id='line_1_124' title="bbox 3874 1057 3875 1084; baseline 0 0"><span class='ocrx_word' id='word_1_947' title='bbox 3874 1057 3875 1084; x_wconf 98' lang='grc'><strong>1</strong></span> 
     </span>
     <span class='ocr_line' id='line_1_125' title="bbox 3874 1179 3875 1206; baseline 0 0"><span class='ocrx_word' id='word_1_948' title='bbox 3874 1179 3875 1206; x_wconf 98' lang='grc'><strong>1</strong></span> 
     </span>
    </p>
   </div>
  </div>
