  <div class='ocr_page' id='page_1' title='image "/cluster/home/n/w/nwhite01/storage/ocr_20150623/53/hvd.32044073505091/320.png"; bbox 0 0 3884 6184; ppageno 0'>
   <div class='ocr_carea' id='block_1_1' title="bbox 211 354 309 409">
    <p class='ocr_par' dir='ltr' id='par_1_1' title="bbox 211 354 309 409">
     <span class='ocr_line' id='line_1_1' title="bbox 211 354 309 409; baseline 0 0"><span class='ocrx_word' id='word_1_1' title='bbox 211 354 309 409; x_wconf 66' lang='lat'><strong>625</strong></span> 
     </span>
    </p>
   </div>
   <div class='ocr_carea' id='block_1_2' title="bbox 665 320 3034 431">
    <p class='ocr_par' dir='ltr' id='par_1_2' title="bbox 665 320 3034 431">
     <span class='ocr_line' id='line_1_2' title="bbox 665 320 3034 431; baseline 0.005 -24"><span class='ocrx_word' id='word_1_2' title='bbox 665 320 1255 412; x_wconf 56' lang='lat' dir='ltr'><strong>rnmnssrmuus</strong></span> <span class='ocrx_word' id='word_1_3' title='bbox 1290 355 1440 413; x_wconf 78' lang='lat' dir='ltr'><strong>SlVE</strong></span> <span class='ocrx_word' id='word_1_4' title='bbox 1476 355 2172 416; x_wconf 57' lang='lat' dir='ltr'><strong>pnmnssrmronuu</strong></span> <span class='ocrx_word' id='word_1_5' title='bbox 2212 350 2559 431; x_wconf 55' lang='lat' dir='ltr'><strong>amassis,</strong></span> <span class='ocrx_word' id='word_1_6' title='bbox 2602 366 2756 425; x_wconf 78' lang='lat' dir='ltr'><strong>src.</strong></span> <span class='ocrx_word' id='word_1_7' title='bbox 2800 365 2926 422; x_wconf 78' lang='lat' dir='ltr'><strong>ue.</strong></span> <span class='ocrx_word' id='word_1_8' title='bbox 2969 332 3034 421; x_wconf 77' lang='lat' dir='ltr'><strong>n.</strong></span> 
     </span>
    </p>
   </div>
   <div class='ocr_carea' id='block_1_3' title="bbox 3376 367 3479 423">
    <p class='ocr_par' dir='ltr' id='par_1_3' title="bbox 3376 367 3479 423">
     <span class='ocr_line' id='line_1_3' title="bbox 3376 367 3479 423; baseline 0.019 -2"><span class='ocrx_word' id='word_1_9' title='bbox 3376 367 3479 423; x_wconf 62' lang='lat'><strong>625</strong></span> 
     </span>
    </p>
   </div>
   <div class='ocr_carea' id='block_1_4' title="bbox 213 464 3485 545">
    <p class='ocr_par' dir='ltr' id='par_1_4' title="bbox 213 464 3485 545">
     <span class='ocr_line' id='line_1_4' title="bbox 213 464 3485 545; baseline 0.002 -21"><span class='ocrx_word' id='word_1_10' title='bbox 213 469 322 524; x_wconf 84' lang='lat' dir='ltr'><strong>Non</strong></span> <span class='ocrx_word' id='word_1_11' title='bbox 366 475 624 522; x_wconf 75' lang='lat' dir='ltr'><strong>vocantur</strong></span> <span class='ocrx_word' id='word_1_12' title='bbox 664 465 764 520; x_wconf 86' lang='lat' dir='ltr'><strong>nisi</strong></span> <span class='ocrx_word' id='word_1_13' title='bbox 806 464 1207 535; x_wconf 77' lang='lat' dir='ltr'><strong>przedestinati?</strong></span> <span class='ocrx_word' id='word_1_14' title='bbox 1238 475 1263 504; x_wconf 79' lang='grc' dir='ltr'>ι</span> <span class='ocrx_word' id='word_1_15' title='bbox 1306 466 1590 523; x_wconf 83' lang='lat' dir='ltr'><strong>Antecedit</strong></span> <span class='ocrx_word' id='word_1_16' title='bbox 1645 466 1787 522; x_wconf 92' lang='lat' dir='ltr'><strong>enim</strong></span> <span class='ocrx_word' id='word_1_17' title='bbox 1819 476 1863 527; x_wconf 76' lang='grc' dir='ltr'><strong>Λ</strong></span> <span class='ocrx_word' id='word_1_18' title='bbox 1894 486 2095 540; x_wconf 89' lang='lat' dir='ltr'><strong>ponere</strong></span> <span class='ocrx_word' id='word_1_19' title='bbox 2123 488 2282 542; x_wconf 87' lang='lat' dir='ltr'><strong>posse</strong></span> <span class='ocrx_word' id='word_1_20' title='bbox 2318 474 2571 543; x_wconf 79' lang='lat' dir='ltr'><strong>peccatis.</strong></span> <span class='ocrx_word' id='word_1_21' title='bbox 2620 473 2915 529; x_wconf 78' lang='lat' dir='ltr'><strong>Exclinlitis</strong></span> <span class='ocrx_word' id='word_1_22' title='bbox 2942 475 3084 529; x_wconf 89' lang='lat' dir='ltr'><strong>enim</strong></span> <span class='ocrx_word' id='word_1_23' title='bbox 3123 476 3348 543; x_wconf 75' lang='lat' dir='ltr'><strong>gratiam</strong></span> <span class='ocrx_word' id='word_1_24' title='bbox 3384 492 3485 545; x_wconf 90' lang='lat' dir='ltr'><strong>per</strong></span> 
     </span>
    </p>
   </div>
   <div class='ocr_carea' id='block_1_5' title="bbox 213 555 1785 630">
    <p class='ocr_par' dir='ltr' id='par_1_5' title="bbox 213 555 1785 630">
     <span class='ocr_line' id='line_1_5' title="bbox 213 555 1785 630; baseline -0.003 -15"><span class='ocrx_word' id='word_1_25' title='bbox 213 560 374 630; x_wconf 85' lang='lat' dir='ltr'><strong>gratia</strong></span> <span class='ocrx_word' id='word_1_26' title='bbox 401 557 500 614; x_wconf 86' lang='lat' dir='ltr'><strong>Dei</strong></span> <span class='ocrx_word' id='word_1_27' title='bbox 526 556 855 612; x_wconf 77' lang='lat' dir='ltr'><strong>voluntatem</strong></span> <span class='ocrx_word' id='word_1_28' title='bbox 886 557 1138 611; x_wconf 87' lang='lat' dir='ltr'><strong>hominis.</strong></span> <span class='ocrx_word' id='word_1_29' title='bbox 1170 556 1324 613; x_wconf 84' lang='lat' dir='ltr'><strong>Prior</strong></span> <span class='ocrx_word' id='word_1_30' title='bbox 1352 565 1435 611; x_wconf 88' lang='lat' dir='ltr'><strong>est</strong></span> <span class='ocrx_word' id='word_1_31' title='bbox 1462 557 1604 612; x_wconf 90' lang='lat' dir='ltr'><strong>enim</strong></span> <span class='ocrx_word' id='word_1_32' title='bbox 1646 555 1785 611; x_wconf 85' lang='lat' dir='ltr'><strong>Deus</strong></span> 
     </span>
    </p>
   </div>
   <div class='ocr_carea' id='block_1_6' title="bbox 213 645 1782 716">
    <p class='ocr_par' dir='ltr' id='par_1_6' title="bbox 213 645 1782 716">
     <span class='ocr_line' id='line_1_6' title="bbox 213 645 1782 716; baseline -0.003 -13"><span class='ocrx_word' id='word_1_33' title='bbox 213 650 261 703; x_wconf 91' lang='lat' dir='ltr'><strong>in</strong></span> <span class='ocrx_word' id='word_1_34' title='bbox 282 648 423 702; x_wconf 90' lang='lat' dir='ltr'><strong>bono</strong></span> <span class='ocrx_word' id='word_1_35' title='bbox 453 645 713 711; x_wconf 87' lang='lat' dir='ltr'><strong>hominis;</strong></span> <span class='ocrx_word' id='word_1_36' title='bbox 744 645 908 716; x_wconf 81' lang='lat' dir='ltr'><strong>homo</strong></span> <span class='ocrx_word' id='word_1_37' title='bbox 936 652 1137 711; x_wconf 89' lang='lat' dir='ltr'><strong>autem,</strong></span> <span class='ocrx_word' id='word_1_38' title='bbox 1170 647 1333 701; x_wconf 91' lang='lat' dir='ltr'><strong>etiam</strong></span> <span class='ocrx_word' id='word_1_39' title='bbox 1363 647 1407 701; x_wconf 91' lang='lat' dir='ltr'><strong>si</strong></span> <span class='ocrx_word' id='word_1_40' title='bbox 1431 647 1666 715; x_wconf 89' lang='lat' dir='ltr'><strong>optimus</strong></span> <span class='ocrx_word' id='word_1_41' title='bbox 1694 646 1782 714; x_wconf 88' lang='lat' dir='ltr'><strong>sit,</strong></span> 
     </span>
    </p>
   </div>
   <div class='ocr_carea' id='block_1_7' title="bbox 212 735 1788 807">
    <p class='ocr_par' dir='ltr' id='par_1_7' title="bbox 212 735 1788 807">
     <span class='ocr_line' id='line_1_7' title="bbox 212 735 1788 807; baseline 0 -15"><span class='ocrx_word' id='word_1_42' title='bbox 212 738 262 792; x_wconf 90' lang='lat' dir='ltr'><strong>in</strong></span> <span class='ocrx_word' id='word_1_43' title='bbox 283 736 425 792; x_wconf 89' lang='lat' dir='ltr'><strong>omni</strong></span> <span class='ocrx_word' id='word_1_44' title='bbox 462 736 604 793; x_wconf 89' lang='lat' dir='ltr'><strong>bono</strong></span> <span class='ocrx_word' id='word_1_45' title='bbox 633 736 725 789; x_wconf 91' lang='lat' dir='ltr'><strong>vix</strong></span> <span class='ocrx_word' id='word_1_46' title='bbox 751 735 1071 790; x_wconf 87' lang='lat' dir='ltr'><strong>novissimus</strong></span> <span class='ocrx_word' id='word_1_47' title='bbox 1106 736 1392 790; x_wconf 84' lang='lat' dir='ltr'><strong>invenitur.</strong></span> <span class='ocrx_word' id='word_1_48' title='bbox 1426 736 1559 791; x_wconf 91' lang='lat' dir='ltr'><strong>Date</strong></span> <span class='ocrx_word' id='word_1_49' title='bbox 1586 738 1788 807; x_wconf 86' lang='lat' dir='ltr'><strong>primas</strong></span> 
     </span>
    </p>
   </div>
   <div class='ocr_carea' id='block_1_8' title="bbox 213 825 1787 899">
    <p class='ocr_par' dir='ltr' id='par_1_8' title="bbox 213 825 1787 899">
     <span class='ocr_line' id='line_1_8' title="bbox 213 825 1787 899; baseline 0 -18"><span class='ocrx_word' id='word_1_50' title='bbox 213 835 384 899; x_wconf 89' lang='lat' dir='ltr'><strong>partes</strong></span> <span class='ocrx_word' id='word_1_51' title='bbox 405 825 537 889; x_wconf 90' lang='lat' dir='ltr'><strong>Deo,</strong></span> <span class='ocrx_word' id='word_1_52' title='bbox 578 832 637 880; x_wconf 92' lang='lat' dir='ltr'><strong>ut</strong></span> <span class='ocrx_word' id='word_1_53' title='bbox 657 825 959 894; x_wconf 88' lang='lat' dir='ltr'><strong>superbiam</strong></span> <span class='ocrx_word' id='word_1_54' title='bbox 989 826 1260 881; x_wconf 88' lang='lat' dir='ltr'><strong>evacuetis</strong></span> <span class='ocrx_word' id='word_1_55' title='bbox 1288 826 1599 881; x_wconf 87' lang='lat' dir='ltr'><strong>humanam.</strong></span> <span class='ocrx_word' id='word_1_56' title='bbox 1630 826 1787 894; x_wconf 85' lang='lat' dir='ltr'><strong>Quod</strong></span> 
     </span>
    </p>
   </div>
   <div class='ocr_carea' id='block_1_9' title="bbox 211 917 1788 989">
    <p class='ocr_par' dir='ltr' id='par_1_9' title="bbox 211 917 1788 989">
     <span class='ocr_line' id='line_1_9' title="bbox 211 917 1788 989; baseline -0.001 -14"><span class='ocrx_word' id='word_1_57' title='bbox 211 921 253 975; x_wconf 85' lang='lat' dir='ltr'><strong>si</strong></span> <span class='ocrx_word' id='word_1_58' title='bbox 282 917 555 973; x_wconf 69' lang='lat' dir='ltr'><strong>volueritis</strong></span> <span class='ocrx_word' id='word_1_59' title='bbox 600 917 906 987; x_wconf 87' lang='lat' dir='ltr'><strong>superbiam</strong></span> <span class='ocrx_word' id='word_1_60' title='bbox 950 919 1156 973; x_wconf 86' lang='lat' dir='ltr'><strong>nutrire</strong></span> <span class='ocrx_word' id='word_1_61' title='bbox 1192 919 1515 984; x_wconf 88' lang='lat' dir='ltr'><strong>hominibus,</strong></span> <span class='ocrx_word' id='word_1_62' title='bbox 1564 927 1788 989; x_wconf 81' lang='lat' dir='ltr'><strong>apparet</strong></span> 
     </span>
    </p>
   </div>
   <div class='ocr_carea' id='block_1_10' title="bbox 213 1008 1786 1079">
    <p class='ocr_par' dir='ltr' id='par_1_10' title="bbox 213 1008 1786 1079">
     <span class='ocr_line' id='line_1_10' title="bbox 213 1008 1786 1079; baseline 0.001 -16"><span class='ocrx_word' id='word_1_63' title='bbox 213 1026 301 1064; x_wconf 82' lang='lat' dir='ltr'><strong>vos</strong></span> <span class='ocrx_word' id='word_1_64' title='bbox 326 1010 535 1062; x_wconf 89' lang='lat' dir='ltr'><strong>ruinam</strong></span> <span class='ocrx_word' id='word_1_65' title='bbox 576 1008 787 1076; x_wconf 82' lang='lat' dir='ltr'><strong>generis</strong></span> <span class='ocrx_word' id='word_1_66' title='bbox 815 1008 1032 1062; x_wconf 86' lang='lat' dir='ltr'><strong>humani</strong></span> <span class='ocrx_word' id='word_1_67' title='bbox 1061 1009 1394 1079; x_wconf 86' lang='lat' dir='ltr'><strong>perquirere,</strong></span> <span class='ocrx_word' id='word_1_68' title='bbox 1426 1010 1550 1078; x_wconf 89' lang='lat' dir='ltr'><strong>quia</strong></span> <span class='ocrx_word' id='word_1_69' title='bbox 1580 1010 1786 1067; x_wconf 88' lang='lat' dir='ltr'><strong>docetis</strong></span> 
     </span>
    </p>
   </div>
   <div class='ocr_carea' id='block_1_11' title="bbox 212 1098 1784 1168">
    <p class='ocr_par' dir='ltr' id='par_1_11' title="bbox 212 1098 1784 1168">
     <span class='ocr_line' id='line_1_11' title="bbox 212 1098 1784 1168; baseline 0.002 -15"><span class='ocrx_word' id='word_1_70' title='bbox 212 1102 258 1154; x_wconf 92' lang='lat' dir='ltr'><strong>in</strong></span> <span class='ocrx_word' id='word_1_71' title='bbox 286 1100 424 1154; x_wconf 89' lang='lat' dir='ltr'><strong>bono</strong></span> <span class='ocrx_word' id='word_1_72' title='bbox 454 1113 620 1168; x_wconf 90' lang='lat' dir='ltr'><strong>opere</strong></span> <span class='ocrx_word' id='word_1_73' title='bbox 664 1113 771 1152; x_wconf 92' lang='lat' dir='ltr'><strong>non</strong></span> <span class='ocrx_word' id='word_1_74' title='bbox 801 1098 968 1153; x_wconf 91' lang='lat' dir='ltr'><strong>Deum</strong></span> <span class='ocrx_word' id='word_1_75' title='bbox 1013 1100 1352 1166; x_wconf 86' lang='lat' dir='ltr'><strong>antecedere,</strong></span> <span class='ocrx_word' id='word_1_76' title='bbox 1384 1101 1478 1155; x_wconf 88' lang='lat' dir='ltr'><strong>sed</strong></span> <span class='ocrx_word' id='word_1_77' title='bbox 1507 1102 1784 1157; x_wconf 89' lang='lat' dir='ltr'><strong>hominum</strong></span> 
     </span>
    </p>
   </div>
   <div class='ocr_carea' id='block_1_12' title="bbox 212 1190 1785 1261">
    <p class='ocr_par' dir='ltr' id='par_1_12' title="bbox 212 1190 1785 1261">
     <span class='ocr_line' id='line_1_12' title="bbox 212 1190 1785 1261; baseline 0.004 -17"><span class='ocrx_word' id='word_1_78' title='bbox 212 1192 530 1246; x_wconf 85' lang='lat' dir='ltr'><strong>voluntatem</strong></span> <span class='ocrx_word' id='word_1_79' title='bbox 554 1208 568 1257; x_wconf 92' lang='lat'><strong>;</strong></span> <span class='ocrx_word' id='word_1_80' title='bbox 592 1200 651 1244; x_wconf 92' lang='lat' dir='ltr'><strong>ut</strong></span> <span class='ocrx_word' id='word_1_81' title='bbox 674 1190 771 1261; x_wconf 90' lang='lat' dir='ltr'><strong>ipsi</strong></span> <span class='ocrx_word' id='word_1_82' title='bbox 794 1191 1077 1246; x_wconf 89' lang='lat' dir='ltr'><strong>videantur</strong></span> <span class='ocrx_word' id='word_1_83' title='bbox 1097 1192 1265 1260; x_wconf 86' lang='lat' dir='ltr'><strong>magis</strong></span> <span class='ocrx_word' id='word_1_84' title='bbox 1289 1193 1478 1259; x_wconf 88' lang='lat' dir='ltr'><strong>Deum,</strong></span> <span class='ocrx_word' id='word_1_85' title='bbox 1499 1203 1560 1248; x_wconf 91' lang='lat' dir='ltr'><strong>ut</strong></span> <span class='ocrx_word' id='word_1_86' title='bbox 1583 1194 1785 1251; x_wconf 91' lang='lat' dir='ltr'><strong>bonum</strong></span> 
     </span>
    </p>
   </div>
   <div class='ocr_carea' id='block_1_13' title="bbox 211 1281 1784 1357">
    <p class='ocr_par' dir='ltr' id='par_1_13' title="bbox 211 1281 1784 1357">
     <span class='ocr_line' id='line_1_13' title="bbox 211 1281 1784 1357; baseline 0.006 -23"><span class='ocrx_word' id='word_1_87' title='bbox 211 1282 378 1345; x_wconf 79' lang='lat' dir='ltr'><strong>faciat,</strong></span> <span class='ocrx_word' id='word_1_88' title='bbox 406 1281 520 1336; x_wconf 91' lang='lat' dir='ltr'><strong>suis</strong></span> <span class='ocrx_word' id='word_1_89' title='bbox 547 1282 977 1350; x_wconf 83' lang='lat' dir='ltr'><strong>suggestionibus</strong></span> <span class='ocrx_word' id='word_1_90' title='bbox 1019 1282 1335 1347; x_wconf 84' lang='lat' dir='ltr'><strong>admonere,</strong></span> <span class='ocrx_word' id='word_1_91' title='bbox 1376 1286 1528 1353; x_wconf 88' lang='lat' dir='ltr'><strong>quasi</strong></span> <span class='ocrx_word' id='word_1_92' title='bbox 1561 1288 1652 1357; x_wconf 89' lang='lat' dir='ltr'><strong>qui</strong></span> <span class='ocrx_word' id='word_1_93' title='bbox 1677 1304 1784 1344; x_wconf 91' lang='lat' dir='ltr'><strong>non</strong></span> 
     </span>
    </p>
   </div>
   <div class='ocr_carea' id='block_1_14' title="bbox 213 1371 1782 1440">
    <p class='ocr_par' dir='ltr' id='par_1_14' title="bbox 213 1371 1782 1440">
     <span class='ocr_line' id='line_1_14' title="bbox 213 1371 1782 1440; baseline 0.005 -16"><span class='ocrx_word' id='word_1_94' title='bbox 213 1371 397 1426; x_wconf 82' lang='lat' dir='ltr'><strong>faceret</strong></span> <span class='ocrx_word' id='word_1_95' title='bbox 424 1372 625 1426; x_wconf 89' lang='lat' dir='ltr'><strong>bonum</strong></span> <span class='ocrx_word' id='word_1_96' title='bbox 641 1372 757 1426; x_wconf 79' lang='lat' dir='ltr'><strong>.nisi</strong></span> <span class='ocrx_word' id='word_1_97' title='bbox 788 1372 888 1440; x_wconf 87' lang='lat' dir='ltr'><strong>ipsi</strong></span> <span class='ocrx_word' id='word_1_98' title='bbox 918 1372 1199 1436; x_wconf 79' lang='lat' dir='ltr'><strong>dixissent,</strong></span> <span class='ocrx_word' id='word_1_99' title='bbox 1231 1389 1353 1427; x_wconf 92' lang='lat' dir='ltr'><strong>cum</strong></span> <span class='ocrx_word' id='word_1_100' title='bbox 1374 1384 1587 1430; x_wconf 90' lang='lat' dir='ltr'><strong>constet</strong></span> <span class='ocrx_word' id='word_1_101' title='bbox 1615 1376 1782 1432; x_wconf 89' lang='lat' dir='ltr'><strong>Deum</strong></span> 
     </span>
    </p>
   </div>
   <div class='ocr_carea' id='block_1_15' title="bbox 212 1446 1776 1535">
    <p class='ocr_par' dir='ltr' id='par_1_15' title="bbox 212 1446 1776 1535">
     <span class='ocr_line' id='line_1_15' title="bbox 212 1446 1776 1535; baseline 0.01 -21"><span class='ocrx_word' id='word_1_102' title='bbox 212 1446 353 1515; x_wconf 85' lang='lat' dir='ltr'><strong>nullo</strong></span> <span class='ocrx_word' id='word_1_103' title='bbox 373 1463 875 1533; x_wconf 84' lang='lat' dir='ltr'><strong>suggerente,nullo</strong></span> <span class='ocrx_word' id='word_1_104' title='bbox 891 1474 1138 1535; x_wconf 81' lang='lat' dir='ltr'><strong>rogante,</strong></span> <span class='ocrx_word' id='word_1_105' title='bbox 1150 1467 1291 1521; x_wconf 89' lang='lat' dir='ltr'><strong>bona</strong></span> <span class='ocrx_word' id='word_1_106' title='bbox 1307 1472 1560 1528; x_wconf 89' lang='lat' dir='ltr'><strong>omnibus</strong></span> <span class='ocrx_word' id='word_1_107' title='bbox 1575 1475 1776 1531; x_wconf 86' lang='lat' dir='ltr'><strong>condo-</strong></span> 
     </span>
    </p>
   </div>
   <div class='ocr_carea' id='block_1_16' title="bbox 213 1553 1775 1632">
    <p class='ocr_par' dir='ltr' id='par_1_16' title="bbox 213 1553 1775 1632">
     <span class='ocr_line' id='line_1_16' title="bbox 213 1553 1775 1632; baseline 0.008 -24"><span class='ocrx_word' id='word_1_108' title='bbox 213 1569 351 1608; x_wconf 87' lang='lat' dir='ltr'><strong>nare.</strong></span> <span class='ocrx_word' id='word_1_109' title='bbox 372 1553 490 1608; x_wconf 85' lang='lat' dir='ltr'><strong>Non</strong></span> <span class='ocrx_word' id='word_1_110' title='bbox 511 1554 656 1608; x_wconf 91' lang='lat' dir='ltr'><strong>enim</strong></span> <span class='ocrx_word' id='word_1_111' title='bbox 677 1553 810 1609; x_wconf 92' lang='lat' dir='ltr'><strong>dicit</strong></span> <span class='ocrx_word' id='word_1_112' title='bbox 828 1558 1140 1627; x_wconf 82' lang='lat' dir='ltr'><strong>Apostolus,</strong></span> <span class='ocrx_word' id='word_1_113' title='bbox 1156 1574 1278 1614; x_wconf 89' lang='lat' dir='ltr'><strong>cum</strong></span> <span class='ocrx_word' id='word_1_114' title='bbox 1303 1574 1775 1632; x_wconf 87' lang='lat' dir='ltr'><strong>rogarcnms.etc.;</strong></span> 
     </span>
    </p>
   </div>
   <div class='ocr_carea' id='block_1_17' title="bbox 208 1642 1781 1715">
    <p class='ocr_par' dir='ltr' id='par_1_17' title="bbox 208 1642 1781 1715">
     <span class='ocr_line' id='line_1_17' title="bbox 208 1642 1781 1715; baseline 0.006 -20"><span class='ocrx_word' id='word_1_115' title='bbox 208 1642 291 1699; x_wconf 84' lang='lat' dir='ltr'><strong>sed</strong></span> <span class='ocrx_word' id='word_1_116' title='bbox 333 1658 447 1696; x_wconf 87' lang='lat' dir='ltr'><strong>cum</strong></span> <span class='ocrx_word' id='word_1_117' title='bbox 492 1644 710 1706; x_wconf 86' lang='lat' dir='ltr'><strong>inimici,</strong></span> <span class='ocrx_word' id='word_1_118' title='bbox 762 1644 952 1712; x_wconf 83' lang='lat' dir='ltr'><strong>inquit,</strong></span> <span class='ocrx_word' id='word_1_119' title='bbox 981 1661 1222 1715; x_wconf 81' lang='lat' dir='ltr'><strong>essemus,</strong></span> <span class='ocrx_word' id='word_1_120' title='bbox 1255 1647 1579 1701; x_wconf 78' lang='lat' dir='ltr'><strong>reconciliati</strong></span> <span class='ocrx_word' id='word_1_121' title='bbox 1606 1664 1781 1704; x_wconf 82' lang='lat' dir='ltr'><strong>sumus</strong></span> 
     </span>
    </p>
   </div>
   <div class='ocr_carea' id='block_1_18' title="bbox 210 1732 1779 1807">
    <p class='ocr_par' dir='ltr' id='par_1_18' title="bbox 210 1732 1779 1807">
     <span class='ocr_line' id='line_1_18' title="bbox 210 1732 1779 1807; baseline 0.005 -22"><span class='ocrx_word' id='word_1_122' title='bbox 210 1732 327 1795; x_wconf 83' lang='lat' dir='ltr'><strong>Deo,</strong></span> <span class='ocrx_word' id='word_1_123' title='bbox 356 1749 461 1786; x_wconf 90' lang='lat' dir='ltr'><strong>non</strong></span> <span class='ocrx_word' id='word_1_124' title='bbox 492 1748 594 1802; x_wconf 87' lang='lat' dir='ltr'><strong>per</strong></span> <span class='ocrx_word' id='word_1_125' title='bbox 620 1733 955 1791; x_wconf 86' lang='lat' dir='ltr'><strong>voluntatem</strong></span> <span class='ocrx_word' id='word_1_126' title='bbox 994 1743 1252 1800; x_wconf 88' lang='lat' dir='ltr'><strong>nostram,</strong></span> <span class='ocrx_word' id='word_1_127' title='bbox 1285 1735 1380 1791; x_wconf 89' lang='lat' dir='ltr'><strong>sed</strong></span> <span class='ocrx_word' id='word_1_128' title='bbox 1427 1754 1519 1807; x_wconf 88' lang='lat' dir='ltr'><strong>per</strong></span> <span class='ocrx_word' id='word_1_129' title='bbox 1563 1749 1779 1793; x_wconf 89' lang='lat' dir='ltr'><strong>mortem</strong></span> 
     </span>
    </p>
   </div>
   <div class='ocr_carea' id='block_1_19' title="bbox 1889 563 3482 643">
    <p class='ocr_par' dir='ltr' id='par_1_19' title="bbox 1889 563 3482 643">
     <span class='ocr_line' id='line_1_19' title="bbox 1889 563 3482 643; baseline 0.002 -27"><span class='ocrx_word' id='word_1_130' title='bbox 1889 563 2189 617; x_wconf 86' lang='lat' dir='ltr'><strong>libertatem</strong></span> <span class='ocrx_word' id='word_1_131' title='bbox 2220 564 2448 618; x_wconf 85' lang='lat' dir='ltr'><strong>arbitrii.</strong></span> <span class='ocrx_word' id='word_1_132' title='bbox 2494 565 2599 619; x_wconf 81' lang='lat' dir='ltr'><strong>Aut</strong></span> <span class='ocrx_word' id='word_1_133' title='bbox 2641 566 2784 620; x_wconf 85' lang='lat' dir='ltr'><strong>enim</strong></span> <span class='ocrx_word' id='word_1_134' title='bbox 2829 565 2999 621; x_wconf 89' lang='lat' dir='ltr'><strong>libero</strong></span> <span class='ocrx_word' id='word_1_135' title='bbox 3028 566 3253 643; x_wconf 83' lang='lat' dir='ltr'><strong>arbitrio</strong></span> <span class='ocrx_word' id='word_1_136' title='bbox 3282 566 3482 620; x_wconf 85' lang='lat' dir='ltr'><strong>libera-</strong></span> 
     </span>
    </p>
   </div>
   <div class='ocr_carea' id='block_1_20' title="bbox 1888 655 3483 726">
    <p class='ocr_par' dir='ltr' id='par_1_20' title="bbox 1888 655 3483 726">
     <span class='ocr_line' id='line_1_20' title="bbox 1888 655 3483 726; baseline 0.004 -20"><span class='ocrx_word' id='word_1_137' title='bbox 1888 670 2025 717; x_wconf 89' lang='lat' dir='ltr'><strong>mur,</strong></span> <span class='ocrx_word' id='word_1_138' title='bbox 2059 662 2152 708; x_wconf 87' lang='lat' dir='ltr'><strong>aut</strong></span> <span class='ocrx_word' id='word_1_139' title='bbox 2184 655 2353 722; x_wconf 87' lang='lat' dir='ltr'><strong>gratia</strong></span> <span class='ocrx_word' id='word_1_140' title='bbox 2384 655 2478 709; x_wconf 89' lang='lat' dir='ltr'><strong>Dei</strong></span> <span class='ocrx_word' id='word_1_141' title='bbox 2506 656 2781 726; x_wconf 86' lang='lat' dir='ltr'><strong>eripinmr.</strong></span> <span class='ocrx_word' id='word_1_142' title='bbox 2814 655 3002 724; x_wconf 85' lang='lat' dir='ltr'><strong>Eligite</strong></span> <span class='ocrx_word' id='word_1_143' title='bbox 3030 656 3159 726; x_wconf 90' lang='lat' dir='ltr'><strong>quid</strong></span> <span class='ocrx_word' id='word_1_144' title='bbox 3187 656 3398 712; x_wconf 87' lang='lat' dir='ltr'><strong>dicatis.</strong></span> <span class='ocrx_word' id='word_1_145' title='bbox 3424 656 3483 712; x_wconf 88' lang='lat' dir='ltr'><strong>Si</strong></span> 
     </span>
    </p>
   </div>
   <div class='ocr_carea' id='block_1_21' title="bbox 1888 743 3482 815">
    <p class='ocr_par' dir='ltr' id='par_1_21' title="bbox 1888 743 3482 815">
     <span class='ocr_line' id='line_1_21' title="bbox 1888 743 3482 815; baseline 0.004 -19"><span class='ocrx_word' id='word_1_146' title='bbox 1888 745 2073 812; x_wconf 63' lang='lat' dir='ltr'><strong>gratiae</strong></span> <span class='ocrx_word' id='word_1_147' title='bbox 2114 751 2289 797; x_wconf 86' lang='lat' dir='ltr'><strong>totum</strong></span> <span class='ocrx_word' id='word_1_148' title='bbox 2318 743 2593 809; x_wconf 87' lang='lat' dir='ltr'><strong>dederitis,</strong></span> <span class='ocrx_word' id='word_1_149' title='bbox 2627 762 2790 800; x_wconf 90' lang='lat' dir='ltr'><strong>unum</strong></span> <span class='ocrx_word' id='word_1_150' title='bbox 2813 748 3083 815; x_wconf 86' lang='lat' dir='ltr'><strong>sapimus;</strong></span> <span class='ocrx_word' id='word_1_151' title='bbox 3118 748 3165 801; x_wconf 93' lang='lat' dir='ltr'><strong>si</strong></span> <span class='ocrx_word' id='word_1_152' title='bbox 3193 748 3365 802; x_wconf 90' lang='lat' dir='ltr'><strong>libero</strong></span> <span class='ocrx_word' id='word_1_153' title='bbox 3394 763 3482 802; x_wconf 53' lang='lat' dir='ltr'><strong>arv-</strong></span> 
     </span>
    </p>
   </div>
   <div class='ocr_carea' id='block_1_22' title="bbox 1888 835 3482 910">
    <p class='ocr_par' dir='ltr' id='par_1_22' title="bbox 1888 835 3482 910">
     <span class='ocr_line' id='line_1_22' title="bbox 1888 835 3482 910; baseline 0.005 -22"><span class='ocrx_word' id='word_1_154' title='bbox 1888 835 2069 899; x_wconf 87' lang='lat' dir='ltr'><strong>bitrio,</strong></span> <span class='ocrx_word' id='word_1_155' title='bbox 2108 836 2289 891; x_wconf 85' lang='lat' dir='ltr'><strong>sciatis</strong></span> <span class='ocrx_word' id='word_1_156' title='bbox 2318 854 2417 892; x_wconf 90' lang='lat' dir='ltr'><strong>nos</strong></span> <span class='ocrx_word' id='word_1_157' title='bbox 2456 838 2609 892; x_wconf 90' lang='lat' dir='ltr'><strong>vobis</strong></span> <span class='ocrx_word' id='word_1_158' title='bbox 2647 841 2954 894; x_wconf 75' lang='lat' dir='ltr'><strong>consentire</strong></span> <span class='ocrx_word' id='word_1_159' title='bbox 2982 856 3089 895; x_wconf 87' lang='lat' dir='ltr'><strong>non</strong></span> <span class='ocrx_word' id='word_1_160' title='bbox 3111 857 3289 910; x_wconf 84' lang='lat' dir='ltr'><strong>posse.</strong></span> <span class='ocrx_word' id='word_1_161' title='bbox 3326 840 3482 896; x_wconf 80' lang='lat' dir='ltr'><strong>Unde</strong></span> 
     </span>
    </p>
   </div>
   <div class='ocr_carea' id='block_1_23' title="bbox 1888 928 3480 1000">
    <p class='ocr_par' dir='ltr' id='par_1_23' title="bbox 1888 928 3480 1000">
     <span class='ocr_line' id='line_1_23' title="bbox 1888 928 3480 1000; baseline 0.006 -20"><span class='ocrx_word' id='word_1_162' title='bbox 1888 936 2068 982; x_wconf 89' lang='lat' dir='ltr'><strong>autem</strong></span> <span class='ocrx_word' id='word_1_163' title='bbox 2099 928 2174 981; x_wconf 92' lang='lat' dir='ltr'><strong>illi</strong></span> <span class='ocrx_word' id='word_1_164' title='bbox 2204 929 2378 997; x_wconf 88' lang='lat' dir='ltr'><strong>major</strong></span> <span class='ocrx_word' id='word_1_165' title='bbox 2405 929 2627 985; x_wconf 87' lang='lat' dir='ltr'><strong>libertas</strong></span> <span class='ocrx_word' id='word_1_166' title='bbox 2662 931 2868 986; x_wconf 89' lang='lat' dir='ltr'><strong>arbitrii</strong></span> <span class='ocrx_word' id='word_1_167' title='bbox 2911 932 2963 986; x_wconf 92' lang='lat' dir='ltr'><strong>in</strong></span> <span class='ocrx_word' id='word_1_168' title='bbox 2993 932 3343 1000; x_wconf 35' lang='lat' dir='ltr'><strong>bonotunde</strong></span> <span class='ocrx_word' id='word_1_169' title='bbox 3388 936 3480 990; x_wconf 83' lang='lat' dir='ltr'><strong>isti</strong></span> 
     </span>
    </p>
   </div>
   <div class='ocr_carea' id='block_1_24' title="bbox 1887 1017 3477 1101">
    <p class='ocr_par' dir='ltr' id='par_1_24' title="bbox 1887 1017 3477 1101">
     <span class='ocr_line' id='line_1_24' title="bbox 1887 1017 3477 1101; baseline 0.006 -31"><span class='ocrx_word' id='word_1_170' title='bbox 1887 1017 2066 1071; x_wconf 89' lang='lat' dir='ltr'><strong>minor</strong></span> <span class='ocrx_word' id='word_1_171' title='bbox 2093 1025 2195 1081; x_wconf 90' lang='lat' dir='ltr'><strong>est,</strong></span> <span class='ocrx_word' id='word_1_172' title='bbox 2218 1018 2317 1072; x_wconf 89' lang='lat' dir='ltr'><strong>nisi</strong></span> <span class='ocrx_word' id='word_1_173' title='bbox 2346 1020 2471 1087; x_wconf 87' lang='lat' dir='ltr'><strong>quia</strong></span> <span class='ocrx_word' id='word_1_174' title='bbox 2501 1021 2594 1074; x_wconf 87' lang='lat' dir='ltr'><strong>Dei</strong></span> <span class='ocrx_word' id='word_1_175' title='bbox 2617 1020 3018 1091; x_wconf 86' lang='lat' dir='ltr'><strong>dispensatione</strong></span> <span class='ocrx_word' id='word_1_176' title='bbox 3036 1027 3396 1101; x_wconf 74' lang='lat' dir='ltr'><strong>°censentur?</strong></span> <span class='ocrx_word' id='word_1_177' title='bbox 3417 1026 3477 1082; x_wconf 88' lang='lat' dir='ltr'><strong>ln</strong></span> 
     </span>
    </p>
   </div>
   <div class='ocr_carea' id='block_1_25' title="bbox 1887 1106 3479 1180">
    <p class='ocr_par' dir='ltr' id='par_1_25' title="bbox 1887 1106 3479 1180">
     <span class='ocr_line' id='line_1_25' title="bbox 1887 1106 3479 1180; baseline 0.006 -20"><span class='ocrx_word' id='word_1_178' title='bbox 1887 1106 1995 1162; x_wconf 91' lang='lat' dir='ltr'><strong>alio</strong></span> <span class='ocrx_word' id='word_1_179' title='bbox 2020 1108 2163 1161; x_wconf 90' lang='lat' dir='ltr'><strong>enim</strong></span> <span class='ocrx_word' id='word_1_180' title='bbox 2192 1115 2408 1163; x_wconf 88' lang='lat' dir='ltr'><strong>tenuem</strong></span> <span class='ocrx_word' id='word_1_181' title='bbox 2429 1125 2488 1164; x_wconf 86' lang='lat' dir='ltr'><strong>se</strong></span> <span class='ocrx_word' id='word_1_182' title='bbox 2517 1111 2735 1166; x_wconf 83' lang='lat' dir='ltr'><strong>exhibet</strong></span> <span class='ocrx_word' id='word_1_183' title='bbox 2762 1112 2953 1180; x_wconf 84' lang='lat' dir='ltr'><strong>gratia,</strong></span> <span class='ocrx_word' id='word_1_184' title='bbox 2987 1112 3038 1167; x_wconf 91' lang='lat' dir='ltr'><strong>in</strong></span> <span class='ocrx_word' id='word_1_185' title='bbox 3070 1114 3176 1169; x_wconf 90' lang='lat' dir='ltr'><strong>alio</strong></span> <span class='ocrx_word' id='word_1_186' title='bbox 3206 1115 3479 1170; x_wconf 89' lang='lat' dir='ltr'><strong>abundan-</strong></span> 
     </span>
    </p>
   </div>
   <div class='ocr_carea' id='block_1_26' title="bbox 1888 1200 3480 1277">
    <p class='ocr_par' dir='ltr' id='par_1_26' title="bbox 1888 1200 3480 1277">
     <span class='ocr_line' id='line_1_26' title="bbox 1888 1200 3480 1277; baseline 0.008 -26"><span class='ocrx_word' id='word_1_187' title='bbox 1888 1206 1996 1253; x_wconf 90' lang='lat' dir='ltr'><strong>tem</strong></span> <span class='ocrx_word' id='word_1_188' title='bbox 2026 1207 2079 1253; x_wconf 91' lang='lat' dir='ltr'><strong>et</strong></span> <span class='ocrx_word' id='word_1_189' title='bbox 2107 1200 2328 1268; x_wconf 79' lang='lat' dir='ltr'><strong>largam,</strong></span> <span class='ocrx_word' id='word_1_190' title='bbox 2361 1211 2522 1271; x_wconf 87' lang='lat' dir='ltr'><strong>prout</strong></span> <span class='ocrx_word' id='word_1_191' title='bbox 2552 1203 2665 1273; x_wconf 88' lang='lat' dir='ltr'><strong>ipsa</strong></span> <span class='ocrx_word' id='word_1_192' title='bbox 2693 1205 2806 1259; x_wconf 93' lang='lat' dir='ltr'><strong>vult</strong></span> <span class='ocrx_word' id='word_1_193' title='bbox 2835 1206 3026 1273; x_wconf 88' lang='lat' dir='ltr'><strong>gratia,</strong></span> <span class='ocrx_word' id='word_1_194' title='bbox 3062 1223 3168 1261; x_wconf 91' lang='lat' dir='ltr'><strong>non</strong></span> <span class='ocrx_word' id='word_1_195' title='bbox 3198 1217 3358 1277; x_wconf 88' lang='lat' dir='ltr'><strong>prout</strong></span> <span class='ocrx_word' id='word_1_196' title='bbox 3377 1225 3480 1265; x_wconf 86' lang='lat' dir='ltr'><strong>nos</strong></span> 
     </span>
    </p>
   </div>
   <div class='ocr_carea' id='block_1_27' title="bbox 1885 1292 3478 1363">
    <p class='ocr_par' dir='ltr' id='par_1_27' title="bbox 1885 1292 3478 1363">
     <span class='ocr_line' id='line_1_27' title="bbox 1885 1292 3478 1363; baseline 0.008 -19"><span class='ocrx_word' id='word_1_197' title='bbox 1885 1292 2150 1356; x_wconf 90' lang='lat' dir='ltr'><strong>volumus,</strong></span> <span class='ocrx_word' id='word_1_198' title='bbox 2175 1294 2266 1363; x_wconf 91' lang='lat' dir='ltr'><strong>qui</strong></span> <span class='ocrx_word' id='word_1_199' title='bbox 2301 1309 2330 1347; x_wconf 88' lang='lat' dir='ltr'><strong>a</strong></span> <span class='ocrx_word' id='word_1_200' title='bbox 2360 1293 2581 1350; x_wconf 76' lang='lat' dir='ltr'><strong>facturae</strong></span> <span class='ocrx_word' id='word_1_201' title='bbox 2611 1305 2805 1351; x_wconf 62' lang='lat' dir='ltr'><strong>nostrae</strong></span> <span class='ocrx_word' id='word_1_202' title='bbox 2833 1299 3021 1354; x_wconf 91' lang='lat' dir='ltr'><strong>ordine</strong></span> <span class='ocrx_word' id='word_1_203' title='bbox 3050 1301 3392 1356; x_wconf 82' lang='lat' dir='ltr'><strong>recessimus.</strong></span> <span class='ocrx_word' id='word_1_204' title='bbox 3418 1300 3478 1356; x_wconf 82' lang='lat' dir='ltr'><strong>In</strong></span> 
     </span>
    </p>
   </div>
   <div class='ocr_carea' id='block_1_28' title="bbox 1886 1383 3479 1459">
    <p class='ocr_par' dir='ltr' id='par_1_28' title="bbox 1886 1383 3479 1459">
     <span class='ocr_line' id='line_1_28' title="bbox 1886 1383 3479 1459; baseline 0.008 -25"><span class='ocrx_word' id='word_1_205' title='bbox 1886 1389 2093 1437; x_wconf 91' lang='lat' dir='ltr'><strong>tantum</strong></span> <span class='ocrx_word' id='word_1_206' title='bbox 2133 1383 2365 1456; x_wconf 89' lang='lat' dir='ltr'><strong>denique</strong></span> <span class='ocrx_word' id='word_1_207' title='bbox 2402 1387 2643 1442; x_wconf 90' lang='lat' dir='ltr'><strong>vitiatam</strong></span> <span class='ocrx_word' id='word_1_208' title='bbox 2686 1405 2784 1459; x_wconf 90' lang='lat' dir='ltr'><strong>per</strong></span> <span class='ocrx_word' id='word_1_209' title='bbox 2820 1392 3317 1459; x_wconf 77' lang='lat' dir='ltr'><strong>przcvaricationcm</strong></span> <span class='ocrx_word' id='word_1_210' title='bbox 3348 1392 3479 1449; x_wconf 66' lang='lat' dir='ltr'><strong>Adit:</strong></span> 
     </span>
    </p>
   </div>
   <div class='ocr_carea' id='block_1_29' title="bbox 1884 1474 3476 1548">
    <p class='ocr_par' dir='ltr' id='par_1_29' title="bbox 1884 1474 3476 1548">
     <span class='ocr_line' id='line_1_29' title="bbox 1884 1474 3476 1548; baseline 0.009 -19"><span class='ocrx_word' id='word_1_211' title='bbox 1884 1474 2117 1531; x_wconf 88' lang='lat' dir='ltr'><strong>hominis</strong></span> <span class='ocrx_word' id='word_1_212' title='bbox 2143 1488 2388 1533; x_wconf 88' lang='lat' dir='ltr'><strong>naturam</strong></span> <span class='ocrx_word' id='word_1_213' title='bbox 2412 1483 2744 1548; x_wconf 80' lang='lat' dir='ltr'><strong>agnovimus,</strong></span> <span class='ocrx_word' id='word_1_214' title='bbox 2770 1491 2828 1537; x_wconf 93' lang='lat' dir='ltr'><strong>ut</strong></span> <span class='ocrx_word' id='word_1_215' title='bbox 2851 1485 3293 1542; x_wconf 89' lang='lat' dir='ltr'><strong>instaurationem</strong></span> <span class='ocrx_word' id='word_1_216' title='bbox 3323 1504 3476 1544; x_wconf 91' lang='lat' dir='ltr'><strong>suam</strong></span> 
     </span>
    </p>
   </div>
   <div class='ocr_carea' id='block_1_30' title="bbox 1884 1566 3483 1646">
    <p class='ocr_par' dir='ltr' id='par_1_30' title="bbox 1884 1566 3483 1646">
     <span class='ocr_line' id='line_1_30' title="bbox 1884 1566 3483 1646; baseline 0.008 -25"><span class='ocrx_word' id='word_1_217' title='bbox 1884 1582 1985 1637; x_wconf 89' lang='lat' dir='ltr'><strong>per</strong></span> <span class='ocrx_word' id='word_1_218' title='bbox 2009 1566 2280 1624; x_wconf 88' lang='lat' dir='ltr'><strong>Christum</strong></span> <span class='ocrx_word' id='word_1_219' title='bbox 2313 1587 2419 1626; x_wconf 92' lang='lat' dir='ltr'><strong>non</strong></span> <span class='ocrx_word' id='word_1_220' title='bbox 2449 1573 2501 1627; x_wconf 93' lang='lat' dir='ltr'><strong>in</strong></span> <span class='ocrx_word' id='word_1_221' title='bbox 2534 1588 2610 1638; x_wconf 90' lang='lat' dir='ltr'><strong>rc,</strong></span> <span class='ocrx_word' id='word_1_222' title='bbox 2645 1574 2738 1628; x_wconf 89' lang='lat' dir='ltr'><strong>sed</strong></span> <span class='ocrx_word' id='word_1_223' title='bbox 2772 1575 2822 1628; x_wconf 90' lang='lat' dir='ltr'><strong>in</strong></span> <span class='ocrx_word' id='word_1_224' title='bbox 2847 1591 2941 1645; x_wconf 87' lang='lat' dir='ltr'><strong>spe</strong></span> <span class='ocrx_word' id='word_1_225' title='bbox 2976 1578 3139 1632; x_wconf 85' lang='lat' dir='ltr'><strong>fuerit</strong></span> <span class='ocrx_word' id='word_1_226' title='bbox 3163 1588 3483 1646; x_wconf 76' lang='lat' dir='ltr'><strong>consecuta,</strong></span> 
     </span>
    </p>
   </div>
   <div class='ocr_carea' id='block_1_31' title="bbox 1885 1659 3476 1742">
    <p class='ocr_par' dir='ltr' id='par_1_31' title="bbox 1885 1659 3476 1742">
     <span class='ocr_line' id='line_1_31' title="bbox 1885 1659 3476 1742; baseline 0.008 -28"><span class='ocrx_word' id='word_1_227' title='bbox 1885 1659 2096 1715; x_wconf 84' lang='lat' dir='ltr'><strong>dicente</strong></span> <span class='ocrx_word' id='word_1_228' title='bbox 2126 1662 2385 1733; x_wconf 89' lang='lat' dir='ltr'><strong>Apostolo</strong></span> <span class='ocrx_word' id='word_1_229' title='bbox 2415 1683 2428 1718; x_wconf 91' lang='lat'><strong>:</strong></span> <span class='ocrx_word' id='word_1_230' title='bbox 2463 1664 2569 1735; x_wconf 85' lang='lat' dir='ltr'><strong>Spe</strong></span> <span class='ocrx_word' id='word_1_231' title='bbox 2604 1666 2737 1722; x_wconf 83' lang='lat' dir='ltr'><strong>salvi</strong></span> <span class='ocrx_word' id='word_1_232' title='bbox 2765 1670 2894 1739; x_wconf 77' lang='lat' dir='ltr'><strong>facti</strong></span> <span class='ocrx_word' id='word_1_233' title='bbox 2915 1687 3122 1735; x_wconf 86' lang='lat' dir='ltr'><strong>sumus;</strong></span> <span class='ocrx_word' id='word_1_234' title='bbox 3157 1688 3274 1742; x_wconf 83' lang='lat' dir='ltr'><strong>spes</strong></span> <span class='ocrx_word' id='word_1_235' title='bbox 3303 1680 3476 1727; x_wconf 87' lang='lat' dir='ltr'><strong>autem</strong></span> 
     </span>
    </p>
   </div>
   <div class='ocr_carea' id='block_1_32' title="bbox 1882 1752 3484 1833">
    <p class='ocr_par' dir='ltr' id='par_1_32' title="bbox 1882 1752 3484 1833">
     <span class='ocr_line' id='line_1_32' title="bbox 1882 1752 3484 1833; baseline 0.009 -30"><span class='ocrx_word' id='word_1_236' title='bbox 1882 1768 1996 1821; x_wconf 66' lang='lat' dir='ltr'><strong>qua</strong></span> <span class='ocrx_word' id='word_1_237' title='bbox 2024 1752 2241 1820; x_wconf 77' lang='lat' dir='ltr'><strong>videtur,</strong></span> <span class='ocrx_word' id='word_1_238' title='bbox 2267 1772 2369 1809; x_wconf 90' lang='lat' dir='ltr'><strong>non</strong></span> <span class='ocrx_word' id='word_1_239' title='bbox 2396 1765 2472 1810; x_wconf 87' lang='lat' dir='ltr'><strong>est</strong></span> <span class='ocrx_word' id='word_1_240' title='bbox 2510 1773 2627 1828; x_wconf 85' lang='lat' dir='ltr'><strong>spes</strong></span> <span class='ocrx_word' id='word_1_241' title='bbox 2650 1757 2826 1828; x_wconf 88' lang='lat' dir='ltr'><strong>(Rom.</strong></span> <span class='ocrx_word' id='word_1_242' title='bbox 2853 1776 2960 1825; x_wconf 83' lang='lat' dir='ltr'><strong>vm,</strong></span> <span class='ocrx_word' id='word_1_243' title='bbox 2993 1759 3110 1825; x_wconf 67' lang='grc'><strong>24)..</strong></span> <span class='ocrx_word' id='word_1_244' title='bbox 3139 1761 3196 1817; x_wconf 89' lang='lat' dir='ltr'><strong>Si</strong></span> <span class='ocrx_word' id='word_1_245' title='bbox 3225 1778 3353 1831; x_wconf 83' lang='lat' dir='ltr'><strong>ergo</strong></span> <span class='ocrx_word' id='word_1_246' title='bbox 3379 1778 3484 1833; x_wconf 78' lang='lat' dir='ltr'><strong>spe</strong></span> 
     </span>
    </p>
   </div>
   <div class='ocr_carea' id='block_1_33' title="bbox 205 1822 3479 1918">
    <p class='ocr_par' dir='ltr' id='par_1_33' title="bbox 205 1822 3479 1918">
     <span class='ocr_line' id='line_1_33' title="bbox 205 1822 3479 1918; baseline 0.005 -26"><span class='ocrx_word' id='word_1_247' title='bbox 205 1822 293 1890; x_wconf 66' lang='grc' dir='ltr'><strong><em>βίίί</em></strong></span> <span class='ocrx_word' id='word_1_248' title='bbox 319 1823 426 1892; x_wconf 59' lang='grc' dir='ltr'><em>εἰπε</em></span> <span class='ocrx_word' id='word_1_249' title='bbox 456 1822 636 1894; x_wconf 69' lang='grc' dir='ltr'><strong>(Βοιηι</strong></span> <span class='ocrx_word' id='word_1_250' title='bbox 672 1840 724 1888; x_wconf 62' lang='grc' dir='ltr'><strong>ν’</strong></span> <span class='ocrx_word' id='word_1_251' title='bbox 758 1823 867 1894; x_wconf 80' lang='grc'><strong>10)·</strong></span> <span class='ocrx_word' id='word_1_252' title='bbox 914 1822 1015 1879; x_wconf 69' lang='lat' dir='ltr'><strong>Ubi</strong></span> <span class='ocrx_word' id='word_1_253' title='bbox 1052 1833 1134 1879; x_wconf 66' lang='grc' dir='ltr'><strong>θεῖ</strong></span> <span class='ocrx_word' id='word_1_254' title='bbox 1160 1839 1289 1894; x_wconf 68' lang='grc'><strong>⁸1⁵80</strong></span> <span class='ocrx_word' id='word_1_255' title='bbox 1327 1827 1577 1883; x_wconf 67' lang='grc' dir='ltr'><strong>νοῙωιίίὶΞ</strong></span> <span class='ocrx_word' id='word_1_256' title='bbox 1604 1829 1778 1883; x_wconf 71' lang='grc' dir='ltr'><strong>Ιιοῐῐιί-</strong></span> <span class='ocrx_word' id='word_1_257' title='bbox 1812 1839 1853 1900; x_wconf 82' lang='grc' dir='ltr'><strong>Β</strong></span> <span class='ocrx_word' id='word_1_258' title='bbox 1882 1841 2071 1895; x_wconf 86' lang='lat' dir='ltr'><strong>salvati</strong></span> <span class='ocrx_word' id='word_1_259' title='bbox 2101 1859 2303 1909; x_wconf 89' lang='lat' dir='ltr'><strong>sumus,</strong></span> <span class='ocrx_word' id='word_1_260' title='bbox 2329 1845 2504 1901; x_wconf 89' lang='lat' dir='ltr'><strong>adhuc</strong></span> <span class='ocrx_word' id='word_1_261' title='bbox 2535 1822 2725 1901; x_wconf 32' lang='lat' dir='ltr'><strong>rem&#39;in</strong></span> <span class='ocrx_word' id='word_1_262' title='bbox 2752 1822 3004 1918; x_wconf 76' lang='lat' dir='ltr'><strong>praesenti</strong></span> <span class='ocrx_word' id='word_1_263' title='bbox 3034 1822 3230 1906; x_wconf 48' lang='lat' dir='ltr'><strong>saeculo</strong></span> <span class='ocrx_word' id='word_1_264' title='bbox 3253 1822 3359 1907; x_wconf 65' lang='lat' dir='ltr'><strong>non</strong></span> <span class='ocrx_word' id='word_1_265' title='bbox 3383 1822 3479 1907; x_wconf 64' lang='lat' dir='ltr'><strong>ac-</strong></span> 
     </span>
    </p>
   </div>
   <div class='ocr_carea' id='block_1_34' title="bbox 209 1915 1783 1990">
    <p class='ocr_par' dir='ltr' id='par_1_34' title="bbox 209 1915 1783 1990">
     <span class='ocr_line' id='line_1_34' title="bbox 209 1915 1783 1990; baseline 0.006 -23"><span class='ocrx_word' id='word_1_266' title='bbox 209 1915 320 1968; x_wconf 86' lang='lat' dir='ltr'><strong>nis?</strong></span> <span class='ocrx_word' id='word_1_267' title='bbox 347 1915 566 1969; x_wconf 87' lang='lat' dir='ltr'><strong>exclusa</strong></span> <span class='ocrx_word' id='word_1_268' title='bbox 599 1923 700 1971; x_wconf 89' lang='lat' dir='ltr'><strong>est.</strong></span> <span class='ocrx_word' id='word_1_269' title='bbox 746 1916 957 1983; x_wconf 85' lang='lat' dir='ltr'><strong>Quare?</strong></span> <span class='ocrx_word' id='word_1_270' title='bbox 976 1916 1004 1956; x_wconf 73' lang='grc' dir='ltr'>δ</span> <span class='ocrx_word' id='word_1_271' title='bbox 1027 1918 1153 1986; x_wconf 91' lang='lat' dir='ltr'><strong>quia</strong></span> <span class='ocrx_word' id='word_1_272' title='bbox 1184 1933 1291 1973; x_wconf 93' lang='lat' dir='ltr'><strong>non</strong></span> <span class='ocrx_word' id='word_1_273' title='bbox 1334 1920 1510 1977; x_wconf 88' lang='lat' dir='ltr'><strong>omnis</strong></span> <span class='ocrx_word' id='word_1_274' title='bbox 1537 1921 1629 1990; x_wconf 89' lang='lat' dir='ltr'><strong>qui</strong></span> <span class='ocrx_word' id='word_1_275' title='bbox 1665 1921 1783 1976; x_wconf 88' lang='lat' dir='ltr'><strong>vult</strong></span> 
     </span>
    </p>
   </div>
   <div class='ocr_carea' id='block_1_35' title="bbox 205 2005 1777 2078">
    <p class='ocr_par' dir='ltr' id='par_1_35' title="bbox 205 2005 1777 2078">
     <span class='ocr_line' id='line_1_35' title="bbox 205 2005 1777 2078; baseline 0.006 -21"><span class='ocrx_word' id='word_1_276' title='bbox 205 2005 308 2073; x_wconf 85' lang='lat' dir='ltr'><strong>ipse</strong></span> <span class='ocrx_word' id='word_1_277' title='bbox 350 2006 626 2072; x_wconf 88' lang='lat' dir='ltr'><strong>salvatur;</strong></span> <span class='ocrx_word' id='word_1_278' title='bbox 675 2008 799 2075; x_wconf 84' lang='lat' dir='ltr'><strong>quia</strong></span> <span class='ocrx_word' id='word_1_279' title='bbox 829 2008 874 2062; x_wconf 92' lang='lat' dir='ltr'><strong>si</strong></span> <span class='ocrx_word' id='word_1_280' title='bbox 916 2008 1093 2062; x_wconf 88' lang='lat' dir='ltr'><strong>omnis</strong></span> <span class='ocrx_word' id='word_1_281' title='bbox 1121 2009 1213 2076; x_wconf 90' lang='lat' dir='ltr'><strong>qui</strong></span> <span class='ocrx_word' id='word_1_282' title='bbox 1259 2009 1419 2064; x_wconf 91' lang='lat' dir='ltr'><strong>vellet</strong></span> <span class='ocrx_word' id='word_1_283' title='bbox 1457 2010 1777 2078; x_wconf 84' lang='lat' dir='ltr'><strong>salvaretur,</strong></span> 
     </span>
    </p>
   </div>
   <div class='ocr_carea' id='block_1_36' title="bbox 205 2095 1776 2167">
    <p class='ocr_par' dir='ltr' id='par_1_36' title="bbox 205 2095 1776 2167">
     <span class='ocr_line' id='line_1_36' title="bbox 205 2095 1776 2167; baseline 0.007 -20"><span class='ocrx_word' id='word_1_284' title='bbox 205 2095 367 2151; x_wconf 89' lang='lat' dir='ltr'><strong>nullus</strong></span> <span class='ocrx_word' id='word_1_285' title='bbox 408 2112 439 2150; x_wconf 86' lang='lat' dir='ltr'><strong>a</strong></span> <span class='ocrx_word' id='word_1_286' title='bbox 478 2097 656 2152; x_wconf 82' lang='lat' dir='ltr'><strong>salute</strong></span> <span class='ocrx_word' id='word_1_287' title='bbox 682 2104 895 2167; x_wconf 89' lang='lat' dir='ltr'><strong>poterat</strong></span> <span class='ocrx_word' id='word_1_288' title='bbox 923 2098 1062 2154; x_wconf 81' lang='lat' dir='ltr'><strong>effici</strong></span> <span class='ocrx_word' id='word_1_289' title='bbox 1105 2100 1331 2155; x_wconf 90' lang='lat' dir='ltr'><strong>alienus.</strong></span> <span class='ocrx_word' id='word_1_290' title='bbox 1360 2098 1548 2156; x_wconf 89' lang='lat' dir='ltr'><strong>Omnis</strong></span> <span class='ocrx_word' id='word_1_291' title='bbox 1577 2103 1776 2157; x_wconf 87' lang='lat' dir='ltr'><strong>etenim</strong></span> 
     </span>
    </p>
   </div>
   <div class='ocr_carea' id='block_1_37' title="bbox 204 2186 1773 2255">
    <p class='ocr_par' dir='ltr' id='par_1_37' title="bbox 204 2186 1773 2255">
     <span class='ocr_line' id='line_1_37' title="bbox 204 2186 1773 2255; baseline 0.007 -16"><span class='ocrx_word' id='word_1_292' title='bbox 204 2186 353 2242; x_wconf 88' lang='lat' dir='ltr'><strong>homo</strong></span> <span class='ocrx_word' id='word_1_293' title='bbox 381 2188 582 2243; x_wconf 84' lang='lat' dir='ltr'><strong>salvari</strong></span> <span class='ocrx_word' id='word_1_294' title='bbox 609 2189 741 2255; x_wconf 92' lang='lat' dir='ltr'><strong>vult,</strong></span> <span class='ocrx_word' id='word_1_295' title='bbox 784 2190 877 2245; x_wconf 85' lang='lat' dir='ltr'><strong>sed</strong></span> <span class='ocrx_word' id='word_1_296' title='bbox 925 2207 1033 2245; x_wconf 90' lang='lat' dir='ltr'><strong>non</strong></span> <span class='ocrx_word' id='word_1_297' title='bbox 1074 2192 1248 2246; x_wconf 90' lang='lat' dir='ltr'><strong>omnis</strong></span> <span class='ocrx_word' id='word_1_298' title='bbox 1287 2192 1525 2248; x_wconf 89' lang='lat' dir='ltr'><strong>salvatur</strong></span> <span class='ocrx_word' id='word_1_299' title='bbox 1563 2193 1724 2250; x_wconf 92' lang='lat' dir='ltr'><strong>homo</strong></span> <span class='ocrx_word' id='word_1_300' title='bbox 1759 2214 1773 2249; x_wconf 88' lang='lat'><strong>:</strong></span> 
     </span>
    </p>
   </div>
   <div class='ocr_carea' id='block_1_38' title="bbox 202 2277 1773 2353">
    <p class='ocr_par' dir='ltr' id='par_1_38' title="bbox 202 2277 1773 2353">
     <span class='ocr_line' id='line_1_38' title="bbox 202 2277 1773 2353; baseline 0.005 -22"><span class='ocrx_word' id='word_1_301' title='bbox 202 2277 422 2334; x_wconf 87' lang='lat' dir='ltr'><strong>salvatur</strong></span> <span class='ocrx_word' id='word_1_302' title='bbox 434 2287 621 2334; x_wconf 88' lang='lat' dir='ltr'><strong>autem</strong></span> <span class='ocrx_word' id='word_1_303' title='bbox 642 2280 686 2335; x_wconf 92' lang='lat' dir='ltr'><strong>is</strong></span> <span class='ocrx_word' id='word_1_304' title='bbox 706 2295 865 2349; x_wconf 90' lang='lat' dir='ltr'><strong>quem</strong></span> <span class='ocrx_word' id='word_1_305' title='bbox 885 2281 1112 2336; x_wconf 87' lang='lat' dir='ltr'><strong>voluerit</strong></span> <span class='ocrx_word' id='word_1_306' title='bbox 1128 2282 1295 2347; x_wconf 90' lang='lat' dir='ltr'><strong>Deus;</strong></span> <span class='ocrx_word' id='word_1_307' title='bbox 1316 2286 1519 2352; x_wconf 92' lang='lat' dir='ltr'><strong>utique,</strong></span> <span class='ocrx_word' id='word_1_308' title='bbox 1536 2285 1773 2353; x_wconf 90' lang='lat' dir='ltr'><strong>inquam,</strong></span> 
     </span>
    </p>
   </div>
   <div class='ocr_carea' id='block_1_39' title="bbox 201 2368 1777 2442">
    <p class='ocr_par' dir='ltr' id='par_1_39' title="bbox 201 2368 1777 2442">
     <span class='ocr_line' id='line_1_39' title="bbox 201 2368 1777 2442; baseline 0.004 -20"><span class='ocrx_word' id='word_1_309' title='bbox 201 2368 242 2422; x_wconf 91' lang='lat' dir='ltr'><strong>is</strong></span> <span class='ocrx_word' id='word_1_310' title='bbox 260 2383 410 2437; x_wconf 84' lang='lat' dir='ltr'><strong>quem</strong></span> <span class='ocrx_word' id='word_1_311' title='bbox 431 2371 668 2425; x_wconf 90' lang='lat' dir='ltr'><strong>voluerit</strong></span> <span class='ocrx_word' id='word_1_312' title='bbox 696 2371 857 2437; x_wconf 89' lang='lat' dir='ltr'><strong>Deus,</strong></span> <span class='ocrx_word' id='word_1_313' title='bbox 882 2380 941 2427; x_wconf 91' lang='lat' dir='ltr'><strong>ut</strong></span> <span class='ocrx_word' id='word_1_314' title='bbox 965 2373 1183 2427; x_wconf 86' lang='lat' dir='ltr'><strong>exclusa</strong></span> <span class='ocrx_word' id='word_1_315' title='bbox 1212 2373 1446 2429; x_wconf 87' lang='lat' dir='ltr'><strong>hominis</strong></span> <span class='ocrx_word' id='word_1_316' title='bbox 1474 2376 1777 2442; x_wconf 70' lang='lat' dir='ltr'><strong>voluntate,</strong></span> 
     </span>
    </p>
   </div>
   <div class='ocr_carea' id='block_1_40' title="bbox 200 2461 1772 2533">
    <p class='ocr_par' dir='ltr' id='par_1_40' title="bbox 200 2461 1772 2533">
     <span class='ocr_line' id='line_1_40' title="bbox 200 2461 1772 2533; baseline 0.006 -20"><span class='ocrx_word' id='word_1_317' title='bbox 200 2475 337 2515; x_wconf 87' lang='lat' dir='ltr'><strong>suam</strong></span> <span class='ocrx_word' id='word_1_318' title='bbox 367 2472 388 2498; x_wconf 74' lang='grc' dir='ltr'><strong><em>ο</em></strong></span> <span class='ocrx_word' id='word_1_319' title='bbox 425 2461 643 2531; x_wconf 88' lang='lat' dir='ltr'><strong>plenam</strong></span> <span class='ocrx_word' id='word_1_320' title='bbox 673 2477 741 2516; x_wconf 84' lang='lat' dir='ltr'><strong>ex</strong></span> <span class='ocrx_word' id='word_1_321' title='bbox 770 2463 977 2530; x_wconf 88' lang='lat' dir='ltr'><strong>integro</strong></span> <span class='ocrx_word' id='word_1_322' title='bbox 1005 2464 1230 2532; x_wconf 78' lang='lat' dir='ltr'><strong>gratiam</strong></span> <span class='ocrx_word' id='word_1_323' title='bbox 1260 2464 1583 2520; x_wconf 81' lang='lat' dir='ltr'><strong>manifestet.</strong></span> <span class='ocrx_word' id='word_1_324' title='bbox 1616 2465 1772 2533; x_wconf 86' lang='lat' dir='ltr'><strong>Quod</strong></span> 
     </span>
    </p>
   </div>
   <div class='ocr_carea' id='block_1_41' title="bbox 198 2550 1767 2623">
    <p class='ocr_par' dir='ltr' id='par_1_41' title="bbox 198 2550 1767 2623">
     <span class='ocr_line' id='line_1_41' title="bbox 198 2550 1767 2623; baseline 0.006 -19"><span class='ocrx_word' id='word_1_325' title='bbox 198 2550 237 2604; x_wconf 90' lang='lat' dir='ltr'><strong>si</strong></span> <span class='ocrx_word' id='word_1_326' title='bbox 275 2550 497 2619; x_wconf 88' lang='lat' dir='ltr'><strong>aliquem</strong></span> <span class='ocrx_word' id='word_1_327' title='bbox 534 2553 644 2605; x_wconf 91' lang='lat' dir='ltr'><strong>vult</strong></span> <span class='ocrx_word' id='word_1_328' title='bbox 673 2552 814 2607; x_wconf 86' lang='lat' dir='ltr'><strong>Deus</strong></span> <span class='ocrx_word' id='word_1_329' title='bbox 841 2554 1039 2607; x_wconf 87' lang='lat' dir='ltr'><strong>bonum</strong></span> <span class='ocrx_word' id='word_1_330' title='bbox 1062 2569 1201 2619; x_wconf 89' lang='lat' dir='ltr'><strong>esse,</strong></span> <span class='ocrx_word' id='word_1_331' title='bbox 1243 2564 1295 2609; x_wconf 90' lang='lat' dir='ltr'><strong>et</strong></span> <span class='ocrx_word' id='word_1_332' title='bbox 1325 2556 1499 2611; x_wconf 87' lang='lat' dir='ltr'><strong>bonus</strong></span> <span class='ocrx_word' id='word_1_333' title='bbox 1538 2574 1642 2611; x_wconf 90' lang='lat' dir='ltr'><strong>non</strong></span> <span class='ocrx_word' id='word_1_334' title='bbox 1665 2567 1767 2623; x_wconf 86' lang='lat' dir='ltr'><strong>est,</strong></span> 
     </span>
    </p>
   </div>
   <div class='ocr_carea' id='block_1_42' title="bbox 201 2644 1771 2714">
    <p class='ocr_par' dir='ltr' id='par_1_42' title="bbox 201 2644 1771 2714">
     <span class='ocr_line' id='line_1_42' title="bbox 201 2644 1771 2714; baseline 0.008 -19"><span class='ocrx_word' id='word_1_335' title='bbox 201 2655 315 2710; x_wconf 81' lang='lat' dir='ltr'><strong>ergo</strong></span> <span class='ocrx_word' id='word_1_336' title='bbox 341 2644 500 2700; x_wconf 90' lang='lat' dir='ltr'><strong>homo</strong></span> <span class='ocrx_word' id='word_1_337' title='bbox 534 2645 696 2700; x_wconf 78' lang='lat' dir='ltr'><strong>vincit</strong></span> <span class='ocrx_word' id='word_1_338' title='bbox 728 2645 915 2700; x_wconf 86' lang='lat' dir='ltr'><strong>Deum.</strong></span> <span class='ocrx_word' id='word_1_339' title='bbox 948 2645 1126 2702; x_wconf 82' lang='lat' dir='ltr'><strong>Vincit</strong></span> <span class='ocrx_word' id='word_1_340' title='bbox 1155 2649 1297 2701; x_wconf 89' lang='lat' dir='ltr'><strong>enim</strong></span> <span class='ocrx_word' id='word_1_341' title='bbox 1328 2648 1512 2714; x_wconf 91' lang='lat' dir='ltr'><strong>Deum,</strong></span> <span class='ocrx_word' id='word_1_342' title='bbox 1555 2651 1599 2704; x_wconf 92' lang='lat' dir='ltr'><strong>si</strong></span> <span class='ocrx_word' id='word_1_343' title='bbox 1631 2650 1771 2707; x_wconf 91' lang='lat' dir='ltr'><strong>Deus</strong></span> 
     </span>
    </p>
   </div>
   <div class='ocr_carea' id='block_1_43' title="bbox 200 2724 1771 2809">
    <p class='ocr_par' dir='ltr' id='par_1_43' title="bbox 200 2724 1771 2809">
     <span class='ocr_line' id='line_1_43' title="bbox 200 2724 1771 2809; baseline 0.007 -23"><span class='ocrx_word' id='word_1_344' title='bbox 200 2748 310 2787; x_wconf 86' lang='lat' dir='ltr'><strong>cum</strong></span> <span class='ocrx_word' id='word_1_345' title='bbox 337 2736 445 2790; x_wconf 88' lang='lat' dir='ltr'><strong>vult</strong></span> <span class='ocrx_word' id='word_1_346' title='bbox 472 2751 597 2791; x_wconf 87' lang='lat' dir='ltr'><strong>esse</strong></span> <span class='ocrx_word' id='word_1_347' title='bbox 624 2738 822 2791; x_wconf 88' lang='lat' dir='ltr'><strong>bonum</strong></span> <span class='ocrx_word' id='word_1_348' title='bbox 853 2746 908 2791; x_wconf 89' lang='lat' dir='ltr'><strong>et</strong></span> <span class='ocrx_word' id='word_1_349' title='bbox 935 2738 1109 2793; x_wconf 88' lang='lat' dir='ltr'><strong>bonus</strong></span> <span class='ocrx_word' id='word_1_350' title='bbox 1133 2755 1238 2794; x_wconf 93' lang='lat' dir='ltr'><strong>non</strong></span> <span class='ocrx_word' id='word_1_351' title='bbox 1261 2746 1360 2793; x_wconf 88' lang='lat' dir='ltr'><strong>est.</strong></span> <span class='ocrx_word' id='word_1_352' title='bbox 1393 2724 1486 2795; x_wconf 86' lang='lat' dir='ltr'><strong>Dei</strong></span> <span class='ocrx_word' id='word_1_353' title='bbox 1517 2756 1646 2809; x_wconf 88' lang='lat' dir='ltr'><strong>ergo</strong></span> <span class='ocrx_word' id='word_1_354' title='bbox 1676 2758 1771 2797; x_wconf 92' lang='lat' dir='ltr'><strong>vo-</strong></span> 
     </span>
    </p>
   </div>
   <div class='ocr_carea' id='block_1_44' title="bbox 201 2824 1765 2889">
    <p class='ocr_par' dir='ltr' id='par_1_44' title="bbox 201 2824 1765 2889">
     <span class='ocr_line' id='line_1_44' title="bbox 201 2824 1765 2889; baseline 0.008 -12"><span class='ocrx_word' id='word_1_355' title='bbox 201 2824 360 2885; x_wconf 86' lang='lat' dir='ltr'><strong>luntas</strong></span> <span class='ocrx_word' id='word_1_356' title='bbox 386 2834 439 2880; x_wconf 90' lang='lat' dir='ltr'><strong>et</strong></span> <span class='ocrx_word' id='word_1_357' title='bbox 457 2826 684 2883; x_wconf 76' lang='lat' dir='ltr'><strong>effectus</strong></span> <span class='ocrx_word' id='word_1_358' title='bbox 711 2836 794 2883; x_wconf 90' lang='lat' dir='ltr'><strong>est</strong></span> <span class='ocrx_word' id='word_1_359' title='bbox 817 2829 869 2882; x_wconf 92' lang='lat' dir='ltr'><strong>in</strong></span> <span class='ocrx_word' id='word_1_360' title='bbox 892 2831 1036 2885; x_wconf 91' lang='lat' dir='ltr'><strong>bono</strong></span> <span class='ocrx_word' id='word_1_361' title='bbox 1056 2830 1306 2885; x_wconf 91' lang='lat' dir='ltr'><strong>hominis.</strong></span> <span class='ocrx_word' id='word_1_362' title='bbox 1332 2831 1447 2886; x_wconf 85' lang='lat' dir='ltr'><strong>Non</strong></span> <span class='ocrx_word' id='word_1_363' title='bbox 1474 2833 1614 2887; x_wconf 88' lang='lat' dir='ltr'><strong>enim</strong></span> <span class='ocrx_word' id='word_1_364' title='bbox 1644 2850 1765 2889; x_wconf 91' lang='lat' dir='ltr'><strong>cum</strong></span> 
     </span>
    </p>
   </div>
   <div class='ocr_carea' id='block_1_45' title="bbox 201 2922 1766 2993">
    <p class='ocr_par' dir='ltr' id='par_1_45' title="bbox 201 2922 1766 2993">
     <span class='ocr_line' id='line_1_45' title="bbox 201 2922 1766 2993; baseline 0.007 -23"><span class='ocrx_word' id='word_1_365' title='bbox 201 2931 509 2986; x_wconf 87' lang='lat' dir='ltr'><strong>rogaremus,</strong></span> <span class='ocrx_word' id='word_1_366' title='bbox 544 2936 721 2990; x_wconf 90' lang='lat' dir='ltr'><strong>neque</strong></span> <span class='ocrx_word' id='word_1_367' title='bbox 754 2937 874 2976; x_wconf 90' lang='lat' dir='ltr'><strong>cum</strong></span> <span class='ocrx_word' id='word_1_368' title='bbox 912 2931 1237 2993; x_wconf 89' lang='lat' dir='ltr'><strong>peteremus,</strong></span> <span class='ocrx_word' id='word_1_369' title='bbox 1266 2923 1361 2978; x_wconf 91' lang='lat' dir='ltr'><strong>sed</strong></span> <span class='ocrx_word' id='word_1_370' title='bbox 1394 2922 1522 2979; x_wconf 88' lang='lat' dir='ltr'><strong>Cum</strong></span> <span class='ocrx_word' id='word_1_371' title='bbox 1548 2927 1766 2992; x_wconf 82' lang='lat' dir='ltr'><strong>inimici,</strong></span> 
     </span>
    </p>
   </div>
   <div class='ocr_carea' id='block_1_46' title="bbox 200 3008 1766 3085">
    <p class='ocr_par' dir='ltr' id='par_1_46' title="bbox 200 3008 1766 3085">
     <span class='ocr_line' id='line_1_46' title="bbox 200 3008 1766 3085; baseline 0.006 -23"><span class='ocrx_word' id='word_1_372' title='bbox 200 3008 370 3079; x_wconf 88' lang='lat' dir='ltr'><strong>inquit,</strong></span> <span class='ocrx_word' id='word_1_373' title='bbox 400 3029 646 3077; x_wconf 85' lang='lat' dir='ltr'><strong>essemus,</strong></span> <span class='ocrx_word' id='word_1_374' title='bbox 694 3014 1013 3068; x_wconf 79' lang='lat' dir='ltr'><strong>reconciliati</strong></span> <span class='ocrx_word' id='word_1_375' title='bbox 1057 3031 1232 3068; x_wconf 86' lang='lat' dir='ltr'><strong>sumus</strong></span> <span class='ocrx_word' id='word_1_376' title='bbox 1279 3014 1389 3069; x_wconf 83' lang='lat' dir='ltr'><strong>Deo</strong></span> <span class='ocrx_word' id='word_1_377' title='bbox 1420 3033 1512 3085; x_wconf 88' lang='lat' dir='ltr'><strong>per</strong></span> <span class='ocrx_word' id='word_1_378' title='bbox 1547 3027 1766 3072; x_wconf 87' lang='lat' dir='ltr'><strong>mortem</strong></span> 
     </span>
    </p>
   </div>
   <div class='ocr_carea' id='block_1_47' title="bbox 199 3098 1765 3176">
    <p class='ocr_par' dir='ltr' id='par_1_47' title="bbox 199 3098 1765 3176">
     <span class='ocr_line' id='line_1_47' title="bbox 199 3098 1765 3176; baseline 0.009 -26"><span class='ocrx_word' id='word_1_379' title='bbox 199 3098 283 3166; x_wconf 62' lang='lat' dir='ltr'><strong>gilii</strong></span> <span class='ocrx_word' id='word_1_380' title='bbox 308 3100 431 3169; x_wconf 79' lang='lat' dir='ltr'><strong>ejus.</strong></span> <span class='ocrx_word' id='word_1_381' title='bbox 464 3100 602 3155; x_wconf 87' lang='lat' dir='ltr'><strong>Cum</strong></span> <span class='ocrx_word' id='word_1_382' title='bbox 630 3110 811 3155; x_wconf 91' lang='lat' dir='ltr'><strong>autem</strong></span> <span class='ocrx_word' id='word_1_383' title='bbox 842 3118 939 3171; x_wconf 92' lang='lat' dir='ltr'><strong>pro</strong></span> <span class='ocrx_word' id='word_1_384' title='bbox 976 3104 1225 3158; x_wconf 91' lang='lat' dir='ltr'><strong>omnibus</strong></span> <span class='ocrx_word' id='word_1_385' title='bbox 1259 3106 1489 3161; x_wconf 84' lang='lat' dir='ltr'><strong>mortem</strong></span> <span class='ocrx_word' id='word_1_386' title='bbox 1527 3105 1619 3161; x_wconf 92' lang='lat' dir='ltr'><strong>filii</strong></span> <span class='ocrx_word' id='word_1_387' title='bbox 1650 3108 1765 3176; x_wconf 84' lang='lat' dir='ltr'><strong>ejus</strong></span> 
     </span>
    </p>
   </div>
   <div class='ocr_carea' id='block_1_48' title="bbox 1882 1933 3479 2008">
    <p class='ocr_par' dir='ltr' id='par_1_48' title="bbox 1882 1933 3479 2008">
     <span class='ocr_line' id='line_1_48' title="bbox 1882 1933 3479 2008; baseline 0.008 -22"><span class='ocrx_word' id='word_1_388' title='bbox 1882 1933 2142 2003; x_wconf 90' lang='lat' dir='ltr'><strong>cepimus.</strong></span> <span class='ocrx_word' id='word_1_389' title='bbox 2193 1933 2321 1990; x_wconf 89' lang='lat' dir='ltr'><strong>Ideo</strong></span> <span class='ocrx_word' id='word_1_390' title='bbox 2361 1936 2595 2007; x_wconf 87' lang='lat' dir='ltr'><strong>denique</strong></span> <span class='ocrx_word' id='word_1_391' title='bbox 2642 1938 2897 2008; x_wconf 84' lang='lat' dir='ltr'><strong>haptizati</strong></span> <span class='ocrx_word' id='word_1_392' title='bbox 2942 1942 3135 1997; x_wconf 88' lang='lat' dir='ltr'><strong>iterum</strong></span> <span class='ocrx_word' id='word_1_393' title='bbox 3187 1945 3479 1999; x_wconf 85' lang='lat' dir='ltr'><strong>carnaliter</strong></span> 
     </span>
    </p>
   </div>
   <div class='ocr_carea' id='block_1_49' title="bbox 1879 2024 3481 2106">
    <p class='ocr_par' dir='ltr' id='par_1_49' title="bbox 1879 2024 3481 2106">
     <span class='ocr_line' id='line_1_49' title="bbox 1879 2024 3481 2106; baseline 0.009 -28"><span class='ocrx_word' id='word_1_394' title='bbox 1879 2024 2287 2094; x_wconf 91' lang='lat' dir='ltr'><strong>concupiscunt,</strong></span> <span class='ocrx_word' id='word_1_395' title='bbox 2315 2033 2370 2081; x_wconf 91' lang='lat' dir='ltr'><strong>et</strong></span> <span class='ocrx_word' id='word_1_396' title='bbox 2398 2027 2518 2082; x_wconf 91' lang='lat' dir='ltr'><strong>illos</strong></span> <span class='ocrx_word' id='word_1_397' title='bbox 2538 2038 2717 2083; x_wconf 89' lang='lat' dir='ltr'><strong>motus</strong></span> <span class='ocrx_word' id='word_1_398' title='bbox 2737 2032 2981 2101; x_wconf 89' lang='lat' dir='ltr'><strong>corporis</strong></span> <span class='ocrx_word' id='word_1_399' title='bbox 3007 2034 3314 2103; x_wconf 90' lang='lat' dir='ltr'><strong>patiuntur;</strong></span> <span class='ocrx_word' id='word_1_400' title='bbox 3345 2038 3481 2106; x_wconf 79' lang='lat' dir='ltr'><strong>quia</strong></span> 
     </span>
    </p>
   </div>
   <div class='ocr_carea' id='block_1_50' title="bbox 1877 2122 3471 2188">
    <p class='ocr_par' dir='ltr' id='par_1_50' title="bbox 1877 2122 3471 2188">
     <span class='ocr_line' id='line_1_50' title="bbox 1877 2122 3471 2188; baseline 0.009 -17"><span class='ocrx_word' id='word_1_401' title='bbox 1877 2131 1992 2188; x_wconf 86' lang='lat' dir='ltr'><strong>spe,</strong></span> <span class='ocrx_word' id='word_1_402' title='bbox 2019 2134 2123 2173; x_wconf 92' lang='lat' dir='ltr'><strong>non</strong></span> <span class='ocrx_word' id='word_1_403' title='bbox 2147 2135 2205 2174; x_wconf 90' lang='lat' dir='ltr'><strong>re</strong></span> <span class='ocrx_word' id='word_1_404' title='bbox 2230 2122 2507 2177; x_wconf 88' lang='lat' dir='ltr'><strong>consecuti</strong></span> <span class='ocrx_word' id='word_1_405' title='bbox 2532 2132 2657 2177; x_wconf 89' lang='lat' dir='ltr'><strong>sunt</strong></span> <span class='ocrx_word' id='word_1_406' title='bbox 2678 2124 3084 2181; x_wconf 90' lang='lat' dir='ltr'><strong>instaurationis</strong></span> <span class='ocrx_word' id='word_1_407' title='bbox 3112 2129 3388 2183; x_wconf 80' lang='lat' dir='ltr'><strong>auxilium.</strong></span> <span class='ocrx_word' id='word_1_408' title='bbox 3414 2131 3471 2185; x_wconf 88' lang='lat' dir='ltr'><strong>Si</strong></span> 
     </span>
    </p>
   </div>
   <div class='ocr_carea' id='block_1_51' title="bbox 1876 2210 3475 2290">
    <p class='ocr_par' dir='ltr' id='par_1_51' title="bbox 1876 2210 3475 2290">
     <span class='ocr_line' id='line_1_51' title="bbox 1876 2210 3475 2290; baseline 0.009 -26"><span class='ocrx_word' id='word_1_409' title='bbox 1876 2210 2020 2265; x_wconf 89' lang='lat' dir='ltr'><strong>enim</strong></span> <span class='ocrx_word' id='word_1_410' title='bbox 2049 2227 2108 2266; x_wconf 86' lang='lat' dir='ltr'><strong>re</strong></span> <span class='ocrx_word' id='word_1_411' title='bbox 2138 2214 2413 2268; x_wconf 91' lang='lat' dir='ltr'><strong>consecuti</strong></span> <span class='ocrx_word' id='word_1_412' title='bbox 2441 2213 2690 2282; x_wconf 78' lang='lat' dir='ltr'><strong>fuissent,</strong></span> <span class='ocrx_word' id='word_1_413' title='bbox 2720 2226 2843 2287; x_wconf 91' lang='lat' dir='ltr'><strong>post</strong></span> <span class='ocrx_word' id='word_1_414' title='bbox 2879 2218 3215 2288; x_wconf 87' lang='lat' dir='ltr'><strong>baptismatis</strong></span> <span class='ocrx_word' id='word_1_415' title='bbox 3241 2224 3475 2290; x_wconf 81' lang='lat' dir='ltr'><strong>gratiam</strong></span> 
     </span>
    </p>
   </div>
   <div class='ocr_carea' id='block_1_52' title="bbox 1874 2306 3475 2378">
    <p class='ocr_par' dir='ltr' id='par_1_52' title="bbox 1874 2306 3475 2378">
     <span class='ocr_line' id='line_1_52' title="bbox 1874 2306 3475 2378; baseline 0.009 -21"><span class='ocrx_word' id='word_1_416' title='bbox 1874 2319 1982 2358; x_wconf 90' lang='lat' dir='ltr'><strong>non</strong></span> <span class='ocrx_word' id='word_1_417' title='bbox 2022 2306 2166 2360; x_wconf 89' lang='lat' dir='ltr'><strong>esset</strong></span> <span class='ocrx_word' id='word_1_418' title='bbox 2202 2307 2410 2377; x_wconf 91' lang='lat' dir='ltr'><strong>peccati</strong></span> <span class='ocrx_word' id='word_1_419' title='bbox 2450 2309 2779 2378; x_wconf 86' lang='lat' dir='ltr'><strong>possibilitas</strong></span> <span class='ocrx_word' id='word_1_420' title='bbox 2818 2326 2920 2366; x_wconf 90' lang='lat' dir='ltr'><strong>nec</strong></span> <span class='ocrx_word' id='word_1_421' title='bbox 2966 2312 3236 2367; x_wconf 85' lang='lat' dir='ltr'><strong>voluntas.</strong></span> <span class='ocrx_word' id='word_1_422' title='bbox 3269 2314 3475 2371; x_wconf 85' lang='lat' dir='ltr'><strong>Verum.</strong></span> 
     </span>
    </p>
   </div>
   <div class='ocr_carea' id='block_1_53' title="bbox 1873 2395 3468 2475">
    <p class='ocr_par' dir='ltr' id='par_1_53' title="bbox 1873 2395 3468 2475">
     <span class='ocr_line' id='line_1_53' title="bbox 1873 2395 3468 2475; baseline 0.009 -28"><span class='ocrx_word' id='word_1_423' title='bbox 1873 2395 1997 2462; x_wconf 90' lang='lat' dir='ltr'><strong>quia</strong></span> <span class='ocrx_word' id='word_1_424' title='bbox 2029 2395 2195 2451; x_wconf 92' lang='lat' dir='ltr'><strong>virtus</strong></span> <span class='ocrx_word' id='word_1_425' title='bbox 2215 2397 2551 2467; x_wconf 88' lang='lat' dir='ltr'><strong>baptismatis</strong></span> <span class='ocrx_word' id='word_1_426' title='bbox 2581 2406 2730 2455; x_wconf 91' lang='lat' dir='ltr'><strong>tanta</strong></span> <span class='ocrx_word' id='word_1_427' title='bbox 2759 2408 2860 2466; x_wconf 88' lang='lat' dir='ltr'><strong>est,</strong></span> <span class='ocrx_word' id='word_1_428' title='bbox 2891 2409 2950 2457; x_wconf 90' lang='lat' dir='ltr'><strong>ut</strong></span> <span class='ocrx_word' id='word_1_429' title='bbox 2975 2404 3220 2459; x_wconf 87' lang='lat' dir='ltr'><strong>universa</strong></span> <span class='ocrx_word' id='word_1_430' title='bbox 3244 2414 3468 2475; x_wconf 84' lang='lat' dir='ltr'><strong>peccata</strong></span> 
     </span>
    </p>
   </div>
   <div class='ocr_carea' id='block_1_54' title="bbox 1873 2482 3473 2563">
    <p class='ocr_par' dir='ltr' id='par_1_54' title="bbox 1873 2482 3473 2563">
     <span class='ocr_line' id='line_1_54' title="bbox 1873 2482 3473 2563; baseline 0.008 -26"><span class='ocrx_word' id='word_1_431' title='bbox 1873 2482 2069 2549; x_wconf 90' lang='lat' dir='ltr'><strong>deleat,</strong></span> <span class='ocrx_word' id='word_1_432' title='bbox 2101 2486 2384 2555; x_wconf 88' lang='lat' dir='ltr'><strong>pullulatio</strong></span> <span class='ocrx_word' id='word_1_433' title='bbox 2416 2495 2594 2544; x_wconf 90' lang='lat' dir='ltr'><strong>tamen</strong></span> <span class='ocrx_word' id='word_1_434' title='bbox 2626 2498 2971 2559; x_wconf 89' lang='lat' dir='ltr'><strong>peccatorum</strong></span> <span class='ocrx_word' id='word_1_435' title='bbox 2996 2492 3336 2563; x_wconf 86' lang='lat' dir='ltr'><strong>baptismatis</strong></span> <span class='ocrx_word' id='word_1_436' title='bbox 3359 2513 3473 2550; x_wconf 61' lang='lat' dir='ltr'><strong>un-</strong></span> 
     </span>
    </p>
   </div>
   <div class='ocr_carea' id='block_1_55' title="bbox 1871 2575 3473 2653">
    <p class='ocr_par' dir='ltr' id='par_1_55' title="bbox 1871 2575 3473 2653">
     <span class='ocr_line' id='line_1_55' title="bbox 1871 2575 3473 2653; baseline 0.009 -24"><span class='ocrx_word' id='word_1_437' title='bbox 1871 2575 1938 2629; x_wconf 92' lang='lat' dir='ltr'><strong>da</strong></span> <span class='ocrx_word' id='word_1_438' title='bbox 1971 2593 2074 2631; x_wconf 78' lang='lat' dir='ltr'><strong>non</strong></span> <span class='ocrx_word' id='word_1_439' title='bbox 2107 2578 2371 2646; x_wconf 84' lang='lat' dir='ltr'><strong>abluitur;</strong></span> <span class='ocrx_word' id='word_1_440' title='bbox 2405 2581 2581 2636; x_wconf 87' lang='lat' dir='ltr'><strong>inesse</strong></span> <span class='ocrx_word' id='word_1_441' title='bbox 2620 2583 2763 2636; x_wconf 88' lang='lat' dir='ltr'><strong>enim</strong></span> <span class='ocrx_word' id='word_1_442' title='bbox 2804 2599 2903 2653; x_wconf 82' lang='lat' dir='ltr'><strong>per</strong></span> <span class='ocrx_word' id='word_1_443' title='bbox 2941 2584 3112 2639; x_wconf 87' lang='lat' dir='ltr'><strong>Adam</strong></span> <span class='ocrx_word' id='word_1_444' title='bbox 3154 2589 3473 2644; x_wconf 72' lang='lat' dir='ltr'><strong>naturaliter</strong></span> 
     </span>
    </p>
   </div>
   <div class='ocr_carea' id='block_1_56' title="bbox 1871 2667 3461 2746">
    <p class='ocr_par' dir='ltr' id='par_1_56' title="bbox 1871 2667 3461 2746">
     <span class='ocr_line' id='line_1_56' title="bbox 1871 2667 3461 2746; baseline 0.009 -26"><span class='ocrx_word' id='word_1_445' title='bbox 1871 2667 2211 2737; x_wconf 78' lang='lat' dir='ltr'><strong>perducetur.</strong></span> <span class='ocrx_word' id='word_1_446' title='bbox 2231 2670 2364 2724; x_wconf 84' lang='lat' dir='ltr'><strong>Nam</strong></span> <span class='ocrx_word' id='word_1_447' title='bbox 2388 2671 2477 2724; x_wconf 89' lang='lat' dir='ltr'><strong>illa</strong></span> <span class='ocrx_word' id='word_1_448' title='bbox 2501 2674 2739 2727; x_wconf 88' lang='lat' dir='ltr'><strong>membra</strong></span> <span class='ocrx_word' id='word_1_449' title='bbox 2761 2689 2881 2744; x_wconf 62' lang='lat' dir='ltr'><strong>quae</strong></span> <span class='ocrx_word' id='word_1_450' title='bbox 2904 2675 2954 2729; x_wconf 93' lang='lat' dir='ltr'><strong>in</strong></span> <span class='ocrx_word' id='word_1_451' title='bbox 2972 2677 3309 2746; x_wconf 89' lang='lat' dir='ltr'><strong>baptismatis</strong></span> <span class='ocrx_word' id='word_1_452' title='bbox 3329 2679 3461 2736; x_wconf 85' lang='lat' dir='ltr'><strong>hora</strong></span> 
     </span>
    </p>
   </div>
   <div class='ocr_carea' id='block_1_57' title="bbox 1870 2758 3458 2839">
    <p class='ocr_par' dir='ltr' id='par_1_57' title="bbox 1870 2758 3458 2839">
     <span class='ocr_line' id='line_1_57' title="bbox 1870 2758 3458 2839; baseline 0.008 -27"><span class='ocrx_word' id='word_1_453' title='bbox 1870 2758 2186 2812; x_wconf 78' lang='lat' dir='ltr'><strong>confusione</strong></span> <span class='ocrx_word' id='word_1_454' title='bbox 2207 2770 2412 2825; x_wconf 89' lang='lat' dir='ltr'><strong>carent,</strong></span> <span class='ocrx_word' id='word_1_455' title='bbox 2436 2770 2623 2831; x_wconf 89' lang='lat' dir='ltr'><strong>postea</strong></span> <span class='ocrx_word' id='word_1_456' title='bbox 2646 2763 3017 2820; x_wconf 81' lang='lat' dir='ltr'><strong>confusionem</strong></span> <span class='ocrx_word' id='word_1_457' title='bbox 3039 2768 3323 2837; x_wconf 81' lang='lat' dir='ltr'><strong>recipiunt,</strong></span> <span class='ocrx_word' id='word_1_458' title='bbox 3354 2785 3458 2839; x_wconf 89' lang='lat' dir='ltr'><strong>qua</strong></span> 
     </span>
    </p>
   </div>
   <div class='ocr_carea' id='block_1_58' title="bbox 1868 2848 3463 2926">
    <p class='ocr_par' dir='ltr' id='par_1_58' title="bbox 1868 2848 3463 2926">
     <span class='ocr_line' id='line_1_58' title="bbox 1868 2848 3463 2926; baseline 0.009 -26"><span class='ocrx_word' id='word_1_459' title='bbox 1868 2848 2075 2903; x_wconf 87' lang='lat' dir='ltr'><strong>evitant</strong></span> <span class='ocrx_word' id='word_1_460' title='bbox 2101 2849 2297 2919; x_wconf 88' lang='lat' dir='ltr'><strong>ubique</strong></span> <span class='ocrx_word' id='word_1_461' title='bbox 2336 2861 2704 2921; x_wconf 89' lang='lat' dir='ltr'><strong>conspectum,</strong></span> <span class='ocrx_word' id='word_1_462' title='bbox 2725 2863 2779 2909; x_wconf 86' lang='lat' dir='ltr'><strong>et</strong></span> <span class='ocrx_word' id='word_1_463' title='bbox 2806 2866 3056 2924; x_wconf 65' lang='lat' dir='ltr'><strong>quarrunt</strong></span> <span class='ocrx_word' id='word_1_464' title='bbox 3084 2858 3335 2926; x_wconf 88' lang='lat' dir='ltr'><strong>pudendo</strong></span> <span class='ocrx_word' id='word_1_465' title='bbox 3374 2876 3463 2915; x_wconf 83' lang='lat' dir='ltr'><strong>sc-</strong></span> 
     </span>
    </p>
   </div>
   <div class='ocr_carea' id='block_1_59' title="bbox 1867 2939 3460 3020">
    <p class='ocr_par' dir='ltr' id='par_1_59' title="bbox 1867 2939 3460 3020">
     <span class='ocr_line' id='line_1_59' title="bbox 1867 2939 3460 3020; baseline 0.009 -27"><span class='ocrx_word' id='word_1_466' title='bbox 1867 2946 2094 2994; x_wconf 89' lang='lat' dir='ltr'><strong>cretum.</strong></span> <span class='ocrx_word' id='word_1_467' title='bbox 2127 2939 2256 3007; x_wconf 72' lang='lat' dir='ltr'><strong>Qum</strong></span> <span class='ocrx_word' id='word_1_468' title='bbox 2284 2942 2427 2996; x_wconf 90' lang='lat' dir='ltr'><strong>enim</strong></span> <span class='ocrx_word' id='word_1_469' title='bbox 2454 2944 2594 3000; x_wconf 89' lang='lat' dir='ltr'><strong>Deus</strong></span> <span class='ocrx_word' id='word_1_470' title='bbox 2622 2946 2861 3001; x_wconf 88' lang='lat' dir='ltr'><strong>membra</strong></span> <span class='ocrx_word' id='word_1_471' title='bbox 2893 2946 3108 3015; x_wconf 87' lang='lat' dir='ltr'><strong>fecerat,</strong></span> <span class='ocrx_word' id='word_1_472' title='bbox 3138 2951 3460 3020; x_wconf 74' lang='lat' dir='ltr'><strong>przcvarica-</strong></span> 
     </span>
    </p>
   </div>
   <div class='ocr_carea' id='block_1_60' title="bbox 1866 3031 3455 3113">
    <p class='ocr_par' dir='ltr' id='par_1_60' title="bbox 1866 3031 3455 3113">
     <span class='ocr_line' id='line_1_60' title="bbox 1866 3031 3455 3113; baseline 0.009 -27"><span class='ocrx_word' id='word_1_473' title='bbox 1866 3031 1943 3087; x_wconf 89' lang='lat' dir='ltr'><strong>tio</strong></span> <span class='ocrx_word' id='word_1_474' title='bbox 1973 3032 2026 3086; x_wconf 89' lang='lat' dir='ltr'><strong>in</strong></span> <span class='ocrx_word' id='word_1_475' title='bbox 2071 3034 2318 3104; x_wconf 89' lang='lat' dir='ltr'><strong>pudenda</strong></span> <span class='ocrx_word' id='word_1_476' title='bbox 2365 3040 2652 3104; x_wconf 90' lang='lat' dir='ltr'><strong>convertit,</strong></span> <span class='ocrx_word' id='word_1_477' title='bbox 2677 3048 2732 3094; x_wconf 93' lang='lat' dir='ltr'><strong>et</strong></span> <span class='ocrx_word' id='word_1_478' title='bbox 2758 3056 2868 3095; x_wconf 87' lang='lat' dir='ltr'><strong>non</strong></span> <span class='ocrx_word' id='word_1_479' title='bbox 2895 3041 3148 3098; x_wconf 91' lang='lat' dir='ltr'><strong>dicuntur</strong></span> <span class='ocrx_word' id='word_1_480' title='bbox 3192 3049 3455 3113; x_wconf 85' lang='lat' dir='ltr'><strong>membra,</strong></span> 
     </span>
    </p>
   </div>
   <div class='ocr_carea' id='block_1_61' title="bbox 1866 3124 3453 3206">
    <p class='ocr_par' dir='ltr' id='par_1_61' title="bbox 1866 3124 3453 3206">
     <span class='ocr_line' id='line_1_61' title="bbox 1866 3124 3453 3206; baseline 0.011 -28"><span class='ocrx_word' id='word_1_481' title='bbox 1866 3124 1961 3179; x_wconf 90' lang='lat' dir='ltr'><strong>sed</strong></span> <span class='ocrx_word' id='word_1_482' title='bbox 1982 3125 2248 3195; x_wconf 90' lang='lat' dir='ltr'><strong>pudenda.</strong></span> <span class='ocrx_word' id='word_1_483' title='bbox 2272 3127 2400 3194; x_wconf 71' lang='lat' dir='ltr'><strong>Quae</strong></span> <span class='ocrx_word' id='word_1_484' title='bbox 2422 3129 2667 3198; x_wconf 89' lang='lat' dir='ltr'><strong>pudenda</strong></span> <span class='ocrx_word' id='word_1_485' title='bbox 2692 3131 2743 3184; x_wconf 93' lang='lat' dir='ltr'><strong>in</strong></span> <span class='ocrx_word' id='word_1_486' title='bbox 2774 3141 2972 3202; x_wconf 91' lang='lat' dir='ltr'><strong>puncto</strong></span> <span class='ocrx_word' id='word_1_487' title='bbox 2995 3134 3087 3190; x_wconf 92' lang='lat' dir='ltr'><strong>illo</strong></span> <span class='ocrx_word' id='word_1_488' title='bbox 3115 3136 3453 3206; x_wconf 86' lang='lat' dir='ltr'><strong>baptismatis</strong></span> 
     </span>
    </p>
   </div>
   <div class='ocr_carea' id='block_1_62' title="bbox 200 3188 1765 3305">
    <p class='ocr_par' dir='ltr' id='par_1_62' title="bbox 200 3188 1763 3305">
     <span class='ocr_line' id='line_1_62' title="bbox 200 3188 1763 3269; baseline 0.008 -28"><span class='ocrx_word' id='word_1_489' title='bbox 200 3188 372 3257; x_wconf 86' lang='lat' dir='ltr'><strong>legitis,</strong></span> <span class='ocrx_word' id='word_1_490' title='bbox 403 3192 573 3246; x_wconf 90' lang='lat' dir='ltr'><strong>miror</strong></span> <span class='ocrx_word' id='word_1_491' title='bbox 600 3192 872 3261; x_wconf 88' lang='lat' dir='ltr'><strong>quomodo</strong></span> <span class='ocrx_word' id='word_1_492' title='bbox 901 3208 1087 3248; x_wconf 91' lang='lat' dir='ltr'><strong>omnes</strong></span> <span class='ocrx_word' id='word_1_493' title='bbox 1118 3195 1445 3264; x_wconf 90' lang='lat' dir='ltr'><strong>intelligatis,</strong></span> <span class='ocrx_word' id='word_1_494' title='bbox 1481 3213 1599 3252; x_wconf 87' lang='lat' dir='ltr'><strong>cum</strong></span> <span class='ocrx_word' id='word_1_495' title='bbox 1630 3215 1763 3269; x_wconf 88' lang='lat' dir='ltr'><strong>pau-</strong></span> 
     </span>
     <span class='ocr_line' id='line_1_63' title="bbox 200 3280 1419 3305; baseline 0 0"><span class='ocrx_word' id='word_1_496' title='bbox 200 3292 273 3305; x_wconf 65' lang='grc' dir='ltr'><strong>ιιηη</strong></span> <span class='ocrx_word' id='word_1_497' title='bbox 296 3280 374 3305; x_wconf 70' lang='grc'><strong>..2-</strong></span> <span class='ocrx_word' id='word_1_498' title='bbox 398 3281 458 3305; x_wconf 59' lang='grc' dir='ltr'><strong>ΑΔ</strong></span> <span class='ocrx_word' id='word_1_499' title='bbox 487 3282 733 3305; x_wconf 64' lang='grc' dir='ltr'><strong>--1--ι--.-</strong></span> <span class='ocrx_word' id='word_1_500' title='bbox 753 3285 978 3305; x_wconf 58' lang='lat'><strong>--_--.2-</strong></span> <span class='ocrx_word' id='word_1_501' title='bbox 1012 3285 1262 3305; x_wconf 59' lang='lat'><strong>-..!....-,__</strong></span> <span class='ocrx_word' id='word_1_502' title='bbox 1324 3287 1382 3305; x_wconf 76' lang='lat' dir='ltr'><strong>In</strong></span> <span class='ocrx_word' id='word_1_503' title='bbox 1409 3289 1419 3300; x_wconf 79' lang='grc' dir='ltr'><strong><em>ο</em></strong></span> 
     </span>
    </p>
   </div>
   <div class='ocr_carea' id='block_1_63' title="bbox 1868 3188 3451 3305">
    <p class='ocr_par' dir='ltr' id='par_1_63' title="bbox 1868 3217 3451 3305">
     <span class='ocr_line' id='line_1_64' title="bbox 1868 3217 3451 3305; baseline 0.01 -34"><span class='ocrx_word' id='word_1_504' title='bbox 1868 3219 2105 3274; x_wconf 90' lang='lat' dir='ltr'><strong>membra</strong></span> <span class='ocrx_word' id='word_1_505' title='bbox 2130 3217 2282 3287; x_wconf 83' lang='lat' dir='ltr'><strong>fiunt,</strong></span> <span class='ocrx_word' id='word_1_506' title='bbox 2306 3221 2401 3277; x_wconf 91' lang='lat' dir='ltr'><strong>sed</strong></span> <span class='ocrx_word' id='word_1_507' title='bbox 2424 3238 2552 3278; x_wconf 90' lang='lat' dir='ltr'><strong>mox</strong></span> <span class='ocrx_word' id='word_1_508' title='bbox 2578 3224 2772 3279; x_wconf 89' lang='lat' dir='ltr'><strong>iterum</strong></span> <span class='ocrx_word' id='word_1_509' title='bbox 2795 3226 3041 3296; x_wconf 89' lang='lat' dir='ltr'><strong>pudenda</strong></span> <span class='ocrx_word' id='word_1_510' title='bbox 3063 3227 3367 3305; x_wconf 80' lang='lat' dir='ltr'><strong>efﬁciuntur</strong></span> <span class='ocrx_word' id='word_1_511' title='bbox 3386 3248 3451 3288; x_wconf 76' lang='lat' dir='ltr'><strong>ex</strong></span> 
     </span>
    </p>
   </div>
   <div class='ocr_carea' id='block_1_64' title="bbox 196 3280 1762 3359">
    <p class='ocr_par' dir='ltr' id='par_1_64' title="bbox 196 3280 1762 3359">
     <span class='ocr_line' id='line_1_65' title="bbox 196 3280 1762 3359; baseline 0.01 -28"><span class='ocrx_word' id='word_1_512' title='bbox 196 3292 277 3332; x_wconf 85' lang='lat' dir='ltr'><strong>cos</strong></span> <span class='ocrx_word' id='word_1_513' title='bbox 296 3280 376 3334; x_wconf 87' lang='lat' dir='ltr'><strong>vix</strong></span> <span class='ocrx_word' id='word_1_514' title='bbox 396 3281 460 3335; x_wconf 90' lang='lat' dir='ltr'><strong>ad</strong></span> <span class='ocrx_word' id='word_1_515' title='bbox 485 3282 979 3339; x_wconf 72' lang='lat' dir='ltr'><strong>salutem-cernatis</strong></span> <span class='ocrx_word' id='word_1_516' title='bbox 1007 3285 1287 3355; x_wconf 88' lang='lat' dir='ltr'><strong>attingere.</strong></span> <span class='ocrx_word' id='word_1_517' title='bbox 1324 3287 1636 3359; x_wconf 87' lang='lat' dir='ltr'><strong>Ubicunque</strong></span> <span class='ocrx_word' id='word_1_518' title='bbox 1666 3307 1762 3345; x_wconf 87' lang='lat' dir='ltr'><strong>au-</strong></span> 
     </span>
    </p>
   </div>
   <div class='ocr_carea' id='block_1_65' title="bbox 198 3374 1761 3442">
    <p class='ocr_par' dir='ltr' id='par_1_65' title="bbox 198 3374 1761 3442">
     <span class='ocr_line' id='line_1_66' title="bbox 198 3374 1761 3442; baseline 0.01 -22"><span class='ocrx_word' id='word_1_519' title='bbox 198 3378 290 3422; x_wconf 90' lang='lat' dir='ltr'><strong>tem</strong></span> <span class='ocrx_word' id='word_1_520' title='bbox 315 3386 498 3427; x_wconf 54' lang='lat' dir='ltr'><strong>omnes</strong></span> <span class='ocrx_word' id='word_1_521' title='bbox 534 3374 730 3441; x_wconf 82' lang='lat' dir='ltr'><strong>legitis,</strong></span> <span class='ocrx_word' id='word_1_522' title='bbox 762 3377 1085 3442; x_wconf 85' lang='lat' dir='ltr'><strong>generaliter</strong></span> <span class='ocrx_word' id='word_1_523' title='bbox 1111 3394 1298 3433; x_wconf 89' lang='lat' dir='ltr'><strong>omnes</strong></span> <span class='ocrx_word' id='word_1_524' title='bbox 1326 3380 1487 3434; x_wconf 87' lang='lat' dir='ltr'><strong>vultis</strong></span> <span class='ocrx_word' id='word_1_525' title='bbox 1516 3381 1540 3417; x_wconf 70' lang='grc' dir='ltr'>ἀ</span> <span class='ocrx_word' id='word_1_526' title='bbox 1565 3382 1761 3436; x_wconf 84' lang='lat' dir='ltr'><strong>intelli-</strong></span> 
     </span>
    </p>
   </div>
   <div class='ocr_carea' id='block_1_66' title="bbox 196 3461 1759 3538">
    <p class='ocr_par' dir='ltr' id='par_1_66' title="bbox 196 3461 1759 3538">
     <span class='ocr_line' id='line_1_67' title="bbox 196 3461 1759 3538; baseline 0.007 -23"><span class='ocrx_word' id='word_1_527' title='bbox 196 3461 257 3525; x_wconf 78' lang='lat' dir='ltr'><strong>gi,</strong></span> <span class='ocrx_word' id='word_1_528' title='bbox 288 3477 400 3516; x_wconf 90' lang='lat' dir='ltr'><strong>cum</strong></span> <span class='ocrx_word' id='word_1_529' title='bbox 422 3479 615 3519; x_wconf 89' lang='lat' dir='ltr'><strong>omnes</strong></span> <span class='ocrx_word' id='word_1_530' title='bbox 654 3480 796 3535; x_wconf 57' lang='lat' dir='ltr'><strong>saepe</strong></span> <span class='ocrx_word' id='word_1_531' title='bbox 824 3482 924 3536; x_wconf 90' lang='lat' dir='ltr'><strong>pro</strong></span> <span class='ocrx_word' id='word_1_532' title='bbox 952 3477 1104 3538; x_wconf 90' lang='lat' dir='ltr'><strong>parte</strong></span> <span class='ocrx_word' id='word_1_533' title='bbox 1131 3470 1444 3524; x_wconf 83' lang='lat' dir='ltr'><strong>doceantur.</strong></span> <span class='ocrx_word' id='word_1_534' title='bbox 1478 3471 1607 3525; x_wconf 83' lang='lat' dir='ltr'><strong>Nam</strong></span> <span class='ocrx_word' id='word_1_535' title='bbox 1637 3487 1759 3526; x_wconf 90' lang='lat' dir='ltr'><strong>cum</strong></span> 
     </span>
    </p>
   </div>
   <div class='ocr_carea' id='block_1_67' title="bbox 196 3550 1757 3630">
    <p class='ocr_par' dir='ltr' id='par_1_67' title="bbox 196 3550 1757 3630">
     <span class='ocr_line' id='line_1_68' title="bbox 196 3550 1757 3630; baseline 0.01 -30"><span class='ocrx_word' id='word_1_536' title='bbox 196 3550 369 3605; x_wconf 87' lang='lat' dir='ltr'><strong>dicitur</strong></span> <span class='ocrx_word' id='word_1_537' title='bbox 398 3571 410 3605; x_wconf 88' lang='lat'><strong>:</strong></span> <span class='ocrx_word' id='word_1_538' title='bbox 445 3552 644 3608; x_wconf 82' lang='lat' dir='ltr'><strong>Omnes</strong></span> <span class='ocrx_word' id='word_1_539' title='bbox 674 3554 1058 3610; x_wconf 72' lang='lat' dir='ltr'><strong>declinaverunt</strong></span> <span class='ocrx_word' id='word_1_540' title='bbox 1084 3557 1201 3630; x_wconf 83' lang='lat' dir='ltr'><strong>(Ps.</strong></span> <span class='ocrx_word' id='word_1_541' title='bbox 1230 3558 1419 3628; x_wconf 48' lang='grc' dir='ltr'><strong>Μηδὲ),</strong></span> <span class='ocrx_word' id='word_1_542' title='bbox 1446 3576 1551 3613; x_wconf 89' lang='lat' dir='ltr'><strong>non</strong></span> <span class='ocrx_word' id='word_1_543' title='bbox 1578 3568 1757 3616; x_wconf 88' lang='lat' dir='ltr'><strong>tamen</strong></span> 
     </span>
    </p>
   </div>
   <div class='ocr_carea' id='block_1_68' title="bbox 196 3642 1752 3718">
    <p class='ocr_par' dir='ltr' id='par_1_68' title="bbox 196 3642 1752 3718">
     <span class='ocr_line' id='line_1_69' title="bbox 196 3642 1752 3718; baseline 0.008 -27"><span class='ocrx_word' id='word_1_544' title='bbox 196 3656 365 3696; x_wconf 83' lang='lat' dir='ltr'><strong>mones</strong></span> <span class='ocrx_word' id='word_1_545' title='bbox 402 3642 829 3709; x_wconf 87' lang='lat' dir='ltr'><strong>declinaverunt,</strong></span> <span class='ocrx_word' id='word_1_546' title='bbox 860 3657 913 3699; x_wconf 89' lang='lat' dir='ltr'><strong>et</strong></span> <span class='ocrx_word' id='word_1_547' title='bbox 960 3642 1143 3701; x_wconf 80' lang='lat' dir='ltr'><strong>Omnis</strong></span> <span class='ocrx_word' id='word_1_548' title='bbox 1185 3649 1335 3702; x_wconf 82' lang='lat' dir='ltr'><strong>Immo</strong></span> <span class='ocrx_word' id='word_1_549' title='bbox 1375 3649 1601 3703; x_wconf 76' lang='lat' dir='ltr'><strong>mendax</strong></span> <span class='ocrx_word' id='word_1_550' title='bbox 1638 3650 1752 3718; x_wconf 86' lang='lat' dir='ltr'><strong>(Ps.</strong></span> 
     </span>
    </p>
   </div>
   <div class='ocr_carea' id='block_1_69' title="bbox 196 3734 1758 3811">
    <p class='ocr_par' dir='ltr' id='par_1_69' title="bbox 196 3734 1758 3811">
     <span class='ocr_line' id='line_1_70' title="bbox 196 3734 1758 3811; baseline 0.008 -27"><span class='ocrx_word' id='word_1_551' title='bbox 196 3747 300 3799; x_wconf 71' lang='grc' dir='ltr'><strong>ειν,</strong></span> <span class='ocrx_word' id='word_1_552' title='bbox 339 3734 446 3806; x_wconf 84' lang='lat' dir='ltr'><strong>ll),</strong></span> <span class='ocrx_word' id='word_1_553' title='bbox 478 3752 589 3791; x_wconf 86' lang='lat' dir='ltr'><strong>non</strong></span> <span class='ocrx_word' id='word_1_554' title='bbox 629 3745 808 3791; x_wconf 89' lang='lat' dir='ltr'><strong>tamen</strong></span> <span class='ocrx_word' id='word_1_555' title='bbox 845 3739 1019 3793; x_wconf 89' lang='lat' dir='ltr'><strong>omnis</strong></span> <span class='ocrx_word' id='word_1_556' title='bbox 1065 3740 1229 3795; x_wconf 90' lang='lat' dir='ltr'><strong>homo</strong></span> <span class='ocrx_word' id='word_1_557' title='bbox 1258 3741 1508 3806; x_wconf 82' lang='lat' dir='ltr'><strong>mendax,</strong></span> <span class='ocrx_word' id='word_1_558' title='bbox 1539 3744 1661 3811; x_wconf 84' lang='lat' dir='ltr'><strong>quia</strong></span> <span class='ocrx_word' id='word_1_559' title='bbox 1691 3745 1758 3798; x_wconf 84' lang='lat' dir='ltr'><strong>de</strong></span> 
     </span>
    </p>
   </div>
   <div class='ocr_carea' id='block_1_70' title="bbox 195 3825 1757 3895">
    <p class='ocr_par' dir='ltr' id='par_1_70' title="bbox 195 3825 1757 3895">
     <span class='ocr_line' id='line_1_71' title="bbox 195 3825 1757 3895; baseline 0.01 -24"><span class='ocrx_word' id='word_1_560' title='bbox 195 3825 406 3889; x_wconf 79' lang='lat' dir='ltr'><strong>quodam</strong></span> <span class='ocrx_word' id='word_1_561' title='bbox 453 3827 682 3895; x_wconf 77' lang='lat' dir='ltr'><strong>legimus</strong></span> <span class='ocrx_word' id='word_1_562' title='bbox 726 3846 738 3879; x_wconf 89' lang='lat'><strong>:</strong></span> <span class='ocrx_word' id='word_1_563' title='bbox 786 3827 915 3882; x_wconf 88' lang='lat' dir='ltr'><strong>Erat</strong></span> <span class='ocrx_word' id='word_1_564' title='bbox 944 3847 1095 3884; x_wconf 62' lang='lat' dir='ltr'><strong>aonio</strong></span> <span class='ocrx_word' id='word_1_565' title='bbox 1127 3848 1300 3885; x_wconf 74' lang='lat' dir='ltr'><strong>verax.</strong></span> <span class='ocrx_word' id='word_1_566' title='bbox 1332 3831 1401 3885; x_wconf 91' lang='lat' dir='ltr'><strong>Et</strong></span> <span class='ocrx_word' id='word_1_567' title='bbox 1430 3832 1559 3886; x_wconf 86' lang='lat' dir='ltr'><strong>illud</strong></span> <span class='ocrx_word' id='word_1_568' title='bbox 1592 3851 1604 3885; x_wconf 91' lang='lat'>:</span> <span class='ocrx_word' id='word_1_569' title='bbox 1647 3832 1757 3886; x_wconf 75' lang='lat' dir='ltr'><strong>Viri</strong></span> 
     </span>
    </p>
   </div>
   <div class='ocr_carea' id='block_1_71' title="bbox 195 3915 1757 3987">
    <p class='ocr_par' dir='ltr' id='par_1_71' title="bbox 195 3915 1757 3987">
     <span class='ocr_line' id='line_1_72' title="bbox 195 3915 1757 3987; baseline 0.009 -24"><span class='ocrx_word' id='word_1_570' title='bbox 195 3915 444 3970; x_wconf 80' lang='lat' dir='ltr'><strong>mendaces</strong></span> <span class='ocrx_word' id='word_1_571' title='bbox 491 3934 601 3971; x_wconf 85' lang='lat' dir='ltr'><strong>non</strong></span> <span class='ocrx_word' id='word_1_572' title='bbox 628 3928 777 3972; x_wconf 88' lang='lat' dir='ltr'><strong>erunt</strong></span> <span class='ocrx_word' id='word_1_573' title='bbox 807 3918 948 3974; x_wconf 88' lang='lat' dir='ltr'><strong>illius</strong></span> <span class='ocrx_word' id='word_1_574' title='bbox 975 3937 1262 3987; x_wconf 79' lang='lat' dir='ltr'><strong>memores;</strong></span> <span class='ocrx_word' id='word_1_575' title='bbox 1291 3925 1385 3978; x_wconf 77' lang='lat' dir='ltr'><strong>viri</strong></span> <span class='ocrx_word' id='word_1_576' title='bbox 1415 3934 1583 3978; x_wconf 85' lang='lat' dir='ltr'><strong>autem</strong></span> <span class='ocrx_word' id='word_1_577' title='bbox 1612 3941 1757 3979; x_wconf 67' lang='grc' dir='ltr'><strong>νει-α-</strong></span> 
     </span>
    </p>
   </div>
   <div class='ocr_carea' id='block_1_72' title="bbox 195 4007 1757 4088">
    <p class='ocr_par' dir='ltr' id='par_1_72' title="bbox 195 4007 1757 4088">
     <span class='ocr_line' id='line_1_73' title="bbox 195 4007 1757 4088; baseline 0.014 -34"><span class='ocrx_word' id='word_1_578' title='bbox 195 4017 264 4056; x_wconf 78' lang='lat' dir='ltr'><strong>ces</strong></span> <span class='ocrx_word' id='word_1_579' title='bbox 288 4007 613 4063; x_wconf 80' lang='lat' dir='ltr'><strong>inveniuntur</strong></span> <span class='ocrx_word' id='word_1_580' title='bbox 638 4011 693 4064; x_wconf 88' lang='lat' dir='ltr'><strong>in</strong></span> <span class='ocrx_word' id='word_1_581' title='bbox 720 4028 781 4064; x_wconf 83' lang='lat' dir='ltr'><strong>ea</strong></span> <span class='ocrx_word' id='word_1_582' title='bbox 810 4011 999 4083; x_wconf 84' lang='lat' dir='ltr'><strong>(Eccli.</strong></span> <span class='ocrx_word' id='word_1_583' title='bbox 1036 4030 1123 4079; x_wconf 88' lang='lat' dir='ltr'><strong>xv,</strong></span> <span class='ocrx_word' id='word_1_584' title='bbox 1160 4014 1236 4087; x_wconf 87' lang='lat'><strong>8).</strong></span> <span class='ocrx_word' id='word_1_585' title='bbox 1272 4015 1400 4071; x_wconf 86' lang='lat' dir='ltr'><strong>Pars</strong></span> <span class='ocrx_word' id='word_1_586' title='bbox 1430 4034 1558 4088; x_wconf 88' lang='lat' dir='ltr'><strong>ergo</strong></span> <span class='ocrx_word' id='word_1_587' title='bbox 1588 4022 1757 4076; x_wconf 78' lang='lat' dir='ltr'><strong>maxi-</strong></span> 
     </span>
    </p>
   </div>
   <div class='ocr_carea' id='block_1_73' title="bbox 194 4101 1754 4176">
    <p class='ocr_par' dir='ltr' id='par_1_73' title="bbox 194 4101 1754 4176">
     <span class='ocr_line' id='line_1_74' title="bbox 194 4101 1754 4176; baseline 0.015 -33"><span class='ocrx_word' id='word_1_588' title='bbox 194 4106 268 4147; x_wconf 88' lang='lat' dir='ltr'><strong>ma</strong></span> <span class='ocrx_word' id='word_1_589' title='bbox 287 4111 464 4155; x_wconf 89' lang='lat' dir='ltr'><strong>omnes</strong></span> <span class='ocrx_word' id='word_1_590' title='bbox 481 4101 695 4155; x_wconf 89' lang='lat' dir='ltr'><strong>videtur</strong></span> <span class='ocrx_word' id='word_1_591' title='bbox 716 4103 1034 4171; x_wconf 84' lang='lat' dir='ltr'><strong>significare,</strong></span> <span class='ocrx_word' id='word_1_592' title='bbox 1063 4121 1184 4159; x_wconf 90' lang='lat' dir='ltr'><strong>cum</strong></span> <span class='ocrx_word' id='word_1_593' title='bbox 1207 4109 1391 4176; x_wconf 86' lang='lat' dir='ltr'><strong>utique</strong></span> <span class='ocrx_word' id='word_1_594' title='bbox 1416 4120 1625 4165; x_wconf 83' lang='lat' dir='ltr'><strong>constet</strong></span> <span class='ocrx_word' id='word_1_595' title='bbox 1645 4128 1754 4167; x_wconf 87' lang='lat' dir='ltr'><strong>non</strong></span> 
     </span>
    </p>
   </div>
   <div class='ocr_carea' id='block_1_74' title="bbox 194 4184 1756 4268">
    <p class='ocr_par' dir='ltr' id='par_1_74' title="bbox 194 4184 1756 4268">
     <span class='ocr_line' id='line_1_75' title="bbox 194 4184 1756 4268; baseline 0.013 -31"><span class='ocrx_word' id='word_1_596' title='bbox 194 4184 370 4242; x_wconf 82' lang='lat' dir='ltr'><strong>debere</strong></span> <span class='ocrx_word' id='word_1_597' title='bbox 397 4207 587 4247; x_wconf 85' lang='lat' dir='ltr'><strong>omnes</strong></span> <span class='ocrx_word' id='word_1_598' title='bbox 625 4192 867 4262; x_wconf 82' lang='lat' dir='ltr'><strong>intelligi.</strong></span> <span class='ocrx_word' id='word_1_599' title='bbox 902 4193 968 4247; x_wconf 89' lang='lat' dir='ltr'><strong>Et</strong></span> <span class='ocrx_word' id='word_1_600' title='bbox 1005 4196 1107 4251; x_wconf 87' lang='lat' dir='ltr'><strong>hoc</strong></span> <span class='ocrx_word' id='word_1_601' title='bbox 1154 4198 1339 4264; x_wconf 88' lang='lat' dir='ltr'><strong>miror,</strong></span> <span class='ocrx_word' id='word_1_602' title='bbox 1373 4201 1516 4268; x_wconf 88' lang='lat' dir='ltr'><strong>quod</strong></span> <span class='ocrx_word' id='word_1_603' title='bbox 1561 4203 1756 4259; x_wconf 88' lang='lat' dir='ltr'><strong>clausis</strong></span> 
     </span>
    </p>
   </div>
   <div class='ocr_carea' id='block_1_75' title="bbox 195 4280 1755 4360">
    <p class='ocr_par' dir='ltr' id='par_1_75' title="bbox 195 4280 1755 4360">
     <span class='ocr_line' id='line_1_76' title="bbox 195 4280 1755 4360; baseline 0.013 -30"><span class='ocrx_word' id='word_1_604' title='bbox 195 4280 344 4334; x_wconf 78' lang='lat' dir='ltr'><strong>oculis</strong></span> <span class='ocrx_word' id='word_1_605' title='bbox 372 4285 611 4339; x_wconf 86' lang='lat' dir='ltr'><strong>transitis</strong></span> <span class='ocrx_word' id='word_1_606' title='bbox 638 4285 807 4342; x_wconf 87' lang='lat' dir='ltr'><strong>hostis</strong></span> <span class='ocrx_word' id='word_1_607' title='bbox 834 4288 1071 4352; x_wconf 88' lang='lat' dir='ltr'><strong>insidias,</strong></span> <span class='ocrx_word' id='word_1_608' title='bbox 1110 4305 1203 4344; x_wconf 89' lang='lat' dir='ltr'><strong>vos</strong></span> <span class='ocrx_word' id='word_1_609' title='bbox 1242 4294 1333 4360; x_wconf 91' lang='lat' dir='ltr'><strong>qui</strong></span> <span class='ocrx_word' id='word_1_610' title='bbox 1365 4294 1539 4348; x_wconf 82' lang='lat' dir='ltr'><strong>dicitis</strong></span> <span class='ocrx_word' id='word_1_611' title='bbox 1565 4296 1755 4350; x_wconf 88' lang='lat' dir='ltr'><strong>volun-</strong></span> 
     </span>
    </p>
   </div>
   <div class='ocr_carea' id='block_1_76' title="bbox 195 4373 1754 4450">
    <p class='ocr_par' dir='ltr' id='par_1_76' title="bbox 195 4373 1754 4450">
     <span class='ocr_line' id='line_1_77' title="bbox 195 4373 1754 4450; baseline 0.013 -29"><span class='ocrx_word' id='word_1_612' title='bbox 195 4373 340 4450; x_wconf 77' lang='lat' dir='ltr'><strong>tatem</strong></span> <span class='ocrx_word' id='word_1_613' title='bbox 367 4374 602 4429; x_wconf 87' lang='lat' dir='ltr'><strong>hominis</strong></span> <span class='ocrx_word' id='word_1_614' title='bbox 631 4378 829 4445; x_wconf 89' lang='lat' dir='ltr'><strong>aliquid</strong></span> <span class='ocrx_word' id='word_1_615' title='bbox 868 4380 1145 4447; x_wconf 88' lang='lat' dir='ltr'><strong>acquirere</strong></span> <span class='ocrx_word' id='word_1_616' title='bbox 1168 4396 1326 4450; x_wconf 86' lang='lat' dir='ltr'><strong>posse</strong></span> <span class='ocrx_word' id='word_1_617' title='bbox 1359 4383 1568 4439; x_wconf 88' lang='lat' dir='ltr'><strong>virtutis</strong></span> <span class='ocrx_word' id='word_1_618' title='bbox 1601 4403 1613 4438; x_wconf 92' lang='lat'><strong>:</strong></span> <span class='ocrx_word' id='word_1_619' title='bbox 1648 4403 1754 4441; x_wconf 91' lang='lat' dir='ltr'><strong>non</strong></span> 
     </span>
    </p>
   </div>
   <div class='ocr_carea' id='block_1_77' title="bbox 196 4446 1753 4542">
    <p class='ocr_par' dir='ltr' id='par_1_77' title="bbox 196 4446 1753 4542">
     <span class='ocr_line' id='line_1_78' title="bbox 196 4446 1753 4542; baseline 0.014 -33"><span class='ocrx_word' id='word_1_620' title='bbox 196 4446 509 4519; x_wconf 79' lang='lat' dir='ltr'><strong>attendentes</strong></span> <span class='ocrx_word' id='word_1_621' title='bbox 560 4476 772 4533; x_wconf 77' lang='lat' dir='ltr'><strong>quantae</strong></span> <span class='ocrx_word' id='word_1_622' title='bbox 817 4446 983 4523; x_wconf 72' lang='lat' dir='ltr'><strong>ruintc</strong></span> <span class='ocrx_word' id='word_1_623' title='bbox 1031 4446 1293 4527; x_wconf 79' lang='lat' dir='ltr'><strong>castitatis</strong></span> <span class='ocrx_word' id='word_1_624' title='bbox 1340 4488 1437 4542; x_wconf 88' lang='lat' dir='ltr'><strong>per</strong></span> <span class='ocrx_word' id='word_1_625' title='bbox 1481 4474 1753 4531; x_wconf 88' lang='lat' dir='ltr'><strong>diabolum</strong></span> 
     </span>
    </p>
   </div>
   <div class='ocr_carea' id='block_1_78' title="bbox 199 4545 1827 4636">
    <p class='ocr_par' dir='ltr' id='par_1_78' title="bbox 199 4545 1827 4636">
     <span class='ocr_line' id='line_1_79' title="bbox 199 4545 1827 4636; baseline 0.014 -34"><span class='ocrx_word' id='word_1_626' title='bbox 199 4545 309 4604; x_wconf 78' lang='lat' dir='ltr'><strong>flant</strong></span> <span class='ocrx_word' id='word_1_627' title='bbox 350 4572 361 4605; x_wconf 89' lang='lat'><strong>:</strong></span> <span class='ocrx_word' id='word_1_628' title='bbox 392 4565 700 4625; x_wconf 85' lang='lat' dir='ltr'><strong>quantaque</strong></span> <span class='ocrx_word' id='word_1_629' title='bbox 739 4560 963 4613; x_wconf 90' lang='lat' dir='ltr'><strong>crimina</strong></span> <span class='ocrx_word' id='word_1_630' title='bbox 993 4552 1458 4632; x_wconf 59' lang='lat' dir='ltr'><strong>concupiscentia},</strong></span> <span class='ocrx_word' id='word_1_631' title='bbox 1491 4569 1746 4635; x_wconf 65' lang='lat' dir='ltr'><strong>avaritia},</strong></span> <span class='ocrx_word' id='word_1_632' title='bbox 1782 4578 1827 4636; x_wconf 71' lang='grc' dir='ltr'><strong>ι)</strong></span> 
     </span>
    </p>
   </div>
   <div class='ocr_carea' id='block_1_79' title="bbox 199 4637 1753 4729">
    <p class='ocr_par' dir='ltr' id='par_1_79' title="bbox 199 4637 1753 4729">
     <span class='ocr_line' id='line_1_80' title="bbox 199 4637 1753 4729; baseline 0.017 -40"><span class='ocrx_word' id='word_1_633' title='bbox 199 4637 357 4697; x_wconf 85' lang='lat' dir='ltr'><strong>livoris</strong></span> <span class='ocrx_word' id='word_1_634' title='bbox 378 4656 440 4699; x_wconf 86' lang='lat' dir='ltr'><strong>ac</strong></span> <span class='ocrx_word' id='word_1_635' title='bbox 460 4644 710 4715; x_wconf 77' lang='lat' dir='ltr'><strong>perfidice,</strong></span> <span class='ocrx_word' id='word_1_636' title='bbox 736 4650 975 4717; x_wconf 83' lang='lat' dir='ltr'><strong>quotidie</strong></span> <span class='ocrx_word' id='word_1_637' title='bbox 998 4660 1386 4721; x_wconf 86' lang='lat' dir='ltr'><strong>perpetrentur.</strong></span> <span class='ocrx_word' id='word_1_638' title='bbox 1416 4657 1544 4723; x_wconf 69' lang='lat' dir='ltr'><strong>Qum</strong></span> <span class='ocrx_word' id='word_1_639' title='bbox 1570 4662 1753 4729; x_wconf 91' lang='lat' dir='ltr'><strong>utique</strong></span> 
     </span>
    </p>
   </div>
   <div class='ocr_carea' id='block_1_80' title="bbox 198 4727 1751 4806">
    <p class='ocr_par' dir='ltr' id='par_1_80' title="bbox 198 4727 1751 4806">
     <span class='ocr_line' id='line_1_81' title="bbox 198 4727 1751 4806; baseline 0.017 -27"><span class='ocrx_word' id='word_1_640' title='bbox 198 4727 232 4780; x_wconf 79' lang='lat' dir='ltr'><strong>si</strong></span> <span class='ocrx_word' id='word_1_641' title='bbox 259 4731 514 4801; x_wconf 84' lang='lat' dir='ltr'><strong>videretis,</strong></span> <span class='ocrx_word' id='word_1_642' title='bbox 545 4752 649 4790; x_wconf 90' lang='lat' dir='ltr'><strong>non</strong></span> <span class='ocrx_word' id='word_1_643' title='bbox 680 4738 1042 4794; x_wconf 88' lang='lat' dir='ltr'><strong>laboraremus</strong></span> <span class='ocrx_word' id='word_1_644' title='bbox 1069 4743 1220 4797; x_wconf 86' lang='lat' dir='ltr'><strong>vobis</strong></span> <span class='ocrx_word' id='word_1_645' title='bbox 1249 4747 1531 4801; x_wconf 81' lang='lat' dir='ltr'><strong>ostendere</strong></span> <span class='ocrx_word' id='word_1_646' title='bbox 1557 4750 1751 4806; x_wconf 86' lang='lat' dir='ltr'><strong>damna</strong></span> 
     </span>
    </p>
   </div>
   <div class='ocr_carea' id='block_1_81' title="bbox 197 4818 1752 4903">
    <p class='ocr_par' dir='ltr' id='par_1_81' title="bbox 197 4818 1752 4903">
     <span class='ocr_line' id='line_1_82' title="bbox 197 4818 1752 4903; baseline 0.019 -35"><span class='ocrx_word' id='word_1_647' title='bbox 197 4818 447 4887; x_wconf 78' lang='lat' dir='ltr'><strong>virtutum,</strong></span> <span class='ocrx_word' id='word_1_648' title='bbox 473 4834 529 4880; x_wconf 89' lang='lat' dir='ltr'><strong>et</strong></span> <span class='ocrx_word' id='word_1_649' title='bbox 550 4828 800 4883; x_wconf 85' lang='lat' dir='ltr'><strong>victorias</strong></span> <span class='ocrx_word' id='word_1_650' title='bbox 819 4830 1090 4885; x_wconf 85' lang='lat' dir='ltr'><strong>vitiorum.</strong></span> <span class='ocrx_word' id='word_1_651' title='bbox 1115 4834 1169 4887; x_wconf 83' lang='lat' dir='ltr'><strong>Si</strong></span> <span class='ocrx_word' id='word_1_652' title='bbox 1202 4837 1405 4903; x_wconf 75' lang='lat' dir='ltr'><strong>integra</strong></span> <span class='ocrx_word' id='word_1_653' title='bbox 1436 4841 1577 4894; x_wconf 89' lang='lat' dir='ltr'><strong>enim</strong></span> <span class='ocrx_word' id='word_1_654' title='bbox 1609 4851 1752 4897; x_wconf 85' lang='lat' dir='ltr'><strong>esset</strong></span> 
     </span>
    </p>
   </div>
   <div class='ocr_carea' id='block_1_82' title="bbox 194 4907 1749 5000">
    <p class='ocr_par' dir='ltr' id='par_1_82' title="bbox 194 4907 1749 5000">
     <span class='ocr_line' id='line_1_83' title="bbox 194 4907 1749 5000; baseline 0.021 -40"><span class='ocrx_word' id='word_1_655' title='bbox 194 4907 389 4971; x_wconf 83' lang='lat' dir='ltr'><strong>libertas</strong></span> <span class='ocrx_word' id='word_1_656' title='bbox 408 4921 629 4988; x_wconf 88' lang='lat' dir='ltr'><strong>arbitrii,</strong></span> <span class='ocrx_word' id='word_1_657' title='bbox 652 4924 749 4976; x_wconf 85' lang='lat' dir='ltr'><strong>ista</strong></span> <span class='ocrx_word' id='word_1_658' title='bbox 772 4940 876 4977; x_wconf 91' lang='lat' dir='ltr'><strong>non</strong></span> <span class='ocrx_word' id='word_1_659' title='bbox 903 4924 1107 4981; x_wconf 84' lang='lat' dir='ltr'><strong>fierent.</strong></span> <span class='ocrx_word' id='word_1_660' title='bbox 1136 4927 1236 4983; x_wconf 77' lang='lat' dir='ltr'><strong>Per</strong></span> <span class='ocrx_word' id='word_1_661' title='bbox 1257 4934 1749 5000; x_wconf 66' lang='lat' dir='ltr'><strong>praevaricationem</strong></span> 
     </span>
    </p>
   </div>
   <div class='ocr_carea' id='block_1_83' title="bbox 196 4999 1748 5087">
    <p class='ocr_par' dir='ltr' id='par_1_83' title="bbox 196 4999 1748 5087">
     <span class='ocr_line' id='line_1_84' title="bbox 196 4999 1748 5087; baseline 0.017 -29"><span class='ocrx_word' id='word_1_662' title='bbox 196 4999 356 5087; x_wconf 67' lang='lat' dir='ltr'><strong>itaque</strong></span> <span class='ocrx_word' id='word_1_663' title='bbox 376 5013 529 5079; x_wconf 87' lang='lat' dir='ltr'><strong>primi</strong></span> <span class='ocrx_word' id='word_1_664' title='bbox 559 5015 787 5070; x_wconf 86' lang='lat' dir='ltr'><strong>hominis</strong></span> <span class='ocrx_word' id='word_1_665' title='bbox 811 5020 969 5087; x_wconf 79' lang='lat' dir='ltr'><strong>periit</strong></span> <span class='ocrx_word' id='word_1_666' title='bbox 989 5023 1058 5074; x_wconf 88' lang='lat' dir='ltr'><strong>ab</strong></span> <span class='ocrx_word' id='word_1_667' title='bbox 1089 5022 1392 5079; x_wconf 84' lang='lat' dir='ltr'><strong>hominibus</strong></span> <span class='ocrx_word' id='word_1_668' title='bbox 1424 5027 1641 5084; x_wconf 87' lang='lat' dir='ltr'><strong>libertas</strong></span> <span class='ocrx_word' id='word_1_669' title='bbox 1662 5046 1748 5083; x_wconf 88' lang='lat' dir='ltr'><strong>ar-</strong></span> 
     </span>
    </p>
   </div>
   <div class='ocr_carea' id='block_1_84' title="bbox 195 5085 1745 5180">
    <p class='ocr_par' dir='ltr' id='par_1_84' title="bbox 195 5085 1745 5180">
     <span class='ocr_line' id='line_1_85' title="bbox 195 5085 1745 5180; baseline 0.021 -36"><span class='ocrx_word' id='word_1_670' title='bbox 195 5085 338 5150; x_wconf 83' lang='lat' dir='ltr'><strong>bitrii.</strong></span> <span class='ocrx_word' id='word_1_671' title='bbox 367 5098 468 5156; x_wconf 86' lang='lat' dir='ltr'><strong>Sed</strong></span> <span class='ocrx_word' id='word_1_672' title='bbox 496 5120 590 5159; x_wconf 88' lang='lat' dir='ltr'><strong>vos</strong></span> <span class='ocrx_word' id='word_1_673' title='bbox 619 5107 874 5162; x_wconf 77' lang='lat' dir='ltr'><strong>lueresem</strong></span> <span class='ocrx_word' id='word_1_674' title='bbox 907 5109 1245 5180; x_wconf 81' lang='lat' dir='ltr'><strong>Pelagianam</strong></span> <span class='ocrx_word' id='word_1_675' title='bbox 1289 5117 1479 5172; x_wconf 87' lang='lat' dir='ltr'><strong>iterum</strong></span> <span class='ocrx_word' id='word_1_676' title='bbox 1515 5136 1745 5176; x_wconf 84' lang='lat' dir='ltr'><strong>renova-</strong></span> 
     </span>
    </p>
   </div>
   <div class='ocr_carea' id='block_1_85' title="bbox 195 5184 1743 5272">
    <p class='ocr_par' dir='ltr' id='par_1_85' title="bbox 195 5184 1743 5272">
     <span class='ocr_line' id='line_1_86' title="bbox 195 5184 1743 5272; baseline 0.025 -38"><span class='ocrx_word' id='word_1_677' title='bbox 195 5184 269 5253; x_wconf 89' lang='lat' dir='ltr'><strong>tis,</strong></span> <span class='ocrx_word' id='word_1_678' title='bbox 296 5207 407 5248; x_wconf 87' lang='lat' dir='ltr'><strong>cum</strong></span> <span class='ocrx_word' id='word_1_679' title='bbox 430 5196 602 5255; x_wconf 89' lang='lat' dir='ltr'><strong>dicitis</strong></span> <span class='ocrx_word' id='word_1_680' title='bbox 627 5218 725 5271; x_wconf 89' lang='lat' dir='ltr'><strong>per</strong></span> <span class='ocrx_word' id='word_1_681' title='bbox 754 5203 1055 5261; x_wconf 87' lang='lat' dir='ltr'><strong>libertatem</strong></span> <span class='ocrx_word' id='word_1_682' title='bbox 1085 5208 1286 5264; x_wconf 89' lang='lat' dir='ltr'><strong>arbitrii</strong></span> <span class='ocrx_word' id='word_1_683' title='bbox 1310 5213 1555 5269; x_wconf 86' lang='lat' dir='ltr'><strong>homines</strong></span> <span class='ocrx_word' id='word_1_684' title='bbox 1585 5214 1743 5272; x_wconf 81' lang='lat' dir='ltr'><strong>finem</strong></span> 
     </span>
    </p>
   </div>
   <div class='ocr_carea' id='block_1_86' title="bbox 256 5369 1327 5457">
    <p class='ocr_par' dir='ltr' id='par_1_86' title="bbox 256 5369 1327 5457">
     <span class='ocr_line' id='line_1_87' title="bbox 256 5369 1327 5457; baseline 0.019 -33"><span class='ocrx_word' id='word_1_685' title='bbox 256 5376 280 5457; x_wconf 56' lang='grc' dir='ltr'>ξ</span> <span class='ocrx_word' id='word_1_686' title='bbox 423 5378 706 5457; x_wconf 50' lang='lat' dir='ltr'><strong>augiensc,</strong></span> <span class='ocrx_word' id='word_1_687' title='bbox 732 5385 987 5438; x_wconf 80' lang='lat' dir='ltr'><strong>antecedit</strong></span> <span class='ocrx_word' id='word_1_688' title='bbox 1011 5389 1182 5457; x_wconf 84' lang='lat' dir='ltr'><strong>gratia</strong></span> <span class='ocrx_word' id='word_1_689' title='bbox 1216 5388 1327 5444; x_wconf 90' lang='lat' dir='ltr'><strong>Dei.</strong></span> 
     </span>
    </p>
   </div>
   <div class='ocr_carea' id='block_1_87' title="bbox 254 5434 1742 5539">
    <p class='ocr_par' dir='ltr' id='par_1_87' title="bbox 254 5434 1742 5539">
     <span class='ocr_line' id='line_1_88' title="bbox 254 5434 1742 5539; baseline 0.022 -49"><span class='ocrx_word' id='word_1_690' title='bbox 254 5434 453 5527; x_wconf 72' lang='lat' dir='ltr'><strong>hAbest</strong></span> <span class='ocrx_word' id='word_1_691' title='bbox 488 5434 796 5539; x_wconf 52' lang='lat' dir='ltr'><strong>tutnm&#39;hoc</strong></span> <span class='ocrx_word' id='word_1_692' title='bbox 824 5434 1037 5539; x_wconf 46' lang='lat' dir='ltr'><strong>comma]</strong></span> <span class='ocrx_word' id='word_1_693' title='bbox 1076 5457 1128 5510; x_wconf 92' lang='lat' dir='ltr'><strong>in</strong></span> <span class='ocrx_word' id='word_1_694' title='bbox 1169 5475 1269 5515; x_wconf 90' lang='lat' dir='ltr'><strong>ms.</strong></span> <span class='ocrx_word' id='word_1_695' title='bbox 1316 5461 1587 5529; x_wconf 82' lang='lat' dir='ltr'><strong>Augicnsi,</strong></span> <span class='ocrx_word' id='word_1_696' title='bbox 1621 5471 1742 5539; x_wconf 86' lang='lat' dir='ltr'><strong>quia</strong></span> 
     </span>
    </p>
   </div>
   <div class='ocr_carea' id='block_1_88' title="bbox 197 5520 1131 5589">
    <p class='ocr_par' dir='ltr' id='par_1_88' title="bbox 197 5520 1131 5589">
     <span class='ocr_line' id='line_1_89' title="bbox 197 5520 1131 5589; baseline 0.025 -31"><span class='ocrx_word' id='word_1_697' title='bbox 197 5520 283 5589; x_wconf 83' lang='lat' dir='ltr'><strong>non</strong></span> <span class='ocrx_word' id='word_1_698' title='bbox 308 5520 569 5589; x_wconf 64' lang='lat' dir='ltr'><strong>quinisqtti</strong></span> <span class='ocrx_word' id='word_1_699' title='bbox 601 5521 704 5575; x_wconf 87' lang='lat' dir='ltr'><strong>rult</strong></span> <span class='ocrx_word' id='word_1_700' title='bbox 743 5522 853 5589; x_wconf 86' lang='lat' dir='ltr'><strong>ipse</strong></span> <span class='ocrx_word' id='word_1_701' title='bbox 881 5525 1131 5581; x_wconf 67' lang='lat' dir='ltr'><strong>salivatur.</strong></span> 
     </span>
    </p>
   </div>
   <div class='ocr_carea' id='block_1_89' title="bbox 199 5578 1737 5697">
    <p class='ocr_par' dir='ltr' id='par_1_89' title="bbox 199 5578 1737 5697">
     <span class='ocr_line' id='line_1_90' title="bbox 199 5578 1737 5697; baseline 0.02 -66"><span class='ocrx_word' id='word_1_702' title='bbox 199 5587 280 5697; x_wconf 45' lang='lat' dir='ltr'><strong>m1</strong></span> <span class='ocrx_word' id='word_1_703' title='bbox 316 5578 405 5635; x_wconf 80' lang='lat' dir='ltr'><strong>Ms.</strong></span> <span class='ocrx_word' id='word_1_704' title='bbox 438 5578 591 5652; x_wconf 74' lang='lat' dir='ltr'><strong>idem,</strong></span> <span class='ocrx_word' id='word_1_705' title='bbox 620 5578 827 5661; x_wconf 76' lang='lat' dir='ltr'><strong>plenam</strong></span> <span class='ocrx_word' id='word_1_706' title='bbox 865 5603 913 5647; x_wconf 90' lang='lat' dir='ltr'><strong>et</strong></span> <span class='ocrx_word' id='word_1_707' title='bbox 954 5596 1209 5669; x_wconf 81' lang='lat' dir='ltr'><strong>integram</strong></span> <span class='ocrx_word' id='word_1_708' title='bbox 1247 5602 1473 5671; x_wconf 81' lang='lat' dir='ltr'><strong>gratiam</strong></span> <span class='ocrx_word' id='word_1_709' title='bbox 1514 5609 1737 5680; x_wconf 70' lang='lat' dir='ltr'><strong>manife-</strong></span> 
     </span>
    </p>
   </div>
   <div class='ocr_carea' id='block_1_90' title="bbox 254 5715 1731 5814">
    <p class='ocr_par' dir='ltr' id='par_1_90' title="bbox 254 5715 1731 5814">
     <span class='ocr_line' id='line_1_91' title="bbox 254 5715 1731 5814; baseline 0.026 -48"><span class='ocrx_word' id='word_1_710' title='bbox 254 5715 275 5751; x_wconf 75' lang='grc' dir='ltr'>ά</span> <span class='ocrx_word' id='word_1_711' title='bbox 299 5716 387 5773; x_wconf 78' lang='lat' dir='ltr'><strong>.lfs.</strong></span> <span class='ocrx_word' id='word_1_712' title='bbox 432 5723 602 5794; x_wconf 83' lang='lat' dir='ltr'><strong>idem,</strong></span> <span class='ocrx_word' id='word_1_713' title='bbox 645 5734 905 5805; x_wconf 72' lang='lat' dir='ltr'><strong>intellrgi;</strong></span> <span class='ocrx_word' id='word_1_714' title='bbox 937 5743 993 5790; x_wconf 91' lang='lat' dir='ltr'><strong>ut</strong></span> <span class='ocrx_word' id='word_1_715' title='bbox 1038 5746 1088 5792; x_wconf 89' lang='lat' dir='ltr'><strong>et</strong></span> <span class='ocrx_word' id='word_1_716' title='bbox 1135 5738 1394 5809; x_wconf 75' lang='lat' dir='ltr'><strong>irragaret</strong></span> <span class='ocrx_word' id='word_1_717' title='bbox 1433 5750 1530 5814; x_wconf 70' lang='lat' dir='ltr'><strong>pro</strong></span> <span class='ocrx_word' id='word_1_718' title='bbox 1585 5750 1731 5804; x_wconf 70' lang='grc' dir='ltr'><strong>ἰητοο-</strong></span> 
     </span>
    </p>
   </div>
   <div class='ocr_carea' id='block_1_91' title="bbox 1862 3308 3451 3385">
    <p class='ocr_par' dir='ltr' id='par_1_91' title="bbox 1862 3308 3451 3385">
     <span class='ocr_line' id='line_1_92' title="bbox 1862 3308 3451 3385; baseline 0.009 -23"><span class='ocrx_word' id='word_1_719' title='bbox 1862 3308 2146 3376; x_wconf 87' lang='lat' dir='ltr'><strong>membris;</strong></span> <span class='ocrx_word' id='word_1_720' title='bbox 2178 3328 2285 3367; x_wconf 91' lang='lat' dir='ltr'><strong>non</strong></span> <span class='ocrx_word' id='word_1_721' title='bbox 2308 3313 2449 3368; x_wconf 88' lang='lat' dir='ltr'><strong>enim</strong></span> <span class='ocrx_word' id='word_1_722' title='bbox 2478 3329 2559 3379; x_wconf 90' lang='lat' dir='ltr'><strong>re,</strong></span> <span class='ocrx_word' id='word_1_723' title='bbox 2586 3315 2679 3370; x_wconf 88' lang='lat' dir='ltr'><strong>sed</strong></span> <span class='ocrx_word' id='word_1_724' title='bbox 2706 3332 2801 3385; x_wconf 91' lang='lat' dir='ltr'><strong>spe</strong></span> <span class='ocrx_word' id='word_1_725' title='bbox 2832 3316 3112 3373; x_wconf 86' lang='lat' dir='ltr'><strong>instaurati</strong></span> <span class='ocrx_word' id='word_1_726' title='bbox 3141 3329 3285 3375; x_wconf 89' lang='lat' dir='ltr'><strong>sunt.</strong></span> <span class='ocrx_word' id='word_1_727' title='bbox 3309 3321 3451 3376; x_wconf 60' lang='lat' dir='ltr'><strong>Con-</strong></span> 
     </span>
    </p>
   </div>
   <div class='ocr_carea' id='block_1_92' title="bbox 1861 3400 3448 3478">
    <p class='ocr_par' dir='ltr' id='par_1_92' title="bbox 1861 3400 3448 3478">
     <span class='ocr_line' id='line_1_93' title="bbox 1861 3400 3448 3478; baseline 0.009 -23"><span class='ocrx_word' id='word_1_728' title='bbox 1861 3400 2189 3470; x_wconf 88' lang='lat' dir='ltr'><strong>cupiscentia</strong></span> <span class='ocrx_word' id='word_1_729' title='bbox 2228 3404 2369 3457; x_wconf 91' lang='lat' dir='ltr'><strong>enim</strong></span> <span class='ocrx_word' id='word_1_730' title='bbox 2409 3407 2604 3471; x_wconf 90' lang='lat' dir='ltr'><strong>carnis,</strong></span> <span class='ocrx_word' id='word_1_731' title='bbox 2643 3422 2763 3475; x_wconf 75' lang='lat' dir='ltr'><strong>qua:</strong></span> <span class='ocrx_word' id='word_1_732' title='bbox 2809 3423 2908 3477; x_wconf 88' lang='lat' dir='ltr'><strong>per</strong></span> <span class='ocrx_word' id='word_1_733' title='bbox 2945 3412 3448 3478; x_wconf 76' lang='lat' dir='ltr'><strong>przevaricationem</strong></span> 
     </span>
    </p>
   </div>
   <div class='ocr_carea' id='block_1_93' title="bbox 1860 3488 3450 3575">
    <p class='ocr_par' dir='ltr' id='par_1_93' title="bbox 1860 3488 3450 3575">
     <span class='ocr_line' id='line_1_94' title="bbox 1860 3488 3450 3575; baseline 0.008 -32"><span class='ocrx_word' id='word_1_734' title='bbox 1860 3488 1989 3544; x_wconf 75' lang='lat' dir='ltr'><strong>Adzn</strong></span> <span class='ocrx_word' id='word_1_735' title='bbox 2015 3500 2204 3560; x_wconf 89' lang='lat' dir='ltr'><strong>regnat</strong></span> <span class='ocrx_word' id='word_1_736' title='bbox 2245 3494 2298 3547; x_wconf 91' lang='lat' dir='ltr'><strong>in</strong></span> <span class='ocrx_word' id='word_1_737' title='bbox 2327 3509 2556 3564; x_wconf 87' lang='lat' dir='ltr'><strong>corpore</strong></span> <span class='ocrx_word' id='word_1_738' title='bbox 2597 3502 2847 3564; x_wconf 88' lang='lat' dir='ltr'><strong>tanquam</strong></span> <span class='ocrx_word' id='word_1_739' title='bbox 2877 3497 2961 3551; x_wconf 82' lang='lat' dir='ltr'><strong>lex</strong></span> <span class='ocrx_word' id='word_1_740' title='bbox 2991 3501 3216 3575; x_wconf 74' lang='lat' dir='ltr'><strong>peccati,</strong></span> <span class='ocrx_word' id='word_1_741' title='bbox 3251 3501 3450 3556; x_wconf 85' lang='lat' dir='ltr'><strong>iterum</strong></span> 
     </span>
    </p>
   </div>
   <div class='ocr_carea' id='block_1_94' title="bbox 1859 3583 3437 3659">
    <p class='ocr_par' dir='ltr' id='par_1_94' title="bbox 1859 3583 3437 3659">
     <span class='ocr_line' id='line_1_95' title="bbox 1859 3583 3437 3659; baseline 0.006 -22"><span class='ocrx_word' id='word_1_742' title='bbox 1859 3583 1960 3637; x_wconf 87' lang='lat' dir='ltr'><strong>sibi</strong></span> <span class='ocrx_word' id='word_1_743' title='bbox 1984 3583 2220 3640; x_wconf 83' lang='lat' dir='ltr'><strong>vindicat</strong></span> <span class='ocrx_word' id='word_1_744' title='bbox 2256 3586 2609 3655; x_wconf 79' lang='lat' dir='ltr'><strong>baptizatum,</strong></span> <span class='ocrx_word' id='word_1_745' title='bbox 2636 3597 2916 3657; x_wconf 90' lang='lat' dir='ltr'><strong>totumque</strong></span> <span class='ocrx_word' id='word_1_746' title='bbox 2944 3590 3176 3644; x_wconf 84' lang='lat' dir='ltr'><strong>animum</strong></span> <span class='ocrx_word' id='word_1_747' title='bbox 3207 3590 3322 3659; x_wconf 69' lang='lat' dir='ltr'><strong>ejus</strong></span> <span class='ocrx_word' id='word_1_748' title='bbox 3349 3608 3437 3647; x_wconf 93' lang='lat' dir='ltr'><strong>co-</strong></span> 
     </span>
    </p>
   </div>
   <div class='ocr_carea' id='block_1_95' title="bbox 1862 3676 3445 3752">
    <p class='ocr_par' dir='ltr' id='par_1_95' title="bbox 1862 3676 3445 3752">
     <span class='ocr_line' id='line_1_96' title="bbox 1862 3676 3445 3752; baseline 0.008 -26"><span class='ocrx_word' id='word_1_749' title='bbox 1862 3682 2019 3728; x_wconf 89' lang='lat' dir='ltr'><strong>natur</strong></span> <span class='ocrx_word' id='word_1_750' title='bbox 2046 3684 2310 3740; x_wconf 84' lang='lat' dir='ltr'><strong>evertere.</strong></span> <span class='ocrx_word' id='word_1_751' title='bbox 2336 3676 2458 3733; x_wconf 73' lang='lat' dir='ltr'><strong>Hcce</strong></span> <span class='ocrx_word' id='word_1_752' title='bbox 2479 3680 2617 3733; x_wconf 87' lang='lat' dir='ltr'><strong>enim</strong></span> <span class='ocrx_word' id='word_1_753' title='bbox 2642 3679 2791 3734; x_wconf 81' lang='lat' dir='ltr'><strong>radix</strong></span> <span class='ocrx_word' id='word_1_754' title='bbox 2813 3681 2952 3736; x_wconf 89' lang='lat' dir='ltr'><strong>illius</strong></span> <span class='ocrx_word' id='word_1_755' title='bbox 2975 3681 3139 3751; x_wconf 77' lang='lat' dir='ltr'><strong>plaga:</strong></span> <span class='ocrx_word' id='word_1_756' title='bbox 3161 3692 3260 3747; x_wconf 88' lang='lat' dir='ltr'><strong>est,</strong></span> <span class='ocrx_word' id='word_1_757' title='bbox 3284 3699 3445 3752; x_wconf 84' lang='lat' dir='ltr'><strong>quam</strong></span> 
     </span>
    </p>
   </div>
   <div class='ocr_carea' id='block_1_96' title="bbox 1860 3762 3446 3846">
    <p class='ocr_par' dir='ltr' id='par_1_96' title="bbox 1860 3762 3446 3846">
     <span class='ocr_line' id='line_1_97' title="bbox 1860 3762 3446 3846; baseline 0.009 -29"><span class='ocrx_word' id='word_1_758' title='bbox 1860 3762 2103 3820; x_wconf 71' lang='lat' dir='ltr'><strong>Christus</strong></span> <span class='ocrx_word' id='word_1_759' title='bbox 2132 3768 2375 3823; x_wconf 82' lang='lat' dir='ltr'><strong>salvavit.</strong></span> <span class='ocrx_word' id='word_1_760' title='bbox 2402 3768 2636 3825; x_wconf 89' lang='lat' dir='ltr'><strong>Salvavit</strong></span> <span class='ocrx_word' id='word_1_761' title='bbox 2666 3781 2843 3827; x_wconf 90' lang='lat' dir='ltr'><strong>autem</strong></span> <span class='ocrx_word' id='word_1_762' title='bbox 2872 3773 2966 3838; x_wconf 90' lang='lat' dir='ltr'><strong>sic,</strong></span> <span class='ocrx_word' id='word_1_763' title='bbox 2992 3774 3128 3828; x_wconf 87' lang='lat' dir='ltr'><strong>sicut</strong></span> <span class='ocrx_word' id='word_1_764' title='bbox 3156 3775 3446 3846; x_wconf 85' lang='lat' dir='ltr'><strong>Apostolus</strong></span> 
     </span>
    </p>
   </div>
   <div class='ocr_carea' id='block_1_97' title="bbox 1857 3855 3537 3933">
    <p class='ocr_par' dir='ltr' id='par_1_97' title="bbox 1857 3855 3537 3933">
     <span class='ocr_line' id='line_1_98' title="bbox 1857 3855 3537 3933; baseline 0.01 -25"><span class='ocrx_word' id='word_1_765' title='bbox 1857 3855 1986 3911; x_wconf 91' lang='lat' dir='ltr'><strong>dicit</strong></span> <span class='ocrx_word' id='word_1_766' title='bbox 2011 3876 2022 3910; x_wconf 91' lang='lat'><strong>:</strong></span> <span class='ocrx_word' id='word_1_767' title='bbox 2048 3857 2156 3929; x_wconf 86' lang='lat' dir='ltr'><strong>Spe</strong></span> <span class='ocrx_word' id='word_1_768' title='bbox 2183 3860 2311 3914; x_wconf 78' lang='lat' dir='ltr'><strong>salvi</strong></span> <span class='ocrx_word' id='word_1_769' title='bbox 2341 3863 2468 3933; x_wconf 75' lang='lat' dir='ltr'><strong>facti</strong></span> <span class='ocrx_word' id='word_1_770' title='bbox 2494 3880 2690 3918; x_wconf 87' lang='lat' dir='ltr'><strong>sumus.</strong></span> <span class='ocrx_word' id='word_1_771' title='bbox 2721 3863 2787 3919; x_wconf 86' lang='lat' dir='ltr'><strong>Et</strong></span> <span class='ocrx_word' id='word_1_772' title='bbox 2810 3864 2962 3933; x_wconf 91' lang='lat' dir='ltr'><strong>jubet</strong></span> <span class='ocrx_word' id='word_1_773' title='bbox 2988 3881 3087 3921; x_wconf 91' lang='lat' dir='ltr'><strong>nos</strong></span> <span class='ocrx_word' id='word_1_774' title='bbox 3116 3869 3349 3923; x_wconf 86' lang='lat' dir='ltr'><strong>animum</strong></span> <span class='ocrx_word' id='word_1_775' title='bbox 3377 3870 3445 3924; x_wconf 87' lang='lat' dir='ltr'><strong>ad</strong></span> <span class='ocrx_word' id='word_1_776' title='bbox 3530 3901 3537 3908; x_wconf 93' lang='lat'><strong>-</strong></span> 
     </span>
    </p>
   </div>
   <div class='ocr_carea' id='block_1_98' title="bbox 1859 3950 3446 4030">
    <p class='ocr_par' dir='ltr' id='par_1_98' title="bbox 1859 3950 3446 4030">
     <span class='ocr_line' id='line_1_99' title="bbox 1859 3950 3446 4030; baseline 0.009 -28"><span class='ocrx_word' id='word_1_777' title='bbox 1859 3950 2140 4005; x_wconf 90' lang='lat' dir='ltr'><strong>invisibilia</strong></span> <span class='ocrx_word' id='word_1_778' title='bbox 2171 3956 2580 4025; x_wconf 88' lang='lat' dir='ltr'><strong>contemplanda</strong></span> <span class='ocrx_word' id='word_1_779' title='bbox 2619 3957 2927 4021; x_wconf 83' lang='lat' dir='ltr'><strong>transferre,</strong></span> <span class='ocrx_word' id='word_1_780' title='bbox 2962 3970 3061 4014; x_wconf 83' lang='lat' dir='ltr'><strong>nec</strong></span> <span class='ocrx_word' id='word_1_781' title='bbox 3099 3959 3166 4014; x_wconf 91' lang='lat' dir='ltr'><strong>de</strong></span> <span class='ocrx_word' id='word_1_782' title='bbox 3206 3964 3286 4016; x_wconf 87' lang='lat' dir='ltr'><strong>his</strong></span> <span class='ocrx_word' id='word_1_783' title='bbox 3325 3976 3446 4030; x_wconf 70' lang='lat' dir='ltr'><strong>qua:</strong></span> 
     </span>
    </p>
   </div>
   <div class='ocr_carea' id='block_1_99' title="bbox 1857 4040 3444 4122">
    <p class='ocr_par' dir='ltr' id='par_1_99' title="bbox 1857 4040 3444 4122">
     <span class='ocr_line' id='line_1_100' title="bbox 1857 4040 3444 4122; baseline 0.008 -28"><span class='ocrx_word' id='word_1_784' title='bbox 1857 4040 2108 4095; x_wconf 87' lang='lat' dir='ltr'><strong>videntur</strong></span> <span class='ocrx_word' id='word_1_785' title='bbox 2136 4047 2507 4111; x_wconf 70' lang='lat' dir='ltr'><strong>prarsumendo</strong></span> <span class='ocrx_word' id='word_1_786' title='bbox 2536 4063 2789 4104; x_wconf 90' lang='lat' dir='ltr'><strong>corruere</strong></span> <span class='ocrx_word' id='word_1_787' title='bbox 2819 4067 2832 4102; x_wconf 91' lang='lat'>:</span> <span class='ocrx_word' id='word_1_788' title='bbox 2874 4058 2929 4104; x_wconf 90' lang='lat' dir='ltr'><strong>et</strong></span> <span class='ocrx_word' id='word_1_789' title='bbox 2958 4050 3077 4104; x_wconf 89' lang='lat' dir='ltr'><strong>ideo</strong></span> <span class='ocrx_word' id='word_1_790' title='bbox 3106 4052 3235 4106; x_wconf 89' lang='lat' dir='ltr'><strong>dicit</strong></span> <span class='ocrx_word' id='word_1_791' title='bbox 3268 4069 3281 4104; x_wconf 90' lang='lat'><strong>:</strong></span> <span class='ocrx_word' id='word_1_792' title='bbox 3313 4052 3444 4122; x_wconf 79' lang='lat' dir='ltr'><strong>Spes</strong></span> 
     </span>
    </p>
   </div>
   <div class='ocr_carea' id='block_1_100' title="bbox 1858 4134 3455 4203">
    <p class='ocr_par' dir='ltr' id='par_1_100' title="bbox 1858 4134 3455 4203">
     <span class='ocr_line' id='line_1_101' title="bbox 1858 4134 3455 4203; baseline 0.009 -21"><span class='ocrx_word' id='word_1_793' title='bbox 1858 4140 2027 4183; x_wconf 79' lang='lat' dir='ltr'><strong>autem</strong></span> <span class='ocrx_word' id='word_1_794' title='bbox 2055 4148 2169 4201; x_wconf 73' lang='lat' dir='ltr'><strong>quae</strong></span> <span class='ocrx_word' id='word_1_795' title='bbox 2197 4134 2411 4200; x_wconf 81' lang='lat' dir='ltr'><strong>ridetur,</strong></span> <span class='ocrx_word' id='word_1_796' title='bbox 2442 4147 2556 4203; x_wconf 84' lang='lat' dir='ltr'><strong>spes</strong></span> <span class='ocrx_word' id='word_1_797' title='bbox 2581 4154 2683 4191; x_wconf 85' lang='lat' dir='ltr'><strong>non</strong></span> <span class='ocrx_word' id='word_1_798' title='bbox 2711 4148 2806 4192; x_wconf 86' lang='lat' dir='ltr'><strong>est.</strong></span> <span class='ocrx_word' id='word_1_799' title='bbox 2838 4139 2913 4193; x_wconf 86' lang='lat' dir='ltr'><strong>Ne</strong></span> <span class='ocrx_word' id='word_1_800' title='bbox 2947 4139 3084 4194; x_wconf 78' lang='lat' dir='ltr'><strong>forte</strong></span> <span class='ocrx_word' id='word_1_801' title='bbox 3113 4141 3455 4195; x_wconf 65' lang='lat' dir='ltr'><strong>aestimaren-</strong></span> 
     </span>
    </p>
   </div>
   <div class='ocr_carea' id='block_1_101' title="bbox 1858 4223 3445 4297">
    <p class='ocr_par' dir='ltr' id='par_1_101' title="bbox 1858 4223 3445 4297">
     <span class='ocr_line' id='line_1_102' title="bbox 1858 4223 3445 4297; baseline 0.009 -24"><span class='ocrx_word' id='word_1_802' title='bbox 1858 4226 1945 4274; x_wconf 91' lang='lat' dir='ltr'><strong>tur</strong></span> <span class='ocrx_word' id='word_1_803' title='bbox 1971 4237 2066 4290; x_wconf 91' lang='lat' dir='ltr'><strong>per</strong></span> <span class='ocrx_word' id='word_1_804' title='bbox 2085 4223 2407 4291; x_wconf 87' lang='lat' dir='ltr'><strong>baptismum</strong></span> <span class='ocrx_word' id='word_1_805' title='bbox 2438 4227 2508 4280; x_wconf 88' lang='lat' dir='ltr'><strong>ita</strong></span> <span class='ocrx_word' id='word_1_806' title='bbox 2543 4228 2655 4280; x_wconf 90' lang='lat' dir='ltr'><strong>tolli</strong></span> <span class='ocrx_word' id='word_1_807' title='bbox 2686 4241 2925 4297; x_wconf 81' lang='lat' dir='ltr'><strong>peccata,</strong></span> <span class='ocrx_word' id='word_1_808' title='bbox 2959 4237 3016 4283; x_wconf 90' lang='lat' dir='ltr'><strong>ut</strong></span> <span class='ocrx_word' id='word_1_809' title='bbox 3046 4234 3207 4283; x_wconf 87' lang='lat' dir='ltr'><strong>etiam</strong></span> <span class='ocrx_word' id='word_1_810' title='bbox 3238 4233 3445 4288; x_wconf 85' lang='lat' dir='ltr'><strong>radices</strong></span> 
     </span>
    </p>
   </div>
   <div class='ocr_carea' id='block_1_102' title="bbox 1857 4311 3479 4389">
    <p class='ocr_par' dir='ltr' id='par_1_102' title="bbox 1857 4311 3479 4389">
     <span class='ocr_line' id='line_1_103' title="bbox 1857 4311 3479 4389; baseline 0.011 -25"><span class='ocrx_word' id='word_1_811' title='bbox 1857 4311 1986 4381; x_wconf 76' lang='lat' dir='ltr'><strong>ipsa:</strong></span> <span class='ocrx_word' id='word_1_812' title='bbox 2015 4322 2355 4382; x_wconf 87' lang='lat' dir='ltr'><strong>peccatorum</strong></span> <span class='ocrx_word' id='word_1_813' title='bbox 2381 4318 2582 4386; x_wconf 89' lang='lat' dir='ltr'><strong>pariter</strong></span> <span class='ocrx_word' id='word_1_814' title='bbox 2611 4320 2929 4375; x_wconf 82' lang='lat' dir='ltr'><strong>evelluntur.</strong></span> <span class='ocrx_word' id='word_1_815' title='bbox 2966 4321 3143 4378; x_wconf 85' lang='lat' dir='ltr'><strong>Motus</strong></span> <span class='ocrx_word' id='word_1_816' title='bbox 3184 4325 3327 4379; x_wconf 84' lang='lat' dir='ltr'><strong>enim</strong></span> <span class='ocrx_word' id='word_1_817' title='bbox 3356 4325 3444 4381; x_wconf 85' lang='lat' dir='ltr'><strong>ille</strong></span> <span class='ocrx_word' id='word_1_818' title='bbox 3470 4381 3479 4389; x_wconf 88' lang='lat'><em>_</em></span> 
     </span>
    </p>
   </div>
   <div class='ocr_carea' id='block_1_103' title="bbox 1854 4404 3439 4480">
    <p class='ocr_par' dir='ltr' id='par_1_103' title="bbox 1854 4404 3439 4480">
     <span class='ocr_line' id='line_1_104' title="bbox 1854 4404 3439 4480; baseline 0.008 -24"><span class='ocrx_word' id='word_1_819' title='bbox 1854 4404 2187 4473; x_wconf 88' lang='lat' dir='ltr'><strong>pollutionis,</strong></span> <span class='ocrx_word' id='word_1_820' title='bbox 2211 4409 2301 4475; x_wconf 90' lang='lat' dir='ltr'><strong>qui</strong></span> <span class='ocrx_word' id='word_1_821' title='bbox 2327 4423 2424 4477; x_wconf 89' lang='lat' dir='ltr'><strong>per</strong></span> <span class='ocrx_word' id='word_1_822' title='bbox 2443 4412 2937 4477; x_wconf 62' lang='lat' dir='ltr'><strong>praevaricationem</strong></span> <span class='ocrx_word' id='word_1_823' title='bbox 2961 4422 3206 4468; x_wconf 87' lang='lat' dir='ltr'><strong>naturam</strong></span> <span class='ocrx_word' id='word_1_824' title='bbox 3229 4416 3439 4480; x_wconf 82' lang='lat' dir='ltr'><strong>invasit,</strong></span> 
     </span>
    </p>
   </div>
   <div class='ocr_carea' id='block_1_104' title="bbox 1855 4494 3445 4575">
    <p class='ocr_par' dir='ltr' id='par_1_104' title="bbox 1855 4494 3445 4575">
     <span class='ocr_line' id='line_1_105' title="bbox 1855 4494 3445 4575; baseline 0.008 -27"><span class='ocrx_word' id='word_1_825' title='bbox 1855 4494 1929 4549; x_wconf 89' lang='lat' dir='ltr'><strong>ita</strong></span> <span class='ocrx_word' id='word_1_826' title='bbox 1958 4506 2201 4551; x_wconf 87' lang='lat' dir='ltr'><strong>remanet</strong></span> <span class='ocrx_word' id='word_1_827' title='bbox 2229 4499 2281 4551; x_wconf 91' lang='lat' dir='ltr'><strong>in</strong></span> <span class='ocrx_word' id='word_1_828' title='bbox 2302 4497 2594 4569; x_wconf 82' lang='lat' dir='ltr'><strong>baptizato,</strong></span> <span class='ocrx_word' id='word_1_829' title='bbox 2619 4502 2756 4558; x_wconf 88' lang='lat' dir='ltr'><strong>sicut</strong></span> <span class='ocrx_word' id='word_1_830' title='bbox 2784 4503 2936 4558; x_wconf 88' lang='lat' dir='ltr'><strong>radix</strong></span> <span class='ocrx_word' id='word_1_831' title='bbox 2962 4504 3159 4575; x_wconf 89' lang='lat' dir='ltr'><strong>capilli,</strong></span> <span class='ocrx_word' id='word_1_832' title='bbox 3185 4522 3306 4561; x_wconf 89' lang='lat' dir='ltr'><strong>cum</strong></span> <span class='ocrx_word' id='word_1_833' title='bbox 3329 4504 3445 4560; x_wconf 88' lang='lat' dir='ltr'><strong>fue-</strong></span> 
     </span>
    </p>
   </div>
   <div class='ocr_carea' id='block_1_105' title="bbox 1854 4587 3444 4663">
    <p class='ocr_par' dir='ltr' id='par_1_105' title="bbox 1854 4587 3444 4663">
     <span class='ocr_line' id='line_1_106' title="bbox 1854 4587 3444 4663; baseline 0.011 -24"><span class='ocrx_word' id='word_1_834' title='bbox 1854 4587 1925 4640; x_wconf 88' lang='lat' dir='ltr'><strong>rit</strong></span> <span class='ocrx_word' id='word_1_835' title='bbox 1956 4590 2218 4645; x_wconf 84' lang='lat' dir='ltr'><strong>novacula</strong></span> <span class='ocrx_word' id='word_1_836' title='bbox 2248 4592 2301 4646; x_wconf 93' lang='lat' dir='ltr'><strong>in</strong></span> <span class='ocrx_word' id='word_1_837' title='bbox 2332 4594 2613 4663; x_wconf 82' lang='lat' dir='ltr'><strong>superficie</strong></span> <span class='ocrx_word' id='word_1_838' title='bbox 2642 4597 2960 4652; x_wconf 86' lang='lat' dir='ltr'><strong>emundatus</strong></span> <span class='ocrx_word' id='word_1_839' title='bbox 2981 4607 3035 4653; x_wconf 93' lang='lat' dir='ltr'><strong>et</strong></span> <span class='ocrx_word' id='word_1_840' title='bbox 3065 4615 3233 4653; x_wconf 90' lang='lat' dir='ltr'><strong>rasus.</strong></span> <span class='ocrx_word' id='word_1_841' title='bbox 3270 4600 3444 4656; x_wconf 69' lang='lat' dir='ltr'><strong>Iiasus</strong></span> 
     </span>
    </p>
   </div>
   <div class='ocr_carea' id='block_1_106' title="bbox 1861 4678 3438 4757">
    <p class='ocr_par' dir='ltr' id='par_1_106' title="bbox 1861 4678 3438 4757">
     <span class='ocr_line' id='line_1_107' title="bbox 1861 4678 3438 4757; baseline 0.008 -27"><span class='ocrx_word' id='word_1_842' title='bbox 1861 4678 2002 4732; x_wconf 90' lang='lat' dir='ltr'><strong>enim</strong></span> <span class='ocrx_word' id='word_1_843' title='bbox 2034 4688 2135 4747; x_wconf 89' lang='lat' dir='ltr'><strong>est,</strong></span> <span class='ocrx_word' id='word_1_844' title='bbox 2160 4686 2219 4735; x_wconf 92' lang='lat' dir='ltr'><strong>ut</strong></span> <span class='ocrx_word' id='word_1_845' title='bbox 2246 4683 2630 4739; x_wconf 88' lang='lat' dir='ltr'><strong>emundarctur</strong></span> <span class='ocrx_word' id='word_1_846' title='bbox 2657 4686 2806 4741; x_wconf 89' lang='lat' dir='ltr'><strong>locus</strong></span> <span class='ocrx_word' id='word_1_847' title='bbox 2831 4705 2843 4738; x_wconf 92' lang='lat'>:</span> <span class='ocrx_word' id='word_1_848' title='bbox 2877 4704 2983 4742; x_wconf 89' lang='lat' dir='ltr'><strong>non</strong></span> <span class='ocrx_word' id='word_1_849' title='bbox 3008 4698 3090 4742; x_wconf 89' lang='lat' dir='ltr'><strong>est</strong></span> <span class='ocrx_word' id='word_1_850' title='bbox 3119 4690 3438 4757; x_wconf 87' lang='lat' dir='ltr'><strong>eradicatus,</strong></span> 
     </span>
    </p>
   </div>
   <div class='ocr_carea' id='block_1_107' title="bbox 1861 4770 3442 4851">
    <p class='ocr_par' dir='ltr' id='par_1_107' title="bbox 1861 4770 3442 4851">
     <span class='ocr_line' id='line_1_108' title="bbox 1861 4770 3442 4851; baseline 0.007 -29"><span class='ocrx_word' id='word_1_851' title='bbox 1861 4784 1927 4822; x_wconf 91' lang='lat' dir='ltr'><strong>ne</strong></span> <span class='ocrx_word' id='word_1_852' title='bbox 1957 4770 2178 4825; x_wconf 90' lang='lat' dir='ltr'><strong>ulterius</strong></span> <span class='ocrx_word' id='word_1_853' title='bbox 2203 4782 2528 4827; x_wconf 89' lang='lat' dir='ltr'><strong>nasceretur.</strong></span> <span class='ocrx_word' id='word_1_854' title='bbox 2554 4774 2608 4828; x_wconf 93' lang='lat' dir='ltr'><strong>Si</strong></span> <span class='ocrx_word' id='word_1_855' title='bbox 2633 4778 2773 4828; x_wconf 90' lang='lat' dir='ltr'><strong>enim</strong></span> <span class='ocrx_word' id='word_1_856' title='bbox 2800 4792 2865 4831; x_wconf 82' lang='lat' dir='ltr'><strong>ex</strong></span> <span class='ocrx_word' id='word_1_857' title='bbox 2889 4778 3095 4845; x_wconf 87' lang='lat' dir='ltr'><strong>integro</strong></span> <span class='ocrx_word' id='word_1_858' title='bbox 3122 4796 3218 4849; x_wconf 89' lang='lat' dir='ltr'><strong>per</strong></span> <span class='ocrx_word' id='word_1_859' title='bbox 3245 4782 3442 4851; x_wconf 65' lang='lat' dir='ltr'><strong>baptis-</strong></span> 
     </span>
    </p>
   </div>
   <div class='ocr_carea' id='block_1_108' title="bbox 1859 4864 3439 4939">
    <p class='ocr_par' dir='ltr' id='par_1_108' title="bbox 1859 4864 3439 4939">
     <span class='ocr_line' id='line_1_109' title="bbox 1859 4864 3439 4939; baseline 0.01 -25"><span class='ocrx_word' id='word_1_860' title='bbox 1859 4877 2002 4915; x_wconf 92' lang='lat' dir='ltr'><strong>mum</strong></span> <span class='ocrx_word' id='word_1_861' title='bbox 2032 4864 2208 4918; x_wconf 90' lang='lat' dir='ltr'><strong>omnis</strong></span> <span class='ocrx_word' id='word_1_862' title='bbox 2232 4866 2684 4934; x_wconf 67' lang='lat' dir='ltr'><strong>przevaricationis</strong></span> <span class='ocrx_word' id='word_1_863' title='bbox 2711 4868 2839 4923; x_wconf 71' lang='lat' dir='ltr'><strong>Ada:</strong></span> <span class='ocrx_word' id='word_1_864' title='bbox 2862 4871 3117 4939; x_wconf 83' lang='lat' dir='ltr'><strong>fragilitas</strong></span> <span class='ocrx_word' id='word_1_865' title='bbox 3140 4875 3439 4938; x_wconf 88' lang='lat' dir='ltr'><strong>tolleretur,</strong></span> 
     </span>
    </p>
   </div>
   <div class='ocr_carea' id='block_1_109' title="bbox 1857 4951 3440 5024">
    <p class='ocr_par' dir='ltr' id='par_1_109' title="bbox 1857 4951 3440 5024">
     <span class='ocr_line' id='line_1_110' title="bbox 1857 4951 3440 5024; baseline 0.012 -19"><span class='ocrx_word' id='word_1_866' title='bbox 1857 4951 2111 5021; x_wconf 86' lang='lat' dir='ltr'><strong>baptizati</strong></span> <span class='ocrx_word' id='word_1_867' title='bbox 2157 4970 2345 5010; x_wconf 91' lang='lat' dir='ltr'><strong>omnes</strong></span> <span class='ocrx_word' id='word_1_868' title='bbox 2390 4956 2537 5011; x_wconf 88' lang='lat' dir='ltr'><strong>nullo</strong></span> <span class='ocrx_word' id='word_1_869' title='bbox 2573 4959 2767 5014; x_wconf 88' lang='lat' dir='ltr'><strong>caloris</strong></span> <span class='ocrx_word' id='word_1_870' title='bbox 2804 4969 2954 5017; x_wconf 68' lang='lat' dir='ltr'><strong>u&#39;totu</strong></span> <span class='ocrx_word' id='word_1_871' title='bbox 3004 4965 3345 5022; x_wconf 87' lang='lat' dir='ltr'><strong>traherentur</strong></span> <span class='ocrx_word' id='word_1_872' title='bbox 3374 4970 3440 5024; x_wconf 88' lang='lat' dir='ltr'><strong>ad</strong></span> 
     </span>
    </p>
   </div>
   <div class='ocr_carea' id='block_1_110' title="bbox 1856 5043 3445 5119">
    <p class='ocr_par' dir='ltr' id='par_1_110' title="bbox 1856 5043 3445 5119">
     <span class='ocr_line' id='line_1_111' title="bbox 1856 5043 3445 5119; baseline 0.01 -22"><span class='ocrx_word' id='word_1_873' title='bbox 1856 5043 2103 5108; x_wconf 91' lang='lat' dir='ltr'><strong>crimina,</strong></span> <span class='ocrx_word' id='word_1_874' title='bbox 2125 5045 2301 5100; x_wconf 89' lang='lat' dir='ltr'><strong>nullus</strong></span> <span class='ocrx_word' id='word_1_875' title='bbox 2321 5046 2567 5101; x_wconf 88' lang='lat' dir='ltr'><strong>sordibus</strong></span> <span class='ocrx_word' id='word_1_876' title='bbox 2588 5048 2957 5116; x_wconf 89' lang='lat' dir='ltr'><strong>inquinaretur</strong></span> <span class='ocrx_word' id='word_1_877' title='bbox 2975 5054 3243 5119; x_wconf 82' lang='lat' dir='ltr'><strong>humanis,</strong></span> <span class='ocrx_word' id='word_1_878' title='bbox 3268 5059 3445 5114; x_wconf 88' lang='lat' dir='ltr'><strong>nullus</strong></span> 
     </span>
    </p>
   </div>
   <div class='ocr_carea' id='block_1_111' title="bbox 1854 5133 3443 5219">
    <p class='ocr_par' dir='ltr' id='par_1_111' title="bbox 1854 5133 3443 5219">
     <span class='ocr_line' id='line_1_112' title="bbox 1854 5133 3443 5219; baseline 0.013 -35"><span class='ocrx_word' id='word_1_879' title='bbox 1854 5133 2300 5202; x_wconf 69' lang='lat' dir='ltr'><strong>concupiscentia:</strong></span> <span class='ocrx_word' id='word_1_880' title='bbox 2322 5137 2539 5192; x_wconf 87' lang='lat' dir='ltr'><strong>stimulo</strong></span> <span class='ocrx_word' id='word_1_881' title='bbox 2561 5151 2905 5208; x_wconf 86' lang='lat' dir='ltr'><strong>pungeretur.</strong></span> <span class='ocrx_word' id='word_1_882' title='bbox 2930 5143 3036 5199; x_wconf 84' lang='lat' dir='ltr'><strong>Sed</strong></span> <span class='ocrx_word' id='word_1_883' title='bbox 3066 5148 3189 5216; x_wconf 84' lang='lat' dir='ltr'><strong>quia</strong></span> <span class='ocrx_word' id='word_1_884' title='bbox 3218 5165 3312 5219; x_wconf 89' lang='lat' dir='ltr'><strong>spe</strong></span> <span class='ocrx_word' id='word_1_885' title='bbox 3338 5152 3443 5204; x_wconf 82' lang='lat' dir='ltr'><strong>sal-</strong></span> 
     </span>
    </p>
   </div>
   <div class='ocr_carea' id='block_1_112' title="bbox 1854 5221 3442 5310">
    <p class='ocr_par' dir='ltr' id='par_1_112' title="bbox 1854 5221 3442 5310">
     <span class='ocr_line' id='line_1_113' title="bbox 1854 5221 3442 5310; baseline 0.013 -36"><span class='ocrx_word' id='word_1_886' title='bbox 1854 5222 1905 5275; x_wconf 90' lang='lat' dir='ltr'><strong>vi</strong></span> <span class='ocrx_word' id='word_1_887' title='bbox 1938 5221 2061 5278; x_wconf 85' lang='lat' dir='ltr'><strong>facti</strong></span> <span class='ocrx_word' id='word_1_888' title='bbox 2089 5241 2289 5294; x_wconf 88' lang='lat' dir='ltr'><strong>sumus,</strong></span> <span class='ocrx_word' id='word_1_889' title='bbox 2314 5229 2459 5298; x_wconf 85' lang='lat' dir='ltr'><strong>quod</strong></span> <span class='ocrx_word' id='word_1_890' title='bbox 2479 5230 2653 5285; x_wconf 89' lang='lat' dir='ltr'><strong>adhuc</strong></span> <span class='ocrx_word' id='word_1_891' title='bbox 2682 5246 2789 5289; x_wconf 89' lang='lat' dir='ltr'><strong>non</strong></span> <span class='ocrx_word' id='word_1_892' title='bbox 2824 5235 3086 5301; x_wconf 80' lang='lat' dir='ltr'><strong>videmus,</strong></span> <span class='ocrx_word' id='word_1_893' title='bbox 3112 5255 3211 5309; x_wconf 89' lang='lat' dir='ltr'><strong>per</strong></span> <span class='ocrx_word' id='word_1_894' title='bbox 3235 5243 3442 5310; x_wconf 78' lang='lat' dir='ltr'><strong>patien-</strong></span> 
     </span>
    </p>
   </div>
   <div class='ocr_carea' id='block_1_113' title="bbox 1849 5407 3432 5492">
    <p class='ocr_par' dir='ltr' id='par_1_113' title="bbox 1849 5407 3432 5492">
     <span class='ocr_line' id='line_1_114' title="bbox 1849 5407 3432 5492; baseline 0.016 -38"><span class='ocrx_word' id='word_1_895' title='bbox 1849 5413 2023 5471; x_wconf 80' lang='lat' dir='ltr'><strong>garet;</strong></span> <span class='ocrx_word' id='word_1_896' title='bbox 2052 5407 2273 5462; x_wconf 76' lang='lat' dir='ltr'><strong>illiciens</strong></span> <span class='ocrx_word' id='word_1_897' title='bbox 2313 5426 2412 5480; x_wconf 89' lang='lat' dir='ltr'><strong>pro</strong></span> <span class='ocrx_word' id='word_1_898' title='bbox 2452 5414 2719 5492; x_wconf 63' lang='lat' dir='ltr'><strong>inliciens;</strong></span> <span class='ocrx_word' id='word_1_899' title='bbox 2746 5420 3020 5492; x_wconf 1' lang='lat' dir='ltr'><strong>(subjicere</strong></span> <span class='ocrx_word' id='word_1_900' title='bbox 3051 5440 3145 5489; x_wconf 86' lang='lat' dir='ltr'><strong>pro</strong></span> <span class='ocrx_word' id='word_1_901' title='bbox 3174 5423 3432 5491; x_wconf 78' lang='lat' dir='ltr'><strong>subicere,</strong></span> 
     </span>
    </p>
   </div>
   <div class='ocr_carea' id='block_1_114' title="bbox 1848 5488 3445 5559">
    <p class='ocr_par' dir='ltr' id='par_1_114' title="bbox 1848 5488 3445 5559">
     <span class='ocr_line' id='line_1_115' title="bbox 1848 5488 3445 5559; baseline 0.016 -35"><span class='ocrx_word' id='word_1_902' title='bbox 1848 5489 2090 5559; x_wconf 74' lang='lat' dir='ltr'><strong>corruere</strong></span> <span class='ocrx_word' id='word_1_903' title='bbox 2119 5493 2218 5546; x_wconf 90' lang='lat' dir='ltr'><strong>pro</strong></span> <span class='ocrx_word' id='word_1_904' title='bbox 2247 5496 2529 5559; x_wconf 73' lang='lat' dir='ltr'><strong>conruere;</strong></span> <span class='ocrx_word' id='word_1_905' title='bbox 2564 5488 2782 5543; x_wconf 84' lang='lat' dir='ltr'><strong>illustris</strong></span> <span class='ocrx_word' id='word_1_906' title='bbox 2825 5488 2923 5559; x_wconf 76' lang='lat' dir='ltr'><strong>pro</strong></span> <span class='ocrx_word' id='word_1_907' title='bbox 2969 5488 3235 5555; x_wconf 81' lang='lat' dir='ltr'><strong>inlustris;</strong></span> <span class='ocrx_word' id='word_1_908' title='bbox 3279 5488 3445 5549; x_wconf 70' lang='lat' dir='ltr'><strong>coll/r-</strong></span> 
     </span>
    </p>
   </div>
   <div class='ocr_carea' id='block_1_115' title="bbox 1848 5550 3438 5633">
    <p class='ocr_par' dir='ltr' id='par_1_115' title="bbox 1848 5550 3438 5633">
     <span class='ocr_line' id='line_1_116' title="bbox 1848 5550 3438 5633; baseline 0.018 -38"><span class='ocrx_word' id='word_1_909' title='bbox 1848 5552 1956 5633; x_wconf 34' lang='grc' dir='ltr'><strong>ωιτη</strong></span> <span class='ocrx_word' id='word_1_910' title='bbox 2003 5561 2109 5627; x_wconf 40' lang='lat' dir='ltr'><strong>pro.</strong></span> <span class='ocrx_word' id='word_1_911' title='bbox 2148 5550 2594 5633; x_wconf 30' lang='lat' dir='ltr'><strong>conlatumuetc.</strong></span> <span class='ocrx_word' id='word_1_912' title='bbox 2648 5558 2724 5633; x_wconf 79' lang='lat' dir='ltr'><strong>Ac</strong></span> <span class='ocrx_word' id='word_1_913' title='bbox 2769 5550 2853 5613; x_wconf 71' lang='lat' dir='ltr'><strong>vel</strong></span> <span class='ocrx_word' id='word_1_914' title='bbox 2893 5562 2995 5618; x_wconf 82' lang='lat' dir='ltr'><strong>hoc</strong></span> <span class='ocrx_word' id='word_1_915' title='bbox 3025 5562 3143 5631; x_wconf 88' lang='lat' dir='ltr'><strong>ipso</strong></span> <span class='ocrx_word' id='word_1_916' title='bbox 3172 5550 3230 5616; x_wconf 82' lang='lat' dir='ltr'><strong>se</strong></span> <span class='ocrx_word' id='word_1_917' title='bbox 3260 5567 3438 5633; x_wconf 77' lang='lat' dir='ltr'><strong>prodit</strong></span> 
     </span>
    </p>
   </div>
   <div class='ocr_carea' id='block_1_116' title="bbox 1846 5621 3434 5699">
    <p class='ocr_par' dir='ltr' id='par_1_116' title="bbox 1846 5621 3434 5699">
     <span class='ocr_line' id='line_1_117' title="bbox 1846 5621 3434 5699; baseline 0.016 -33"><span class='ocrx_word' id='word_1_918' title='bbox 1846 5623 1975 5699; x_wconf 56' lang='lat' dir='ltr'><strong>quas</strong></span> <span class='ocrx_word' id='word_1_919' title='bbox 2003 5621 2179 5685; x_wconf 89' lang='lat' dir='ltr'><strong>major</strong></span> <span class='ocrx_word' id='word_1_920' title='bbox 2216 5621 2416 5677; x_wconf 88' lang='lat' dir='ltr'><strong>codicis</strong></span> <span class='ocrx_word' id='word_1_921' title='bbox 2449 5624 2730 5683; x_wconf 82' lang='lat' dir='ltr'><strong>Remensis</strong></span> <span class='ocrx_word' id='word_1_922' title='bbox 2760 5645 2867 5699; x_wconf 84' lang='lat' dir='ltr'><strong>quo</strong></span> <span class='ocrx_word' id='word_1_923' title='bbox 2909 5621 3145 5687; x_wconf 59' lang='lat' dir='ltr'><strong>usns&#39;cst</strong></span> <span class='ocrx_word' id='word_1_924' title='bbox 3187 5621 3434 5690; x_wconf 53' lang='lat' dir='ltr'><strong>suam;</strong></span> 
     </span>
    </p>
   </div>
   <div class='ocr_carea' id='block_1_117' title="bbox 1844 5684 1963 5737">
    <p class='ocr_par' dir='ltr' id='par_1_117' title="bbox 1844 5684 1963 5737">
     <span class='ocr_line' id='line_1_118' title="bbox 1844 5684 1963 5737; baseline 0 -1"><span class='ocrx_word' id='word_1_925' title='bbox 1844 5684 1963 5737; x_wconf 78' lang='lat' dir='ltr'><strong>dos.</strong></span> 
     </span>
    </p>
   </div>
   <div class='ocr_carea' id='block_1_118' title="bbox 1918 5754 2657 5819">
    <p class='ocr_par' dir='ltr' id='par_1_118' title="bbox 1918 5754 2657 5819">
     <span class='ocr_line' id='line_1_119' title="bbox 1918 5754 2657 5819; baseline 0.016 -12"><span class='ocrx_word' id='word_1_926' title='bbox 1918 5765 1938 5792; x_wconf 74' lang='grc' dir='ltr'><strong>ε</strong></span> <span class='ocrx_word' id='word_1_927' title='bbox 1973 5754 2026 5809; x_wconf 86' lang='lat' dir='ltr'><strong>In</strong></span> <span class='ocrx_word' id='word_1_928' title='bbox 2056 5772 2156 5813; x_wconf 86' lang='lat' dir='ltr'><strong>ms.</strong></span> <span class='ocrx_word' id='word_1_929' title='bbox 2183 5761 2373 5817; x_wconf 83' lang='lat' dir='ltr'><strong>eodem</strong></span> <span class='ocrx_word' id='word_1_930' title='bbox 2406 5776 2657 5819; x_wconf 74' lang='lat' dir='ltr'><strong>rensetur.</strong></span> 
     </span>
    </p>
   </div>
  </div>
