3926 6176
435 214 536 274 627

1435 221 1805 312 exeamus
1842 222 2121 281 nomon
2158 220 2700 280 rnaoasnnm.
2766 178 2777 187 ’
3569 224 3660 283 trs
3734 205 3739 213 ‘

440 335 569 389 tiam
611 342 1000 404 exspectamus.
1027 343 1053 371 ει
1074 334 1232 391 Venit
1263 344 1471 406 tempus
1501 337 1553 392 in
1579 351 1688 407 quo
1716 351 1889 406 neque
1920 352 2017 390 nu-
2045 341 2091 399 Λ
2120 351 2260 391 mors
2283 334 2309 373 δ
2333 337 2388 390 in
2415 337 2701 389 victoriam.
2733 333 2831 391 Ubi
2852 342 2946 397 est,
2978 351 3137 400 mors,
3167 337 3422 391 contentio
3448 336 3567 390 tua?
3589 341 3660 391 ubi

438 426 586 489 bant,
619 440 792 500 neque
829 442 1023 482 uxores
1059 427 1283 493 ducant,
1305 428 1400 483 sed
1439 427 1549 483 sint
1583 429 1722 485 sicut
1759 428 1931 496 angeli
1961 428 2013 482 in

436 516 586 571 caelis
607 515 820 586 (Matth.
844 534 975 583 xm,
1006 517 1115 589 50).
1139 515 1269 573 Cum
1293 521 1430 574 enim
1458 520 1786 590 corruptibile
1814 521 1910 574 hoc
1938 521 2015 573 in-

2116 435 2211 491 est,
2242 443 2399 490 mors,
2424 425 2664 480 stimulus
2698 425 2854 481 tuus?
2882 426 3137 482 Stimulos
3168 436 3339 481 autem
3368 431 3537 481 mortis
3562 446 3656 494 prc-

2118 528 2323 582 catum;
2344 519 2501 572 virtus
2519 534 2637 572 vero
2664 517 2861 587 peccati
2881 515 2966 570 lea:
2990 514 3029 586 (l
3060 514 3177 570 Cor.
3210 532 3298 577 xv.
3325 514 3517 586 54—56).
3539 517 3664 573 Tunc

437 605 603 661 duerit
624 608 1077 680 incorruptionem,
1105 617 1153 663 et
1182 610 1400 665 mortale
1427 609 1523 665 hoc
1552 610 1775 666 induerit
1798 611 2011 664 immor—
2075 638 2093 665 ι
2117 606 2356 667 dicemus
2392 629 2404 664 :
2443 609 2554 665 Deo
2584 610 2783 683 gratias
2817 608 2906 681 qui
2943 608 3083 661 dedit
3123 607 3266 663 nobis
3302 610 3563 664 victoriam
3594 629 3673 682 per

432 699 708 764 talitatem,
726 708 845 755 tunc
865 702 955 772 [iet
981 718 1147 755 sermo
1167 702 1253 775 qui
1273 703 1491 771 scriptus
1512 712 1589 756 est
1605 720 1623 756 :
1644 703 1901 773 Absorpta
1934 711 2010 757 est

504 838 529 868 ⁸
561 830 657 888 Ms.
691 831 977 902 Augieuse,
1018 832 1182 887 veniet
1222 841 1438 904 tempus.

2118 702 2402 758 Dominum
2430 711 2666 758 nostrum
2699 700 2882 756 Iesum
2902 701 3164 756 Christum
3188 698 3372 773 (Ibid.,
3405 700 3512 773 57).

2187 833 2215 875 δ
2237 835 2335 891 Ms.
2361 836 2646 905 Augiense,
2671 837 2725 890 in
2746 837 2981 892 rictoria.

1242 1075 1270 1104 ⁸
1319 1085 1848 1165 PROLOGUS
1900 1086 2165 1164 LIBRI
2218 1084 2683 1181 SEQUENT
2688 1087 2807 1164 IS.

502 1210 708 1269 Finitus
737 1221 818 1268 est
842 1214 979 1270 liber
999 1214 1026 1253 ιι
1050 1216 1295 1272 inimicus
1318 1217 1615 1283 hominum,
1641 1228 1827 1273 contra
1851 1218 2008 1274 ﬁdem

433 1306 750 1361 catholicam
778 1305 1072 1375 conﬁctos;
1103 1309 1240 1364 liber
1266 1310 1887 1375 delusus,’circumdatus
1918 1312 2014 1366 tal-

431 1395 598 1463 laciis,
631 1398 840 1453 adulter
869 1400 1090 1469 integra:
1117 1400 1471 1467 deﬁnitionis;
1524 1404 1745 1472 quique,
1791 1411 1848 1457 ut
1886 1419 2012 1458 san-

428 1496 548 1544 rtus
576 1490 874 1562 Cyprianus
905 1492 1011 1559 ait,
1041 1491 1170 1547 falsa
1214 1501 1452 1548 ostentat
1478 1501 1536 1547 ut
1572 1509 1701 1549 vera
1729 1490 2008 1564 subripiat.

430 1578 530 1646 Qui
558 1581 657 1635 sub
687 1583 865 1652 Specie
903 1583 1120 1653 pietatis
1155 1584 1348 1651 editus,
1389 1585 1500 1653 agit
1542 1594 1729 1641 contra
1766 1585 2005 1641 omnium

2109 1216 2344 1290 iudicem
2370 1220 2556 1290 judicii
2583 1224 2747 1277 vestri
2777 1230 2903 1278 ante
2932 1223 3119 1279 oculos
3147 1224 3426 1286 habentes,
3464 1237 3529 1278 ex
3557 1224 3673 1277 inte-

2115 1324 2212 1379 gro
2241 1310 2571 1367 defendenda
2598 1312 2886 1381 defendite,
2912 1330 2979 1370 ex
3006 1315 3218 1383 integro
3238 1315 3670 1371 damnandadam-

2115 1410 2260 1457 nate.
2290 1401 2399 1456 Cur
2426 1410 2625 1469 autem,
2655 1402 2973 1459 intermissis
3009 1405 3129 1459 aliis
3156 1406 3526 1475 pravitatibus,
3549 1404 3671 1459 hunc

2114 1496 2308 1550 librum
2340 1496 2393 1550 in
2440 1496 2675 1551 medium
2711 1497 2986 1551 attulimus
3036 1498 3230 1564 solum,
3264 1497 3380 1552 hzec
3420 1497 3551 1550 ratio
3585 1505 3673 1557 est,

2116 1589 2242 1658 quia
2274 1589 2326 1642 in
2358 1586 2577 1643 modum
2606 1589 2833 1660 symboli
2863 1590 2941 1645 eis
2963 1605 3100 1659 quos
3119 1580 3435 1659 deceperint
3462 1588 3671 1642 tradunt.

431 1672 669 1726 instituta
699 1683 1022 1728 sanctorum.
1052 1673 1219 1743 Hujus
1240 1676 1359 1730 libri
1388 1691 1568 1739 causa,
1601 1685 1661 1731 ut
1688 1680 2010 1733 memoravi—
2042 1654 2087 1712 Β
2113 1678 2266 1739 Hunc
2311 1695 2439 1748 ergo
2471 1688 2641 1734 totum
2682 1696 2779 1751 per
2806 1680 3050 1735 ordinem
3097 1680 3419 1735 credidimus
3455 1681 3672 1735 scriben-

431 1779 550 1818 mus
580 1765 631 1819 in
658 1764 1076 1833 prmfatiuncula,
1102 1769 1338 1822 omnium
1361 1769 1733 1824 inereticorum
1762 1770 1815 1824 in
1846 1788 2010 1826 unum

431 1856 626 1912 librum
664 1858 981 1926 collegimus
1025 1868 1218 1926 sectas,
1265 1870 1325 1915 ut
1351 1863 1520 1917 sciant
1559 1861 1868 1920 defensores
1894 1865 2010 1933 ejus

429 1950 637 2005 cunctis
678 1964 778 2005 nos
818 1950 1109 2007 hatrcsibus
1139 1953 1443 2020 adversari;
1475 1961 1530 2009 et
1576 1955 1772 2010 nullius
1818 1965 2006 2011 contra

431 2056 526 2096 eos
555 2042 630 2095 uti
669 2057 956 2097 consensu.
1005 2042 1209 2111 Itaque,
1240 2059 1273 2099 ο
1310 2054 1494 2100 sancta
1540 2056 1714 2101 mater
1748 2045 2006 2112 Ecclesia,

430 2145 577 2201 pura:
607 2132 727 2188 ﬁdei
749 2134 998 2202 geniti-ix,
1028 2143 1215 2188 contra
1244 2135 1485 2191 occultos
1505 2136 1687 2191 hostes
1717 2145 1857 2200 tuos,
1880 2152 2009 2192 con-

429 2232 511 2276 tra
556 2238 725 2277 novos
751 2223 1011 2279 barbaros
1050 2223 1331 2295 paciﬁcum
1377 2226 1616 2282 habitum
1664 2228 2006 2295 mentientes,

429 2323 616 2369 contra
646 2329 740 2369 eos
768 2314 860 2383 qui
890 2310 984 2384 per
1014 2323 1065 2370 te
1093 2325 1278 2370 contra
1302 2324 1356 2371 te
1384 2332 1529 2372 arma
1562 2319 1877 2388 corripiunt,
1909 2336 2010 2374 no-

424 2417 567 2462 stras
595 2407 735 2462 vires
759 2407 954 2473 exalto,
982 2414 1036 2462 et
1056 2407 1296 2463 volentes
1324 2409 1457 2464 inire
1478 2418 1747 2465 certamen
1771 2410 1964 2479 adjuva
1990 2429 2004 2465 :

428 2509 617 2555 contra
647 2501 746 2555 hos
773 2500 1044 2570 prrecipue
1073 2508 1261 2555 contra
1292 2516 1426 2571 quos
1455 2502 1629 2556 adhuc
1667 2501 1841 2556 nullus
1869 2503 2007 2557 scri-

428 2591 604 2647 bendo
635 2590 908 2660 pugnavit,
938 2606 1059 2645 cum
1092 2590 1164 2645 illi
1186 2592 1398 2661 scriptis
1426 2591 1553 2656 suis,
1583 2594 1681 2647 sub
1710 2592 2008 2648 sacerdotis

429 2683 715 2751 Augustini
759 2684 995 2747 nomine,
1050 2688 1221 2736 totum
1268 2698 1407 2752 pene
1448 2683 1562 2751 jam
1606 2684 2008 2739 vulneraverint

429 2772 703 2838 mundum,
732 2773 948 2827 vitiatos
977 2773 1141 2827 libros
1168 2773 1509 2843 proferendo,
1535 2784 1590 2829 et
1609 2776 1785 2831 varias
1805 2777 2008 2845 episto-

431 2862 507 2916 las
536 2861 711 2915 dando
741 2877 872 2930 quas
900 2863 1183 2916 memorati
1230 2862 1588 2932 Hipponensis
1617 2866 1856 2935 episc0pi
1886 2881 2007 2921 esse

429 2951 756 3021 conﬁngunt.
783 2951 848 3005 Et
869 2969 980 3018 vos,
1010 2968 1196 3007 omnes
1215 2954 1493 3008 catholicae
1522 2955 1643 3011 ﬁdei
1671 2956 1999 3024 defensores,

2111 1770 2256 1834 dum,
2287 1786 2356 1825 ne
2383 1771 2667 1826 videantur
2702 1787 2767 1826 ea
2795 1786 2915 1840 quae
2944 1770 3099 1825 facile
3138 1771 3283 1825 vinci
3313 1777 3574 1839 poterant,
3613 1786 3671 1823 ex

2111 1874 2299 1915 eorum
2328 1861 2465 1916 libro
2506 1860 2669 1917 fuisse
2714 1861 3003 1932 discerpta,
3037 1869 3093 1916 et
3134 1861 3222 1915 illa
3251 1860 3445 1916 callide
3473 1867 3673 1930 pneter-

2109 1953 2292 2021 missa,
2335 1969 2454 2024 quae
2482 1955 2655 2025 ipsum
2695 1954 2891 2008 librum
2928 1960 3184 2024 poterant
3228 1952 3300 2006 ab
3342 1950 3674 2007 accusationis

2111 2052 2308 2101 nostra:
2335 2045 2530 2114 injuria
2558 2045 2849 2100 vindicare.
2880 2043 3021 2099 Nihil
3050 2058 3177 2113 ergo
3217 2042 3671 2113 prmtcrmisimus:

2108 2136 2205 2191 Sed
2230 2152 2389 2191 omne
2410 2152 2607 2206 corpus
2627 2135 2743 2202 ejus
2764 2135 2845 2189 his
2865 2135 3177 2202 detegentes
3204 2132 3441 2202 scriptis,
3464 2131 3672 2200 gladium

2109 2235 2295 2282 contra
2319 2242 2439 2281 eum
2461 2226 2609 2281 verbi
2632 2227 2726 2280 Dei
2746 2225 3087 2296 proferimus,
3114 2232 3275 2293 atque
3302 2223 3356 2277 in
3378 2230 3551 2292 partes
3568 2234 3673 2273 eum

2109 2320 2476 2383 concidentes,
2508 2318 2712 2386 singula
2744 2332 2967 2386 quaeque
2995 2317 3234 2371 membra
3266 2314 3387 2384 ejus
3407 2312 3675 2368 catholico-

2108 2428 2226 2467 rum
2256 2412 2425 2467 oculis
2453 2410 2785 2466 denudamus
2815 2428 2828 2463 :
2861 2409 3208 2465 ostendentes
3235 2422 3361 2477 quae
3407 2420 3600 2461 venena
3628 2406 3673 2458 in

2109 2505 2286 2573 capite
2321 2503 2535 2569 habeat,
2566 2516 2684 2572 qum
2713 2502 2766 2555 in
2797 2517 2890 2556 ore
2920 2507 3300 2570 contorqueat,
3333 2514 3467 2567 quas
3494 2514 3556 2553 ex
3586 2511 3672 2567 pe-

2108 2604 2259 2651 ctore
2303 2596 2525 2665 sagittas
2565 2596 2815 2660 emittat;
2857 2609 2920 2649 ac
2947 2608 3046 2663 per
3087 2593 3299 2661 singula
3331 2591 3671 2646 membrorum

2108 2687 2284 2744 ofﬁcia
2313 2687 2749 2772 adversarietatis
2778 2689 2894 2755 ejus
2923 2692 3208 2753 arguentes
3235 2684 3488 2746 astutias,
3520 2690 3571 2734 et
3593 2694 3671 2735 ca-

2107 2780 2312 2850 ptivum
2341 2795 2462 2835 eum
2492 2778 2745 2834 Ecclesia:
2774 2777 3053 2834 catholica:
3091 2776 3319 2847 pedibus
3347 2781 3672 2845 prosternen.

2108 2875 2210 2936 tes,
2241 2870 2489 2926 omnibus
2516 2886 2639 2925 eum
2669 2868 2895 2924 facimus
2942 2866 3284 2923 manifestum
3334 2884 3349 2920 :
3401 2874 3457 2921 ut
3494 2880 3554 2919 ex
3581 2863 3672 2917 hoc

2108 2962 2224 3032 ipse
2252 2962 2334 3019 sui
2363 2963 2648 3018 damnatur
2676 2962 2892 3027 existat,
2924 2961 3015 3031 qui
3038 2960 3364 3015 catholicam
3394 2958 3669 3013 doctrinam

433 3048 677 3117 precibus
713 3060 1018 3113 exoramus,
1069 3056 1128 3101 ut
1182 3049 1396 3104 exclusa
1436 3051 1581 3105 omni
1629 3052 2001 3121 occupatione,
2038 3031 2083 3094 Ο
2114 3054 2388 3119 deserens,
2429 3070 2752 3109 consensum
2781 3069 2934 3109 suum
2962 3053 3121 3123 hujus
3151 3052 3271 3107 libri
3304 3050 3536 3105 voluerit
3559 3061 3668 3102 cono

428 3139 685 3195 intentius
732 3146 974 3192 nostrum
1017 3141 1257 3209 pneﬁum
1300 3142 1632 3198 attendatis:
1667 3149 1722 3197 et
1764 3140 2000 3199 futurum

499 3310 523 3339 α
554 3300 609 3355 In
655 3315 755 3354 ms.
804 3298 1073 3365 Augiensi,
1107 3306 1232 3367 post
1274 3296 1452 3352 Jcaum
1491 3298 1771 3365 Christum,
1820 3299 2001 3353 statim

426 3373 629 3442 absque
661 3371 833 3431 titulo,
863 3370 1043 3442 ﬁnitus
1069 3377 1156 3442 est
1184 3368 1330 3442 liber,
1362 3378 1468 3423 etc.

497 3439 609 3496 ΠΛ
650 3457 748 3497 ms.
785 3440 1052 3507 Augicnsi,
1086 3439 1428 3493 inimicorum.

502 3525 522 3552 ε
556 3512 611 3566 lu
634 3528 732 3568 ms.
760 3510 1015 3578 Aegiensi
1045 3526 1057 3561 :
1085 3507 1233 3563 Finit
1261 3508 1390 3563 liber
1418 3511 1779 3565 Itarreticorum
1805 3507 1896 3563 sub
1918 3527 2006 3563 no-

2110 3147 2323 3217 tagione
2349 3146 2551 3203 violare
2575 3158 2621 3202 ο.

2111 3301 2248 3354 mine
2273 3299 2550 3372 Augustini
2586 3301 2837 3370 conﬁctas
2871 3301 2936 3354 de
2967 3298 3387 3353 Prwdestiuatis.
3418 3296 3567 3357 Tum,
3591 3291 3671 3372 itt-

2109 3372 2234 3434 cipit
2275 3364 2406 3425 libér
2444 3364 2816 3426 catholicorum
2853 3372 3209 3440 episcoporum
3246 3380 3435 3440 contra
3464 3364 3673 3440 canitiem

2110 3441 2299 3495 librum
2322 3442 2700 3512 hereticorum,
2720 3435 3043 3512 defendendo
3064 3439 3318 3492 catholica
3339 3447 3389 3492 et
3412 3435 3673 3492 orthodoxe

2112 3511 2387 3581 refutando
2412 3528 2611 3565 errores
2641 3511 2842 3566 eorum.

1358 3733 1883 3841 'LIBER
1978 3735 2294 3842 TER
2313 3700 2725 3854 TIUS,

776 3924 1230 4003 Rcfutationem
1259 3922 1581 3984 continens
1609 3919 1761 3983 libri
1785 3921 2132 3999 superioris
2162 3920 2272 3981 sub
2329 3922 2394 3984 S.
2433 3922 2773 4000 Augustini
2801 3923 3050 3984 nomine
3077 3921 3353 4003 conﬁcti.

495 4075 765 4133 Hactenus
789 4072 1161 4129 haereticorum
1183 4070 1422 4126 omnium
1443 4071 1673 4125 incensa:
1694 4075 1818 4123 sunt
1842 4067 2005 4141 silvm,

427 4170 480 4224 in
510 4168 702 4238 quibus
744 4166 1094 4220 latrocinante
1133 4160 1352 4232 perﬁdia
1391 4160 1590 4215 divitiae
1619 4156 1740 4212 ﬁdei
1769 4170 2008 4228 pervasa:

425 4267 567 4321 sunt,
597 4256 829 4327 praedam
849 4270 1005 4326 passa
1031 4253 1289 4319 Ecclesia,
1309 4252 1604 4305 animarum
1626 4249 1843 4318 sanguis
1871 4246 2006 4303 effu-

423 4365 533 4406 sus.
577 4346 774 4403 Verum
811 4345 934 4413 quia
971 4343 1188 4397 solitum
1225 4350 1308 4395 est
1345 4342 1515 4411 Spinis
1552 4347 1675 4409 post
1701 4337 2003 4393 incendium

2114 4068 2405 4123 humanum
2435 4081 2602 4136 genus
2643 4067 2714 4121 ita
2762 4067 2956 4122 divinis
2982 4068 3544 4138 prmdestinationibus
3569 4066 3673 4123 sub-

2104 4158 2319 4227 jacere,
2355 4164 2412 4211 ut
2446 4157 2586 4210 mala
2614 4157 2794 4211 omnia
2824 4172 2943 4226 quas
2970 4166 3230 4226 geruntur
3257 4159 3310 4212 in
3342 4160 3566 4223 smcuio,
3594 4155 3673 4211 Dei

2108 4249 2355 4304 dicantur
2382 4249 2659 4303 voluntate
2687 4248 2967 4303 committi.
3016 4248 3093 4304 Ne
3122 4265 3251 4318 ergo
3281 4251 3566 4321 participes
3591 4262 3673 4302 nos

2107 4355 2293 4396 eorum
2332 4341 2493 4394 timor
2531 4340 2794 4394 humanus
2832 4348 2925 4394 aut
2963 4340 3284 4394 verecundia
3315 4323 3545 4403 faceret,
3575 4354 3672 4392 om-

425 4440 618 4494 iterum
664 4435 958 4508 pullulare,
989 4432 1180 4487 faicem
1209 4430 1375 4485 divini
1395 4430 1580 4500 judicii
1610 4435 1920 4493 teneamus,
1946 4434 2006 4482 ut
2030 4474 2080 4533 Β
2107 4435 2253 4489 nium
2280 4432 2656 4488 hmreticorum
2685 4432 2888 4501 egimus
2916 4448 3090 4496 curas,
3119 4439 3174 4487 et
3196 4433 3499 4487 invenimus
3525 4429 3672 4485 nemi-

423 4528 659 4583 rediviva
711 4534 765 4581 ct
810 4533 998 4580 contra
1044 4522 1236 4577 coelum
1285 4521 1462 4575 euntia
1509 4520 1777 4590 spinarum
1825 4520 2001 4589 capita

423 4625 777 4688 amputemus.
810 4615 929 4671 Non
950 4615 1194 4676 deerunt,
1219 4618 1542 4683 procurante
1564 4611 1695 4677 Deo,
1726 4611 1851 4666 huic
1874 4624 2003 4680 agro

425 4712 677 4778 cultores,
708 4719 769 4766 ut
798 4710 1005 4781 possint
1032 4708 1165 4763 benti
1190 4706 1506 4762 immaculati
1536 4704 1562 4744 ι)
1583 4706 1638 4759 in
1675 4707 1778 4772 via,
1808 4705 2001 4759 imma-

422 4804 583 4861 culati
615 4805 798 4858 inﬁde
823 4842 839 4868 ,
887 4804 973 4876 qui
1020 4802 1287 4857 ambulant
1333 4802 1388 4855 in
1418 4800 1527 4871 lege
1564 4797 1775 4853 Domini
1825 4797 1997 4871 (I’sal.

425 4909 617 4958 cxvm,
653 4892 724 4963 i),
772 4894 974 4963 absque
1018 4892 1398 4964 impedimento
1447 4891 1676 4947 sentium
1718 4890 2000 4960 pervenire

422 5000 529 5055 quo
577 4993 824 5057 pergunt.
884 4985 1291 5054 Nonagesimam
1337 4986 1581 5041 hmresim
1630 4981 1998 5038 Pnedestinati

423 5077 705 5145 fecerunt,
743 5074 1088 5132 ostendentes
1124 5077 1287 5132 libros
1327 5074 1489 5132 falsos
1533 5092 1671 5146 quos
1717 5072 2000 5142 Augustini

421 5168 762 5238 conﬁngunt,
793 5167 944 5236 cujus
971 5168 1111 5223 dicta
1155 5168 1207 5221 in
1240 5169 1419 5223 multis
1446 5169 1579 5222 locis
1609 5169 1855 5236 leguntur
1883 5164 2000 5219 istis

423 5261 570 5315 libris
599 5259 754 5314 valde
778 5260 1067 5314 contraria:
1110 5258 1274 5313 Datur
1300 5273 1429 5328 ergo
1458 5260 1736 5314 catholicis
1764 5274 1888 5312 vera
1918 5272 2002 5309 su-

420 5352 590 5421 spicio
616 5350 758 5422 quod
791 5360 896 5405 tam
926 5351 1187 5406 scelerata
1222 5362 1243 5389 ο
1274 5351 1411 5405 dicta
1444 5351 1537 5411 viri
1569 5349 1850 5404 orthodoxi
1881 5362 2001 5402 esse

423 5458 527 5497 non
557 5444 782 5514 possint,
815 5458 932 5514 qua:
960 5444 1148 5499 dantes
1167 5459 1355 5498 manus
1376 5442 1783 5503 Mathcutaticis,
1816 5440 2000 5494 dicunt

494 5591 519 5618 ⁸
557 5580 613 5635 in
643 5596 742 5639 tus.
775 5580 1024 5647 Augicnsi
1054 5597 1064 5632 :
1110 5578 1262 5633 Liber
1305 5577 1402 5632 III
1435 5579 1679 5633 Primnsii
1711 5580 1777 5630 ad
1812 5576 1997 5635 Fortu-

428 5661 599 5705 natam
621 5652 683 5703 de
713 5650 1026 5704 Marri-sibus.

2108 4541 2231 4579 nem
2260 4524 2411 4594 pejus
2437 4524 2675 4594 potuisse
2702 4539 2902 4587 errare,
2934 4539 3094 4592 quam
3119 4523 3327 4592 hosqui
3349 4523 3532 4578 dicunt
3552 4517 3672 4574 mala

2108 4615 2287 4669 eninia
2318 4621 2373 4668 et
2409 4614 2632 4669 crimina
2661 4613 2757 4667 Dei
2785 4612 3252 4682 praedestinatione
3280 4612 3561 4669 committi.
3581 4609 3672 4663 lla-

2050 4696 2055 4701 ’
2107 4708 2271 4762 beant
2297 4721 2425 4774 ergo
2454 4721 2643 4760 omnes
2662 4705 2898 4759 haeretici
2927 4720 3090 4758 unum
3119 4704 3311 4758 librum
3331 4746 3346 4768 ,
3379 4704 3431 4757 in
3461 4717 3567 4772 quo
3592 4712 3673 4754 eos

2108 4814 2216 4852 non
2245 4797 2311 4852 de
2339 4804 2635 4866 potestate,
2666 4795 2762 4851 sed
2803 4794 2870 4849 de
2898 4795 3110 4850 ratione
3137 4810 3265 4850 vera
3295 4792 3669 4851 damnavimus,

2107 4898 2167 4943 ut
2192 4890 2367 4945 sciant
2395 4886 2764 4943 Praedestinati
2788 4885 2920 4941 nulli
2946 4901 3047 4941 nos
3073 4886 3383 4941 consentire
3408 4882 3668 4939 lneretico.

2106 4978 2351 5034 Habeant
2395 4986 2452 5032 et
2494 4976 2861 5031 Prtedestinati
2899 4992 3061 5030 unum
3089 4975 3317 5039 librum,
3362 4973 3413 5027 in
3455 4986 3562 5043 quo
3589 4982 3672 5023 cos

2106 5074 2248 5128 Deus
2278 5073 2391 5142 ipse
2418 5072 2708 5132 convincit,
2738 5071 2828 5139 qui
2857 5071 2956 5124 scit
2974 5084 3032 5123 se
3055 5067 3254 5122 nullum
3274 5065 3672 5137 praedestinasse

2106 5164 2172 5219 ad
2202 5165 2433 5225 malum,
2475 5177 2662 5217 omnes
2701 5170 2879 5215 autem
2911 5159 3316 5229 prazdestinasse
3344 5154 3410 5209 ad
3437 5153 3666 5208 bonum:
3748 5199 3759 5212 ,

2106 5265 2164 5310 ιιι
2209 5256 2354 5325 quod
2400 5256 2596 5310 bonum
2645 5262 2756 5317 est,
2805 5252 2971 5322 ipsius
3015 5250 3442 5320 comprobemus.
3493 5239 3668 5297 Omnia

2106 5347 2246 5401 enim
2296 5346 2435 5399 bona
2483 5359 2602 5413 quae
2643 5342 2841 5398 faciunt
2888 5358 3029 5397 nunc
3058 5340 3320 5405 homines,
3353 5343 3442 5392 aut
3467 5347 3583 5405 qua:
3609 5327 3669 5382 ab

2108 5441 2259 5496 initio
2288 5441 2548 5504 fecerunt,
2582 5440 2666 5493 vel
2696 5437 2887 5493 facturi
2913 5446 3058 5503 sunt,
3089 5437 3184 5492 Dei
3213 5436 3382 5504 gratia
3402 5472 3415 5497 ,
3445 5430 3539 5484 Dei
3566 5425 3663 5481 cle-

2173 5577 2197 5616 δ
2238 5573 2337 5627 Ms.
2369 5575 2527 5640 idem,
2561 5577 2614 5628 in
2639 5575 2735 5637 via,
2760 5574 2812 5626 id
2837 5582 2933 5635 est,
2962 5568 3300 5625 immaculati.

2190 5655 2213 5684 α
2252 5646 2346 5698 his.
2381 5645 2539 5704 idem.
2573 5645 2694 5698 dicti
2725 5645 2817 5697 riri
2848 5642 3140 5698 orthodoxi.
