3884 6184
236 308 333 363 529

674 309 1265 371 PRAEDESTINATUS
1299 313 1451 370 SIVE
1489 314 2185 375 PREDESTINATORUM
2225 318 2571 390 IUERESIS.
2612 326 2761 385 ETC.
2804 329 2930 385 LIB.
2971 330 3057 387 m.

3401 336 3509 392 G30

236 422 466 488 ruentia,
497 419 593 476 Dei
619 420 843 478 dicimus
870 414 1069 479 auxilio
1093 464 1107 487 ,
1152 425 1243 482 Dei
1276 427 1438 480 etiam
1469 426 1817 496 pnedestina-
1848 432 1896 489 Α
1926 429 2077 484 tium.
2139 432 2273 489 Nam
2320 445 2380 491 ut
2425 439 2551 507 quid
2604 441 2880 498 interfecta
2920 454 3003 500 est
3042 447 3422 517 prophetarum
3453 459 3506 505 et

236 512 380 566 tione
426 511 715 582 completa.
770 509 1247 570 Prmdestinatinne
1293 525 1510 589 autem,
1562 530 1671 569 non
1712 530 1817 585 qua

239 605 343 656 vim
374 599 535 657 faciat
564 601 703 658 Deus
722 602 925 657 bonum
948 605 1274 669 nolentibus,
1306 606 1399 661 scd
1420 622 1525 676 qua
1553 607 1668 678 ipse
1690 624 1822 662 nun-

235 708 399 785 quau:
424 699 596 749 mutet
622 695 942 749 sententiam
984 695 1271 762 bonitatis,
1312 707 1364 753 et
1395 698 1724 756 incessanter
1750 700 1820 756 sit

234 784 432 841 bonum
460 785 767 841 volentibus
796 795 1072 857 promptus
1090 829 1104 854 ,
1152 788 1346 843 malum
1377 798 1554 845 autem
1583 791 1817 845 volenti-

232 875 328 931 bus
376 877 689 946 imparatus.
765 877 1039 947 Siquidem
1083 880 1418 935 venientibus
1468 882 1534 935 ad
1593 882 1812 948 bonum,

232 968 351 1021 lidei
387 984 573 1023 eorum
602 969 783 1023 statim
812 972 1296 1024 remunerationem
1327 973 1596 1039 exhibeat,
1627 972 1814 1028 confe-

230 1059 397 1115 rendo
427 1060 810 1128 indulgentiam
840 1070 1207 1131 peccatorum,
1237 1070 1292 1117 et
1322 1063 1413 1117 Dei
1447 1063 1583 1117 illius
1613 1064 1814 1119 facien-

228 1153 339 1218 do;
390 1153 640 1208 euntibus
687 1162 866 1208 autem
911 1154 979 1208 ad
1018 1154 1215 1208 malum
1254 1172 1361 1208 non
1390 1157 1570 1209 statim
1601 1172 1813 1227 pmnam

228 1246 418 1301 inferat
466 1262 624 1315 quam
667 1255 961 1312 merentur,
992 1247 1084 1302 sed
1122 1250 1535 1318 exspectationis
1563 1266 1671 1303 sua:
1701 1251 1815 1319 pias

229 1338 487 1405 largiatur
515 1339 772 1393 inducias.
838 1339 951 1393 lloc
980 1342 1313 1409 propositum
1345 1340 1437 1394 Dei
1470 1342 1815 1407 praedestina-

229 1439 337 1481 tum
367 1429 689 1484 coalitcmur
716 1437 770 1483 et
800 1428 981 1483 fixum.
1015 1428 1155 1498 Ergo
1184 1431 1309 1484 dum
1340 1432 1476 1484 mala
1510 1431 1670 1496 liuut,
1704 1445 1811 1486 non

224 1518 367 1573 Deus
413 1535 569 1573 suum
618 1520 955 1589 propositum
1002 1520 1281 1582 subduxit,
1326 1521 1419 1584 sed
1464 1521 1627 1574 homo
1656 1535 1809 1574 suum

220 1621 593 1681 Contemptttm
644 1611 877 1678 induxit;
931 1627 1030 1666 nec
1075 1612 1185 1666 Deo
1231 1613 1446 1667 volente
1491 1612 1687 1667 factum
1728 1620 1811 1669 est

219 1703 511 1771 aliquando
539 1712 837 1773 peccatum,
866 1702 960 1758 sed
990 1704 1207 1757 homine
1229 1712 1310 1757 est
1331 1704 1631 1771 negligentc
1660 1719 1809 1758 com-

1923 524 2321 594 apostolorum,
2354 537 2408 584 et
2448 532 2684 586 omnium
2714 536 2870 590 turba
2898 546 3205 593 sanctorum
3227 580 3244 605 ,
3274 541 3376 595 nisi
3406 542 3507 598 hac

1921 613 1989 669 de
2017 629 2194 681 causa,
2226 620 2348 688 quia
2382 620 2551 690 legem
2581 623 2675 678 Dei
2704 624 2952 680 humanis
2978 629 3224 684 sensibus
3252 631 3506 700 ingercno

1919 712 2002 762 tes
2024 746 2038 771 ,
2080 712 2376 777 arguebant
2412 712 2465 767 in
2501 717 2873 784 peccatoribus
2904 720 3065 776 vitia?
3102 721 3200 788 Qui
3240 724 3282 778 si
3312 725 3506 780 voluis-

1918 806 2038 852 sent
2067 799 2388 857 adulationis
2417 820 2549 859 voce
2586 816 2805 874 regnum
2839 811 3321 879 praedestinationis
3353 815 3504 871 indu-

1918 902 2071 953 cere,
2116 892 2331 945 exclusa
2382 893 2497 959 lege
2532 894 2783 962 justitizc,
2831 901 3005 954 nullus
3048 901 3234 956 luisset
3273 905 3501 963 occisus.
3590 886 3595 893 '

1918 976 2175 1032 Dicebant
2205 981 2345 1033 enim
2378 983 2480 1037 illis
2502 1025 2516 1049 ,
2554 985 2691 1038 sicut
2720 989 2979 1057 scriptum
3010 999 3092 1045 e.~t
3117 1008 3129 1043 :
3165 990 3341 1046 Nolite
3365 1010 3504 1063 pra:-

1867 1097 1870 1100 ~
1918 1068 2092 1122 dicare
2138 1069 2284 1125 nobis
2333 1072 2463 1127 dura
2507 1074 2641 1145 (Is/1.
2677 1094 2801 1143 xxx,
2834 1079 2944 1148 10).
3000 1080 3136 1148 Quid
3172 1092 3285 1149 est,
3338 1086 3503 1142 nolite

1916 1158 2211 1225 przedicare
2261 1164 2415 1217 nobis
2458 1164 2629 1220 dura?
2675 1165 2790 1222 lluc
2835 1180 2917 1223 est
2963 1172 3079 1225 sine
3107 1173 3304 1238 dubio,
3336 1176 3515 1232 nolite,

1916 1249 2071 1302 nobis
2101 1267 2197 1318 per
2226 1252 2396 1319 legem
2426 1256 2843 1311 comminantem
2886 1262 3176 1328 prmdicare
3216 1266 3497 1334 supplicia.

1912 1336 1992 1390 Illi
2022 1338 2088 1390 ad
2115 1339 2227 1394 lucc
2259 1359 2270 1393 :
2305 1341 2361 1395 Si
2392 1360 2487 1398 vos
2523 1347 2689 1400 nostri
2719 1351 2975 1417 temporis
3001 1353 3293 1407 munitores
3324 1355 3500 1410 audis-

1912 1437 2061 1493 sent,
2091 1432 2383 1487 habuerant
2414 1436 2518 1490 illis
2557 1438 2608 1491 in
2647 1439 2730 1493 his
2773 1442 2947 1495 verbis
2977 1444 3242 1499 adulando
3272 1448 3505 1512 servire,

1911 1527 1984 1584 et,
2017 1521 2154 1574 sicut
2182 1540 2277 1578 vos
2324 1524 2497 1580 facitis
2520 1568 2535 1593 ,
2588 1544 2686 1598 per
2723 1530 2855 1599 legis
2900 1547 2995 1589 eos
3025 1537 3328 1591 testimonia
3357 1539 3505 1595 male

1911 1611 2258 1684 interpretata
2284 1617 2531 1689 decipere
2559 1621 2609 1675 ά.

1986 1704 2062 1758 ει.
2089 1705 2267 1761 Estote
2288 1713 2452 1765 securi
2484 1713 2546 1766 de
2575 1715 2899 1772 ordinatione
2926 1719 3039 1785 Dei,
3057 1740 3208 1794 quam
3230 1726 3499 1795 praidesti-

218 1795 466 1849 missum.
506 1793 564 1847 lu
607 1801 814 1848 tantum
854 1793 967 1848 Deo
1005 1793 1223 1848 nolente
1257 1794 1545 1847 humanum
1586 1793 1810 1861 deliquit
1841 1791 1884 1850 Β
1912 1795 2088 1848 nando
2118 1799 2402 1852 constituit.
2454 1800 2548 1855 Cui
2595 1805 2697 1857 vult
2738 1805 2877 1861 Deus
2919 1791 3206 1878 miseretur,
3230 1791 3303 1868 vel
3349 1834 3495 1886 quem

217 1901 419 1954 genus,
467 1894 528 1940 ut
567 1902 782 1956 semper
806 1895 1028 1955 peccata
1060 1888 1435 1941 exercentibus
1462 1887 1804 1953 irasceretur,

216 1991 269 2033 et
288 1978 557 2047 justitiam
587 1978 866 2047 agentibus
894 1979 1222 2033 subveniret.
1256 1979 1492 2048 Denique
1514 1980 1637 2034 dum
1664 1988 1808 2034 totus

214 2070 456 2124 mundus
483 2086 516 2124 a
538 2068 744 2138 justilia
772 2070 1124 2135 declinasset,
1152 2076 1207 2124 et
1235 2070 1425 2138 dignus
1453 2078 1594 2125 esset
1623 2071 1806 2124 diluvii

213 2162 398 2231 perire
447 2162 757 2229 naufragio,
802 2161 1028 2217 docetur
1074 2162 1214 2215 Deus
1263 2162 1495 2216 voluisse
1537 2177 1658 2216 eum
1712 2177 1808 2231 per

213 2268 371 2307 suam
400 2252 799 2322 correptiouem
828 2252 1041 2306 salvari.
1077 2253 1205 2305 Nam
1238 2251 1366 2321 quid
1394 2260 1475 2305 est
1504 2252 1645 2320 quod
1676 2267 1807 2321 apo-

212 2345 393 2398 stolus
410 2341 610 2401 Petrus
639 2342 805 2398 dicit?
834 2342 1167 2414 Exspectuvit
1198 2341 1293 2396 Dei
1326 2345 1578 2413 patientia
1607 2360 1693 2397 eos
1721 2343 1805 2414 qui

212 2434 472 2488 increduli
521 2437 728 2505 fuerunt
772 2435 827 2488 in
874 2433 1051 2488 diebus
1095 2431 1213 2488 Noe
1239 2473 1253 2497 ,
1309 2451 1423 2487 cum
1465 2433 1807 2505 fabricantur

210 2541 336 2577 arca
373 2524 415 2591 (Ι
440 2523 555 2577 Pet.
592 2541 667 2588 in,
698 2523 808 2595 20).
868 2524 1036 2583 Dicite
1076 2525 1261 2587 nobis,
1302 2525 1427 2592 quid
1458 2525 1806 2593 exspectabat

210 2612 301 2668 Dei
336 2614 639 2684 patientia?
684 2613 932 2683 Nunquid
963 2614 1395 2685 prcedestinatam
1426 2614 1799 2684 perditionem,

211 2720 276 2757 an
308 2713 669 2773 provocatum
700 2706 1143 2760 conversionem?
1172 2704 1475 2760 Fabricatio
1504 2707 1685 2775 itaque
1713 2723 1803 2760 ar-

209 2808 282 2848 cae
308 2794 503 2847 diluvii
544 2796 749 2849 exstitit
778 2795 1131 2865 praedicatrix.
1188 2795 1467 2851 Clamabat
1508 2801 1649 2853 ascia
1669 2838 1685 2863 ,
1714 2815 1805 2854 so-

209 2887 380 2940 nabat
407 2886 654 2950 malleus,
684 2888 1090 2941 contestabatur
1131 2902 1277 2942 serra
1304 2930 1319 2954 ,
1350 2889 1461 2958 ipsa
1504 2890 1804 2945 inﬁdelibus

208 2978 580 3047 pnedicabaut
611 2970 932 3033 ferramenta
962 2979 1240 3034 diluvium.
1292 2979 1439 3034 Datis
1477 2981 1656 3054 itaque
1685 2998 1806 3037 cen-

209 3078 316 3124 tum
354 3086 627 3124 aunorum
655 3071 901 3134 induciis,
934 3074 1208 3141 praecessit
1234 3073 1348 3137 lex,
1385 3088 1505 3142 qua:
1536 3075 1802 3143 perituros

1910 1886 2015 1939 vult
2037 1886 2271 1942 indurat.
2314 1887 2437 1944 Non
2477 1902 2553 1945 est
2591 1896 2725 1948 enim
2754 1898 2968 1953 volentis
2991 1942 3005 1966 ,
3036 1919 3197 1973 neque
3224 1908 3497 1974 currentis,
3580 1886 3583 1891 Ι

1908 1978 2000 2030 sed
2040 1980 2333 2034 miserentis
2370 1993 2447 2036 est
2486 1982 2605 2038 Dei.
2661 1984 2975 2043 Potestatem
3008 1991 3157 2044 habet
3183 1994 3372 2065 ﬁgulus
3403 1997 3497 2052 luti

1907 2082 1973 2119 ea:
2010 2068 2187 2122 eadem
2229 2087 2401 2125 massa
2444 2073 2615 2143 facere
2641 2092 2799 2128 unum
2820 2094 2909 2131 vas
2937 2079 3008 2131 ad
3035 2080 3307 2147 honorem,
3338 2084 3499 2140 alium

1908 2156 1979 2209 ad
2014 2161 2395 2215 contumeliam.
2462 2162 2595 2218 Caro
2639 2166 2943 2239 adversatur
2989 2172 3230 2241 spiritui,
3285 2177 3494 2243 spiritus

1906 2249 2075 2300 carni.
2119 2247 2249 2302 llwc
2276 2252 2490 2305 invicem
2518 2252 2615 2306 sibi
2638 2255 2993 2322 adversantur,
3025 2268 3083 2311 ut
3109 2276 3212 2314 non
3245 2279 3360 2333 qua:
3384 2264 3495 2320 eul—

1909 2338 1971 2391 tis
1998 2341 2111 2408 ipsa
2150 2342 2374 2411 faciatis.
2423 2341 2547 2397 Iam
2585 2346 2967 2415 prcedestinarit
3004 2348 3147 2405 Deus
3187 2370 3315 2424 quos
3357 2373 3493 2425 prte-

1904 2427 2052 2491 sciit;
2078 2438 2126 2481 et
2152 2446 2278 2500 quos
2297 2432 2624 2500 praedestinm
2640 2435 2707 2499 it,
2753 2434 2843 2489 hos
2870 2439 3092 2504 vocarit;
3123 2457 3249 2511 quos
3277 2447 3493 2510 voravit,

1905 2520 1996 2573 lios
2013 2520 2346 2591 justiﬁcavit;
2376 2541 2503 2595 quos
2535 2535 2702 2580 artem
2742 2527 3078 2599 justiﬁearit,
3127 2534 3218 2587 Izos
3256 2536 3493 2606 magni/i-

1906 2613 2057 2665 cavil.
2101 2611 2224 2666 Non
2262 2625 2339 2667 est
2375 2615 2430 2668 in
2460 2616 2662 2671 homine
2694 2620 2773 2672 ria
2802 2619 2931 2688 ejus.
2977 2617 3120 2684 Quid
3166 2625 3362 2693 putatis
3401 2642 3495 2680 vos

1903 2706 1959 2759 in
1982 2722 2040 2759 eo
2068 2706 2205 2777 quod
2233 2705 2359 2761 bene
2398 2712 2554 2779 agitis
2588 2728 2697 2766 esse
2736 2712 3060 2779 laudandos,
3111 2731 3225 2770 cum
3266 2718 3381 2772 ideo
3404 2718 3489 2773 lea:

1904 2793 2174 2866 loquatur,
2202 2806 2260 2849 ut
2281 2799 2513 2853 timorem
2542 2803 2797 2856 incutiat?
2827 2802 3079 2857 Craterum
3101 2807 3231 2861 nihil
3258 2810 3354 2874 sit,
3385 2811 3488 2863 nisi

1904 2884 2041 2956 quod
2068 2885 2280 2940 coluerit
2304 2887 2481 2942 Deus:
2514 2908 2660 2961 quem
2699 2893 2913 2947 voluerit
2939 2911 3049 2948 esse
3072 2907 3325 2971 sanctum,
3357 2915 3486 2952 san-

1903 2987 2011 3030 ctus
2041 2988 2148 3041 est;
2178 2978 2325 3032 aliud
2351 2997 2454 3033 non
2481 2983 2609 3036 erit:
2631 3000 2777 3054 quem
2796 2986 3080 3054 prtcscierit
3099 3003 3210 3041 esse
3234 2989 3485 3059 iniquum,

1902 3067 2106 3138 in’quus
2134 3078 2238 3135 est;
2282 3088 2387 3124 non
2424 3073 2524 3125 erit
2568 3073 2729 3126 aliud.
2785 3073 3179 3131 Prwdcstinatio
3225 3079 3359 3132 enim
3386 3078 3486 3134 Dei

209 3161 418 3215 diceret
454 3176 614 3231 posse
658 3162 968 3232 pmnitendo
1005 3164 1272 3217 evadere:
1315 3180 1474 3233 quam
1514 3181 1621 3220 non
1660 3182 1799 3237 pra:—
1826 3149 1872 3213 C
1895 3157 2007 3227 jtm
2029 3169 2078 3211 et
2097 3177 2362 3214 numerum
2383 3163 2671 3233 justorum,
2697 3174 2744 3217 et
2773 3182 3039 3220 numerant
3079 3170 3342 3222 constituit
3367 3186 3486 3239 pec-

205 3252 503 3306 destiuatio
555 3253 835 3323 impediit,
884 3268 1002 3322 qua:
1050 3264 1268 3322 negaret
1294 3271 1452 3325 posse
1480 3259 1800 3325 corrigendo

206 3345 430 3399 salvari.
472 3344 529 3399 Si
553 3347 693 3400 enim
722 3346 1121 3416 przedestinatio
1154 3346 1344 3402 finibus
1372 3349 1481 3403 suis
1511 3351 1797 3403 terminum

206 3436 339 3503 tixit,
381 3437 577 3506 injusta
604 3447 685 3493 est
704 3439 810 3503 lex,
840 3453 961 3508 qua:
982 3437 1114 3494 ﬁnes
1133 3440 1278 3510 cupit
1302 3440 1552 3495 invadere
1572 3442 1796 3496 alienos.

205 3525 356 3595 Ergo
384 3536 447 3581 ut
475 3528 998 3596 pricdestinationem
1026 3531 1344 3594 constituas,
1378 3540 1640 3601 [incoepta
1669 3548 1799 3587 con-

205 3620 404 3674 vince:
439 3618 507 3672 da
536 3618 638 3687 legi
665 3620 967 3689 repudium,
1003 3630 1061 3675 ut
1088 3635 1311 3690 regnum
1342 3623 1797 3693 prmdestinationi

205 3711 468 3777 inducas;
500 3711 587 3765 lex
614 3712 757 3767 enim
789 3712 1054 3782 imperare
1085 3716 1330 3770 omnibus
1369 3730 1582 3785 semper
1607 3717 1793 3782 voluit,

206 3813 257 3859 ct
284 3820 568 3874 nunquam
597 3813 625 3843 ι
655 3805 745 3859 ulli
774 3806 994 3861 servire.
1036 3806 1092 3861 Si
1115 3821 1242 3874 ergo
1272 3807 1669 3876 praedestinatio
1700 3809 1798 3862 im-
1866 3864 1875 3877 ,

206 3896 417 3966 perium
466 3895 599 3964 legis
644 3904 903 3962 uacuat,
950 3905 1005 3951 et
1055 3897 1140 3951 lex
1168 3897 1652 3967 prmdestinationis
1676 3897 1797 3966 jura

205 3986 498 4041 conturbat
524 4028 539 4051 ,
568 3985 595 4024 δ
625 4002 731 4041 una
778 4002 809 4042 e
854 3987 1060 4042 duabus
1089 3988 1421 4060 tyrannidem
1452 3974 1644 4057 gestat.
1688 3988 1797 4044 Eli-

204 4077 309 4143 gite
361 4091 543 4141 nunc,
594 4063 881 4142 catholici,
936 4078 1020 4133 cui
1068 4079 1205 4133 colla
1234 4078 1542 4132 subdamus.
1583 4077 1640 4133 Si
1670 4078 1793 4144 legi,

203 4181 466 4235 negemus
513 4168 1036 4237 prmdestinationem
1097 4170 1165 4224 ab
1212 4170 1438 4240 imperio
1479 4186 1579 4224 suo
1622 4172 1794 4239 legem

203 4258 514 4323 excludere,
546 4261 669 4327 quia
700 4261 782 4314 lex
812 4260 942 4315 dicit
974 4279 987 4314 :
1018 4259 1237 4315 Custodi
1266 4271 1531 4331 praecepta
1561 4277 1707 4327 mea,
1742 4270 1795 4315 et

202 4352 378 4414 vives;
408 4352 806 4419 prmdcstinatio
822 4362 998 4406 autem
1021 4354 1147 4409 dicit
1170 4373 1182 4407 :
1204 4352 1337 4407 Vasa
1361 4353 1585 4422 irae.jam
1611 4362 1790 4423 aptata

203 4444 266 4496 ad
296 4443 611 4507 interitum,
645 4453 699 4499 et
730 4460 852 4498 vasa
886 4446 1265 4499 misericordia:
1292 4460 1409 4513 quae
1438 4455 1697 4499 vocantur
1725 4444 1791 4498 ad

1901 3260 2129 3303 calorum
2152 3267 2169 3304 :
2199 3240 2245 3304 et
2266 3268 2468 3305 necesse
2494 3257 2591 3306 erit
2615 3258 2947 3309 constitutum
2974 3260 3242 3313 terminum
3271 3271 3487 3329 praetcr-

1897 3340 1965 3393 iri
2012 3356 2113 3394 non
2160 3358 2325 3411 posse.
2363 3340 2381 3379 τ
2416 3342 2541 3396 llaec
2583 3359 2701 3413 qum
2739 3346 2915 3401 dicitis
2948 3348 2992 3401 si
3021 3349 3305 3414 dixissent,
3336 3361 3361 3397 Β
3387 3352 3486 3405 ho-

1898 3430 2100 3483 minum
2127 3431 2342 3499 quidem
2384 3435 2711 3502 temporales
2738 3448 3020 3491 evaserant
3050 3440 3185 3504 iras,
3218 3442 3310 3496 sed
3340 3443 3485 3498 inve-

1897 3519 2210 3581 nerantDei
2240 3529 2438 3576 mterna
2467 3524 2744 3592 supplicia.
2776 3525 2892 3579 Non
2922 3541 3050 3595 ergo
3077 3528 3180 3583 hoc
3208 3530 3477 3593 dixerunt.

1899 3610 1994 3663 sed
2026 3602 2278 3665 dixerunt
2322 3630 2334 3664 :
2385 3611 2515 3667 llwc
2561 3615 2686 3668 dicit
2712 3615 2968 3672 Dominus
2995 3635 3013 3672 :
3060 3617 3121 3673 Si
3148 3621 3404 3677 volueritis
3430 3632 3481 3681 et

1898 3701 2166 3756 mzdferizis
2214 3718 2294 3757 me
2316 3742 2330 3766 ,
2362 3720 2476 3775 qua:
2509 3704 2641 3760 bona
2682 3717 2801 3761 sunt
2838 3717 2990 3765 terra:
3015 3711 3209 3776 edetis;
3235 3713 3278 3766 si
3308 3723 3479 3769 autem

1897 3794 2166 3848 nolueritis
2190 3837 2204 3861 ,
2252 3811 2413 3867 neque
2456 3798 2723 3853 audieritis
2751 3817 2848 3865 me,
2881 3802 3083 3872 gladius
3122 3819 3210 3857 vos
3231 3804 3474 3859 comedet.

1899 3884 1972 3937 Us
2001 3886 2141 3937 enim
2172 3884 2385 3938 Domini
2417 3886 2641 3941 locutum
2670 3898 2747 3942 est
2774 3890 2883 3944 Itwc
2914 3890 3045 3962 (Isa.
3079 3909 3116 3957 ι,
3150 3890 3360 3963 19-21).
3412 3893 3480 3948 Et

1897 3975 2090 4029 iterum
2125 3994 2137 4028 :
2178 3976 2308 4030 ch
2348 3977 2472 4032 dicit
2515 3978 2806 4036 Dominus:
2852 3981 2985 4047 Quia
3022 4001 3110 4038 vos
3139 3986 3417 4038 recessistis
3443 4002 3478 4039 α

1895 4084 1992 4133 me,
2016 4078 2066 4121 et
2088 4086 2179 4138 ego
2209 4070 2443 4123 recedam
2470 4087 2501 4123 α
2529 4072 2689 4137 vobis,
2720 4082 2768 4125 et
2793 4074 2993 4127 tradam
3013 4092 3097 4128 vos
3122 4077 3347 4146 Assyriis
3374 4080 3401 4113 ιι
3423 4077 3474 4135 in

1896 4159 2316 4229 deprwdatione:
2355 4161 2493 4230 ﬁlios
2532 4172 2725 4216 vestros
2760 4164 2814 4216 in
2851 4175 3120 4234 conspectu
3149 4174 3314 4220 vestro
3339 4170 3481 4223 occi-

1896 4251 2017 4305 dent
2041 4251 2234 4321 gladio,
2266 4262 2317 4305 et
2339 4268 2528 4305 uxores
2558 4262 2751 4307 vestras
2781 4253 3053 4319 abducant,
3078 4259 3319 4327 quoniam
3345 4275 3472 4314 con-

1896 4348 2168 4417 tempsistis
2199 4346 2356 4417 legem
2385 4363 2571 4408 meum,
2605 4355 2654 4400 et
2682 4363 2795 4418 qua:
2822 4366 2916 4418 ego
2945 4350 3086 4403 nolui
3114 4350 3357 4420 elegistis.
3408 4350 3468 4406 Et

1893 4437 2087 4490 iterum
2120 4455 2132 4488 :
2166 4435 2298 4491 Haec
2345 4436 2467 4490 dicit
2510 4436 2765 4491 Dominus
2799 4455 2816 4492 :
2848 4437 3097 4511 Nunquid
3142 4441 3474 4509 opprobrium

203 4532 386 4586 vitam.
435 4530 730 4600 Utrumque
750 4535 1007 4603 scriptum
1030 4542 1111 4588 est
1139 4553 1149 4587 :
1183 4535 1308 4603 quid
1340 4550 1480 4589 nunc
1510 4533 1781 4597 faciamus,
1819 4519 1867 4578 Ῐ)
1894 4528 2060 4599 factus
2098 4544 2211 4581 sum
2257 4527 2430 4580 ἀοῖηυί
2477 4526 2674 4594 Israel.
2706 4529 2945 4596 quoniam
2967 4545 3047 4582 me
3074 4528 3469 4600 dereliquerunt.

204 4622 403 4690 eligite.
467 4622 524 4677 Si
567 4622 677 4690 jam
713 4634 838 4677 sunt
879 4640 1003 4677 vasa
1046 4625 1137 4679 ira:
1166 4632 1344 4695 aptata
1375 4641 1405 4679 a
1436 4626 1547 4679 Deo
1578 4633 1634 4678 ut
1661 4641 1785 4695 pec-

204 4721 323 4766 cent
346 4753 362 4777 ,
420 4722 475 4767 et
516 4723 641 4767 sunt
675 4731 801 4769 vasa
832 4716 1207 4771 misericordia:
1234 4724 1413 4786 aptata
1443 4716 1507 4769 ad
1535 4717 1698 4770 vitam
1729 4726 1787 4771 ut

201 4805 425 4869 vivant,
477 4803 758 4860 fundamus
807 4823 905 4861 nos
951 4822 1139 4862 omnes
1175 4806 1660 4877 prtedestin'ationis
1688 4809 1787 4861 im-

203 4896 377 4963 perio,
409 4903 465 4949 et
493 4895 661 4963 legem
690 4912 811 4951 cum
841 4898 950 4952 suis
981 4897 1414 4966 prtedicutoribtts
1434 4898 1784 4967 expellamus.

202 4982 265 5036 Et
305 5001 376 5038 ne
408 4985 544 5039 forte
573 4987 676 5041 hoc
706 5002 839 5041 ausu
868 4986 1120 5042 facinoris
1154 4998 1175 5026 ο
1208 5004 1405 5042 novum
1436 4988 1635 5057 putetis
1669 5003 1789 5044 esse

203 5083 484 5141 peccatum
507 5116 521 5140 ,
555 5076 678 5131 l'ccit
724 5078 829 5132 hoc
873 5079 940 5132 ab
987 5079 1138 5134 initio
1167 5080 1344 5134 omnis
1373 5078 1526 5133 turba
1551 5093 1784 5148 peccan-

273 5263 297 5323 ἐ
338 5254 439 5309 Ms.
471 5232 756 5323 Augiensé,
787 5238 915 5311 nulli
939 5260 1146 5312 servire.

272 5322 299 5360 ιι
342 5324 440 5378 bis.
474 5322 634 5391 idem,
663 5343 821 5380 unam
844 5344 872 5380 e
895 5331 1109 5381 duabus.

278 5402 299 5468 ’ς
344 5394 442 5468 bis.
475 5396 632 5468 idem,
668 5414 850 5450 norum
872 5407 1010 5468 putet
1037 5415 1161 5452 csse.

274 5459 299 5499 ⁴
345 5463 399 5538 lu
427 5480 527 5538 ms.
561 5466 809 5534 Angiensi
842 5459 1151 5538 {Incipiunt
1179 5466 1326 5521 verba
1364 5469 1482 5522 libri
1516 5469 1778 5523 lateretico-

210 5533 401 5589 rmnde
420 5533 894 5610 Prtedestinatinne.
923 5533 1019 5602 Qui
1049 5540 1217 5610 ipsum
1245 5538 1431 5591 librum
1459 5539 1595 5608 legit,
1620 5554 1779 5610 usque

217 5610 339 5658 (lum
375 5606 675 5679 catholicum
716 5610 960 5669 incipiat,
1004 5606 1150 5661 caute
1188 5609 1323 5679 legat
1350 5606 1557 5678 propter
1584 5606 1776 5679 venena

210 5676 474 5746 serpentis.
537 5676 589 5730 In
627 5677 912 5730 Mabiilo.:ii
953 5688 1127 5732 autem
1156 5676 1462 5746 πράξαιςιὶὶο
1491 5679 1639 5743 cuius
1664 5678 1773 5743 jam

212 5742 547 5797 meminimus
570 5791 581 5811 ,
615 5749 772 5801 verba
806 5750 921 5813 iila,
955 5750 1035 5816 qui
1063 5742 1225 5816 ipsum
1267 5742 1451 5803 libr-um
1480 5748 1616 5817 legit,
1643 5742 1770 5809 διε..

1891 4630 1941 4674 et
1972 4630 2227 4691 prazcepta
2274 4637 2387 4674 mea
2432 4629 2483 4673 et
2527 4622 2755 4691 legitima
2784 4638 2897 4674 mea
2933 4628 3350 4691 computaverunt
3377 4637 3472 4691 pro

1894 4712 2094 4766 nihilo?
2121 4710 2187 4764 Et
2209 4711 2441 4766 iterum:
2475 4698 2743 4774 Quoniam.
2771 4712 2945 4765 vocari
2989 4721 3039 4764 et
3073 4712 3468 4778 contempsistis,

1893 4822 1986 4876 ego
2016 4822 2212 4875 quoque
2248 4804 2303 4856 in
2340 4811 2508 4856 vestra
2548 4802 2834 4871 perditione
2859 4799 3064 4865 ridebo,
3092 4810 3142 4855 et
3170 4801 3473 4872 gratulabor

1900 4895 1914 4935 ¹
1944 4898 2065 4951 dum
2085 4898 2276 4952 venerit
2301 4911 2454 4965 super
2481 4910 2567 4947 vos
2597 4894 2864 4963 repentina
2903 4894 3172 4947 calamitas
3198 4892 3469 4963 (Prorerb.

1880 4982 2438 5057 i,2.i-27),llaecetbis
2464 4984 2659 5037 similia
2687 4983 2954 5048 dicentes,
2985 4984 3210 5039 diversis
3238 4992 3360 5039 sunt
3389 4985 3473 5037 iu-

1893 5078 2103 5135 terfecti
2149 5076 2439 5147 suppliciis.
2501 5071 2655 5129 Unde
2701 5080 2757 5127 et
2801 5073 3059 5129 Dominus
3099 5074 3167 5129 ad
3213 5073 3469 5145 populum

1882 5274 1989 5313 non
2019 5260 2105 5314 hic
2130 5298 2145 5321 ,
2197 5256 2291 5312 sed
2336 5254 2497 5327 paulo
2544 5261 2700 5321 ante,
2747 5255 2817 5310 ad
2845 5255 3047 5312 calcem
3086 5254 3299 5326 Prologi
3344 5255 3463 5310 libri

1886 5331 2027 5383 tertii
2061 5331 2324 5397 leguntur.

1959 5409 1982 5435 ο
2022 5395 2133 5452 Ms.—
2154 5398 2313 5461 idem,
2346 5397 2386 5457 l,
2420 5397 2716 5454 lla-mena.
2746 5395 2944 5461 Estote,
2976 5405 3080 5450 etc.

1958 5467 1978 5507 τ
2019 5468 2115 5523 Ms.
2150 5470 2308 5532 idem,
2337 5468 2646 5523 Cnnoucr.
2680 5468 2808 5520 "(vc
2828 5484 2942 5538 qua:
2968 5483 3071 5525 ros,
3105 5472 3211 5538 etc.

1955 5547 1980 5609 β
2148 5539 2306 5603 idem,
2339 5538 2605 5609 hominum
2631 5535 2849 5609 quidam
2871 5535 3193 5599 temporales.

1951 5606 1978 5645 δ
2020 5608 2116 5663 Ms.
2150 5609 2310 5669 idem,
2342 5609 2397 5662 in
2427 5606 2880 5677 deprwdutionem.

1960 5678 1974 5716 ί
2020 5677 2113 5734 Pls.
2150 5679 2308 5745 idem,
2335 5694 2450 5731 cum
2478 5680 2687 5731 venerit.
