  <div class='ocr_page' id='page_1' title='image "/cluster/home/n/w/nwhite01/storage/ocr_20150623/53/hvd.32044073505091/323.png"; bbox 0 0 3884 6184; ppageno 0'>
   <div class='ocr_carea' id='block_1_1' title="bbox 443 368 539 423">
    <p class='ocr_par' dir='ltr' id='par_1_1' title="bbox 443 368 539 423">
     <span class='ocr_line' id='line_1_1' title="bbox 443 368 539 423; baseline 0.063 -6"><span class='ocrx_word' id='word_1_1' title='bbox 443 368 539 423; x_wconf 75' lang='grc'><strong>631</strong></span> 
     </span>
    </p>
   </div>
   <div class='ocr_carea' id='block_1_2' title="bbox 1436 317 2046 416">
    <p class='ocr_par' dir='ltr' id='par_1_2' title="bbox 1436 348 2046 416">
     <span class='ocr_line' id='line_1_2' title="bbox 1436 348 2046 416; baseline -0.023 1"><span class='ocrx_word' id='word_1_2' title='bbox 1436 354 1807 416; x_wconf 66' lang='grc' dir='ltr'><strong>ΑΝΟΝΫΜΠΞ</strong></span> <span class='ocrx_word' id='word_1_3' title='bbox 1847 348 2046 407; x_wconf 64' lang='lat' dir='ltr'><strong>AUC“</strong></span> 
     </span>
    </p>
   </div>
   <div class='ocr_carea' id='block_1_3' title="bbox 2148 317 3647 416">
    <p class='ocr_par' dir='ltr' id='par_1_3' title="bbox 2159 317 3647 400">
     <span class='ocr_line' id='line_1_3' title="bbox 2159 317 3647 400; baseline -0.005 0"><span class='ocrx_word' id='word_1_4' title='bbox 2159 317 2699 400; x_wconf 58' lang='lat' dir='ltr'><strong>ruannsnni&#39;n.</strong></span> <span class='ocrx_word' id='word_1_5' title='bbox 3564 339 3647 394; x_wconf 69' lang='lat' dir='ltr'><strong>sn</strong></span> 
     </span>
    </p>
   </div>
   <div class='ocr_carea' id='block_1_4' title="bbox 441 453 3648 559">
    <p class='ocr_par' dir='ltr' id='par_1_4' title="bbox 441 453 3648 559">
     <span class='ocr_line' id='line_1_4' title="bbox 441 453 3648 559; baseline -0.01 -16"><span class='ocrx_word' id='word_1_6' title='bbox 441 486 678 545; x_wconf 71' lang='lat' dir='ltr'><strong>civitatis</strong></span> <span class='ocrx_word' id='word_1_7' title='bbox 726 492 779 545; x_wconf 90' lang='lat' dir='ltr'><strong>in</strong></span> <span class='ocrx_word' id='word_1_8' title='bbox 816 504 920 559; x_wconf 89' lang='lat' dir='ltr'><strong>qua</strong></span> <span class='ocrx_word' id='word_1_9' title='bbox 961 485 1236 557; x_wconf 82' lang='lat' dir='ltr'><strong>prephetae</strong></span> <span class='ocrx_word' id='word_1_10' title='bbox 1274 479 1486 534; x_wconf 79' lang='lat' dir='ltr'><strong>fuerant</strong></span> <span class='ocrx_word' id='word_1_11' title='bbox 1511 471 1800 534; x_wconf 81' lang='lat' dir='ltr'><strong>interfecti,</strong></span> <span class='ocrx_word' id='word_1_12' title='bbox 1826 470 2023 526; x_wconf 87' lang='lat' dir='ltr'><strong>clamat</strong></span> <span class='ocrx_word' id='word_1_13' title='bbox 2052 470 2094 526; x_wconf 74' lang='grc' dir='ltr'><strong>Α</strong></span> <span class='ocrx_word' id='word_1_14' title='bbox 2125 458 2561 559; x_wconf 64' lang='lat' dir='ltr'><strong>itecedantergo</strong></span> <span class='ocrx_word' id='word_1_15' title='bbox 2592 472 2728 512; x_wconf 88' lang='lat' dir='ltr'><strong>vana</strong></span> <span class='ocrx_word' id='word_1_16' title='bbox 2757 454 3394 559; x_wconf 40' lang='lat' dir='ltr'><strong>argumenta-verbenam</strong></span> <span class='ocrx_word' id='word_1_17' title='bbox 3431 453 3648 558; x_wconf 27' lang='lat' dir='ltr'><strong>Nihil‘ha-</strong></span> 
     </span>
    </p>
   </div>
   <div class='ocr_carea' id='block_1_5' title="bbox 440 561 2019 651">
    <p class='ocr_par' dir='ltr' id='par_1_5' title="bbox 440 561 2019 651">
     <span class='ocr_line' id='line_1_5' title="bbox 440 561 2019 651; baseline -0.017 -13"><span class='ocrx_word' id='word_1_18' title='bbox 440 597 553 636; x_wconf 85' lang='lat' dir='ltr'><strong>tam</strong></span> <span class='ocrx_word' id='word_1_19' title='bbox 584 581 638 635; x_wconf 91' lang='lat' dir='ltr'><strong>in</strong></span> <span class='ocrx_word' id='word_1_20' title='bbox 685 579 960 651; x_wconf 78' lang='lat' dir='ltr'><strong>prophetis</strong></span> <span class='ocrx_word' id='word_1_21' title='bbox 1004 591 1161 646; x_wconf 90' lang='lat' dir='ltr'><strong>quam</strong></span> <span class='ocrx_word' id='word_1_22' title='bbox 1218 573 1272 627; x_wconf 92' lang='lat' dir='ltr'><strong>in</strong></span> <span class='ocrx_word' id='word_1_23' title='bbox 1312 566 1613 635; x_wconf 82' lang='lat' dir='ltr'><strong>Evangeliis</strong></span> <span class='ocrx_word' id='word_1_24' title='bbox 1658 565 1769 618; x_wconf 86' lang='lat' dir='ltr'><strong>suis</strong></span> <span class='ocrx_word' id='word_1_25' title='bbox 1796 561 2019 616; x_wconf 85' lang='lat' dir='ltr'><strong>dicens:</strong></span> 
     </span>
    </p>
   </div>
   <div class='ocr_carea' id='block_1_6' title="bbox 440 649 2026 737">
    <p class='ocr_par' dir='ltr' id='par_1_6' title="bbox 440 649 2026 737">
     <span class='ocr_line' id='line_1_6' title="bbox 440 649 2026 737; baseline -0.02 -5"><span class='ocrx_word' id='word_1_26' title='bbox 440 649 751 737; x_wconf 68' lang='lat' dir='ltr'><strong>Jerusalem,</strong></span> <span class='ocrx_word' id='word_1_27' title='bbox 774 649 1060 724; x_wconf 57' lang='lat' dir='ltr'><strong>Jerusalem</strong></span> <span class='ocrx_word' id='word_1_28' title='bbox 1078 706 1092 729; x_wconf 94' lang='lat'><strong>,</strong></span> <span class='ocrx_word' id='word_1_29' title='bbox 1124 680 1238 735; x_wconf 78' lang='lat' dir='ltr'><strong>qua:</strong></span> <span class='ocrx_word' id='word_1_30' title='bbox 1260 660 1450 717; x_wconf 78' lang='lat' dir='ltr'><strong>occidis</strong></span> <span class='ocrx_word' id='word_1_31' title='bbox 1480 656 1752 729; x_wconf 78' lang='lat' dir='ltr'><strong>prophetas</strong></span> <span class='ocrx_word' id='word_1_32' title='bbox 1772 694 1786 719; x_wconf 89' lang='lat'><strong>,</strong></span> <span class='ocrx_word' id='word_1_33' title='bbox 1817 661 1865 705; x_wconf 87' lang='lat' dir='ltr'><strong>et</strong></span> <span class='ocrx_word' id='word_1_34' title='bbox 1892 649 2026 720; x_wconf 87' lang='lat' dir='ltr'><strong>lapi-</strong></span> 
     </span>
    </p>
   </div>
   <div class='ocr_carea' id='block_1_7' title="bbox 390 747 2029 837">
    <p class='ocr_par' dir='ltr' id='par_1_7' title="bbox 390 747 2029 837">
     <span class='ocr_line' id='line_1_7' title="bbox 390 747 2029 837; baseline -0.02 -13"><span class='ocrx_word' id='word_1_35' title='bbox 390 790 397 797; x_wconf 52' lang='grc' dir='ltr'><strong><em>ν</em></strong></span> <span class='ocrx_word' id='word_1_36' title='bbox 445 771 539 824; x_wconf 86' lang='lat' dir='ltr'><strong>das</strong></span> <span class='ocrx_word' id='word_1_37' title='bbox 565 784 650 822; x_wconf 86' lang='lat' dir='ltr'><strong>eos</strong></span> <span class='ocrx_word' id='word_1_38' title='bbox 677 765 762 837; x_wconf 86' lang='lat' dir='ltr'><strong>qui</strong></span> <span class='ocrx_word' id='word_1_39' title='bbox 791 761 860 816; x_wconf 85' lang='lat' dir='ltr'><strong>ad</strong></span> <span class='ocrx_word' id='word_1_40' title='bbox 903 770 948 814; x_wconf 86' lang='lat' dir='ltr'><strong>te</strong></span> <span class='ocrx_word' id='word_1_41' title='bbox 976 758 1121 813; x_wconf 89' lang='lat' dir='ltr'><strong>missi</strong></span> <span class='ocrx_word' id='word_1_42' title='bbox 1149 763 1269 810; x_wconf 82' lang='lat' dir='ltr'><strong>sunt</strong></span> <span class='ocrx_word' id='word_1_43' title='bbox 1289 793 1303 816; x_wconf 95' lang='lat'><strong>,</strong></span> <span class='ocrx_word' id='word_1_44' title='bbox 1334 751 1529 824; x_wconf 82' lang='lat' dir='ltr'><strong>quoties</strong></span> <span class='ocrx_word' id='word_1_45' title='bbox 1557 747 1692 802; x_wconf 78' lang='lat' dir='ltr'><strong>colui</strong></span> <span class='ocrx_word' id='word_1_46' title='bbox 1719 755 2029 837; x_wconf 55' lang='lat' dir='ltr'><strong>congregare</strong></span> 
     </span>
    </p>
   </div>
   <div class='ocr_carea' id='block_1_8' title="bbox 443 830 2041 930">
    <p class='ocr_par' dir='ltr' id='par_1_8' title="bbox 443 830 2041 930">
     <span class='ocr_line' id='line_1_8' title="bbox 443 830 2041 930; baseline -0.021 -15"><span class='ocrx_word' id='word_1_47' title='bbox 443 860 580 930; x_wconf 83' lang='lat' dir='ltr'><strong>ﬁlios</strong></span> <span class='ocrx_word' id='word_1_48' title='bbox 604 830 717 911; x_wconf 72' lang='lat' dir='ltr'><strong>tuos</strong></span> <span class='ocrx_word' id='word_1_49' title='bbox 735 895 749 919; x_wconf 91' lang='lat'><strong>,</strong></span> <span class='ocrx_word' id='word_1_50' title='bbox 789 854 919 906; x_wconf 83' lang='lat' dir='ltr'><strong>sicut</strong></span> <span class='ocrx_word' id='word_1_51' title='bbox 942 848 1141 922; x_wconf 76' lang='lat' dir='ltr'><strong><em>gallina</em></strong></span> <span class='ocrx_word' id='word_1_52' title='bbox 1168 851 1443 915; x_wconf 75' lang='lat' dir='ltr'><strong>congregat</strong></span> <span class='ocrx_word' id='word_1_53' title='bbox 1470 840 1781 930; x_wconf 60' lang='lat' dir='ltr'><strong>putiossuos</strong></span> <span class='ocrx_word' id='word_1_54' title='bbox 1811 831 1902 930; x_wconf 75' lang='lat' dir='ltr'><strong>sub</strong></span> <span class='ocrx_word' id='word_1_55' title='bbox 1931 830 2041 930; x_wconf 63' lang='lat' dir='ltr'><strong>aiis‘</strong></span> 
     </span>
    </p>
   </div>
   <div class='ocr_carea' id='block_1_9' title="bbox 445 920 2025 1011">
    <p class='ocr_par' dir='ltr' id='par_1_9' title="bbox 445 920 2025 1011">
     <span class='ocr_line' id='line_1_9' title="bbox 445 920 2025 1011; baseline -0.016 -8"><span class='ocrx_word' id='word_1_56' title='bbox 445 920 584 1011; x_wconf 73' lang='lat' dir='ltr'><strong>suis,</strong></span> <span class='ocrx_word' id='word_1_57' title='bbox 610 957 660 1002; x_wconf 85' lang='lat' dir='ltr'><strong>et</strong></span> <span class='ocrx_word' id='word_1_58' title='bbox 693 944 905 1000; x_wconf 85' lang='lat' dir='ltr'><strong>noluisti</strong></span> <span class='ocrx_word' id='word_1_59' title='bbox 944 920 1156 1007; x_wconf 54' lang='lat' dir='ltr'><strong>(Matth.</strong></span> <span class='ocrx_word' id='word_1_60' title='bbox 1222 950 1370 997; x_wconf 78' lang='lat' dir='ltr'><strong>xxut,</strong></span> <span class='ocrx_word' id='word_1_61' title='bbox 1402 930 1530 1001; x_wconf 78' lang='lat'><strong>57)?</strong></span> <span class='ocrx_word' id='word_1_62' title='bbox 1556 924 1804 987; x_wconf 77' lang='lat' dir='ltr'><strong>Noluisti,</strong></span> <span class='ocrx_word' id='word_1_63' title='bbox 1836 920 2025 991; x_wconf 72' lang='lat' dir='ltr'><strong>inquit,</strong></span> 
     </span>
    </p>
   </div>
   <div class='ocr_carea' id='block_1_10' title="bbox 436 1011 2032 1111">
    <p class='ocr_par' dir='ltr' id='par_1_10' title="bbox 436 1011 2032 1111">
     <span class='ocr_line' id='line_1_10' title="bbox 436 1011 2032 1111; baseline -0.021 -15"><span class='ocrx_word' id='word_1_64' title='bbox 436 1028 591 1111; x_wconf 84' lang='lat' dir='ltr'><strong>quod</strong></span> <span class='ocrx_word' id='word_1_65' title='bbox 619 1036 795 1101; x_wconf 89' lang='lat' dir='ltr'><strong>volui;</strong></span> <span class='ocrx_word' id='word_1_66' title='bbox 825 1031 1042 1088; x_wconf 81' lang='lat' dir='ltr'><strong>voluisti</strong></span> <span class='ocrx_word' id='word_1_67' title='bbox 1072 1027 1216 1098; x_wconf 90' lang='lat' dir='ltr'><strong>quod</strong></span> <span class='ocrx_word' id='word_1_68' title='bbox 1250 1023 1417 1079; x_wconf 88' lang='lat' dir='ltr'><strong>nolui.</strong></span> <span class='ocrx_word' id='word_1_69' title='bbox 1450 1019 1507 1075; x_wconf 97' lang='lat' dir='ltr'><strong>Si</strong></span> <span class='ocrx_word' id='word_1_70' title='bbox 1535 1031 1663 1086; x_wconf 84' lang='lat' dir='ltr'><strong>ergo</strong></span> <span class='ocrx_word' id='word_1_71' title='bbox 1692 1014 1864 1111; x_wconf 76' lang='lat' dir='ltr'><strong>noluit</strong></span> <span class='ocrx_word' id='word_1_72' title='bbox 1893 1011 2032 1111; x_wconf 75' lang='lat' dir='ltr'><strong>Deus</strong></span> 
     </span>
    </p>
   </div>
   <div class='ocr_carea' id='block_1_11' title="bbox 448 1102 2031 1199">
    <p class='ocr_par' dir='ltr' id='par_1_11' title="bbox 448 1102 2031 1199">
     <span class='ocr_line' id='line_1_11' title="bbox 448 1102 2031 1199; baseline -0.016 -18"><span class='ocrx_word' id='word_1_73' title='bbox 448 1102 594 1199; x_wconf 70' lang='lat' dir='ltr'><strong>quod</strong></span> <span class='ocrx_word' id='word_1_74' title='bbox 623 1128 698 1182; x_wconf 86' lang='lat' dir='ltr'><strong>illi</strong></span> <span class='ocrx_word' id='word_1_75' title='bbox 726 1126 1053 1186; x_wconf 85' lang='lat' dir='ltr'><strong>voluerunt,</strong></span> <span class='ocrx_word' id='word_1_76' title='bbox 1104 1126 1197 1173; x_wconf 87' lang='lat' dir='ltr'><strong>aut</strong></span> <span class='ocrx_word' id='word_1_77' title='bbox 1246 1121 1465 1170; x_wconf 88' lang='lat' dir='ltr'><strong>coaetus</strong></span> <span class='ocrx_word' id='word_1_78' title='bbox 1512 1126 1542 1164; x_wconf 91' lang='lat' dir='ltr'><strong>a</strong></span> <span class='ocrx_word' id='word_1_79' title='bbox 1581 1106 1903 1199; x_wconf 66' lang='lat' dir='ltr'><strong>potentiore</strong></span> <span class='ocrx_word' id='word_1_80' title='bbox 1924 1102 2031 1199; x_wconf 77' lang='lat' dir='ltr'><strong>alio</strong></span> 
     </span>
    </p>
   </div>
   <div class='ocr_carea' id='block_1_12' title="bbox 449 1193 2029 1291">
    <p class='ocr_par' dir='ltr' id='par_1_12' title="bbox 449 1193 2029 1291">
     <span class='ocr_line' id='line_1_12' title="bbox 449 1193 2029 1291; baseline -0.021 -13"><span class='ocrx_word' id='word_1_81' title='bbox 449 1193 977 1291; x_wconf 69' lang='lat' dir='ltr'><strong>prmdestittationent</strong></span> <span class='ocrx_word' id='word_1_82' title='bbox 1013 1207 1322 1272; x_wconf 81' lang='lat' dir='ltr'><strong>constituit;</strong></span> <span class='ocrx_word' id='word_1_83' title='bbox 1368 1210 1461 1258; x_wconf 88' lang='lat' dir='ltr'><strong>aut</strong></span> <span class='ocrx_word' id='word_1_84' title='bbox 1498 1202 1545 1255; x_wconf 88' lang='lat' dir='ltr'><strong>si</strong></span> <span class='ocrx_word' id='word_1_85' title='bbox 1585 1200 1699 1269; x_wconf 87' lang='lat' dir='ltr'><strong>ipse</strong></span> <span class='ocrx_word' id='word_1_86' title='bbox 1734 1193 2029 1291; x_wconf 69' lang='lat' dir='ltr'><strong>constituit,</strong></span> 
     </span>
    </p>
   </div>
   <div class='ocr_carea' id='block_1_13' title="bbox 450 1286 2036 1371">
    <p class='ocr_par' dir='ltr' id='par_1_13' title="bbox 450 1286 2036 1371">
     <span class='ocr_line' id='line_1_13' title="bbox 450 1286 2036 1371; baseline -0.02 -1"><span class='ocrx_word' id='word_1_87' title='bbox 450 1286 770 1370; x_wconf 79' lang='lat' dir='ltr'><strong>calumniam</strong></span> <span class='ocrx_word' id='word_1_88' title='bbox 811 1307 953 1364; x_wconf 77' lang='lat' dir='ltr'><strong>fecit.</strong></span> <span class='ocrx_word' id='word_1_89' title='bbox 1015 1304 1085 1359; x_wconf 81' lang='lat' dir='ltr'><strong>Ut</strong></span> <span class='ocrx_word' id='word_1_90' title='bbox 1112 1300 1239 1371; x_wconf 88' lang='lat' dir='ltr'><strong>quid</strong></span> <span class='ocrx_word' id='word_1_91' title='bbox 1279 1298 1423 1353; x_wconf 91' lang='lat' dir='ltr'><strong>enim</strong></span> <span class='ocrx_word' id='word_1_92' title='bbox 1471 1295 1600 1350; x_wconf 88' lang='lat' dir='ltr'><strong>dicit</strong></span> <span class='ocrx_word' id='word_1_93' title='bbox 1642 1289 1886 1346; x_wconf 85' lang='lat' dir='ltr'><strong>homini:</strong></span> <span class='ocrx_word' id='word_1_94' title='bbox 1920 1286 2036 1341; x_wconf 84' lang='lat' dir='ltr'><strong>Hoc</strong></span> 
     </span>
    </p>
   </div>
   <div class='ocr_carea' id='block_1_14' title="bbox 449 1381 2037 1472">
    <p class='ocr_par' dir='ltr' id='par_1_14' title="bbox 449 1381 2037 1472">
     <span class='ocr_line' id='line_1_14' title="bbox 449 1381 2037 1472; baseline -0.02 -11"><span class='ocrx_word' id='word_1_95' title='bbox 449 1405 595 1461; x_wconf 85' lang='lat' dir='ltr'><strong>volui</strong></span> <span class='ocrx_word' id='word_1_96' title='bbox 622 1402 763 1472; x_wconf 86' lang='lat' dir='ltr'><strong>quod</strong></span> <span class='ocrx_word' id='word_1_97' title='bbox 793 1398 1044 1461; x_wconf 89' lang='lat' dir='ltr'><strong>noluisti,</strong></span> <span class='ocrx_word' id='word_1_98' title='bbox 1090 1396 1135 1449; x_wconf 91' lang='lat' dir='ltr'><strong>si</strong></span> <span class='ocrx_word' id='word_1_99' title='bbox 1163 1393 1266 1448; x_wconf 91' lang='lat' dir='ltr'><strong>scit</strong></span> <span class='ocrx_word' id='word_1_100' title='bbox 1292 1405 1351 1445; x_wconf 91' lang='lat' dir='ltr'><strong>se</strong></span> <span class='ocrx_word' id='word_1_101' title='bbox 1379 1404 1501 1443; x_wconf 90' lang='lat' dir='ltr'><strong>eum</strong></span> <span class='ocrx_word' id='word_1_102' title='bbox 1533 1381 1939 1455; x_wconf 80' lang='lat' dir='ltr'><strong>praedestinasse</strong></span> <span class='ocrx_word' id='word_1_103' title='bbox 1967 1393 2037 1432; x_wconf 90' lang='lat' dir='ltr'><strong>ne</strong></span> 
     </span>
    </p>
   </div>
   <div class='ocr_carea' id='block_1_15' title="bbox 452 1470 2036 1553">
    <p class='ocr_par' dir='ltr' id='par_1_15' title="bbox 452 1470 2036 1553">
     <span class='ocr_line' id='line_1_15' title="bbox 452 1470 2036 1553; baseline -0.018 -2"><span class='ocrx_word' id='word_1_104' title='bbox 452 1470 656 1553; x_wconf 62' lang='lat' dir='ltr'><strong>vellel‘i</strong></span> <span class='ocrx_word' id='word_1_105' title='bbox 686 1491 991 1549; x_wconf 86' lang='lat' dir='ltr'><strong>Secundum</strong></span> <span class='ocrx_word' id='word_1_106' title='bbox 1034 1495 1265 1542; x_wconf 84' lang='lat' dir='ltr'><strong>vestram</strong></span> <span class='ocrx_word' id='word_1_107' title='bbox 1300 1477 1687 1550; x_wconf 83' lang='lat' dir='ltr'><strong>blasphemiam</strong></span> <span class='ocrx_word' id='word_1_108' title='bbox 1730 1470 2036 1553; x_wconf 80' lang='lat' dir='ltr'><strong>excluditur</strong></span> 
     </span>
    </p>
   </div>
   <div class='ocr_carea' id='block_1_16' title="bbox 450 1564 2039 1649">
    <p class='ocr_par' dir='ltr' id='par_1_16' title="bbox 450 1564 2039 1649">
     <span class='ocr_line' id='line_1_16' title="bbox 450 1564 2039 1649; baseline -0.018 -5"><span class='ocrx_word' id='word_1_109' title='bbox 450 1596 634 1644; x_wconf 89' lang='lat' dir='ltr'><strong>reatus</strong></span> <span class='ocrx_word' id='word_1_110' title='bbox 659 1585 922 1647; x_wconf 89' lang='lat' dir='ltr'><strong>hominis,</strong></span> <span class='ocrx_word' id='word_1_111' title='bbox 958 1589 1012 1636; x_wconf 91' lang='lat' dir='ltr'><strong>et</strong></span> <span class='ocrx_word' id='word_1_112' title='bbox 1053 1583 1278 1649; x_wconf 83' lang='lat' dir='ltr'><strong>apparet</strong></span> <span class='ocrx_word' id='word_1_113' title='bbox 1307 1570 1571 1641; x_wconf 81' lang='lat' dir='ltr'><strong>calumnia</strong></span> <span class='ocrx_word' id='word_1_114' title='bbox 1600 1568 1695 1622; x_wconf 90' lang='lat' dir='ltr'><strong>Dei</strong></span> <span class='ocrx_word' id='word_1_115' title='bbox 1722 1585 1734 1619; x_wconf 87' lang='lat'><strong>:</strong></span> <span class='ocrx_word' id='word_1_116' title='bbox 1766 1573 1821 1620; x_wconf 89' lang='lat' dir='ltr'><strong>et</strong></span> <span class='ocrx_word' id='word_1_117' title='bbox 1847 1564 2039 1635; x_wconf 90' lang='lat' dir='ltr'><strong>proba-</strong></span> 
     </span>
    </p>
   </div>
   <div class='ocr_carea' id='block_1_17' title="bbox 453 1653 2034 1742">
    <p class='ocr_par' dir='ltr' id='par_1_17' title="bbox 453 1653 2034 1742">
     <span class='ocr_line' id='line_1_17' title="bbox 453 1653 2034 1742; baseline -0.018 -7"><span class='ocrx_word' id='word_1_118' title='bbox 453 1688 541 1735; x_wconf 91' lang='lat' dir='ltr'><strong>tur</strong></span> <span class='ocrx_word' id='word_1_119' title='bbox 587 1679 845 1733; x_wconf 89' lang='lat' dir='ltr'><strong>innocens</strong></span> <span class='ocrx_word' id='word_1_120' title='bbox 892 1673 985 1742; x_wconf 87' lang='lat' dir='ltr'><strong>qui</strong></span> <span class='ocrx_word' id='word_1_121' title='bbox 1032 1668 1329 1737; x_wconf 86' lang='lat' dir='ltr'><strong>delinquit,</strong></span> <span class='ocrx_word' id='word_1_122' title='bbox 1379 1670 1435 1719; x_wconf 92' lang='lat' dir='ltr'><strong>et</strong></span> <span class='ocrx_word' id='word_1_123' title='bbox 1479 1660 1705 1731; x_wconf 88' lang='lat' dir='ltr'><strong>injustus</strong></span> <span class='ocrx_word' id='word_1_124' title='bbox 1744 1656 1836 1726; x_wconf 89' lang='lat' dir='ltr'><strong>qui</strong></span> <span class='ocrx_word' id='word_1_125' title='bbox 1862 1653 2034 1725; x_wconf 88' lang='lat' dir='ltr'><strong>punit.</strong></span> 
     </span>
    </p>
   </div>
   <div class='ocr_carea' id='block_1_18' title="bbox 453 1748 2039 1831">
    <p class='ocr_par' dir='ltr' id='par_1_18' title="bbox 453 1748 2039 1831">
     <span class='ocr_line' id='line_1_18' title="bbox 453 1748 2039 1831; baseline -0.018 -5"><span class='ocrx_word' id='word_1_126' title='bbox 453 1769 751 1826; x_wconf 88' lang='lat' dir='ltr'><strong>Dolendum</strong></span> <span class='ocrx_word' id='word_1_127' title='bbox 797 1765 939 1821; x_wconf 90' lang='lat' dir='ltr'><strong>enim</strong></span> <span class='ocrx_word' id='word_1_128' title='bbox 988 1770 1072 1817; x_wconf 90' lang='lat' dir='ltr'><strong>est</strong></span> <span class='ocrx_word' id='word_1_129' title='bbox 1115 1757 1360 1831; x_wconf 91' lang='lat' dir='ltr'><strong>peccanti</strong></span> <span class='ocrx_word' id='word_1_130' title='bbox 1403 1754 1589 1825; x_wconf 35' lang='lat' dir='ltr'><strong>potius.</strong></span> <span class='ocrx_word' id='word_1_131' title='bbox 1608 1764 1767 1820; x_wconf 88' lang='lat' dir='ltr'><strong>quam</strong></span> <span class='ocrx_word' id='word_1_132' title='bbox 1797 1748 2039 1802; x_wconf 90' lang='lat' dir='ltr'><strong>irascen-</strong></span> 
     </span>
    </p>
   </div>
   <div class='ocr_carea' id='block_1_19' title="bbox 2126 547 3655 619">
    <p class='ocr_par' dir='ltr' id='par_1_19' title="bbox 2126 547 3655 619">
     <span class='ocr_line' id='line_1_19' title="bbox 2126 547 3655 619; baseline -0.002 -12"><span class='ocrx_word' id='word_1_133' title='bbox 2126 552 2257 607; x_wconf 83' lang='lat' dir='ltr'><strong>bent</strong></span> <span class='ocrx_word' id='word_1_134' title='bbox 2285 550 2505 606; x_wconf 91' lang='lat' dir='ltr'><strong>omnino</strong></span> <span class='ocrx_word' id='word_1_135' title='bbox 2543 564 2830 605; x_wconf 81' lang='lat' dir='ltr'><strong>commune</strong></span> <span class='ocrx_word' id='word_1_136' title='bbox 2868 548 3235 619; x_wconf 64' lang='lat' dir='ltr'><strong>prmvaricatio</strong></span> <span class='ocrx_word' id='word_1_137' title='bbox 3271 547 3589 617; x_wconf 77' lang='lat' dir='ltr'><strong>delinquentis</strong></span> <span class='ocrx_word' id='word_1_138' title='bbox 3612 557 3655 604; x_wconf 86' lang='lat' dir='ltr'><strong>et</strong></span> 
     </span>
    </p>
   </div>
   <div class='ocr_carea' id='block_1_20' title="bbox 2128 639 3654 714">
    <p class='ocr_par' dir='ltr' id='par_1_20' title="bbox 2128 639 3654 714">
     <span class='ocr_line' id='line_1_20' title="bbox 2128 639 3654 714; baseline -0.002 -18"><span class='ocrx_word' id='word_1_139' title='bbox 2128 640 2529 714; x_wconf 73' lang='lat' dir='ltr'><strong>pnedestinatio</strong></span> <span class='ocrx_word' id='word_1_140' title='bbox 2568 639 2925 695; x_wconf 88' lang='lat' dir='ltr'><strong>vindieantis:</strong></span> <span class='ocrx_word' id='word_1_141' title='bbox 2975 640 3100 708; x_wconf 89' lang='lat' dir='ltr'><strong>quia</strong></span> <span class='ocrx_word' id='word_1_142' title='bbox 3127 646 3393 708; x_wconf 88' lang='lat' dir='ltr'><strong>peccatum</strong></span> <span class='ocrx_word' id='word_1_143' title='bbox 3420 639 3469 693; x_wconf 91' lang='lat' dir='ltr'><strong>in</strong></span> <span class='ocrx_word' id='word_1_144' title='bbox 3496 639 3654 693; x_wconf 85' lang='lat' dir='ltr'><strong>volun-</strong></span> 
     </span>
    </p>
   </div>
   <div class='ocr_carea' id='block_1_21' title="bbox 2129 729 3658 800">
    <p class='ocr_par' dir='ltr' id='par_1_21' title="bbox 2129 729 3658 800">
     <span class='ocr_line' id='line_1_21' title="bbox 2129 729 3658 800; baseline -0.001 -13"><span class='ocrx_word' id='word_1_145' title='bbox 2129 741 2240 789; x_wconf 84' lang='lat' dir='ltr'><strong>tate</strong></span> <span class='ocrx_word' id='word_1_146' title='bbox 2287 731 2697 800; x_wconf 85' lang='lat' dir='ltr'><strong>transgressoris</strong></span> <span class='ocrx_word' id='word_1_147' title='bbox 2739 740 2852 796; x_wconf 85' lang='lat' dir='ltr'><strong>est,</strong></span> <span class='ocrx_word' id='word_1_148' title='bbox 2897 730 3293 800; x_wconf 79' lang='lat' dir='ltr'><strong>praedestinatio</strong></span> <span class='ocrx_word' id='word_1_149' title='bbox 3330 738 3493 785; x_wconf 88' lang='lat' dir='ltr'><strong>autem</strong></span> <span class='ocrx_word' id='word_1_150' title='bbox 3518 729 3565 784; x_wconf 83' lang='lat' dir='ltr'><strong>in</strong></span> <span class='ocrx_word' id='word_1_151' title='bbox 3590 746 3658 786; x_wconf 87' lang='lat' dir='ltr'><strong>re-</strong></span> 
     </span>
    </p>
   </div>
   <div class='ocr_carea' id='block_1_22' title="bbox 2129 823 3661 895">
    <p class='ocr_par' dir='ltr' id='par_1_22' title="bbox 2129 823 3661 895">
     <span class='ocr_line' id='line_1_22' title="bbox 2129 823 3661 895; baseline -0.002 -14"><span class='ocrx_word' id='word_1_152' title='bbox 2129 824 2425 895; x_wconf 89' lang='lat' dir='ltr'><strong>demptoris</strong></span> <span class='ocrx_word' id='word_1_153' title='bbox 2453 831 2535 879; x_wconf 88' lang='lat' dir='ltr'><strong>est</strong></span> <span class='ocrx_word' id='word_1_154' title='bbox 2563 823 2810 878; x_wconf 86' lang='lat' dir='ltr'><strong>ordinata</strong></span> <span class='ocrx_word' id='word_1_155' title='bbox 2839 823 3056 878; x_wconf 87' lang='lat' dir='ltr'><strong>virtute.</strong></span> <span class='ocrx_word' id='word_1_156' title='bbox 3088 823 3202 878; x_wconf 89' lang='lat' dir='ltr'><strong>Non</strong></span> <span class='ocrx_word' id='word_1_157' title='bbox 3231 824 3368 878; x_wconf 87' lang='lat' dir='ltr'><strong>enim</strong></span> <span class='ocrx_word' id='word_1_158' title='bbox 3395 823 3525 878; x_wconf 85' lang='lat' dir='ltr'><strong>aliud</strong></span> <span class='ocrx_word' id='word_1_159' title='bbox 3551 840 3661 894; x_wconf 76' lang='lat' dir='ltr'><strong>pne-</strong></span> 
     </span>
    </p>
   </div>
   <div class='ocr_carea' id='block_1_23' title="bbox 2130 912 3663 984">
    <p class='ocr_par' dir='ltr' id='par_1_23' title="bbox 2130 912 3663 984">
     <span class='ocr_line' id='line_1_23' title="bbox 2130 912 3663 984; baseline -0.001 -13"><span class='ocrx_word' id='word_1_160' title='bbox 2130 917 2422 972; x_wconf 89' lang='lat' dir='ltr'><strong>destinavit</strong></span> <span class='ocrx_word' id='word_1_161' title='bbox 2466 917 2565 971; x_wconf 89' lang='lat' dir='ltr'><strong>iste</strong></span> <span class='ocrx_word' id='word_1_162' title='bbox 2607 916 2698 984; x_wconf 90' lang='lat' dir='ltr'><strong>qui</strong></span> <span class='ocrx_word' id='word_1_163' title='bbox 2746 914 3012 979; x_wconf 89' lang='lat' dir='ltr'><strong>condidit,</strong></span> <span class='ocrx_word' id='word_1_164' title='bbox 3052 915 3152 969; x_wconf 90' lang='lat' dir='ltr'><strong>nisi</strong></span> <span class='ocrx_word' id='word_1_165' title='bbox 3193 922 3252 968; x_wconf 91' lang='lat' dir='ltr'><strong>ut</strong></span> <span class='ocrx_word' id='word_1_166' title='bbox 3278 912 3545 969; x_wconf 84' lang='lat' dir='ltr'><strong>secundum</strong></span> <span class='ocrx_word' id='word_1_167' title='bbox 3568 914 3663 984; x_wconf 86' lang='lat' dir='ltr'><strong>ejus</strong></span> 
     </span>
    </p>
   </div>
   <div class='ocr_carea' id='block_1_24' title="bbox 2130 1005 3664 1078">
    <p class='ocr_par' dir='ltr' id='par_1_24' title="bbox 2130 1005 3664 1078">
     <span class='ocr_line' id='line_1_24' title="bbox 2130 1005 3664 1078; baseline -0.001 -15"><span class='ocrx_word' id='word_1_168' title='bbox 2130 1008 2295 1063; x_wconf 88' lang='lat' dir='ltr'><strong>homo</strong></span> <span class='ocrx_word' id='word_1_169' title='bbox 2323 1008 2495 1078; x_wconf 90' lang='lat' dir='ltr'><strong>possit</strong></span> <span class='ocrx_word' id='word_1_170' title='bbox 2523 1008 2703 1063; x_wconf 88' lang='lat' dir='ltr'><strong>vivere</strong></span> <span class='ocrx_word' id='word_1_171' title='bbox 2730 1007 3083 1063; x_wconf 83' lang='lat' dir='ltr'><strong>voluntatem.</strong></span> <span class='ocrx_word' id='word_1_172' title='bbox 3134 1005 3292 1061; x_wconf 76' lang='lat' dir='ltr'><strong>Nefas</strong></span> <span class='ocrx_word' id='word_1_173' title='bbox 3331 1014 3410 1060; x_wconf 90' lang='lat' dir='ltr'><strong>est</strong></span> <span class='ocrx_word' id='word_1_174' title='bbox 3445 1007 3596 1071; x_wconf 86' lang='lat' dir='ltr'><strong>enim,</strong></span> <span class='ocrx_word' id='word_1_175' title='bbox 3621 1014 3664 1061; x_wconf 87' lang='lat' dir='ltr'><strong>et</strong></span> 
     </span>
    </p>
   </div>
   <div class='ocr_carea' id='block_1_25' title="bbox 2133 1098 3667 1169">
    <p class='ocr_par' dir='ltr' id='par_1_25' title="bbox 2133 1098 3667 1169">
     <span class='ocr_line' id='line_1_25' title="bbox 2133 1098 3667 1169; baseline -0.001 -15"><span class='ocrx_word' id='word_1_176' title='bbox 2133 1099 2293 1154; x_wconf 89' lang='lat' dir='ltr'><strong>nimis</strong></span> <span class='ocrx_word' id='word_1_177' title='bbox 2312 1107 2395 1153; x_wconf 89' lang='lat' dir='ltr'><strong>est</strong></span> <span class='ocrx_word' id='word_1_178' title='bbox 2424 1098 2796 1162; x_wconf 88' lang='lat' dir='ltr'><strong>criminosum,</strong></span> <span class='ocrx_word' id='word_1_179' title='bbox 2828 1107 2886 1153; x_wconf 92' lang='lat' dir='ltr'><strong>ut</strong></span> <span class='ocrx_word' id='word_1_180' title='bbox 2914 1098 3260 1169; x_wconf 68' lang='lat' dir='ltr'><strong>prmsumptio</strong></span> <span class='ocrx_word' id='word_1_181' title='bbox 3279 1098 3495 1152; x_wconf 88' lang='lat' dir='ltr'><strong>hominis</strong></span> <span class='ocrx_word' id='word_1_182' title='bbox 3513 1113 3572 1152; x_wconf 78' lang='lat' dir='ltr'><strong>ex</strong></span> <span class='ocrx_word' id='word_1_183' title='bbox 3589 1098 3667 1153; x_wconf 85' lang='lat' dir='ltr'><strong>Dei</strong></span> 
     </span>
    </p>
   </div>
   <div class='ocr_carea' id='block_1_26' title="bbox 2133 1189 3667 1260">
    <p class='ocr_par' dir='ltr' id='par_1_26' title="bbox 2133 1189 3667 1260">
     <span class='ocr_line' id='line_1_26' title="bbox 2133 1189 3667 1260; baseline -0.001 -17"><span class='ocrx_word' id='word_1_184' title='bbox 2133 1190 2385 1244; x_wconf 84' lang='lat' dir='ltr'><strong>credatur</strong></span> <span class='ocrx_word' id='word_1_185' title='bbox 2419 1189 2889 1260; x_wconf 71' lang='lat' dir='ltr'><strong>prtedestinatione</strong></span> <span class='ocrx_word' id='word_1_186' title='bbox 2911 1189 3260 1256; x_wconf 87' lang='lat' dir='ltr'><strong>descendere,</strong></span> <span class='ocrx_word' id='word_1_187' title='bbox 3285 1200 3338 1245; x_wconf 89' lang='lat' dir='ltr'><strong>et</strong></span> <span class='ocrx_word' id='word_1_188' title='bbox 3356 1189 3667 1259; x_wconf 85' lang='lat' dir='ltr'><strong>delinquentis</strong></span> 
     </span>
    </p>
   </div>
   <div class='ocr_carea' id='block_1_27' title="bbox 2133 1278 3667 1352">
    <p class='ocr_par' dir='ltr' id='par_1_27' title="bbox 2133 1278 3667 1352">
     <span class='ocr_line' id='line_1_27' title="bbox 2133 1278 3667 1352; baseline -0.001 -16"><span class='ocrx_word' id='word_1_189' title='bbox 2133 1280 2322 1336; x_wconf 90' lang='lat' dir='ltr'><strong>vitium</strong></span> <span class='ocrx_word' id='word_1_190' title='bbox 2368 1280 2750 1352; x_wconf 71' lang='lat' dir='ltr'><strong>pmordinatio</strong></span> <span class='ocrx_word' id='word_1_191' title='bbox 2787 1281 2950 1336; x_wconf 81' lang='lat' dir='ltr'><strong>futuri</strong></span> <span class='ocrx_word' id='word_1_192' title='bbox 2990 1280 3186 1350; x_wconf 91' lang='lat' dir='ltr'><strong>judicis</strong></span> <span class='ocrx_word' id='word_1_193' title='bbox 3229 1280 3524 1335; x_wconf 56' lang='lat' dir='ltr'><strong>aestimetur.</strong></span> <span class='ocrx_word' id='word_1_194' title='bbox 3549 1278 3667 1335; x_wconf 78' lang='lat' dir='ltr'><strong>c0e-</strong></span> 
     </span>
    </p>
   </div>
   <div class='ocr_carea' id='block_1_28' title="bbox 2136 1371 3667 1445">
    <p class='ocr_par' dir='ltr' id='par_1_28' title="bbox 2136 1371 3667 1445">
     <span class='ocr_line' id='line_1_28' title="bbox 2136 1371 3667 1445; baseline -0.003 -14"><span class='ocrx_word' id='word_1_195' title='bbox 2136 1384 2359 1431; x_wconf 90' lang='lat' dir='ltr'><strong>currunt</strong></span> <span class='ocrx_word' id='word_1_196' title='bbox 2386 1376 2489 1431; x_wconf 91' lang='lat' dir='ltr'><strong>hoc</strong></span> <span class='ocrx_word' id='word_1_197' title='bbox 2516 1375 2658 1442; x_wconf 89' lang='lat' dir='ltr'><strong>loco,</strong></span> <span class='ocrx_word' id='word_1_198' title='bbox 2690 1383 2745 1429; x_wconf 92' lang='lat' dir='ltr'><strong>et</strong></span> <span class='ocrx_word' id='word_1_199' title='bbox 2771 1373 2955 1429; x_wconf 90' lang='lat' dir='ltr'><strong>dicunt</strong></span> <span class='ocrx_word' id='word_1_200' title='bbox 2985 1391 2997 1427; x_wconf 89' lang='lat'><strong>:</strong></span> <span class='ocrx_word' id='word_1_201' title='bbox 3031 1373 3136 1428; x_wconf 85' lang='lat' dir='ltr'><strong>Per</strong></span> <span class='ocrx_word' id='word_1_202' title='bbox 3161 1374 3534 1445; x_wconf 70' lang='lat' dir='ltr'><strong>prtescientiam</strong></span> <span class='ocrx_word' id='word_1_203' title='bbox 3555 1371 3667 1426; x_wconf 78' lang='lat' dir='ltr'><strong>Deus</strong></span> 
     </span>
    </p>
   </div>
   <div class='ocr_carea' id='block_1_29' title="bbox 2137 1465 3668 1540">
    <p class='ocr_par' dir='ltr' id='par_1_29' title="bbox 2137 1465 3668 1540">
     <span class='ocr_line' id='line_1_29' title="bbox 2137 1465 3668 1540; baseline -0.003 -17"><span class='ocrx_word' id='word_1_204' title='bbox 2137 1468 2665 1540; x_wconf 67' lang='lat' dir='ltr'><strong>prtedestinationem</strong></span> <span class='ocrx_word' id='word_1_205' title='bbox 2708 1482 2859 1521; x_wconf 91' lang='lat' dir='ltr'><strong>suam</strong></span> <span class='ocrx_word' id='word_1_206' title='bbox 2903 1466 3202 1522; x_wconf 89' lang='lat' dir='ltr'><strong>constituit.</strong></span> <span class='ocrx_word' id='word_1_207' title='bbox 3251 1465 3378 1519; x_wconf 84' lang='lat' dir='ltr'><strong>Nam</strong></span> <span class='ocrx_word' id='word_1_208' title='bbox 3413 1480 3537 1534; x_wconf 91' lang='lat' dir='ltr'><strong>quos</strong></span> <span class='ocrx_word' id='word_1_209' title='bbox 3559 1478 3668 1535; x_wconf 70' lang='lat' dir='ltr'><strong>prte-</strong></span> 
     </span>
    </p>
   </div>
   <div class='ocr_carea' id='block_1_30' title="bbox 2138 1555 3666 1636">
    <p class='ocr_par' dir='ltr' id='par_1_30' title="bbox 2138 1555 3666 1636">
     <span class='ocr_line' id='line_1_30' title="bbox 2138 1555 3666 1636; baseline -0.003 -24"><span class='ocrx_word' id='word_1_210' title='bbox 2138 1559 2261 1613; x_wconf 90' lang='lat' dir='ltr'><strong>sciit</strong></span> <span class='ocrx_word' id='word_1_211' title='bbox 2283 1558 2428 1612; x_wconf 92' lang='lat' dir='ltr'><strong>nullo</strong></span> <span class='ocrx_word' id='word_1_212' title='bbox 2454 1557 2617 1613; x_wconf 92' lang='lat' dir='ltr'><strong>modo</strong></span> <span class='ocrx_word' id='word_1_213' title='bbox 2645 1557 2905 1623; x_wconf 85' lang='lat' dir='ltr'><strong>converti,</strong></span> <span class='ocrx_word' id='word_1_214' title='bbox 2937 1558 3038 1612; x_wconf 90' lang='lat' dir='ltr'><strong>hos</strong></span> <span class='ocrx_word' id='word_1_215' title='bbox 3063 1556 3452 1636; x_wconf 71' lang='lat' dir='ltr'><strong>pnndestinavit</strong></span> <span class='ocrx_word' id='word_1_216' title='bbox 3474 1555 3534 1609; x_wconf 89' lang='lat' dir='ltr'><strong>ad</strong></span> <span class='ocrx_word' id='word_1_217' title='bbox 3560 1571 3666 1608; x_wconf 88' lang='lat' dir='ltr'><strong>mor-</strong></span> 
     </span>
    </p>
   </div>
   <div class='ocr_carea' id='block_1_31' title="bbox 2141 1646 3669 1720">
    <p class='ocr_par' dir='ltr' id='par_1_31' title="bbox 2141 1646 3669 1720">
     <span class='ocr_line' id='line_1_31' title="bbox 2141 1646 3669 1720; baseline -0.005 -14"><span class='ocrx_word' id='word_1_218' title='bbox 2141 1660 2279 1716; x_wconf 91' lang='lat' dir='ltr'><strong>tem;</strong></span> <span class='ocrx_word' id='word_1_219' title='bbox 2313 1658 2368 1705; x_wconf 92' lang='lat' dir='ltr'><strong>et</strong></span> <span class='ocrx_word' id='word_1_220' title='bbox 2394 1666 2531 1719; x_wconf 90' lang='lat' dir='ltr'><strong>quos</strong></span> <span class='ocrx_word' id='word_1_221' title='bbox 2558 1649 2792 1720; x_wconf 70' lang='lat' dir='ltr'><strong>prmsciit</strong></span> <span class='ocrx_word' id='word_1_222' title='bbox 2820 1648 3130 1704; x_wconf 89' lang='lat' dir='ltr'><strong>omnimodo</strong></span> <span class='ocrx_word' id='word_1_223' title='bbox 3163 1646 3427 1713; x_wconf 89' lang='lat' dir='ltr'><strong>converti,</strong></span> <span class='ocrx_word' id='word_1_224' title='bbox 3462 1646 3552 1701; x_wconf 93' lang='lat' dir='ltr'><strong>hos</strong></span> <span class='ocrx_word' id='word_1_225' title='bbox 3573 1660 3669 1716; x_wconf 71' lang='lat' dir='ltr'><strong>pne</strong></span> 
     </span>
    </p>
   </div>
   <div class='ocr_carea' id='block_1_32' title="bbox 2143 1736 3678 1805">
    <p class='ocr_par' dir='ltr' id='par_1_32' title="bbox 2143 1736 3678 1805">
     <span class='ocr_line' id='line_1_32' title="bbox 2143 1736 3678 1805; baseline -0.007 -7"><span class='ocrx_word' id='word_1_226' title='bbox 2143 1744 2438 1798; x_wconf 87' lang='lat' dir='ltr'><strong>destinavit</strong></span> <span class='ocrx_word' id='word_1_227' title='bbox 2465 1742 2531 1797; x_wconf 90' lang='lat' dir='ltr'><strong>ad</strong></span> <span class='ocrx_word' id='word_1_228' title='bbox 2556 1742 2741 1797; x_wconf 88' lang='lat' dir='ltr'><strong>vitam.</strong></span> <span class='ocrx_word' id='word_1_229' title='bbox 2775 1739 2801 1779; x_wconf 72' lang='grc' dir='ltr'>ἀ</span> <span class='ocrx_word' id='word_1_230' title='bbox 2835 1741 3121 1797; x_wconf 87' lang='lat' dir='ltr'><strong>Videamus</strong></span> <span class='ocrx_word' id='word_1_231' title='bbox 3152 1756 3294 1795; x_wconf 91' lang='lat' dir='ltr'><strong>nunc</strong></span> <span class='ocrx_word' id='word_1_232' title='bbox 3321 1740 3365 1794; x_wconf 92' lang='lat' dir='ltr'><strong>si</strong></span> <span class='ocrx_word' id='word_1_233' title='bbox 3393 1755 3491 1794; x_wconf 91' lang='lat' dir='ltr'><strong>non</strong></span> <span class='ocrx_word' id='word_1_234' title='bbox 3518 1736 3678 1805; x_wconf 85' lang='lat' dir='ltr'><strong>iniquis</strong></span> 
     </span>
    </p>
   </div>
   <div class='ocr_carea' id='block_1_33' title="bbox 452 1828 3678 1927">
    <p class='ocr_par' dir='ltr' id='par_1_33' title="bbox 452 1828 3678 1927">
     <span class='ocr_line' id='line_1_33' title="bbox 452 1828 3678 1927; baseline -0.011 -12"><span class='ocrx_word' id='word_1_235' title='bbox 452 1860 612 1926; x_wconf 87' lang='lat' dir='ltr'><strong>dum,</strong></span> <span class='ocrx_word' id='word_1_236' title='bbox 658 1858 785 1927; x_wconf 88' lang='lat' dir='ltr'><strong>quia</strong></span> <span class='ocrx_word' id='word_1_237' title='bbox 811 1855 920 1910; x_wconf 85' lang='lat' dir='ltr'><strong>vim</strong></span> <span class='ocrx_word' id='word_1_238' title='bbox 948 1828 1140 1923; x_wconf 79' lang='lat' dir='ltr'><strong>passus</strong></span> <span class='ocrx_word' id='word_1_239' title='bbox 1171 1857 1253 1904; x_wconf 86' lang='lat' dir='ltr'><strong>est</strong></span> <span class='ocrx_word' id='word_1_240' title='bbox 1281 1862 1310 1900; x_wconf 91' lang='lat' dir='ltr'><strong>a</strong></span> <span class='ocrx_word' id='word_1_241' title='bbox 1339 1840 1809 1915; x_wconf 71' lang='lat' dir='ltr'><strong>prmdestinatione</strong></span> <span class='ocrx_word' id='word_1_242' title='bbox 1836 1835 2034 1900; x_wconf 86' lang='lat' dir='ltr'><strong>divina,</strong></span> <span class='ocrx_word' id='word_1_243' title='bbox 2073 1835 2113 1893; x_wconf 88' lang='grc' dir='ltr'><strong>Β</strong></span> <span class='ocrx_word' id='word_1_244' title='bbox 2142 1836 2456 1904; x_wconf 80' lang='lat' dir='ltr'><strong>ambagibus</strong></span> <span class='ocrx_word' id='word_1_245' title='bbox 2518 1834 2779 1905; x_wconf 87' lang='lat' dir='ltr'><strong>judicium</strong></span> <span class='ocrx_word' id='word_1_246' title='bbox 2834 1833 2929 1888; x_wconf 89' lang='lat' dir='ltr'><strong>Dei</strong></span> <span class='ocrx_word' id='word_1_247' title='bbox 2992 1833 3060 1888; x_wconf 90' lang='lat' dir='ltr'><strong>ad</strong></span> <span class='ocrx_word' id='word_1_248' title='bbox 3098 1832 3461 1904; x_wconf 83' lang='lat' dir='ltr'><strong>praejudicium</strong></span> <span class='ocrx_word' id='word_1_249' title='bbox 3496 1828 3678 1927; x_wconf 64' lang='lat' dir='ltr'><strong>justitiaz</strong></span> 
     </span>
    </p>
   </div>
   <div class='ocr_carea' id='block_1_34' title="bbox 454 1927 2043 2017">
    <p class='ocr_par' dir='ltr' id='par_1_34' title="bbox 454 1927 2043 2017">
     <span class='ocr_line' id='line_1_34' title="bbox 454 1927 2043 2017; baseline -0.016 -11"><span class='ocrx_word' id='word_1_250' title='bbox 454 1966 577 2008; x_wconf 91' lang='lat' dir='ltr'><strong>cum</strong></span> <span class='ocrx_word' id='word_1_251' title='bbox 605 1956 787 2004; x_wconf 89' lang='lat' dir='ltr'><strong>rueret</strong></span> <span class='ocrx_word' id='word_1_252' title='bbox 814 1947 881 2002; x_wconf 88' lang='lat' dir='ltr'><strong>ad</strong></span> <span class='ocrx_word' id='word_1_253' title='bbox 902 1943 1194 2017; x_wconf 64' lang='lat' dir='ltr'><strong>praecipitia</strong></span> <span class='ocrx_word' id='word_1_254' title='bbox 1223 1939 1526 1995; x_wconf 88' lang='lat' dir='ltr'><strong>criminum.</strong></span> <span class='ocrx_word' id='word_1_255' title='bbox 1562 1933 1679 1989; x_wconf 83' lang='lat' dir='ltr'><strong>Hoc</strong></span> <span class='ocrx_word' id='word_1_256' title='bbox 1707 1931 1850 1987; x_wconf 86' lang='lat' dir='ltr'><strong>enim</strong></span> <span class='ocrx_word' id='word_1_257' title='bbox 1874 1927 2043 1983; x_wconf 90' lang='lat' dir='ltr'><strong>voluit</strong></span> 
     </span>
    </p>
   </div>
   <div class='ocr_carea' id='block_1_35' title="bbox 455 2021 2037 2123">
    <p class='ocr_par' dir='ltr' id='par_1_35' title="bbox 455 2021 2037 2123">
     <span class='ocr_line' id='line_1_35' title="bbox 455 2021 2037 2123; baseline -0.018 -22"><span class='ocrx_word' id='word_1_258' title='bbox 455 2045 547 2117; x_wconf 90' lang='lat' dir='ltr'><strong>qtti</strong></span> <span class='ocrx_word' id='word_1_259' title='bbox 592 2043 826 2109; x_wconf 88' lang='lat' dir='ltr'><strong>creavit;</strong></span> <span class='ocrx_word' id='word_1_260' title='bbox 874 2040 967 2110; x_wconf 90' lang='lat' dir='ltr'><strong>qui</strong></span> <span class='ocrx_word' id='word_1_261' title='bbox 1018 2037 1164 2123; x_wconf 71' lang='lat' dir='ltr'><strong>enim</strong></span> <span class='ocrx_word' id='word_1_262' title='bbox 1207 2031 1443 2097; x_wconf 85' lang='lat' dir='ltr'><strong>ereavit,</strong></span> <span class='ocrx_word' id='word_1_263' title='bbox 1476 2030 1592 2099; x_wconf 88' lang='lat' dir='ltr'><strong>ipse</strong></span> <span class='ocrx_word' id='word_1_264' title='bbox 1619 2021 2037 2123; x_wconf 66' lang='lat' dir='ltr'><strong>praedestinavit.</strong></span> 
     </span>
    </p>
   </div>
   <div class='ocr_carea' id='block_1_36' title="bbox 456 2114 2043 2203">
    <p class='ocr_par' dir='ltr' id='par_1_36' title="bbox 456 2114 2043 2203">
     <span class='ocr_line' id='line_1_36' title="bbox 456 2114 2043 2203; baseline -0.014 -11"><span class='ocrx_word' id='word_1_265' title='bbox 456 2114 611 2203; x_wconf 70' lang='lat' dir='ltr'><strong>Quod</strong></span> <span class='ocrx_word' id='word_1_266' title='bbox 641 2133 686 2189; x_wconf 89' lang='lat' dir='ltr'><strong>si</strong></span> <span class='ocrx_word' id='word_1_267' title='bbox 724 2133 798 2188; x_wconf 91' lang='lat' dir='ltr'><strong>ita</strong></span> <span class='ocrx_word' id='word_1_268' title='bbox 828 2139 942 2197; x_wconf 85' lang='lat' dir='ltr'><strong>est,</strong></span> <span class='ocrx_word' id='word_1_269' title='bbox 991 2114 1203 2185; x_wconf 74' lang='lat' dir='ltr'><strong>constat</strong></span> <span class='ocrx_word' id='word_1_270' title='bbox 1243 2139 1351 2179; x_wconf 91' lang='lat' dir='ltr'><strong>non</strong></span> <span class='ocrx_word' id='word_1_271' title='bbox 1381 2135 1537 2177; x_wconf 91' lang='lat' dir='ltr'><strong>suum</strong></span> <span class='ocrx_word' id='word_1_272' title='bbox 1561 2132 1680 2174; x_wconf 90' lang='lat' dir='ltr'><strong>esse</strong></span> <span class='ocrx_word' id='word_1_273' title='bbox 1706 2114 1898 2171; x_wconf 89' lang='lat' dir='ltr'><strong>vitium</strong></span> <span class='ocrx_word' id='word_1_274' title='bbox 1925 2127 2043 2169; x_wconf 81' lang='lat' dir='ltr'><strong>oni-</strong></span> 
     </span>
    </p>
   </div>
   <div class='ocr_carea' id='block_1_37' title="bbox 456 2204 2041 2297">
    <p class='ocr_par' dir='ltr' id='par_1_37' title="bbox 456 2204 2041 2297">
     <span class='ocr_line' id='line_1_37' title="bbox 456 2204 2041 2297; baseline -0.018 -13"><span class='ocrx_word' id='word_1_275' title='bbox 456 2228 586 2284; x_wconf 88' lang='lat' dir='ltr'><strong>nino</strong></span> <span class='ocrx_word' id='word_1_276' title='bbox 633 2224 725 2297; x_wconf 85' lang='lat' dir='ltr'><strong>qui</strong></span> <span class='ocrx_word' id='word_1_277' title='bbox 772 2228 984 2294; x_wconf 88' lang='lat' dir='ltr'><strong>peccat.</strong></span> <span class='ocrx_word' id='word_1_278' title='bbox 1041 2218 1101 2275; x_wconf 88' lang='lat' dir='ltr'><strong>Si</strong></span> <span class='ocrx_word' id='word_1_279' title='bbox 1148 2230 1277 2286; x_wconf 77' lang='lat' dir='ltr'><strong>ergo</strong></span> <span class='ocrx_word' id='word_1_280' title='bbox 1324 2229 1431 2269; x_wconf 88' lang='lat' dir='ltr'><strong>non</strong></span> <span class='ocrx_word' id='word_1_281' title='bbox 1467 2225 1625 2267; x_wconf 88' lang='lat' dir='ltr'><strong>suum</strong></span> <span class='ocrx_word' id='word_1_282' title='bbox 1666 2206 1831 2262; x_wconf 90' lang='lat' dir='ltr'><strong>habet</strong></span> <span class='ocrx_word' id='word_1_283' title='bbox 1853 2204 2041 2258; x_wconf 70' lang='lat' dir='ltr'><strong>Vitium</strong></span> 
     </span>
    </p>
   </div>
   <div class='ocr_carea' id='block_1_38' title="bbox 455 2308 2034 2392">
    <p class='ocr_par' dir='ltr' id='par_1_38' title="bbox 455 2308 2034 2392">
     <span class='ocr_line' id='line_1_38' title="bbox 455 2308 2034 2392; baseline -0.015 -14"><span class='ocrx_word' id='word_1_284' title='bbox 455 2323 681 2378; x_wconf 89' lang='lat' dir='ltr'><strong>omnino</strong></span> <span class='ocrx_word' id='word_1_285' title='bbox 708 2323 798 2392; x_wconf 89' lang='lat' dir='ltr'><strong>qui</strong></span> <span class='ocrx_word' id='word_1_286' title='bbox 829 2325 1044 2392; x_wconf 84' lang='lat' dir='ltr'><strong>peccat,</strong></span> <span class='ocrx_word' id='word_1_287' title='bbox 1074 2325 1129 2373; x_wconf 91' lang='lat' dir='ltr'><strong>et</strong></span> <span class='ocrx_word' id='word_1_288' title='bbox 1155 2321 1374 2371; x_wconf 88' lang='lat' dir='ltr'><strong>constat</strong></span> <span class='ocrx_word' id='word_1_289' title='bbox 1402 2326 1431 2366; x_wconf 89' lang='lat' dir='ltr'><strong>a</strong></span> <span class='ocrx_word' id='word_1_290' title='bbox 1454 2309 1610 2382; x_wconf 76' lang='lat' dir='ltr'><strong>just’o</strong></span> <span class='ocrx_word' id='word_1_291' title='bbox 1635 2308 1745 2363; x_wconf 89' lang='lat' dir='ltr'><strong>Deo</strong></span> <span class='ocrx_word' id='word_1_292' title='bbox 1772 2310 2034 2361; x_wconf 77' lang='lat' dir='ltr'><strong>extranea</strong></span> 
     </span>
    </p>
   </div>
   <div class='ocr_carea' id='block_1_39' title="bbox 455 2397 2031 2483">
    <p class='ocr_par' dir='ltr' id='par_1_39' title="bbox 455 2397 2031 2483">
     <span class='ocr_line' id='line_1_39' title="bbox 455 2397 2031 2483; baseline -0.014 -13"><span class='ocrx_word' id='word_1_293' title='bbox 455 2430 577 2470; x_wconf 87' lang='lat' dir='ltr'><strong>esse</strong></span> <span class='ocrx_word' id='word_1_294' title='bbox 599 2416 854 2470; x_wconf 88' lang='lat' dir='ltr'><strong>universa</strong></span> <span class='ocrx_word' id='word_1_295' title='bbox 884 2427 1006 2483; x_wconf 69' lang='lat' dir='ltr'><strong>qua:</strong></span> <span class='ocrx_word' id='word_1_296' title='bbox 1036 2412 1280 2472; x_wconf 88' lang='lat' dir='ltr'><strong>damnat,</strong></span> <span class='ocrx_word' id='word_1_297' title='bbox 1308 2405 1469 2475; x_wconf 85' lang='lat' dir='ltr'><strong>cujus</strong></span> <span class='ocrx_word' id='word_1_298' title='bbox 1500 2402 1777 2457; x_wconf 87' lang='lat' dir='ltr'><strong>invenitur</strong></span> <span class='ocrx_word' id='word_1_299' title='bbox 1805 2397 2031 2461; x_wconf 81' lang='lat' dir='ltr'><strong>factum,</strong></span> 
     </span>
    </p>
   </div>
   <div class='ocr_carea' id='block_1_40' title="bbox 456 2484 2037 2576">
    <p class='ocr_par' dir='ltr' id='par_1_40' title="bbox 456 2484 2037 2576">
     <span class='ocr_line' id='line_1_40' title="bbox 456 2484 2037 2576; baseline -0.015 -15"><span class='ocrx_word' id='word_1_300' title='bbox 456 2507 624 2576; x_wconf 86' lang='lat' dir='ltr'><strong>hujus</strong></span> <span class='ocrx_word' id='word_1_301' title='bbox 658 2504 971 2561; x_wconf 85' lang='lat' dir='ltr'><strong>invenietur</strong></span> <span class='ocrx_word' id='word_1_302' title='bbox 1017 2515 1140 2557; x_wconf 88' lang='lat' dir='ltr'><strong>esse</strong></span> <span class='ocrx_word' id='word_1_303' title='bbox 1189 2504 1495 2569; x_wconf 89' lang='lat' dir='ltr'><strong>peceatum.</strong></span> <span class='ocrx_word' id='word_1_304' title='bbox 1528 2492 1686 2547; x_wconf 84' lang='lat' dir='ltr'><strong>Nulla</strong></span> <span class='ocrx_word' id='word_1_305' title='bbox 1721 2489 1865 2544; x_wconf 88' lang='lat' dir='ltr'><strong>enim</strong></span> <span class='ocrx_word' id='word_1_306' title='bbox 1895 2484 2037 2539; x_wconf 88' lang='lat' dir='ltr'><strong>ratio</strong></span> 
     </span>
    </p>
   </div>
   <div class='ocr_carea' id='block_1_41' title="bbox 457 2581 2040 2671">
    <p class='ocr_par' dir='ltr' id='par_1_41' title="bbox 457 2581 2040 2671">
     <span class='ocr_line' id='line_1_41' title="bbox 457 2581 2040 2671; baseline -0.017 -16"><span class='ocrx_word' id='word_1_307' title='bbox 457 2601 665 2671; x_wconf 88' lang='lat' dir='ltr'><strong>patitur</strong></span> <span class='ocrx_word' id='word_1_308' title='bbox 692 2606 749 2651; x_wconf 90' lang='grc' dir='ltr'><strong>ιιι</strong></span> <span class='ocrx_word' id='word_1_309' title='bbox 782 2597 873 2651; x_wconf 90' lang='lat' dir='ltr'><strong>ubi</strong></span> <span class='ocrx_word' id='word_1_310' title='bbox 904 2596 1044 2649; x_wconf 82' lang='lat' dir='ltr'><strong>alter</strong></span> <span class='ocrx_word' id='word_1_311' title='bbox 1075 2590 1491 2662; x_wconf 70' lang='lat' dir='ltr'><strong>prazdestinator</strong></span> <span class='ocrx_word' id='word_1_312' title='bbox 1511 2591 1615 2646; x_wconf 88' lang='lat' dir='ltr'><strong>est,</strong></span> <span class='ocrx_word' id='word_1_313' title='bbox 1642 2581 1716 2636; x_wconf 90' lang='lat' dir='ltr'><strong>ibi</strong></span> <span class='ocrx_word' id='word_1_314' title='bbox 1741 2581 1879 2671; x_wconf 82' lang='lat' dir='ltr'><strong>alter</strong></span> <span class='ocrx_word' id='word_1_315' title='bbox 1901 2590 2040 2671; x_wconf 50' lang='lat' dir='ltr'><strong>prce:</strong></span> 
     </span>
    </p>
   </div>
   <div class='ocr_carea' id='block_1_42' title="bbox 459 2664 2037 2748">
    <p class='ocr_par' dir='ltr' id='par_1_42' title="bbox 459 2664 2037 2748">
     <span class='ocr_line' id='line_1_42' title="bbox 459 2664 2037 2748; baseline -0.016 -3"><span class='ocrx_word' id='word_1_316' title='bbox 459 2664 732 2744; x_wconf 64' lang='lat' dir='ltr'><strong>varicator</strong></span> <span class='ocrx_word' id='word_1_317' title='bbox 764 2702 885 2742; x_wconf 89' lang='lat' dir='ltr'><strong>esse</strong></span> <span class='ocrx_word' id='word_1_318' title='bbox 908 2685 1125 2740; x_wconf 87' lang='lat' dir='ltr'><strong>dicatur</strong></span> <span class='ocrx_word' id='word_1_319' title='bbox 1150 2700 1165 2748; x_wconf 86' lang='lat'><strong>;</strong></span> <span class='ocrx_word' id='word_1_320' title='bbox 1195 2694 1294 2735; x_wconf 90' lang='lat' dir='ltr'><strong>nec</strong></span> <span class='ocrx_word' id='word_1_321' title='bbox 1324 2676 1519 2745; x_wconf 87' lang='lat' dir='ltr'><strong>recipit</strong></span> <span class='ocrx_word' id='word_1_322' title='bbox 1542 2674 1645 2747; x_wconf 82' lang='lat' dir='ltr'><strong>hoc</strong></span> <span class='ocrx_word' id='word_1_323' title='bbox 1673 2669 1803 2725; x_wconf 88' lang='lat' dir='ltr'><strong>boni</strong></span> <span class='ocrx_word' id='word_1_324' title='bbox 1827 2675 1879 2723; x_wconf 90' lang='lat' dir='ltr'><strong>et</strong></span> <span class='ocrx_word' id='word_1_325' title='bbox 1901 2664 2037 2735; x_wconf 88' lang='lat' dir='ltr'><strong>justi</strong></span> 
     </span>
    </p>
   </div>
   <div class='ocr_carea' id='block_1_43' title="bbox 462 2758 2044 2851">
    <p class='ocr_par' dir='ltr' id='par_1_43' title="bbox 462 2758 2044 2851">
     <span class='ocr_line' id='line_1_43' title="bbox 462 2758 2044 2851; baseline -0.015 -15"><span class='ocrx_word' id='word_1_326' title='bbox 462 2774 1322 2851; x_wconf 65' lang='lat' dir='ltr'><strong>mquitus,utprmdestinationem</strong></span> <span class='ocrx_word' id='word_1_327' title='bbox 1338 2783 1496 2824; x_wconf 88' lang='lat' dir='ltr'><strong>suam</strong></span> <span class='ocrx_word' id='word_1_328' title='bbox 1512 2766 1719 2821; x_wconf 88' lang='lat' dir='ltr'><strong>crimen</strong></span> <span class='ocrx_word' id='word_1_329' title='bbox 1737 2761 1900 2816; x_wconf 83' lang='lat' dir='ltr'><strong>iaciat</strong></span> <span class='ocrx_word' id='word_1_330' title='bbox 1913 2758 2044 2813; x_wconf 78' lang='lat' dir='ltr'><strong>alie-</strong></span> 
     </span>
    </p>
   </div>
   <div class='ocr_carea' id='block_1_44' title="bbox 469 2851 2045 2940">
    <p class='ocr_par' dir='ltr' id='par_1_44' title="bbox 469 2851 2045 2940">
     <span class='ocr_line' id='line_1_44' title="bbox 469 2851 2045 2940; baseline -0.017 -13"><span class='ocrx_word' id='word_1_331' title='bbox 469 2870 768 2940; x_wconf 86' lang='lat' dir='ltr'><strong>num.Ergo</strong></span> <span class='ocrx_word' id='word_1_332' title='bbox 791 2877 850 2921; x_wconf 92' lang='lat' dir='ltr'><strong>ut</strong></span> <span class='ocrx_word' id='word_1_333' title='bbox 870 2870 1185 2936; x_wconf 87' lang='lat' dir='ltr'><strong>peccantem</strong></span> <span class='ocrx_word' id='word_1_334' title='bbox 1210 2861 1404 2931; x_wconf 88' lang='lat' dir='ltr'><strong>punias</strong></span> <span class='ocrx_word' id='word_1_335' title='bbox 1416 2857 1640 2912; x_wconf 83' lang='lat' dir='ltr'><strong>ostende</strong></span> <span class='ocrx_word' id='word_1_336' title='bbox 1651 2851 2045 2925; x_wconf 69' lang='lat' dir='ltr'><strong>praedestinan-</strong></span> 
     </span>
    </p>
   </div>
   <div class='ocr_carea' id='block_1_45' title="bbox 468 2940 2047 3024">
    <p class='ocr_par' dir='ltr' id='par_1_45' title="bbox 468 2940 2047 3024">
     <span class='ocr_line' id='line_1_45' title="bbox 468 2940 2047 3024; baseline -0.015 -10"><span class='ocrx_word' id='word_1_337' title='bbox 468 2972 599 3024; x_wconf 90' lang='lat' dir='ltr'><strong>tem;</strong></span> <span class='ocrx_word' id='word_1_338' title='bbox 616 2960 683 3014; x_wconf 85' lang='lat' dir='ltr'><strong>da</strong></span> <span class='ocrx_word' id='word_1_339' title='bbox 707 2967 985 3013; x_wconf 88' lang='lat' dir='ltr'><strong>auctorem</strong></span> <span class='ocrx_word' id='word_1_340' title='bbox 1011 2948 1527 3024; x_wconf 69' lang='lat' dir='ltr'><strong>prtedestiuationis,</strong></span> <span class='ocrx_word' id='word_1_341' title='bbox 1544 2953 1600 2999; x_wconf 91' lang='lat' dir='ltr'><strong>ut</strong></span> <span class='ocrx_word' id='word_1_342' title='bbox 1617 2940 2047 3014; x_wconf 90' lang='lat' dir='ltr'><strong>possisjudicem</strong></span> 
     </span>
    </p>
   </div>
   <div class='ocr_carea' id='block_1_46' title="bbox 470 3029 2049 3118">
    <p class='ocr_par' dir='ltr' id='par_1_46' title="bbox 470 3029 2049 3118">
     <span class='ocr_line' id='line_1_46' title="bbox 470 3029 2049 3118; baseline -0.015 -12"><span class='ocrx_word' id='word_1_343' title='bbox 470 3060 777 3106; x_wconf 88' lang='lat' dir='ltr'><strong>monstrare</strong></span> <span class='ocrx_word' id='word_1_344' title='bbox 799 3047 1027 3118; x_wconf 83' lang='lat' dir='ltr'><strong>peccati,</strong></span> <span class='ocrx_word' id='word_1_345' title='bbox 1051 3044 1179 3114; x_wconf 89' lang='lat' dir='ltr'><strong>quia</strong></span> <span class='ocrx_word' id='word_1_346' title='bbox 1203 3056 1369 3095; x_wconf 90' lang='lat' dir='ltr'><strong>unum</strong></span> <span class='ocrx_word' id='word_1_347' title='bbox 1391 3037 1752 3105; x_wconf 90' lang='lat' dir='ltr'><strong>eumdemque</strong></span> <span class='ocrx_word' id='word_1_348' title='bbox 1764 3029 2049 3118; x_wconf 81' lang='lat' dir='ltr'><strong>ostendere</strong></span> 
     </span>
    </p>
   </div>
   <div class='ocr_carea' id='block_1_47' title="bbox 472 3117 2050 3210">
    <p class='ocr_par' dir='ltr' id='par_1_47' title="bbox 472 3117 2050 3210">
     <span class='ocr_line' id='line_1_47' title="bbox 472 3117 2050 3210; baseline -0.018 -13"><span class='ocrx_word' id='word_1_349' title='bbox 472 3158 580 3197; x_wconf 88' lang='lat' dir='ltr'><strong>non</strong></span> <span class='ocrx_word' id='word_1_350' title='bbox 595 3148 749 3210; x_wconf 90' lang='lat' dir='ltr'><strong>potes</strong></span> <span class='ocrx_word' id='word_1_351' title='bbox 765 3117 1240 3209; x_wconf 67' lang='lat' dir='ltr'><strong>praedestinantem</strong></span> <span class='ocrx_word' id='word_1_352' title='bbox 1256 3118 1893 3199; x_wconf 85' lang='lat' dir='ltr'><strong>IIatquedamnantem.Si</strong></span> <span class='ocrx_word' id='word_1_353' title='bbox 1906 3117 2050 3173; x_wconf 88' lang='lat' dir='ltr'><strong>enim</strong></span> 
     </span>
    </p>
   </div>
   <div class='ocr_carea' id='block_1_48' title="bbox 2144 1920 3679 1996">
    <p class='ocr_par' dir='ltr' id='par_1_48' title="bbox 2144 1920 3679 1996">
     <span class='ocr_line' id='line_1_48' title="bbox 2144 1920 3679 1996; baseline -0.007 -15"><span class='ocrx_word' id='word_1_354' title='bbox 2144 1927 2376 1981; x_wconf 86' lang='lat' dir='ltr'><strong>trahitis.</strong></span> <span class='ocrx_word' id='word_1_355' title='bbox 2436 1925 2578 1996; x_wconf 87' lang='lat' dir='ltr'><strong>Ergo</strong></span> <span class='ocrx_word' id='word_1_356' title='bbox 2625 1925 2800 1982; x_wconf 81' lang='lat' dir='ltr'><strong>adhuc</strong></span> <span class='ocrx_word' id='word_1_357' title='bbox 2841 1932 3121 1983; x_wconf 84' lang='lat' dir='ltr'><strong>nonsunt</strong></span> <span class='ocrx_word' id='word_1_358' title='bbox 3169 1922 3338 1979; x_wconf 89' lang='lat' dir='ltr'><strong>creati</strong></span> <span class='ocrx_word' id='word_1_359' title='bbox 3378 1920 3612 1981; x_wconf 86' lang='lat' dir='ltr'><strong>homines,</strong></span> <span class='ocrx_word' id='word_1_360' title='bbox 3637 1924 3679 1970; x_wconf 88' lang='lat' dir='ltr'><strong>et</strong></span> 
     </span>
    </p>
   </div>
   <div class='ocr_carea' id='block_1_49' title="bbox 2136 2009 3681 2089">
    <p class='ocr_par' dir='ltr' id='par_1_49' title="bbox 2136 2009 3681 2089">
     <span class='ocr_line' id='line_1_49' title="bbox 2136 2009 3681 2089; baseline -0.008 -16"><span class='ocrx_word' id='word_1_361' title='bbox 2136 2018 2251 2089; x_wconf 90' lang='lat' dir='ltr'><strong>jam</strong></span> <span class='ocrx_word' id='word_1_362' title='bbox 2302 2034 2330 2071; x_wconf 89' lang='lat' dir='ltr'><strong>a</strong></span> <span class='ocrx_word' id='word_1_363' title='bbox 2374 2016 2523 2086; x_wconf 87' lang='lat' dir='ltr'><strong>justo</strong></span> <span class='ocrx_word' id='word_1_364' title='bbox 2570 2017 2681 2072; x_wconf 91' lang='lat' dir='ltr'><strong>Deo</strong></span> <span class='ocrx_word' id='word_1_365' title='bbox 2734 2015 3101 2087; x_wconf 65' lang='lat' dir='ltr'><strong>prtejudicium</strong></span> <span class='ocrx_word' id='word_1_366' title='bbox 3151 2013 3454 2085; x_wconf 87' lang='lat' dir='ltr'><strong>patiuntur?</strong></span> <span class='ocrx_word' id='word_1_367' title='bbox 3497 2009 3681 2064; x_wconf 80' lang='lat' dir='ltr'><strong>Videtur</strong></span> 
     </span>
    </p>
   </div>
   <div class='ocr_carea' id='block_1_50' title="bbox 2141 2094 3682 2177">
    <p class='ocr_par' dir='ltr' id='par_1_50' title="bbox 2141 2094 3682 2177">
     <span class='ocr_line' id='line_1_50' title="bbox 2141 2094 3682 2177; baseline -0.006 -14"><span class='ocrx_word' id='word_1_368' title='bbox 2141 2109 2273 2164; x_wconf 87' lang='lat' dir='ltr'><strong>mihi</strong></span> <span class='ocrx_word' id='word_1_369' title='bbox 2324 2108 2471 2177; x_wconf 91' lang='lat' dir='ltr'><strong>quod</strong></span> <span class='ocrx_word' id='word_1_370' title='bbox 2516 2108 2748 2162; x_wconf 90' lang='lat' dir='ltr'><strong>alterum</strong></span> <span class='ocrx_word' id='word_1_371' title='bbox 2784 2107 2938 2162; x_wconf 90' lang='lat' dir='ltr'><strong>vobis</strong></span> <span class='ocrx_word' id='word_1_372' title='bbox 2963 2116 2987 2144; x_wconf 75' lang='grc' dir='ltr'><strong>ε</strong></span> <span class='ocrx_word' id='word_1_373' title='bbox 3018 2104 3360 2160; x_wconf 86' lang='lat' dir='ltr'><strong>invenissetis</strong></span> <span class='ocrx_word' id='word_1_374' title='bbox 3386 2103 3571 2164; x_wconf 90' lang='lat' dir='ltr'><strong>Deum,</strong></span> <span class='ocrx_word' id='word_1_375' title='bbox 3609 2094 3682 2168; x_wconf 87' lang='lat' dir='ltr'><strong>qui</strong></span> 
     </span>
    </p>
   </div>
   <div class='ocr_carea' id='block_1_51' title="bbox 2144 2187 3683 2271">
    <p class='ocr_par' dir='ltr' id='par_1_51' title="bbox 2144 2187 3683 2271">
     <span class='ocr_line' id='line_1_51' title="bbox 2144 2187 3683 2271; baseline -0.008 -17"><span class='ocrx_word' id='word_1_376' title='bbox 2144 2209 2253 2255; x_wconf 88' lang='lat' dir='ltr'><strong>tam</strong></span> <span class='ocrx_word' id='word_1_377' title='bbox 2283 2200 2478 2271; x_wconf 90' lang='lat' dir='ltr'><strong>impius</strong></span> <span class='ocrx_word' id='word_1_378' title='bbox 2505 2200 2594 2266; x_wconf 90' lang='lat' dir='ltr'><strong>sit,</strong></span> <span class='ocrx_word' id='word_1_379' title='bbox 2619 2208 2679 2254; x_wconf 92' lang='lat' dir='ltr'><strong>ut</strong></span> <span class='ocrx_word' id='word_1_380' title='bbox 2706 2214 2736 2253; x_wconf 89' lang='lat' dir='ltr'><strong>a</strong></span> <span class='ocrx_word' id='word_1_381' title='bbox 2766 2197 3078 2269; x_wconf 77' lang='lat' dir='ltr'><strong>prtcjudicio</strong></span> <span class='ocrx_word' id='word_1_382' title='bbox 3105 2194 3483 2251; x_wconf 87' lang='lat' dir='ltr'><strong>circumveniat</strong></span> <span class='ocrx_word' id='word_1_383' title='bbox 3504 2187 3683 2246; x_wconf 90' lang='lat' dir='ltr'><strong>humani</strong></span> 
     </span>
    </p>
   </div>
   <div class='ocr_carea' id='block_1_52' title="bbox 2147 2280 3684 2362">
    <p class='ocr_par' dir='ltr' id='par_1_52' title="bbox 2147 2280 3684 2362">
     <span class='ocr_line' id='line_1_52' title="bbox 2147 2280 3684 2362; baseline -0.01 -14"><span class='ocrx_word' id='word_1_384' title='bbox 2147 2292 2360 2362; x_wconf 77' lang='lat' dir='ltr'><strong>generis</strong></span> <span class='ocrx_word' id='word_1_385' title='bbox 2385 2306 2637 2357; x_wconf 87' lang='lat' dir='ltr'><strong>massam,</strong></span> <span class='ocrx_word' id='word_1_386' title='bbox 2671 2299 2725 2344; x_wconf 90' lang='lat' dir='ltr'><strong>et</strong></span> <span class='ocrx_word' id='word_1_387' title='bbox 2746 2289 2983 2345; x_wconf 90' lang='lat' dir='ltr'><strong>nondum</strong></span> <span class='ocrx_word' id='word_1_388' title='bbox 3012 2289 3122 2343; x_wconf 88' lang='lat' dir='ltr'><strong>nati</strong></span> <span class='ocrx_word' id='word_1_389' title='bbox 3149 2285 3380 2343; x_wconf 87' lang='lat' dir='ltr'><strong>hominis</strong></span> <span class='ocrx_word' id='word_1_390' title='bbox 3406 2283 3577 2338; x_wconf 83' lang='lat' dir='ltr'><strong>merita</strong></span> <span class='ocrx_word' id='word_1_391' title='bbox 3599 2280 3684 2334; x_wconf 88' lang='lat' dir='ltr'><strong>dis-</strong></span> 
     </span>
    </p>
   </div>
   <div class='ocr_carea' id='block_1_53' title="bbox 2141 2372 3684 2454">
    <p class='ocr_par' dir='ltr' id='par_1_53' title="bbox 2141 2372 3684 2454">
     <span class='ocr_line' id='line_1_53' title="bbox 2141 2372 3684 2454; baseline -0.008 -15"><span class='ocrx_word' id='word_1_392' title='bbox 2141 2381 2428 2454; x_wconf 83' lang='lat' dir='ltr'><strong>pungendo</strong></span> <span class='ocrx_word' id='word_1_393' title='bbox 2472 2380 2801 2447; x_wconf 82' lang='lat' dir='ltr'><strong>constituat,</strong></span> <span class='ocrx_word' id='word_1_394' title='bbox 2854 2395 2918 2437; x_wconf 88' lang='lat' dir='ltr'><strong>ac</strong></span> <span class='ocrx_word' id='word_1_395' title='bbox 2956 2377 3441 2451; x_wconf 69' lang='lat' dir='ltr'><strong>pmdestinationis</strong></span> <span class='ocrx_word' id='word_1_396' title='bbox 3478 2389 3573 2430; x_wconf 68' lang='lat' dir='ltr'><strong>suae</strong></span> <span class='ocrx_word' id='word_1_397' title='bbox 3592 2372 3684 2427; x_wconf 86' lang='lat' dir='ltr'><strong>vin-</strong></span> 
     </span>
    </p>
   </div>
   <div class='ocr_carea' id='block_1_54' title="bbox 2144 2472 3684 2546">
    <p class='ocr_par' dir='ltr' id='par_1_54' title="bbox 2144 2472 3684 2546">
     <span class='ocr_line' id='line_1_54' title="bbox 2144 2472 3684 2546; baseline -0.006 -15"><span class='ocrx_word' id='word_1_398' title='bbox 2144 2477 2265 2533; x_wconf 90' lang='lat' dir='ltr'><strong>culo</strong></span> <span class='ocrx_word' id='word_1_399' title='bbox 2295 2475 2364 2530; x_wconf 87' lang='lat' dir='ltr'><strong>ad</strong></span> <span class='ocrx_word' id='word_1_400' title='bbox 2397 2474 2731 2546; x_wconf 87' lang='lat' dir='ltr'><strong>peccandum</strong></span> <span class='ocrx_word' id='word_1_401' title='bbox 2754 2475 3055 2544; x_wconf 82' lang='lat' dir='ltr'><strong>astringat;</strong></span> <span class='ocrx_word' id='word_1_402' title='bbox 3087 2482 3144 2529; x_wconf 90' lang='lat' dir='ltr'><strong>et</strong></span> <span class='ocrx_word' id='word_1_403' title='bbox 3185 2473 3272 2529; x_wconf 89' lang='lat' dir='ltr'><strong>cui</strong></span> <span class='ocrx_word' id='word_1_404' title='bbox 3310 2472 3476 2526; x_wconf 89' lang='lat' dir='ltr'><strong>adhuc</strong></span> <span class='ocrx_word' id='word_1_405' title='bbox 3521 2481 3684 2525; x_wconf 56' lang='lat' dir='ltr'><strong>conci.L</strong></span> 
     </span>
    </p>
   </div>
   <div class='ocr_carea' id='block_1_55' title="bbox 2143 2560 3685 2637">
    <p class='ocr_par' dir='ltr' id='par_1_55' title="bbox 2143 2560 3685 2637">
     <span class='ocr_line' id='line_1_55' title="bbox 2143 2560 3685 2637; baseline -0.007 -16"><span class='ocrx_word' id='word_1_406' title='bbox 2143 2567 2258 2637; x_wconf 89' lang='lat' dir='ltr'><strong>ptio</strong></span> <span class='ocrx_word' id='word_1_407' title='bbox 2287 2582 2394 2621; x_wconf 92' lang='lat' dir='ltr'><strong>non</strong></span> <span class='ocrx_word' id='word_1_408' title='bbox 2417 2574 2500 2620; x_wconf 86' lang='lat' dir='ltr'><strong>est</strong></span> <span class='ocrx_word' id='word_1_409' title='bbox 2521 2605 2536 2631; x_wconf 93' lang='lat'><strong>,</strong></span> <span class='ocrx_word' id='word_1_410' title='bbox 2562 2565 2674 2636; x_wconf 88' lang='lat' dir='ltr'><strong>jam</strong></span> <span class='ocrx_word' id='word_1_411' title='bbox 2705 2565 2778 2619; x_wconf 90' lang='lat' dir='ltr'><strong>illi</strong></span> <span class='ocrx_word' id='word_1_412' title='bbox 2808 2572 3073 2636; x_wconf 75' lang='lat' dir='ltr'><strong>prteparet</strong></span> <span class='ocrx_word' id='word_1_413' title='bbox 3098 2572 3308 2620; x_wconf 60' lang='lat' dir='ltr'><strong>interna</strong></span> <span class='ocrx_word' id='word_1_414' title='bbox 3336 2560 3597 2633; x_wconf 88' lang='lat' dir='ltr'><strong>supplicia;</strong></span> <span class='ocrx_word' id='word_1_415' title='bbox 3642 2564 3685 2611; x_wconf 86' lang='lat' dir='ltr'><strong>et</strong></span> 
     </span>
    </p>
   </div>
   <div class='ocr_carea' id='block_1_56' title="bbox 2144 2652 3691 2727">
    <p class='ocr_par' dir='ltr' id='par_1_56' title="bbox 2144 2652 3691 2727">
     <span class='ocr_line' id='line_1_56' title="bbox 2144 2652 3691 2727; baseline -0.006 -13"><span class='ocrx_word' id='word_1_416' title='bbox 2144 2659 2232 2714; x_wconf 93' lang='lat' dir='ltr'><strong>eui</strong></span> <span class='ocrx_word' id='word_1_417' title='bbox 2258 2658 2433 2713; x_wconf 89' lang='lat' dir='ltr'><strong>adhuc</strong></span> <span class='ocrx_word' id='word_1_418' title='bbox 2478 2673 2586 2712; x_wconf 93' lang='lat' dir='ltr'><strong>non</strong></span> <span class='ocrx_word' id='word_1_419' title='bbox 2634 2657 2781 2712; x_wconf 86' lang='lat' dir='ltr'><strong>dedit</strong></span> <span class='ocrx_word' id='word_1_420' title='bbox 2808 2657 2943 2712; x_wconf 91' lang='lat' dir='ltr'><strong>lucis</strong></span> <span class='ocrx_word' id='word_1_421' title='bbox 2971 2657 3129 2726; x_wconf 90' lang='lat' dir='ltr'><strong>hujus</strong></span> <span class='ocrx_word' id='word_1_422' title='bbox 3159 2657 3387 2712; x_wconf 85' lang='lat' dir='ltr'><strong>labentis</strong></span> <span class='ocrx_word' id='word_1_423' title='bbox 3427 2652 3691 2727; x_wconf 78' lang='lat' dir='ltr'><strong>transitoria</strong></span> 
     </span>
    </p>
   </div>
   <div class='ocr_carea' id='block_1_57' title="bbox 2144 2750 3685 2821">
    <p class='ocr_par' dir='ltr' id='par_1_57' title="bbox 2144 2750 3685 2821">
     <span class='ocr_line' id='line_1_57' title="bbox 2144 2750 3685 2821; baseline -0.006 -15"><span class='ocrx_word' id='word_1_424' title='bbox 2144 2767 2368 2806; x_wconf 87' lang='lat' dir='ltr'><strong>munera</strong></span> <span class='ocrx_word' id='word_1_425' title='bbox 2398 2791 2413 2817; x_wconf 90' lang='lat'><strong>,</strong></span> <span class='ocrx_word' id='word_1_426' title='bbox 2459 2752 2573 2820; x_wconf 86' lang='lat' dir='ltr'><strong>jam</strong></span> <span class='ocrx_word' id='word_1_427' title='bbox 2628 2750 2705 2805; x_wconf 90' lang='lat' dir='ltr'><strong>illi</strong></span> <span class='ocrx_word' id='word_1_428' title='bbox 2751 2758 3041 2821; x_wconf 90' lang='lat' dir='ltr'><strong>perpetuas</strong></span> <span class='ocrx_word' id='word_1_429' title='bbox 3082 2750 3424 2805; x_wconf 89' lang='lat' dir='ltr'><strong>tenebrarum</strong></span> <span class='ocrx_word' id='word_1_430' title='bbox 3466 2751 3685 2817; x_wconf 67' lang='lat' dir='ltr'><strong>prteparet</strong></span> 
     </span>
    </p>
   </div>
   <div class='ocr_carea' id='block_1_58' title="bbox 2144 2837 3685 2918">
    <p class='ocr_par' dir='ltr' id='par_1_58' title="bbox 2144 2837 3685 2918">
     <span class='ocr_line' id='line_1_58' title="bbox 2144 2837 3685 2918; baseline -0.008 -17"><span class='ocrx_word' id='word_1_431' title='bbox 2144 2860 2353 2918; x_wconf 73' lang='lat' dir='ltr'><strong>pennas.</strong></span> <span class='ocrx_word' id='word_1_432' title='bbox 2414 2843 2649 2911; x_wconf 66' lang='lat' dir='ltr'><strong>Quaerite</strong></span> <span class='ocrx_word' id='word_1_433' title='bbox 2692 2844 2881 2909; x_wconf 89' lang='lat' dir='ltr'><strong>vobis,</strong></span> <span class='ocrx_word' id='word_1_434' title='bbox 2932 2851 2990 2897; x_wconf 91' lang='lat' dir='ltr'><strong>ut</strong></span> <span class='ocrx_word' id='word_1_435' title='bbox 3035 2842 3181 2908; x_wconf 76' lang='lat' dir='ltr'><strong>dixi,</strong></span> <span class='ocrx_word' id='word_1_436' title='bbox 3215 2843 3440 2896; x_wconf 88' lang='lat' dir='ltr'><strong>alterum</strong></span> <span class='ocrx_word' id='word_1_437' title='bbox 3467 2840 3611 2894; x_wconf 86' lang='lat' dir='ltr'><strong>Deum</strong></span> <span class='ocrx_word' id='word_1_438' title='bbox 3632 2837 3685 2891; x_wconf 88' lang='lat' dir='ltr'><strong>de</strong></span> 
     </span>
    </p>
   </div>
   <div class='ocr_carea' id='block_1_59' title="bbox 2150 2932 3683 3006">
    <p class='ocr_par' dir='ltr' id='par_1_59' title="bbox 2150 2932 3683 3006">
     <span class='ocr_line' id='line_1_59' title="bbox 2150 2932 3683 3006; baseline -0.008 -14"><span class='ocrx_word' id='word_1_439' title='bbox 2150 2952 2260 3006; x_wconf 90' lang='lat' dir='ltr'><strong>quo</strong></span> <span class='ocrx_word' id='word_1_440' title='bbox 2307 2935 2409 2990; x_wconf 92' lang='lat' dir='ltr'><strong>ista</strong></span> <span class='ocrx_word' id='word_1_441' title='bbox 2454 2935 2667 2990; x_wconf 85' lang='lat' dir='ltr'><strong>dicatis.</strong></span> <span class='ocrx_word' id='word_1_442' title='bbox 2726 2933 2858 2989; x_wconf 87' lang='lat' dir='ltr'><strong>Nam</strong></span> <span class='ocrx_word' id='word_1_443' title='bbox 2907 2935 3052 2989; x_wconf 86' lang='lat' dir='ltr'><strong>hunc</strong></span> <span class='ocrx_word' id='word_1_444' title='bbox 3095 2934 3249 3003; x_wconf 88' lang='lat' dir='ltr'><strong>pium</strong></span> <span class='ocrx_word' id='word_1_445' title='bbox 3312 2944 3367 2987; x_wconf 85' lang='lat' dir='ltr'><strong>et</strong></span> <span class='ocrx_word' id='word_1_446' title='bbox 3417 2932 3683 2987; x_wconf 86' lang='lat' dir='ltr'><strong>clementem</strong></span> 
     </span>
    </p>
   </div>
   <div class='ocr_carea' id='block_1_60' title="bbox 2152 3020 3683 3097">
    <p class='ocr_par' dir='ltr' id='par_1_60' title="bbox 2152 3020 3683 3097">
     <span class='ocr_line' id='line_1_60' title="bbox 2152 3020 3683 3097; baseline -0.01 -11"><span class='ocrx_word' id='word_1_447' title='bbox 2152 3029 2171 3069; x_wconf 74' lang='grc' dir='ltr'>ί</span> <span class='ocrx_word' id='word_1_448' title='bbox 2202 3036 2448 3086; x_wconf 87' lang='lat' dir='ltr'><strong>nostrum</strong></span> <span class='ocrx_word' id='word_1_449' title='bbox 2470 3042 2742 3097; x_wconf 89' lang='lat' dir='ltr'><strong>nunquam</strong></span> <span class='ocrx_word' id='word_1_450' title='bbox 2774 3027 2843 3081; x_wconf 89' lang='lat' dir='ltr'><strong>ad</strong></span> <span class='ocrx_word' id='word_1_451' title='bbox 2870 3026 2975 3081; x_wconf 88' lang='lat' dir='ltr'><strong>hoc</strong></span> <span class='ocrx_word' id='word_1_452' title='bbox 3000 3026 3395 3097; x_wconf 89' lang='lat' dir='ltr'><strong>provocabitis,</strong></span> <span class='ocrx_word' id='word_1_453' title='bbox 3427 3031 3480 3079; x_wconf 91' lang='lat' dir='ltr'><strong>ut</strong></span> <span class='ocrx_word' id='word_1_454' title='bbox 3503 3032 3524 3070; x_wconf 76' lang='grc' dir='ltr'><strong><em>ε</em></strong></span> <span class='ocrx_word' id='word_1_455' title='bbox 3545 3020 3683 3075; x_wconf 88' lang='lat' dir='ltr'><strong>saltim</strong></span> 
     </span>
    </p>
   </div>
   <div class='ocr_carea' id='block_1_61' title="bbox 2146 3114 3681 3194">
    <p class='ocr_par' dir='ltr' id='par_1_61' title="bbox 2146 3114 3681 3194">
     <span class='ocr_line' id='line_1_61' title="bbox 2146 3114 3681 3194; baseline -0.01 -15"><span class='ocrx_word' id='word_1_456' title='bbox 2146 3122 2497 3194; x_wconf 89' lang='lat' dir='ltr'><strong>blasphemiis</strong></span> <span class='ocrx_word' id='word_1_457' title='bbox 2518 3121 2714 3178; x_wconf 85' lang='lat' dir='ltr'><strong>vestris</strong></span> <span class='ocrx_word' id='word_1_458' title='bbox 2733 3128 3054 3185; x_wconf 90' lang='lat' dir='ltr'><strong>commotus,</strong></span> <span class='ocrx_word' id='word_1_459' title='bbox 3080 3120 3249 3174; x_wconf 88' lang='lat' dir='ltr'><strong>etiam</strong></span> <span class='ocrx_word' id='word_1_460' title='bbox 3268 3119 3413 3187; x_wconf 86' lang='lat' dir='ltr'><strong>vobis</strong></span> <span class='ocrx_word' id='word_1_461' title='bbox 3432 3118 3525 3172; x_wconf 90' lang='lat' dir='ltr'><strong>hoc</strong></span> <span class='ocrx_word' id='word_1_462' title='bbox 3543 3114 3681 3168; x_wconf 80' lang='lat' dir='ltr'><strong>faciat.</strong></span> 
     </span>
    </p>
   </div>
   <div class='ocr_carea' id='block_1_62' title="bbox 476 3204 3683 3297">
    <p class='ocr_par' dir='ltr' id='par_1_62' title="bbox 476 3204 3683 3297">
     <span class='ocr_line' id='line_1_62' title="bbox 476 3204 3683 3297; baseline -0.009 -11"><span class='ocrx_word' id='word_1_463' title='bbox 476 3204 619 3288; x_wconf 73' lang='lat' dir='ltr'><strong>Deus</strong></span> <span class='ocrx_word' id='word_1_464' title='bbox 644 3204 837 3285; x_wconf 71' lang='lat' dir='ltr'><strong>auctor</strong></span> <span class='ocrx_word' id='word_1_465' title='bbox 861 3236 943 3284; x_wconf 89' lang='lat' dir='ltr'><strong>est</strong></span> <span class='ocrx_word' id='word_1_466' title='bbox 968 3219 1484 3297; x_wconf 70' lang='lat' dir='ltr'><strong>praedestinationis,</strong></span> <span class='ocrx_word' id='word_1_467' title='bbox 1508 3225 1563 3275; x_wconf 84' lang='lat' dir='ltr'><strong>et</strong></span> <span class='ocrx_word' id='word_1_468' title='bbox 1585 3229 1810 3287; x_wconf 85' lang='lat' dir='ltr'><strong>operum</strong></span> <span class='ocrx_word' id='word_1_469' title='bbox 1835 3218 2052 3266; x_wconf 74' lang='lat' dir='ltr'><strong>nostro-</strong></span> <span class='ocrx_word' id='word_1_470' title='bbox 2072 3207 2117 3268; x_wconf 88' lang='lat' dir='ltr'><strong>C</strong></span> <span class='ocrx_word' id='word_1_471' title='bbox 2148 3218 2283 3273; x_wconf 81' lang='lat' dir='ltr'><strong>Nam</strong></span> <span class='ocrx_word' id='word_1_472' title='bbox 2304 3215 2398 3286; x_wconf 73' lang='lat' dir='ltr'><strong>‘qui</strong></span> <span class='ocrx_word' id='word_1_473' title='bbox 2420 3231 2516 3271; x_wconf 90' lang='lat' dir='ltr'><strong>vos</strong></span> <span class='ocrx_word' id='word_1_474' title='bbox 2537 3215 2806 3286; x_wconf 88' lang='lat' dir='ltr'><strong>patienter</strong></span> <span class='ocrx_word' id='word_1_475' title='bbox 2826 3213 3041 3280; x_wconf 85' lang='lat' dir='ltr'><strong>tolerat,</strong></span> <span class='ocrx_word' id='word_1_476' title='bbox 3057 3213 3244 3268; x_wconf 90' lang='lat' dir='ltr'><strong>nescio</strong></span> <span class='ocrx_word' id='word_1_477' title='bbox 3259 3211 3370 3282; x_wconf 87' lang='lat' dir='ltr'><strong>jam</strong></span> <span class='ocrx_word' id='word_1_478' title='bbox 3385 3210 3464 3267; x_wconf 90' lang='lat' dir='ltr'><strong>cui</strong></span> <span class='ocrx_word' id='word_1_479' title='bbox 3487 3204 3683 3280; x_wconf 86' lang='lat' dir='ltr'><strong>peccauti</strong></span> 
     </span>
    </p>
   </div>
   <div class='ocr_carea' id='block_1_63' title="bbox 463 3309 2051 3389">
    <p class='ocr_par' dir='ltr' id='par_1_63' title="bbox 463 3309 2051 3389">
     <span class='ocr_line' id='line_1_63' title="bbox 463 3309 2051 3389; baseline -0.008 -16"><span class='ocrx_word' id='word_1_480' title='bbox 463 3334 581 3373; x_wconf 87' lang='lat' dir='ltr'><strong>rum</strong></span> <span class='ocrx_word' id='word_1_481' title='bbox 611 3318 726 3389; x_wconf 88' lang='lat' dir='ltr'><strong>ipse</strong></span> <span class='ocrx_word' id='word_1_482' title='bbox 754 3324 839 3372; x_wconf 90' lang='lat' dir='ltr'><strong>est</strong></span> <span class='ocrx_word' id='word_1_483' title='bbox 858 3313 1198 3379; x_wconf 87' lang='lat' dir='ltr'><strong>constitutor,</strong></span> <span class='ocrx_word' id='word_1_484' title='bbox 1244 3310 1511 3368; x_wconf 83' lang='lat' dir='ltr'><strong>ostendite</strong></span> <span class='ocrx_word' id='word_1_485' title='bbox 1550 3309 1712 3364; x_wconf 91' lang='lat' dir='ltr'><strong>alium</strong></span> <span class='ocrx_word' id='word_1_486' title='bbox 1742 3309 1835 3379; x_wconf 90' lang='lat' dir='ltr'><strong>qui</strong></span> <span class='ocrx_word' id='word_1_487' title='bbox 1861 3309 2051 3379; x_wconf 88' lang='lat' dir='ltr'><strong>puniat</strong></span> 
     </span>
    </p>
   </div>
   <div class='ocr_carea' id='block_1_64' title="bbox 428 3401 2050 3482">
    <p class='ocr_par' dir='ltr' id='par_1_64' title="bbox 428 3401 2050 3482">
     <span class='ocr_line' id='line_1_64' title="bbox 428 3401 2050 3482; baseline -0.007 -17"><span class='ocrx_word' id='word_1_488' title='bbox 428 3451 435 3456; x_wconf 83' lang='lat'><strong>.</strong></span> <span class='ocrx_word' id='word_1_489' title='bbox 465 3410 837 3482; x_wconf 74' lang='lat' dir='ltr'><strong>przedestinata</strong></span> <span class='ocrx_word' id='word_1_490' title='bbox 866 3413 1121 3478; x_wconf 86' lang='lat' dir='ltr'><strong>peccata;</strong></span> <span class='ocrx_word' id='word_1_491' title='bbox 1149 3413 1243 3461; x_wconf 89' lang='lat' dir='ltr'><strong>aut</strong></span> <span class='ocrx_word' id='word_1_492' title='bbox 1268 3405 1312 3461; x_wconf 91' lang='lat' dir='ltr'><strong>si</strong></span> <span class='ocrx_word' id='word_1_493' title='bbox 1340 3404 1494 3475; x_wconf 88' lang='lat' dir='ltr'><strong>quasi</strong></span> <span class='ocrx_word' id='word_1_494' title='bbox 1518 3403 1697 3474; x_wconf 86' lang='lat' dir='ltr'><strong>justus</strong></span> <span class='ocrx_word' id='word_1_495' title='bbox 1726 3402 1923 3471; x_wconf 90' lang='lat' dir='ltr'><strong>injusta</strong></span> <span class='ocrx_word' id='word_1_496' title='bbox 1949 3401 2050 3455; x_wconf 85' lang='lat' dir='ltr'><strong>hu-</strong></span> 
     </span>
    </p>
   </div>
   <div class='ocr_carea' id='block_1_65' title="bbox 466 3492 2051 3571">
    <p class='ocr_par' dir='ltr' id='par_1_65' title="bbox 466 3492 2051 3571">
     <span class='ocr_line' id='line_1_65' title="bbox 466 3492 2051 3571; baseline -0.006 -15"><span class='ocrx_word' id='word_1_497' title='bbox 466 3502 611 3557; x_wconf 85' lang='lat' dir='ltr'><strong>mani</strong></span> <span class='ocrx_word' id='word_1_498' title='bbox 642 3502 821 3571; x_wconf 88' lang='lat' dir='ltr'><strong>operis</strong></span> <span class='ocrx_word' id='word_1_499' title='bbox 845 3499 982 3556; x_wconf 81' lang='lat' dir='ltr'><strong>facta</strong></span> <span class='ocrx_word' id='word_1_500' title='bbox 1011 3498 1365 3563; x_wconf 87' lang='lat' dir='ltr'><strong>condemnat,</strong></span> <span class='ocrx_word' id='word_1_501' title='bbox 1397 3495 1556 3565; x_wconf 85' lang='lat' dir='ltr'><strong>hujus</strong></span> <span class='ocrx_word' id='word_1_502' title='bbox 1585 3494 1858 3564; x_wconf 75' lang='lat' dir='ltr'><strong>injustitiae</strong></span> <span class='ocrx_word' id='word_1_503' title='bbox 1886 3492 2051 3547; x_wconf 87' lang='lat' dir='ltr'><strong>alium</strong></span> 
     </span>
    </p>
   </div>
   <div class='ocr_carea' id='block_1_66' title="bbox 466 3583 2051 3661">
    <p class='ocr_par' dir='ltr' id='par_1_66' title="bbox 466 3583 2051 3661">
     <span class='ocr_line' id='line_1_66' title="bbox 466 3583 2051 3661; baseline -0.006 -15"><span class='ocrx_word' id='word_1_504' title='bbox 466 3591 959 3661; x_wconf 73' lang='lat' dir='ltr'><strong>pmdestinatorem</strong></span> <span class='ocrx_word' id='word_1_505' title='bbox 1008 3587 1295 3645; x_wconf 89' lang='lat' dir='ltr'><strong>ostendite.</strong></span> <span class='ocrx_word' id='word_1_506' title='bbox 1351 3586 1449 3641; x_wconf 90' lang='lat' dir='ltr'><strong>Cui</strong></span> <span class='ocrx_word' id='word_1_507' title='bbox 1494 3586 1637 3640; x_wconf 91' lang='lat' dir='ltr'><strong>enim</strong></span> <span class='ocrx_word' id='word_1_508' title='bbox 1681 3584 1929 3654; x_wconf 85' lang='lat' dir='ltr'><strong>displicet</strong></span> <span class='ocrx_word' id='word_1_509' title='bbox 1970 3583 2051 3637; x_wconf 82' lang='lat' dir='ltr'><strong>fa-</strong></span> 
     </span>
    </p>
   </div>
   <div class='ocr_carea' id='block_1_67' title="bbox 469 3673 2049 3751">
    <p class='ocr_par' dir='ltr' id='par_1_67' title="bbox 469 3673 2049 3751">
     <span class='ocr_line' id='line_1_67' title="bbox 469 3673 2049 3751; baseline -0.005 -15"><span class='ocrx_word' id='word_1_510' title='bbox 469 3690 641 3748; x_wconf 82' lang='lat' dir='ltr'><strong>ctum,</strong></span> <span class='ocrx_word' id='word_1_511' title='bbox 673 3696 945 3751; x_wconf 88' lang='lat' dir='ltr'><strong>nunquam</strong></span> <span class='ocrx_word' id='word_1_512' title='bbox 981 3680 1158 3750; x_wconf 87' lang='lat' dir='ltr'><strong>potuit</strong></span> <span class='ocrx_word' id='word_1_513' title='bbox 1185 3678 1253 3732; x_wconf 85' lang='lat' dir='ltr'><strong>ab</strong></span> <span class='ocrx_word' id='word_1_514' title='bbox 1282 3692 1349 3733; x_wconf 89' lang='lat' dir='ltr'><strong>eo</strong></span> <span class='ocrx_word' id='word_1_515' title='bbox 1378 3685 1437 3732; x_wconf 93' lang='lat' dir='ltr'><strong>ut</strong></span> <span class='ocrx_word' id='word_1_516' title='bbox 1458 3676 1612 3730; x_wconf 87' lang='lat' dir='ltr'><strong>lieret</strong></span> <span class='ocrx_word' id='word_1_517' title='bbox 1633 3673 1659 3713; x_wconf 75' lang='grc' dir='ltr'>δ</span> <span class='ocrx_word' id='word_1_518' title='bbox 1681 3675 2049 3729; x_wconf 88' lang='lat' dir='ltr'><strong>constitutum.</strong></span> 
     </span>
    </p>
   </div>
   <div class='ocr_carea' id='block_1_68' title="bbox 469 3768 2054 3843">
    <p class='ocr_par' dir='ltr' id='par_1_68' title="bbox 469 3768 2054 3843">
     <span class='ocr_line' id='line_1_68' title="bbox 469 3768 2054 3843; baseline -0.002 -17"><span class='ocrx_word' id='word_1_519' title='bbox 469 3773 735 3843; x_wconf 82' lang='lat' dir='ltr'><strong>Perquam</strong></span> <span class='ocrx_word' id='word_1_520' title='bbox 775 3774 918 3828; x_wconf 89' lang='lat' dir='ltr'><strong>enim</strong></span> <span class='ocrx_word' id='word_1_521' title='bbox 958 3772 1180 3826; x_wconf 89' lang='lat' dir='ltr'><strong>stultum</strong></span> <span class='ocrx_word' id='word_1_522' title='bbox 1210 3778 1318 3837; x_wconf 88' lang='lat' dir='ltr'><strong>est,</strong></span> <span class='ocrx_word' id='word_1_523' title='bbox 1368 3771 1412 3824; x_wconf 89' lang='lat' dir='ltr'><strong>si</strong></span> <span class='ocrx_word' id='word_1_524' title='bbox 1442 3770 1615 3839; x_wconf 92' lang='lat' dir='ltr'><strong>ipsum</strong></span> <span class='ocrx_word' id='word_1_525' title='bbox 1642 3768 2054 3838; x_wconf 72' lang='lat' dir='ltr'><strong>prmdestinato-</strong></span> 
     </span>
    </p>
   </div>
   <div class='ocr_carea' id='block_1_69' title="bbox 470 3858 2056 3929">
    <p class='ocr_par' dir='ltr' id='par_1_69' title="bbox 470 3858 2056 3929">
     <span class='ocr_line' id='line_1_69' title="bbox 470 3858 2056 3929; baseline -0.002 -13"><span class='ocrx_word' id='word_1_526' title='bbox 470 3877 585 3916; x_wconf 78' lang='lat' dir='ltr'><strong>rem</strong></span> <span class='ocrx_word' id='word_1_527' title='bbox 615 3861 863 3916; x_wconf 86' lang='lat' dir='ltr'><strong>eumdem</strong></span> <span class='ocrx_word' id='word_1_528' title='bbox 890 3860 1263 3915; x_wconf 89' lang='lat' dir='ltr'><strong>damnatorem</strong></span> <span class='ocrx_word' id='word_1_529' title='bbox 1292 3874 1517 3929; x_wconf 89' lang='lat' dir='ltr'><strong>operum</strong></span> <span class='ocrx_word' id='word_1_530' title='bbox 1545 3858 1845 3914; x_wconf 80' lang='lat' dir='ltr'><strong>conﬁteris.</strong></span> <span class='ocrx_word' id='word_1_531' title='bbox 1871 3858 2056 3913; x_wconf 69' lang='lat' dir='ltr'><strong>Nullus</strong></span> 
     </span>
    </p>
   </div>
   <div class='ocr_carea' id='block_1_70' title="bbox 470 3949 2054 4020">
    <p class='ocr_par' dir='ltr' id='par_1_70' title="bbox 470 3949 2054 4020">
     <span class='ocr_line' id='line_1_70' title="bbox 470 3949 2054 4020; baseline -0.001 -15"><span class='ocrx_word' id='word_1_532' title='bbox 470 3952 613 4005; x_wconf 91' lang='lat' dir='ltr'><strong>enim</strong></span> <span class='ocrx_word' id='word_1_533' title='bbox 653 3958 764 4004; x_wconf 89' lang='lat' dir='ltr'><strong>tam</strong></span> <span class='ocrx_word' id='word_1_534' title='bbox 793 3950 987 4020; x_wconf 90' lang='lat' dir='ltr'><strong>impius</strong></span> <span class='ocrx_word' id='word_1_535' title='bbox 1025 3964 1187 4019; x_wconf 89' lang='lat' dir='ltr'><strong>quam</strong></span> <span class='ocrx_word' id='word_1_536' title='bbox 1214 3950 1259 4004; x_wconf 91' lang='lat' dir='ltr'><strong>is</strong></span> <span class='ocrx_word' id='word_1_537' title='bbox 1287 3950 1379 4018; x_wconf 91' lang='lat' dir='ltr'><strong>qui</strong></span> <span class='ocrx_word' id='word_1_538' title='bbox 1405 3964 1520 4004; x_wconf 87' lang='lat' dir='ltr'><strong>rem</strong></span> <span class='ocrx_word' id='word_1_539' title='bbox 1554 3965 1586 4004; x_wconf 89' lang='lat' dir='ltr'><strong>a</strong></span> <span class='ocrx_word' id='word_1_540' title='bbox 1615 3964 1674 4003; x_wconf 92' lang='lat' dir='ltr'><strong>se</strong></span> <span class='ocrx_word' id='word_1_541' title='bbox 1720 3949 2054 4019; x_wconf 78' lang='lat' dir='ltr'><strong>praeordina-</strong></span> 
     </span>
    </p>
   </div>
   <div class='ocr_carea' id='block_1_71' title="bbox 472 4038 2056 4111">
    <p class='ocr_par' dir='ltr' id='par_1_71' title="bbox 472 4038 2056 4111">
     <span class='ocr_line' id='line_1_71' title="bbox 472 4038 2056 4111; baseline 0.001 -17"><span class='ocrx_word' id='word_1_542' title='bbox 472 4050 579 4094; x_wconf 86' lang='lat' dir='ltr'><strong>tam</strong></span> <span class='ocrx_word' id='word_1_543' title='bbox 610 4040 930 4103; x_wconf 79' lang='lat' dir='ltr'><strong>exhorreat,</strong></span> <span class='ocrx_word' id='word_1_544' title='bbox 964 4048 1018 4095; x_wconf 91' lang='lat' dir='ltr'><strong>et</strong></span> <span class='ocrx_word' id='word_1_545' title='bbox 1047 4039 1099 4094; x_wconf 92' lang='lat' dir='ltr'><strong>id</strong></span> <span class='ocrx_word' id='word_1_546' title='bbox 1126 4040 1314 4109; x_wconf 90' lang='lat' dir='ltr'><strong>puniat</strong></span> <span class='ocrx_word' id='word_1_547' title='bbox 1342 4038 1570 4107; x_wconf 85' lang='lat' dir='ltr'><strong>factum,</strong></span> <span class='ocrx_word' id='word_1_548' title='bbox 1601 4039 1746 4110; x_wconf 90' lang='lat' dir='ltr'><strong>quod</strong></span> <span class='ocrx_word' id='word_1_549' title='bbox 1776 4040 1891 4111; x_wconf 87' lang='lat' dir='ltr'><strong>ipse</strong></span> <span class='ocrx_word' id='word_1_550' title='bbox 1919 4055 2056 4111; x_wconf 72' lang='lat' dir='ltr'><strong>prte-</strong></span> 
     </span>
    </p>
   </div>
   <div class='ocr_carea' id='block_1_72' title="bbox 470 4128 2057 4196">
    <p class='ocr_par' dir='ltr' id='par_1_72' title="bbox 470 4128 2057 4196">
     <span class='ocr_line' id='line_1_72' title="bbox 470 4128 2057 4196; baseline 0.001 -11"><span class='ocrx_word' id='word_1_551' title='bbox 470 4130 740 4185; x_wconf 87' lang='lat' dir='ltr'><strong>ordinavit</strong></span> <span class='ocrx_word' id='word_1_552' title='bbox 784 4137 844 4184; x_wconf 86' lang='lat' dir='ltr'><strong>ut</strong></span> <span class='ocrx_word' id='word_1_553' title='bbox 892 4130 1063 4185; x_wconf 81' lang='lat' dir='ltr'><strong>ﬁeret.</strong></span> <span class='ocrx_word' id='word_1_554' title='bbox 1105 4129 1216 4185; x_wconf 87' lang='lat' dir='ltr'><strong>Nisi</strong></span> <span class='ocrx_word' id='word_1_555' title='bbox 1256 4130 1301 4185; x_wconf 89' lang='lat' dir='ltr'><strong>si</strong></span> <span class='ocrx_word' id='word_1_556' title='bbox 1330 4128 1489 4196; x_wconf 87' lang='lat' dir='ltr'><strong>forte,</strong></span> <span class='ocrx_word' id='word_1_557' title='bbox 1522 4131 1703 4185; x_wconf 88' lang='lat' dir='ltr'><strong>animo</strong></span> <span class='ocrx_word' id='word_1_558' title='bbox 1733 4131 1803 4186; x_wconf 89' lang='lat' dir='ltr'><strong>ad</strong></span> <span class='ocrx_word' id='word_1_559' title='bbox 1832 4132 2057 4186; x_wconf 88' lang='lat' dir='ltr'><strong>meliora</strong></span> 
     </span>
    </p>
   </div>
   <div class='ocr_carea' id='block_1_73' title="bbox 470 4216 2059 4291">
    <p class='ocr_par' dir='ltr' id='par_1_73' title="bbox 470 4216 2059 4291">
     <span class='ocr_line' id='line_1_73' title="bbox 470 4216 2059 4291; baseline 0 -15"><span class='ocrx_word' id='word_1_560' title='bbox 470 4216 763 4287; x_wconf 81' lang='lat' dir='ltr'><strong>converso,</strong></span> <span class='ocrx_word' id='word_1_561' title='bbox 795 4221 1152 4276; x_wconf 87' lang='lat' dir='ltr'><strong>mutabilitate</strong></span> <span class='ocrx_word' id='word_1_562' title='bbox 1179 4221 1419 4288; x_wconf 88' lang='lat' dir='ltr'><strong>consilii,</strong></span> <span class='ocrx_word' id='word_1_563' title='bbox 1469 4221 1612 4290; x_wconf 87' lang='lat' dir='ltr'><strong>quod</strong></span> <span class='ocrx_word' id='word_1_564' title='bbox 1653 4222 1801 4291; x_wconf 91' lang='lat' dir='ltr'><strong>prius</strong></span> <span class='ocrx_word' id='word_1_565' title='bbox 1828 4222 1957 4276; x_wconf 81' lang='lat' dir='ltr'><strong>fecit</strong></span> <span class='ocrx_word' id='word_1_566' title='bbox 1978 4220 2059 4290; x_wconf 88' lang='lat' dir='ltr'><strong>ju-</strong></span> 
     </span>
    </p>
   </div>
   <div class='ocr_carea' id='block_1_74' title="bbox 471 4309 2058 4381">
    <p class='ocr_par' dir='ltr' id='par_1_74' title="bbox 471 4309 2058 4381">
     <span class='ocr_line' id='line_1_74' title="bbox 471 4309 2058 4381; baseline 0.003 -18"><span class='ocrx_word' id='word_1_567' title='bbox 471 4309 617 4366; x_wconf 90' lang='lat' dir='ltr'><strong>dicat</strong></span> <span class='ocrx_word' id='word_1_568' title='bbox 643 4325 761 4365; x_wconf 89' lang='lat' dir='ltr'><strong>esse</strong></span> <span class='ocrx_word' id='word_1_569' title='bbox 802 4310 1160 4366; x_wconf 89' lang='lat' dir='ltr'><strong>damnandum</strong></span> <span class='ocrx_word' id='word_1_570' title='bbox 1180 4350 1195 4375; x_wconf 93' lang='lat'><strong>,</strong></span> <span class='ocrx_word' id='word_1_571' title='bbox 1225 4313 1372 4380; x_wconf 92' lang='lat' dir='ltr'><strong>quod</strong></span> <span class='ocrx_word' id='word_1_572' title='bbox 1410 4313 1502 4381; x_wconf 91' lang='lat' dir='ltr'><strong>qui</strong></span> <span class='ocrx_word' id='word_1_573' title='bbox 1532 4313 1643 4380; x_wconf 86' lang='lat' dir='ltr'><strong>agit</strong></span> <span class='ocrx_word' id='word_1_574' title='bbox 1670 4313 1915 4367; x_wconf 80' lang='lat' dir='ltr'><strong>doctrina</strong></span> <span class='ocrx_word' id='word_1_575' title='bbox 1944 4329 2058 4368; x_wconf 92' lang='lat' dir='ltr'><strong>me-</strong></span> 
     </span>
    </p>
   </div>
   <div class='ocr_carea' id='block_1_75' title="bbox 471 4400 2059 4473">
    <p class='ocr_par' dir='ltr' id='par_1_75' title="bbox 471 4400 2059 4473">
     <span class='ocr_line' id='line_1_75' title="bbox 471 4400 2059 4473; baseline 0.002 -17"><span class='ocrx_word' id='word_1_576' title='bbox 471 4400 622 4456; x_wconf 88' lang='lat' dir='ltr'><strong>lioris</strong></span> <span class='ocrx_word' id='word_1_577' title='bbox 662 4400 972 4472; x_wconf 87' lang='lat' dir='ltr'><strong>impellitur.</strong></span> <span class='ocrx_word' id='word_1_578' title='bbox 1014 4403 1116 4469; x_wconf 89' lang='lat' dir='ltr'><strong>Qui</strong></span> <span class='ocrx_word' id='word_1_579' title='bbox 1164 4419 1292 4458; x_wconf 89' lang='lat' dir='ltr'><strong>vero</strong></span> <span class='ocrx_word' id='word_1_580' title='bbox 1323 4403 1375 4457; x_wconf 91' lang='lat' dir='ltr'><strong>in</strong></span> <span class='ocrx_word' id='word_1_581' title='bbox 1415 4404 1816 4473; x_wconf 64' lang='lat' dir='ltr'><strong>omnipotentis:</strong></span> <span class='ocrx_word' id='word_1_582' title='bbox 1861 4404 2059 4459; x_wconf 86' lang='lat' dir='ltr'><strong>virtute</strong></span> 
     </span>
    </p>
   </div>
   <div class='ocr_carea' id='block_1_76' title="bbox 471 4494 2059 4564">
    <p class='ocr_par' dir='ltr' id='par_1_76' title="bbox 471 4494 2059 4564">
     <span class='ocr_line' id='line_1_76' title="bbox 471 4494 2059 4564; baseline 0.001 -15"><span class='ocrx_word' id='word_1_583' title='bbox 471 4494 747 4558; x_wconf 86' lang='lat' dir='ltr'><strong>consistit,</strong></span> <span class='ocrx_word' id='word_1_584' title='bbox 797 4503 853 4549; x_wconf 88' lang='lat' dir='ltr'><strong>et</strong></span> <span class='ocrx_word' id='word_1_585' title='bbox 887 4509 988 4548; x_wconf 88' lang='lat' dir='ltr'><strong>nec</strong></span> <span class='ocrx_word' id='word_1_586' title='bbox 1029 4509 1213 4564; x_wconf 90' lang='lat' dir='ltr'><strong>parem</strong></span> <span class='ocrx_word' id='word_1_587' title='bbox 1241 4494 1422 4559; x_wconf 90' lang='lat' dir='ltr'><strong>novit,</strong></span> <span class='ocrx_word' id='word_1_588' title='bbox 1456 4508 1556 4548; x_wconf 91' lang='lat' dir='ltr'><strong>nec</strong></span> <span class='ocrx_word' id='word_1_589' title='bbox 1583 4494 1917 4564; x_wconf 88' lang='lat' dir='ltr'><strong>superiorem</strong></span> <span class='ocrx_word' id='word_1_590' title='bbox 1946 4509 2059 4550; x_wconf 89' lang='lat' dir='ltr'><strong>me-</strong></span> 
     </span>
    </p>
   </div>
   <div class='ocr_carea' id='block_1_77' title="bbox 474 4571 2138 4655">
    <p class='ocr_par' dir='ltr' id='par_1_77' title="bbox 474 4571 2138 4655">
     <span class='ocr_line' id='line_1_77' title="bbox 474 4571 2138 4655; baseline 0.001 -18"><span class='ocrx_word' id='word_1_591' title='bbox 474 4584 609 4650; x_wconf 89' lang='lat' dir='ltr'><strong>tuit,</strong></span> <span class='ocrx_word' id='word_1_592' title='bbox 639 4584 801 4639; x_wconf 89' lang='lat' dir='ltr'><strong>dicite</strong></span> <span class='ocrx_word' id='word_1_593' title='bbox 839 4585 993 4639; x_wconf 91' lang='lat' dir='ltr'><strong>nobis</strong></span> <span class='ocrx_word' id='word_1_594' title='bbox 1035 4585 1564 4655; x_wconf 72' lang='lat' dir='ltr'><strong>prmdestinationem</strong></span> <span class='ocrx_word' id='word_1_595' title='bbox 1590 4601 1741 4639; x_wconf 89' lang='lat' dir='ltr'><strong>suam</strong></span> <span class='ocrx_word' id='word_1_596' title='bbox 1770 4600 1877 4654; x_wconf 91' lang='lat' dir='ltr'><strong>quo</strong></span> <span class='ocrx_word' id='word_1_597' title='bbox 1905 4602 2057 4640; x_wconf 88' lang='lat' dir='ltr'><strong>com-</strong></span> <span class='ocrx_word' id='word_1_598' title='bbox 2087 4571 2138 4631; x_wconf 83' lang='lat' dir='ltr'><strong>D</strong></span> 
     </span>
    </p>
   </div>
   <div class='ocr_carea' id='block_1_78' title="bbox 473 4674 2061 4745">
    <p class='ocr_par' dir='ltr' id='par_1_78' title="bbox 473 4674 2061 4745">
     <span class='ocr_line' id='line_1_78' title="bbox 473 4674 2061 4745; baseline -0.001 -15"><span class='ocrx_word' id='word_1_599' title='bbox 473 4675 703 4743; x_wconf 82' lang='lat' dir='ltr'><strong>pellente</strong></span> <span class='ocrx_word' id='word_1_600' title='bbox 749 4674 1059 4730; x_wconf 87' lang='lat' dir='ltr'><strong>damnavit?</strong></span> <span class='ocrx_word' id='word_1_601' title='bbox 1106 4676 1231 4745; x_wconf 87' lang='lat' dir='ltr'><strong>quia</strong></span> <span class='ocrx_word' id='word_1_602' title='bbox 1279 4676 1326 4729; x_wconf 91' lang='lat' dir='ltr'><strong>si</strong></span> <span class='ocrx_word' id='word_1_603' title='bbox 1371 4675 1739 4745; x_wconf 69' lang='lat' dir='ltr'><strong>prscdestinati</strong></span> <span class='ocrx_word' id='word_1_604' title='bbox 1775 4690 1938 4745; x_wconf 89' lang='lat' dir='ltr'><strong>opera</strong></span> <span class='ocrx_word' id='word_1_605' title='bbox 1968 4690 2061 4730; x_wconf 89' lang='lat' dir='ltr'><strong>rea</strong></span> 
     </span>
    </p>
   </div>
   <div class='ocr_carea' id='block_1_79' title="bbox 474 4765 2057 4837">
    <p class='ocr_par' dir='ltr' id='par_1_79' title="bbox 474 4765 2057 4837">
     <span class='ocr_line' id='line_1_79' title="bbox 474 4765 2057 4837; baseline -0.003 -15"><span class='ocrx_word' id='word_1_606' title='bbox 474 4775 578 4832; x_wconf 87' lang='lat' dir='ltr'><strong>est,</strong></span> <span class='ocrx_word' id='word_1_607' title='bbox 604 4767 774 4821; x_wconf 91' lang='lat' dir='ltr'><strong>multo</strong></span> <span class='ocrx_word' id='word_1_608' title='bbox 802 4768 974 4836; x_wconf 85' lang='lat' dir='ltr'><strong>magis</strong></span> <span class='ocrx_word' id='word_1_609' title='bbox 1002 4766 1433 4837; x_wconf 82' lang='lat' dir='ltr'><strong>praedestinantis</strong></span> <span class='ocrx_word' id='word_1_610' title='bbox 1462 4766 1729 4820; x_wconf 89' lang='lat' dir='ltr'><strong>ordinatio</strong></span> <span class='ocrx_word' id='word_1_611' title='bbox 1750 4765 2057 4822; x_wconf 88' lang='lat' dir='ltr'><strong>criminosa.</strong></span> 
     </span>
    </p>
   </div>
   <div class='ocr_carea' id='block_1_80' title="bbox 476 4856 2063 4928">
    <p class='ocr_par' dir='ltr' id='par_1_80' title="bbox 476 4856 2063 4928">
     <span class='ocr_line' id='line_1_80' title="bbox 476 4856 2063 4928; baseline 0.001 -18"><span class='ocrx_word' id='word_1_612' title='bbox 476 4856 533 4911; x_wconf 90' lang='lat' dir='ltr'><strong>Si</strong></span> <span class='ocrx_word' id='word_1_613' title='bbox 561 4857 705 4911; x_wconf 89' lang='lat' dir='ltr'><strong>enim</strong></span> <span class='ocrx_word' id='word_1_614' title='bbox 734 4859 778 4913; x_wconf 91' lang='lat' dir='ltr'><strong>is</strong></span> <span class='ocrx_word' id='word_1_615' title='bbox 806 4859 897 4928; x_wconf 90' lang='lat' dir='ltr'><strong>qui</strong></span> <span class='ocrx_word' id='word_1_616' title='bbox 928 4858 1336 4928; x_wconf 66' lang='lat' dir='ltr'><strong>praedestinatus</strong></span> <span class='ocrx_word' id='word_1_617' title='bbox 1365 4865 1472 4924; x_wconf 89' lang='lat' dir='ltr'><strong>est,</strong></span> <span class='ocrx_word' id='word_1_618' title='bbox 1513 4873 1612 4927; x_wconf 92' lang='lat' dir='ltr'><strong>per</strong></span> <span class='ocrx_word' id='word_1_619' title='bbox 1637 4856 2063 4927; x_wconf 60' lang='lat' dir='ltr'><strong>prcedestinatio-</strong></span> 
     </span>
    </p>
   </div>
   <div class='ocr_carea' id='block_1_81' title="bbox 478 4946 2065 5018">
    <p class='ocr_par' dir='ltr' id='par_1_81' title="bbox 478 4946 2065 5018">
     <span class='ocr_line' id='line_1_81' title="bbox 478 4946 2065 5018; baseline 0.001 -18"><span class='ocrx_word' id='word_1_620' title='bbox 478 4962 599 5001; x_wconf 89' lang='lat' dir='ltr'><strong>nem</strong></span> <span class='ocrx_word' id='word_1_621' title='bbox 629 4947 797 5016; x_wconf 87' lang='lat' dir='ltr'><strong>ipsam</strong></span> <span class='ocrx_word' id='word_1_622' title='bbox 825 4963 947 5003; x_wconf 89' lang='lat' dir='ltr'><strong>reus</strong></span> <span class='ocrx_word' id='word_1_623' title='bbox 977 4955 1086 5015; x_wconf 88' lang='lat' dir='ltr'><strong>est;</strong></span> <span class='ocrx_word' id='word_1_624' title='bbox 1129 4956 1333 5018; x_wconf 87' lang='lat' dir='ltr'><strong>quanto</strong></span> <span class='ocrx_word' id='word_1_625' title='bbox 1368 4949 1540 5016; x_wconf 85' lang='lat' dir='ltr'><strong>magis</strong></span> <span class='ocrx_word' id='word_1_626' title='bbox 1568 4948 1657 5002; x_wconf 90' lang='lat' dir='ltr'><strong>ille</strong></span> <span class='ocrx_word' id='word_1_627' title='bbox 1687 4946 1839 5015; x_wconf 86' lang='lat' dir='ltr'><strong>cujus</strong></span> <span class='ocrx_word' id='word_1_628' title='bbox 1866 4946 2065 5016; x_wconf 63' lang='lat' dir='ltr'><strong>prinde-</strong></span> 
     </span>
    </p>
   </div>
   <div class='ocr_carea' id='block_1_82' title="bbox 477 5035 2064 5108">
    <p class='ocr_par' dir='ltr' id='par_1_82' title="bbox 477 5035 2064 5108">
     <span class='ocr_line' id='line_1_82' title="bbox 477 5035 2064 5108; baseline 0 -16"><span class='ocrx_word' id='word_1_629' title='bbox 477 5037 697 5092; x_wconf 89' lang='lat' dir='ltr'><strong>stiuatio</strong></span> <span class='ocrx_word' id='word_1_630' title='bbox 725 5035 863 5091; x_wconf 82' lang='lat' dir='ltr'><strong>facta</strong></span> <span class='ocrx_word' id='word_1_631' title='bbox 892 5046 994 5101; x_wconf 90' lang='lat' dir='ltr'><strong>est,</strong></span> <span class='ocrx_word' id='word_1_632' title='bbox 1027 5048 1249 5094; x_wconf 88' lang='lat' dir='ltr'><strong>vocatur</strong></span> <span class='ocrx_word' id='word_1_633' title='bbox 1270 5039 1326 5093; x_wconf 91' lang='lat' dir='ltr'><strong>in</strong></span> <span class='ocrx_word' id='word_1_634' title='bbox 1354 5039 1606 5108; x_wconf 90' lang='lat' dir='ltr'><strong>culpam?</strong></span> <span class='ocrx_word' id='word_1_635' title='bbox 1639 5036 1873 5101; x_wconf 88' lang='lat' dir='ltr'><strong>Cavete,</strong></span> <span class='ocrx_word' id='word_1_636' title='bbox 1906 5037 2064 5092; x_wconf 91' lang='lat' dir='ltr'><strong>obse-</strong></span> 
     </span>
    </p>
   </div>
   <div class='ocr_carea' id='block_1_83' title="bbox 478 5128 2065 5192">
    <p class='ocr_par' dir='ltr' id='par_1_83' title="bbox 478 5128 2065 5192">
     <span class='ocr_line' id='line_1_83' title="bbox 478 5128 2065 5192; baseline 0.001 -10"><span class='ocrx_word' id='word_1_637' title='bbox 478 5142 595 5192; x_wconf 89' lang='lat' dir='ltr'><strong>cro,</strong></span> <span class='ocrx_word' id='word_1_638' title='bbox 630 5142 695 5182; x_wconf 89' lang='lat' dir='ltr'><strong>ne</strong></span> <span class='ocrx_word' id='word_1_639' title='bbox 722 5128 839 5183; x_wconf 76' lang='lat' dir='ltr'><strong>btec</strong></span> <span class='ocrx_word' id='word_1_640' title='bbox 860 5129 1144 5184; x_wconf 90' lang='lat' dir='ltr'><strong>adulterini</strong></span> <span class='ocrx_word' id='word_1_641' title='bbox 1169 5131 1388 5186; x_wconf 91' lang='lat' dir='ltr'><strong>seminis</strong></span> <span class='ocrx_word' id='word_1_642' title='bbox 1409 5132 1608 5186; x_wconf 87' lang='lat' dir='ltr'><strong>zizania</strong></span> <span class='ocrx_word' id='word_1_643' title='bbox 1640 5140 1792 5187; x_wconf 90' lang='lat' dir='ltr'><strong>casto</strong></span> <span class='ocrx_word' id='word_1_644' title='bbox 1813 5128 2065 5185; x_wconf 68' lang='lat' dir='ltr'><strong>Ecclesim</strong></span> 
     </span>
    </p>
   </div>
   <div class='ocr_carea' id='block_1_84' title="bbox 477 5220 2064 5295">
    <p class='ocr_par' dir='ltr' id='par_1_84' title="bbox 477 5220 2064 5295">
     <span class='ocr_line' id='line_1_84' title="bbox 477 5220 2064 5295; baseline 0.004 -21"><span class='ocrx_word' id='word_1_645' title='bbox 477 5220 717 5292; x_wconf 78' lang='lat' dir='ltr'><strong>dogmati</strong></span> <span class='ocrx_word' id='word_1_646' title='bbox 759 5231 1148 5292; x_wconf 72' lang='lat' dir='ltr'><strong>aspergantur:</strong></span> <span class='ocrx_word' id='word_1_647' title='bbox 1191 5225 1316 5293; x_wconf 89' lang='lat' dir='ltr'><strong>quia</strong></span> <span class='ocrx_word' id='word_1_648' title='bbox 1343 5235 1625 5294; x_wconf 88' lang='lat' dir='ltr'><strong>peccatum</strong></span> <span class='ocrx_word' id='word_1_649' title='bbox 1656 5242 1762 5281; x_wconf 89' lang='lat' dir='ltr'><strong>non</strong></span> <span class='ocrx_word' id='word_1_650' title='bbox 1794 5241 1823 5280; x_wconf 91' lang='lat' dir='ltr'><strong>a</strong></span> <span class='ocrx_word' id='word_1_651' title='bbox 1854 5225 2064 5295; x_wconf 62' lang='lat' dir='ltr'><strong>prinde-</strong></span> 
     </span>
    </p>
   </div>
   <div class='ocr_carea' id='block_1_85' title="bbox 475 5313 2058 5385">
    <p class='ocr_par' dir='ltr' id='par_1_85' title="bbox 475 5313 2058 5385">
     <span class='ocr_line' id='line_1_85' title="bbox 475 5313 2058 5385; baseline 0.003 -19"><span class='ocrx_word' id='word_1_652' title='bbox 475 5313 713 5369; x_wconf 82' lang='lat' dir='ltr'><strong>stiuante</strong></span> <span class='ocrx_word' id='word_1_653' title='bbox 759 5314 1020 5385; x_wconf 83' lang='lat' dir='ltr'><strong>dirigitur,</strong></span> <span class='ocrx_word' id='word_1_654' title='bbox 1070 5317 1163 5371; x_wconf 90' lang='lat' dir='ltr'><strong>sed</strong></span> <span class='ocrx_word' id='word_1_655' title='bbox 1210 5334 1242 5371; x_wconf 92' lang='lat' dir='ltr'><strong>a</strong></span> <span class='ocrx_word' id='word_1_656' title='bbox 1295 5317 1636 5385; x_wconf 84' lang='lat' dir='ltr'><strong>delinquente</strong></span> <span class='ocrx_word' id='word_1_657' title='bbox 1689 5318 2058 5373; x_wconf 84' lang='lat' dir='ltr'><strong>committitur.</strong></span> 
     </span>
    </p>
   </div>
   <div class='ocr_carea' id='block_1_86' title="bbox 553 5491 1565 5563">
    <p class='ocr_par' dir='ltr' id='par_1_86' title="bbox 553 5491 1565 5563">
     <span class='ocr_line' id='line_1_86' title="bbox 553 5491 1565 5563; baseline -0.003 -17"><span class='ocrx_word' id='word_1_658' title='bbox 553 5504 575 5531; x_wconf 85' lang='grc'><strong>·</strong></span> <span class='ocrx_word' id='word_1_659' title='bbox 618 5491 715 5563; x_wconf 75' lang='lat' dir='ltr'><strong>Ms.</strong></span> <span class='ocrx_word' id='word_1_660' title='bbox 750 5492 1035 5560; x_wconf 79' lang='lat' dir='ltr'><strong>Augiense,</strong></span> <span class='ocrx_word' id='word_1_661' title='bbox 1070 5499 1221 5563; x_wconf 84' lang='lat' dir='ltr'><strong>atque</strong></span> <span class='ocrx_word' id='word_1_662' title='bbox 1252 5499 1565 5561; x_wconf 76' lang='lat' dir='ltr'><strong>peccantem.</strong></span> 
     </span>
    </p>
   </div>
   <div class='ocr_carea' id='block_1_87' title="bbox 550 5562 1206 5627">
    <p class='ocr_par' dir='ltr' id='par_1_87' title="bbox 550 5562 1206 5627">
     <span class='ocr_line' id='line_1_87' title="bbox 550 5562 1206 5627; baseline -0.005 -11"><span class='ocrx_word' id='word_1_663' title='bbox 550 5563 577 5602; x_wconf 66' lang='grc' dir='ltr'>δ</span> <span class='ocrx_word' id='word_1_664' title='bbox 625 5562 723 5617; x_wconf 83' lang='lat' dir='ltr'><strong>Ms.</strong></span> <span class='ocrx_word' id='word_1_665' title='bbox 757 5563 915 5627; x_wconf 89' lang='lat' dir='ltr'><strong>idem,</strong></span> <span class='ocrx_word' id='word_1_666' title='bbox 947 5562 1206 5616; x_wconf 79' lang='lat' dir='ltr'><strong>constitui.</strong></span> 
     </span>
    </p>
   </div>
   <div class='ocr_carea' id='block_1_88' title="bbox 554 5629 2065 5695">
    <p class='ocr_par' dir='ltr' id='par_1_88' title="bbox 554 5629 2065 5695">
     <span class='ocr_line' id='line_1_88' title="bbox 554 5629 2065 5695; baseline -0.001 -7"><span class='ocrx_word' id='word_1_667' title='bbox 554 5645 576 5672; x_wconf 73' lang='grc' dir='ltr'><strong>ο</strong></span> <span class='ocrx_word' id='word_1_668' title='bbox 619 5634 715 5688; x_wconf 79' lang='lat' dir='ltr'><strong>Ms.</strong></span> <span class='ocrx_word' id='word_1_669' title='bbox 751 5633 890 5687; x_wconf 89' lang='lat' dir='ltr'><strong>idem</strong></span> <span class='ocrx_word' id='word_1_670' title='bbox 938 5652 950 5686; x_wconf 92' lang='lat'><strong>:</strong></span> <span class='ocrx_word' id='word_1_671' title='bbox 992 5632 1054 5686; x_wconf 91' lang='lat' dir='ltr'><strong>ll.</strong></span> <span class='ocrx_word' id='word_1_672' title='bbox 1103 5631 1398 5685; x_wconf 67' lang='grc' dir='ltr'>Πιειιετιει.</span> <span class='ocrx_word' id='word_1_673' title='bbox 1454 5629 1738 5684; x_wconf 76' lang='lat' dir='ltr'><strong>Occurrunt</strong></span> <span class='ocrx_word' id='word_1_674' title='bbox 1788 5632 1884 5685; x_wconf 78' lang='lat' dir='ltr'><strong>IIOC</strong></span> <span class='ocrx_word' id='word_1_675' title='bbox 1931 5632 2065 5695; x_wconf 79' lang='lat' dir='ltr'><strong>loco,</strong></span> 
     </span>
    </p>
   </div>
   <div class='ocr_carea' id='block_1_89' title="bbox 482 5712 589 5763">
    <p class='ocr_par' dir='ltr' id='par_1_89' title="bbox 482 5712 589 5763">
     <span class='ocr_line' id='line_1_89' title="bbox 482 5712 589 5763; baseline -0.009 -7"><span class='ocrx_word' id='word_1_676' title='bbox 482 5712 589 5763; x_wconf 68' lang='lat' dir='ltr'><strong>CIC,</strong></span> 
     </span>
    </p>
   </div>
   <div class='ocr_carea' id='block_1_90' title="bbox 553 5770 1753 5836">
    <p class='ocr_par' dir='ltr' id='par_1_90' title="bbox 553 5770 1753 5836">
     <span class='ocr_line' id='line_1_90' title="bbox 553 5770 1753 5836; baseline -0.003 -11"><span class='ocrx_word' id='word_1_677' title='bbox 553 5770 579 5810; x_wconf 70' lang='grc' dir='ltr'><em>ἀ</em></span> <span class='ocrx_word' id='word_1_678' title='bbox 619 5771 717 5826; x_wconf 80' lang='lat' dir='ltr'><strong>Ms.</strong></span> <span class='ocrx_word' id='word_1_679' title='bbox 751 5770 907 5836; x_wconf 78' lang='lat' dir='ltr'><strong>idem,</strong></span> <span class='ocrx_word' id='word_1_680' title='bbox 940 5771 1250 5826; x_wconf 76' lang='lat' dir='ltr'><strong>Cnnoucr.</strong></span> <span class='ocrx_word' id='word_1_681' title='bbox 1295 5770 1573 5823; x_wconf 77' lang='lat' dir='ltr'><strong>Videamus</strong></span> <span class='ocrx_word' id='word_1_682' title='bbox 1601 5786 1753 5823; x_wconf 89' lang='lat' dir='ltr'><strong>nunc.</strong></span> 
     </span>
    </p>
   </div>
   <div class='ocr_carea' id='block_1_91' title="bbox 2153 3301 3686 3379">
    <p class='ocr_par' dir='ltr' id='par_1_91' title="bbox 2153 3301 3686 3379">
     <span class='ocr_line' id='line_1_91' title="bbox 2153 3301 3686 3379; baseline -0.009 -15"><span class='ocrx_word' id='word_1_683' title='bbox 2153 3325 2259 3364; x_wconf 91' lang='lat' dir='ltr'><strong>non</strong></span> <span class='ocrx_word' id='word_1_684' title='bbox 2284 3314 2488 3379; x_wconf 84' lang='lat' dir='ltr'><strong>parcat.</strong></span> <span class='ocrx_word' id='word_1_685' title='bbox 2548 3306 2801 3374; x_wconf 84' lang='lat' dir='ltr'><strong>Quotidie</strong></span> <span class='ocrx_word' id='word_1_686' title='bbox 2835 3306 2990 3361; x_wconf 91' lang='lat' dir='ltr'><strong>nobis</strong></span> <span class='ocrx_word' id='word_1_687' title='bbox 3022 3304 3225 3375; x_wconf 86' lang='lat' dir='ltr'><strong>injuste</strong></span> <span class='ocrx_word' id='word_1_688' title='bbox 3246 3304 3513 3374; x_wconf 80' lang='lat' dir='ltr'><strong>agentibus</strong></span> <span class='ocrx_word' id='word_1_689' title='bbox 3529 3301 3686 3357; x_wconf 77' lang='lat' dir='ltr'><strong>subve-</strong></span> 
     </span>
    </p>
   </div>
   <div class='ocr_carea' id='block_1_92' title="bbox 2153 3393 3689 3469">
    <p class='ocr_par' dir='ltr' id='par_1_92' title="bbox 2153 3393 3689 3469">
     <span class='ocr_line' id='line_1_92' title="bbox 2153 3393 3689 3469; baseline -0.007 -11"><span class='ocrx_word' id='word_1_690' title='bbox 2153 3403 2251 3469; x_wconf 91' lang='lat' dir='ltr'><strong>nit,</strong></span> <span class='ocrx_word' id='word_1_691' title='bbox 2277 3410 2331 3457; x_wconf 90' lang='lat' dir='ltr'><strong>et</strong></span> <span class='ocrx_word' id='word_1_692' title='bbox 2354 3402 2746 3457; x_wconf 89' lang='lat' dir='ltr'><strong>recentioribus</strong></span> <span class='ocrx_word' id='word_1_693' title='bbox 2766 3401 2975 3456; x_wconf 91' lang='lat' dir='ltr'><strong>delictis</strong></span> <span class='ocrx_word' id='word_1_694' title='bbox 2996 3401 3227 3456; x_wconf 89' lang='lat' dir='ltr'><strong>subinde</strong></span> <span class='ocrx_word' id='word_1_695' title='bbox 3247 3400 3531 3457; x_wconf 87' lang='lat' dir='ltr'><strong>recentiora</strong></span> <span class='ocrx_word' id='word_1_696' title='bbox 3550 3393 3689 3450; x_wconf 52' lang='lat' dir='ltr'><strong>indul.</strong></span> 
     </span>
    </p>
   </div>
   <div class='ocr_carea' id='block_1_93' title="bbox 2152 3490 3688 3562">
    <p class='ocr_par' dir='ltr' id='par_1_93' title="bbox 2152 3490 3688 3562">
     <span class='ocr_line' id='line_1_93' title="bbox 2152 3490 3688 3562; baseline -0.007 -14"><span class='ocrx_word' id='word_1_697' title='bbox 2152 3494 2347 3562; x_wconf 66' lang='lat' dir='ltr'><strong>gentim</strong></span> <span class='ocrx_word' id='word_1_698' title='bbox 2387 3507 2497 3548; x_wconf 73' lang='lat' dir='ltr'><strong>sua:</strong></span> <span class='ocrx_word' id='word_1_699' title='bbox 2529 3492 2672 3547; x_wconf 84' lang='lat' dir='ltr'><strong>dona</strong></span> <span class='ocrx_word' id='word_1_700' title='bbox 2694 3492 2970 3562; x_wconf 76' lang='lat' dir='ltr'><strong>largitur;</strong></span> <span class='ocrx_word' id='word_1_701' title='bbox 3012 3500 3067 3547; x_wconf 90' lang='lat' dir='ltr'><strong>et</strong></span> <span class='ocrx_word' id='word_1_702' title='bbox 3106 3508 3210 3548; x_wconf 90' lang='lat' dir='ltr'><strong>vos</strong></span> <span class='ocrx_word' id='word_1_703' title='bbox 3231 3492 3404 3548; x_wconf 89' lang='lat' dir='ltr'><strong>dicitis</strong></span> <span class='ocrx_word' id='word_1_704' title='bbox 3437 3490 3575 3544; x_wconf 82' lang='lat' dir='ltr'><strong>:Jam</strong></span> <span class='ocrx_word' id='word_1_705' title='bbox 3593 3492 3688 3539; x_wconf 86' lang='lat' dir='ltr'><strong>ante</strong></span> 
     </span>
    </p>
   </div>
   <div class='ocr_carea' id='block_1_94' title="bbox 2154 3580 3692 3654">
    <p class='ocr_par' dir='ltr' id='par_1_94' title="bbox 2154 3580 3692 3654">
     <span class='ocr_line' id='line_1_94' title="bbox 2154 3580 3692 3654; baseline -0.005 -17"><span class='ocrx_word' id='word_1_706' title='bbox 2154 3582 2338 3637; x_wconf 89' lang='lat' dir='ltr'><strong>mundi</strong></span> <span class='ocrx_word' id='word_1_707' title='bbox 2354 3583 2795 3640; x_wconf 88' lang='lat' dir='ltr'><strong>constitutionem</strong></span> <span class='ocrx_word' id='word_1_708' title='bbox 2818 3583 3121 3651; x_wconf 90' lang='lat' dir='ltr'><strong>indignatus</strong></span> <span class='ocrx_word' id='word_1_709' title='bbox 3133 3584 3289 3639; x_wconf 90' lang='lat' dir='ltr'><strong>nobis</strong></span> <span class='ocrx_word' id='word_1_710' title='bbox 3305 3599 3401 3654; x_wconf 90' lang='lat' dir='ltr'><strong>pro</strong></span> <span class='ocrx_word' id='word_1_711' title='bbox 3420 3580 3588 3637; x_wconf 86' lang='lat' dir='ltr'><strong>futuris</strong></span> <span class='ocrx_word' id='word_1_712' title='bbox 3602 3591 3692 3648; x_wconf 84' lang='lat' dir='ltr'><strong>pec-</strong></span> 
     </span>
    </p>
   </div>
   <div class='ocr_carea' id='block_1_95' title="bbox 2154 3669 3690 3745">
    <p class='ocr_par' dir='ltr' id='par_1_95' title="bbox 2154 3669 3690 3745">
     <span class='ocr_line' id='line_1_95' title="bbox 2154 3669 3690 3745; baseline -0.005 -17"><span class='ocrx_word' id='word_1_713' title='bbox 2154 3674 2292 3729; x_wconf 87' lang='lat' dir='ltr'><strong>catis</strong></span> <span class='ocrx_word' id='word_1_714' title='bbox 2326 3673 2727 3743; x_wconf 72' lang='lat' dir='ltr'><strong>prmdestinavit</strong></span> <span class='ocrx_word' id='word_1_715' title='bbox 2764 3674 3107 3729; x_wconf 87' lang='lat' dir='ltr'><strong>sententiam.</strong></span> <span class='ocrx_word' id='word_1_716' title='bbox 3159 3674 3220 3729; x_wconf 85' lang='lat' dir='ltr'><strong>In</strong></span> <span class='ocrx_word' id='word_1_717' title='bbox 3249 3673 3489 3745; x_wconf 63' lang='lat' dir='ltr'><strong>praesenti</strong></span> <span class='ocrx_word' id='word_1_718' title='bbox 3510 3687 3562 3725; x_wconf 89' lang='lat' dir='ltr'><strong>se</strong></span> <span class='ocrx_word' id='word_1_719' title='bbox 3579 3669 3690 3723; x_wconf 86' lang='lat' dir='ltr'><strong>blas—</strong></span> 
     </span>
    </p>
   </div>
   <div class='ocr_carea' id='block_1_96' title="bbox 2156 3762 3692 3835">
    <p class='ocr_par' dir='ltr' id='par_1_96' title="bbox 2156 3762 3692 3835">
     <span class='ocr_line' id='line_1_96' title="bbox 2156 3762 3692 3835; baseline -0.005 -17"><span class='ocrx_word' id='word_1_720' title='bbox 2156 3764 2535 3835; x_wconf 83' lang='lat' dir='ltr'><strong>pltemantibus</strong></span> <span class='ocrx_word' id='word_1_721' title='bbox 2555 3765 2767 3820; x_wconf 85' lang='lat' dir='ltr'><strong>veniam</strong></span> <span class='ocrx_word' id='word_1_722' title='bbox 2793 3765 3010 3832; x_wconf 87' lang='lat' dir='ltr'><strong>tribuit;</strong></span> <span class='ocrx_word' id='word_1_723' title='bbox 3040 3772 3096 3820; x_wconf 90' lang='lat' dir='ltr'><strong>et</strong></span> <span class='ocrx_word' id='word_1_724' title='bbox 3119 3781 3222 3822; x_wconf 88' lang='lat' dir='ltr'><strong>vos</strong></span> <span class='ocrx_word' id='word_1_725' title='bbox 3241 3765 3416 3822; x_wconf 89' lang='lat' dir='ltr'><strong>dicitis</strong></span> <span class='ocrx_word' id='word_1_726' title='bbox 3441 3782 3452 3817; x_wconf 94' lang='lat'>:</span> <span class='ocrx_word' id='word_1_727' title='bbox 3475 3762 3579 3818; x_wconf 87' lang='lat' dir='ltr'><strong>Jam</strong></span> <span class='ocrx_word' id='word_1_728' title='bbox 3599 3768 3692 3813; x_wconf 85' lang='lat' dir='ltr'><strong>tunc</strong></span> 
     </span>
    </p>
   </div>
   <div class='ocr_carea' id='block_1_97' title="bbox 2156 3848 3692 3928">
    <p class='ocr_par' dir='ltr' id='par_1_97' title="bbox 2156 3848 3692 3928">
     <span class='ocr_line' id='line_1_97' title="bbox 2156 3848 3692 3928; baseline -0.006 -18"><span class='ocrx_word' id='word_1_729' title='bbox 2156 3857 2463 3925; x_wconf 86' lang='lat' dir='ltr'><strong>indignatus</strong></span> <span class='ocrx_word' id='word_1_730' title='bbox 2501 3864 2583 3912; x_wconf 91' lang='lat' dir='ltr'><strong>est</strong></span> <span class='ocrx_word' id='word_1_731' title='bbox 2608 3856 2631 3894; x_wconf 67' lang='grc' dir='ltr'><strong>ιι</strong></span> <span class='ocrx_word' id='word_1_732' title='bbox 2656 3868 2845 3913; x_wconf 87' lang='lat' dir='ltr'><strong>contra</strong></span> <span class='ocrx_word' id='word_1_733' title='bbox 2883 3865 3227 3928; x_wconf 89' lang='lat' dir='ltr'><strong>peccaturos,</strong></span> <span class='ocrx_word' id='word_1_734' title='bbox 3262 3866 3318 3913; x_wconf 92' lang='lat' dir='ltr'><strong>et</strong></span> <span class='ocrx_word' id='word_1_735' title='bbox 3350 3848 3692 3928; x_wconf 65' lang='lat' dir='ltr'><strong>pratdestinavit</strong></span> 
     </span>
    </p>
   </div>
   <div class='ocr_carea' id='block_1_98' title="bbox 2157 3944 3692 4020">
    <p class='ocr_par' dir='ltr' id='par_1_98' title="bbox 2157 3944 3692 4020">
     <span class='ocr_line' id='line_1_98' title="bbox 2157 3944 3692 4020; baseline -0.006 -15"><span class='ocrx_word' id='word_1_736' title='bbox 2157 3965 2254 4005; x_wconf 90' lang='lat' dir='ltr'><strong>eos</strong></span> <span class='ocrx_word' id='word_1_737' title='bbox 2275 3950 2343 4005; x_wconf 87' lang='lat' dir='ltr'><strong>ad</strong></span> <span class='ocrx_word' id='word_1_738' title='bbox 2372 3958 2627 4014; x_wconf 88' lang='lat' dir='ltr'><strong>mortem,</strong></span> <span class='ocrx_word' id='word_1_739' title='bbox 2661 3950 2877 4019; x_wconf 90' lang='lat' dir='ltr'><strong>quando</strong></span> <span class='ocrx_word' id='word_1_740' title='bbox 2910 3950 3082 4020; x_wconf 89' lang='lat' dir='ltr'><strong>prima</strong></span> <span class='ocrx_word' id='word_1_741' title='bbox 3110 3950 3423 4006; x_wconf 88' lang='lat' dir='ltr'><strong>liniamenta</strong></span> <span class='ocrx_word' id='word_1_742' title='bbox 3439 3944 3692 4017; x_wconf 76' lang='lat' dir='ltr'><strong>generatio-</strong></span> 
     </span>
    </p>
   </div>
   <div class='ocr_carea' id='block_1_99' title="bbox 2158 4033 3693 4109">
    <p class='ocr_par' dir='ltr' id='par_1_99' title="bbox 2158 4033 3693 4109">
     <span class='ocr_line' id='line_1_99' title="bbox 2158 4033 3693 4109; baseline -0.008 -14"><span class='ocrx_word' id='word_1_743' title='bbox 2158 4041 2244 4096; x_wconf 90' lang='lat' dir='ltr'><strong>nis</strong></span> <span class='ocrx_word' id='word_1_744' title='bbox 2287 4041 2538 4095; x_wconf 70' lang='lat' dir='ltr'><strong>humanzc</strong></span> <span class='ocrx_word' id='word_1_745' title='bbox 2578 4039 2848 4095; x_wconf 80' lang='lat' dir='ltr'><strong>tenuavit.</strong></span> <span class='ocrx_word' id='word_1_746' title='bbox 2897 4038 3015 4094; x_wconf 84' lang='lat' dir='ltr'><strong>Jam</strong></span> <span class='ocrx_word' id='word_1_747' title='bbox 3043 4054 3174 4109; x_wconf 85' lang='lat' dir='ltr'><strong>ergo</strong></span> <span class='ocrx_word' id='word_1_748' title='bbox 3211 4048 3342 4095; x_wconf 89' lang='lat' dir='ltr'><strong>tunc</strong></span> <span class='ocrx_word' id='word_1_749' title='bbox 3361 4040 3463 4106; x_wconf 84' lang='lat' dir='ltr'><strong>egit</strong></span> <span class='ocrx_word' id='word_1_750' title='bbox 3482 4033 3693 4105; x_wconf 85' lang='lat' dir='ltr'><strong>judicium</strong></span> 
     </span>
    </p>
   </div>
   <div class='ocr_carea' id='block_1_100' title="bbox 2159 4122 3693 4200">
    <p class='ocr_par' dir='ltr' id='par_1_100' title="bbox 2159 4122 3693 4200">
     <span class='ocr_line' id='line_1_100' title="bbox 2159 4122 3693 4200; baseline -0.006 -14"><span class='ocrx_word' id='word_1_751' title='bbox 2159 4131 2361 4197; x_wconf 90' lang='lat' dir='ltr'><strong>mundi,</strong></span> <span class='ocrx_word' id='word_1_752' title='bbox 2387 4139 2674 4199; x_wconf 90' lang='lat' dir='ltr'><strong>antequam</strong></span> <span class='ocrx_word' id='word_1_753' title='bbox 2707 4131 2881 4200; x_wconf 87' lang='lat' dir='ltr'><strong>ipsum</strong></span> <span class='ocrx_word' id='word_1_754' title='bbox 2923 4131 3183 4186; x_wconf 91' lang='lat' dir='ltr'><strong>mundum</strong></span> <span class='ocrx_word' id='word_1_755' title='bbox 3222 4138 3494 4193; x_wconf 88' lang='lat' dir='ltr'><strong>statueret,</strong></span> <span class='ocrx_word' id='word_1_756' title='bbox 3530 4133 3579 4180; x_wconf 89' lang='lat' dir='ltr'><strong>ut</strong></span> <span class='ocrx_word' id='word_1_757' title='bbox 3608 4122 3693 4191; x_wconf 77' lang='lat' dir='ltr'><strong>jam</strong></span> 
     </span>
    </p>
   </div>
   <div class='ocr_carea' id='block_1_101' title="bbox 2158 4213 3696 4294">
    <p class='ocr_par' dir='ltr' id='par_1_101' title="bbox 2158 4213 3696 4294">
     <span class='ocr_line' id='line_1_101' title="bbox 2158 4213 3696 4294; baseline -0.01 -16"><span class='ocrx_word' id='word_1_758' title='bbox 2158 4232 2283 4294; x_wconf 88' lang='lat' dir='ltr'><strong>post</strong></span> <span class='ocrx_word' id='word_1_759' title='bbox 2307 4221 2464 4277; x_wconf 83' lang='lat' dir='ltr'><strong>ﬁnem</strong></span> <span class='ocrx_word' id='word_1_760' title='bbox 2479 4222 2657 4278; x_wconf 77' lang='lat' dir='ltr'><strong>saeculi</strong></span> <span class='ocrx_word' id='word_1_761' title='bbox 2682 4238 2789 4277; x_wconf 89' lang='lat' dir='ltr'><strong>non</strong></span> <span class='ocrx_word' id='word_1_762' title='bbox 2815 4221 3055 4276; x_wconf 87' lang='lat' dir='ltr'><strong>inveniat</strong></span> <span class='ocrx_word' id='word_1_763' title='bbox 3086 4220 3100 4259; x_wconf 82' lang='grc' dir='ltr'><strong>ί</strong></span> <span class='ocrx_word' id='word_1_764' title='bbox 3139 4236 3302 4291; x_wconf 90' lang='lat' dir='ltr'><strong>quem</strong></span> <span class='ocrx_word' id='word_1_765' title='bbox 3323 4220 3518 4292; x_wconf 89' lang='lat' dir='ltr'><strong>punire.</strong></span> <span class='ocrx_word' id='word_1_766' title='bbox 3557 4213 3696 4268; x_wconf 82' lang='lat' dir='ltr'><strong>Labo-</strong></span> 
     </span>
    </p>
   </div>
   <div class='ocr_carea' id='block_1_102' title="bbox 2160 4303 3697 4375">
    <p class='ocr_par' dir='ltr' id='par_1_102' title="bbox 2160 4303 3697 4375">
     <span class='ocr_line' id='line_1_102' title="bbox 2160 4303 3697 4375; baseline -0.012 -6"><span class='ocrx_word' id='word_1_767' title='bbox 2160 4330 2276 4369; x_wconf 86' lang='lat' dir='ltr'><strong>rem</strong></span> <span class='ocrx_word' id='word_1_768' title='bbox 2314 4314 2414 4368; x_wconf 88' lang='lat' dir='ltr'><strong>sibi</strong></span> <span class='ocrx_word' id='word_1_769' title='bbox 2454 4312 2590 4367; x_wconf 82' lang='lat' dir='ltr'><strong>l‘orte</strong></span> <span class='ocrx_word' id='word_1_770' title='bbox 2620 4312 2789 4367; x_wconf 86' lang='lat' dir='ltr'><strong>voluit</strong></span> <span class='ocrx_word' id='word_1_771' title='bbox 2811 4303 3020 4375; x_wconf 83' lang='lat' dir='ltr'><strong>tollere,</strong></span> <span class='ocrx_word' id='word_1_772' title='bbox 3044 4305 3697 4371; x_wconf 79' lang='lat' dir='ltr'><strong>etneimnoecurreretpost</strong></span> 
     </span>
    </p>
   </div>
   <div class='ocr_carea' id='block_1_103' title="bbox 2161 4387 3696 4473">
    <p class='ocr_par' dir='ltr' id='par_1_103' title="bbox 2161 4387 3696 4473">
     <span class='ocr_line' id='line_1_103' title="bbox 2161 4387 3696 4473; baseline -0.014 -13"><span class='ocrx_word' id='word_1_773' title='bbox 2161 4406 2303 4461; x_wconf 78' lang='lat' dir='ltr'><strong>facta</strong></span> <span class='ocrx_word' id='word_1_774' title='bbox 2327 4420 2420 4460; x_wconf 90' lang='lat' dir='ltr'><strong>sua</strong></span> <span class='ocrx_word' id='word_1_775' title='bbox 2467 4405 2713 4459; x_wconf 83' lang='lat' dir='ltr'><strong>homines</strong></span> <span class='ocrx_word' id='word_1_776' title='bbox 2753 4402 3027 4473; x_wconf 88' lang='lat' dir='ltr'><strong>judicare,</strong></span> <span class='ocrx_word' id='word_1_777' title='bbox 3079 4409 3206 4456; x_wconf 89' lang='lat' dir='ltr'><strong>ante</strong></span> <span class='ocrx_word' id='word_1_778' title='bbox 3231 4416 3326 4455; x_wconf 91' lang='lat' dir='ltr'><strong>eos</strong></span> <span class='ocrx_word' id='word_1_779' title='bbox 3353 4387 3696 4469; x_wconf 78' lang='lat' dir='ltr'><strong>pncdestinavit</strong></span> 
     </span>
    </p>
   </div>
   <div class='ocr_carea' id='block_1_104' title="bbox 2162 4486 3695 4565">
    <p class='ocr_par' dir='ltr' id='par_1_104' title="bbox 2162 4486 3695 4565">
     <span class='ocr_line' id='line_1_104' title="bbox 2162 4486 3695 4565; baseline -0.007 -16"><span class='ocrx_word' id='word_1_780' title='bbox 2162 4496 2229 4550; x_wconf 89' lang='lat' dir='ltr'><strong>ad</strong></span> <span class='ocrx_word' id='word_1_781' title='bbox 2260 4502 2540 4557; x_wconf 64' lang='lat' dir='ltr'><strong>mortem.</strong></span> <span class='ocrx_word' id='word_1_782' title='bbox 2555 4509 2714 4565; x_wconf 87' lang='lat' dir='ltr'><strong>quam</strong></span> <span class='ocrx_word' id='word_1_783' title='bbox 2770 4500 3083 4547; x_wconf 85' lang='lat' dir='ltr'><strong>crearentur</strong></span> <span class='ocrx_word' id='word_1_784' title='bbox 3109 4491 3176 4546; x_wconf 89' lang='lat' dir='ltr'><strong>ad</strong></span> <span class='ocrx_word' id='word_1_785' title='bbox 3226 4492 3406 4545; x_wconf 89' lang='lat' dir='ltr'><strong>vitam.</strong></span> <span class='ocrx_word' id='word_1_786' title='bbox 3439 4486 3499 4540; x_wconf 87' lang='lat' dir='ltr'><strong>Et</strong></span> <span class='ocrx_word' id='word_1_787' title='bbox 3533 4493 3695 4538; x_wconf 67' lang='lat' dir='ltr'><strong>tamen.</strong></span> 
     </span>
    </p>
   </div>
   <div class='ocr_carea' id='block_1_105' title="bbox 2162 4582 3692 4656">
    <p class='ocr_par' dir='ltr' id='par_1_105' title="bbox 2162 4582 3692 4656">
     <span class='ocr_line' id='line_1_105' title="bbox 2162 4582 3692 4656; baseline -0.012 -15"><span class='ocrx_word' id='word_1_788' title='bbox 2162 4587 2208 4642; x_wconf 83' lang='lat' dir='ltr'><strong>si</strong></span> <span class='ocrx_word' id='word_1_789' title='bbox 2231 4587 2343 4656; x_wconf 88' lang='lat' dir='ltr'><strong>ipse</strong></span> <span class='ocrx_word' id='word_1_790' title='bbox 2372 4585 2574 4640; x_wconf 90' lang='lat' dir='ltr'><strong>creavit</strong></span> <span class='ocrx_word' id='word_1_791' title='bbox 2599 4600 2735 4653; x_wconf 90' lang='lat' dir='ltr'><strong>quos</strong></span> <span class='ocrx_word' id='word_1_792' title='bbox 2763 4583 3163 4653; x_wconf 59' lang='lat' dir='ltr'><strong>praedestinavit</strong></span> <span class='ocrx_word' id='word_1_793' title='bbox 3207 4582 3276 4636; x_wconf 88' lang='lat' dir='ltr'><strong>ad</strong></span> <span class='ocrx_word' id='word_1_794' title='bbox 3304 4595 3511 4652; x_wconf 66' lang='lat' dir='ltr'><strong>pinnas,</strong></span> <span class='ocrx_word' id='word_1_795' title='bbox 3534 4584 3692 4645; x_wconf 64' lang='lat' dir='ltr'><strong>puerec</strong></span> 
     </span>
    </p>
   </div>
   <div class='ocr_carea' id='block_1_106' title="bbox 2164 4665 3692 4743">
    <p class='ocr_par' dir='ltr' id='par_1_106' title="bbox 2164 4665 3692 4743">
     <span class='ocr_line' id='line_1_106' title="bbox 2164 4665 3692 4743; baseline -0.011 -11"><span class='ocrx_word' id='word_1_796' title='bbox 2164 4678 2246 4732; x_wconf 89' lang='lat' dir='ltr'><strong>nit</strong></span> <span class='ocrx_word' id='word_1_797' title='bbox 2272 4677 2522 4731; x_wconf 88' lang='lat' dir='ltr'><strong>meritum</strong></span> <span class='ocrx_word' id='word_1_798' title='bbox 2543 4674 2849 4737; x_wconf 77' lang='lat' dir='ltr'><strong>occidendi;</strong></span> <span class='ocrx_word' id='word_1_799' title='bbox 2880 4675 3039 4743; x_wconf 89' lang='lat' dir='ltr'><strong>etqui</strong></span> <span class='ocrx_word' id='word_1_800' title='bbox 3061 4674 3238 4729; x_wconf 85' lang='lat' dir='ltr'><strong>adhuc</strong></span> <span class='ocrx_word' id='word_1_801' title='bbox 3268 4688 3375 4728; x_wconf 89' lang='lat' dir='ltr'><strong>non</strong></span> <span class='ocrx_word' id='word_1_802' title='bbox 3392 4665 3692 4738; x_wconf 67' lang='lat' dir='ltr'><strong>cmpitvivere</strong></span> 
     </span>
    </p>
   </div>
   <div class='ocr_carea' id='block_1_107' title="bbox 2162 4753 3694 4836">
    <p class='ocr_par' dir='ltr' id='par_1_107' title="bbox 2162 4753 3694 4836">
     <span class='ocr_line' id='line_1_107' title="bbox 2162 4753 3694 4836; baseline -0.008 -13"><span class='ocrx_word' id='word_1_803' title='bbox 2162 4768 2484 4823; x_wconf 87' lang='lat' dir='ltr'><strong>sententiam</strong></span> <span class='ocrx_word' id='word_1_804' title='bbox 2505 4767 2619 4836; x_wconf 88' lang='lat' dir='ltr'><strong>jam</strong></span> <span class='ocrx_word' id='word_1_805' title='bbox 2646 4776 2859 4821; x_wconf 66' lang='lat' dir='ltr'><strong>(eterna:</strong></span> <span class='ocrx_word' id='word_1_806' title='bbox 2886 4766 3075 4820; x_wconf 85' lang='lat' dir='ltr'><strong>mortis</strong></span> <span class='ocrx_word' id='word_1_807' title='bbox 3104 4766 3327 4836; x_wconf 83' lang='lat' dir='ltr'><strong>accepit.</strong></span> <span class='ocrx_word' id='word_1_808' title='bbox 3347 4753 3458 4819; x_wconf 72' lang='lat' dir='ltr'><strong>Hoc</strong></span> <span class='ocrx_word' id='word_1_809' title='bbox 3484 4762 3603 4815; x_wconf 88' lang='lat' dir='ltr'><strong>Deus</strong></span> <span class='ocrx_word' id='word_1_810' title='bbox 3627 4768 3694 4807; x_wconf 85' lang='lat' dir='ltr'><strong>n0-</strong></span> 
     </span>
    </p>
   </div>
   <div class='ocr_carea' id='block_1_108' title="bbox 2164 4842 3693 4928">
    <p class='ocr_par' dir='ltr' id='par_1_108' title="bbox 2164 4842 3693 4928">
     <span class='ocr_line' id='line_1_108' title="bbox 2164 4842 3693 4928; baseline -0.007 -14"><span class='ocrx_word' id='word_1_811' title='bbox 2164 4868 2275 4915; x_wconf 89' lang='lat' dir='ltr'><strong>ster</strong></span> <span class='ocrx_word' id='word_1_812' title='bbox 2301 4873 2575 4928; x_wconf 85' lang='lat' dir='ltr'><strong>nunquam</strong></span> <span class='ocrx_word' id='word_1_813' title='bbox 2607 4857 2731 4912; x_wconf 80' lang='lat' dir='ltr'><strong>fecit</strong></span> <span class='ocrx_word' id='word_1_814' title='bbox 2763 4876 2775 4909; x_wconf 91' lang='lat'><strong>:</strong></span> <span class='ocrx_word' id='word_1_815' title='bbox 2806 4855 2848 4912; x_wconf 90' lang='lat' dir='ltr'><strong>si</strong></span> <span class='ocrx_word' id='word_1_816' title='bbox 2883 4864 3058 4910; x_wconf 82' lang='lat' dir='ltr'><strong>vester</strong></span> <span class='ocrx_word' id='word_1_817' title='bbox 3096 4864 3181 4911; x_wconf 90' lang='lat' dir='ltr'><strong>est</strong></span> <span class='ocrx_word' id='word_1_818' title='bbox 3224 4855 3415 4925; x_wconf 90' lang='lat' dir='ltr'><strong>aliquis</strong></span> <span class='ocrx_word' id='word_1_819' title='bbox 3454 4852 3602 4913; x_wconf 88' lang='lat' dir='ltr'><strong>alius,</strong></span> <span class='ocrx_word' id='word_1_820' title='bbox 3624 4842 3693 4913; x_wconf 70' lang='grc' dir='ltr'>ἱιιεί</span> 
     </span>
    </p>
   </div>
   <div class='ocr_carea' id='block_1_109' title="bbox 2167 4936 3699 5021">
    <p class='ocr_par' dir='ltr' id='par_1_109' title="bbox 2167 4936 3699 5021">
     <span class='ocr_line' id='line_1_109' title="bbox 2167 4936 3699 5021; baseline -0.009 -13"><span class='ocrx_word' id='word_1_821' title='bbox 2167 4954 2299 5008; x_wconf 88' lang='lat' dir='ltr'><strong>istas</strong></span> <span class='ocrx_word' id='word_1_822' title='bbox 2340 4954 2575 5019; x_wconf 82' lang='lat' dir='ltr'><strong>irrogatc</strong></span> <span class='ocrx_word' id='word_1_823' title='bbox 2614 4951 2993 5021; x_wconf 86' lang='lat' dir='ltr'><strong>blaspbetnias.</strong></span> <span class='ocrx_word' id='word_1_824' title='bbox 3019 4949 3095 5006; x_wconf 90' lang='lat' dir='ltr'><strong>De</strong></span> <span class='ocrx_word' id='word_1_825' title='bbox 3118 4951 3227 5005; x_wconf 91' lang='lat' dir='ltr'><strong>Deo</strong></span> <span class='ocrx_word' id='word_1_826' title='bbox 3250 4959 3427 5005; x_wconf 86' lang='lat' dir='ltr'><strong>autem</strong></span> <span class='ocrx_word' id='word_1_827' title='bbox 3455 4954 3617 5002; x_wconf 82' lang='lat' dir='ltr'><strong>nostro</strong></span> <span class='ocrx_word' id='word_1_828' title='bbox 3639 4936 3699 4992; x_wconf 85' lang='lat' dir='ltr'><strong>di-</strong></span> 
     </span>
    </p>
   </div>
   <div class='ocr_carea' id='block_1_110' title="bbox 2167 5038 3699 5113">
    <p class='ocr_par' dir='ltr' id='par_1_110' title="bbox 2167 5038 3699 5113">
     <span class='ocr_line' id='line_1_110' title="bbox 2167 5038 3699 5113; baseline -0.007 -15"><span class='ocrx_word' id='word_1_829' title='bbox 2167 5044 2241 5099; x_wconf 89' lang='lat' dir='ltr'><strong>cit</strong></span> <span class='ocrx_word' id='word_1_830' title='bbox 2289 5043 2591 5113; x_wconf 77' lang='lat' dir='ltr'><strong>propheta:</strong></span> <span class='ocrx_word' id='word_1_831' title='bbox 2644 5041 2770 5096; x_wconf 65' lang='lat' dir='ltr'><strong>l’iro</strong></span> <span class='ocrx_word' id='word_1_832' title='bbox 2809 5059 2922 5113; x_wconf 85' lang='lat' dir='ltr'><strong>ego,</strong></span> <span class='ocrx_word' id='word_1_833' title='bbox 2972 5043 3097 5096; x_wconf 87' lang='lat' dir='ltr'><strong>dicit</strong></span> <span class='ocrx_word' id='word_1_834' title='bbox 3142 5041 3423 5106; x_wconf 84' lang='lat' dir='ltr'><strong>Dominus;</strong></span> <span class='ocrx_word' id='word_1_835' title='bbox 3468 5038 3574 5110; x_wconf 83' lang='lat' dir='ltr'><strong>quia</strong></span> <span class='ocrx_word' id='word_1_836' title='bbox 3612 5043 3699 5085; x_wconf 74' lang='lat' dir='ltr'><strong>cum</strong></span> 
     </span>
    </p>
   </div>
   <div class='ocr_carea' id='block_1_111' title="bbox 2167 5125 3698 5206">
    <p class='ocr_par' dir='ltr' id='par_1_111' title="bbox 2167 5125 3698 5206">
     <span class='ocr_line' id='line_1_111' title="bbox 2167 5125 3698 5206; baseline -0.01 -16"><span class='ocrx_word' id='word_1_837' title='bbox 2167 5137 2347 5190; x_wconf 75' lang='lat' dir='ltr'><strong>dixero</strong></span> <span class='ocrx_word' id='word_1_838' title='bbox 2364 5137 2621 5206; x_wconf 84' lang='lat' dir='ltr'><strong>peccatori</strong></span> <span class='ocrx_word' id='word_1_839' title='bbox 2646 5152 2662 5189; x_wconf 92' lang='lat'><strong><em>:</em></strong></span> <span class='ocrx_word' id='word_1_840' title='bbox 2691 5134 2861 5189; x_wconf 78' lang='lat' dir='ltr'><strong>Morte</strong></span> <span class='ocrx_word' id='word_1_841' title='bbox 2886 5136 3136 5198; x_wconf 82' lang='lat' dir='ltr'><strong>morieris,</strong></span> <span class='ocrx_word' id='word_1_842' title='bbox 3168 5146 3215 5189; x_wconf 83' lang='lat' dir='ltr'><strong>et</strong></span> <span class='ocrx_word' id='word_1_843' title='bbox 3238 5144 3469 5205; x_wconf 84' lang='lat' dir='ltr'><strong>peccator</strong></span> <span class='ocrx_word' id='word_1_844' title='bbox 3487 5147 3536 5184; x_wconf 85' lang='lat' dir='ltr'><strong>se</strong></span> <span class='ocrx_word' id='word_1_845' title='bbox 3559 5125 3698 5180; x_wconf 77' lang='lat' dir='ltr'><strong>abstu-</strong></span> 
     </span>
    </p>
   </div>
   <div class='ocr_carea' id='block_1_112' title="bbox 2167 5216 3700 5298">
    <p class='ocr_par' dir='ltr' id='par_1_112' title="bbox 2167 5216 3700 5298">
     <span class='ocr_line' id='line_1_112' title="bbox 2167 5216 3700 5298; baseline -0.006 -15"><span class='ocrx_word' id='word_1_846' title='bbox 2167 5229 2282 5283; x_wconf 86' lang='lat' dir='ltr'><strong>lerit</strong></span> <span class='ocrx_word' id='word_1_847' title='bbox 2321 5245 2352 5280; x_wconf 94' lang='lat' dir='ltr'><strong>a</strong></span> <span class='ocrx_word' id='word_1_848' title='bbox 2398 5229 2481 5282; x_wconf 84' lang='lat' dir='ltr'><strong>via</strong></span> <span class='ocrx_word' id='word_1_849' title='bbox 2511 5244 2604 5280; x_wconf 85' lang='lat' dir='ltr'><strong>sua</strong></span> <span class='ocrx_word' id='word_1_850' title='bbox 2634 5228 2793 5290; x_wconf 86' lang='lat' dir='ltr'><strong>mala,</strong></span> <span class='ocrx_word' id='word_1_851' title='bbox 2838 5237 2889 5281; x_wconf 85' lang='lat' dir='ltr'><strong>et</strong></span> <span class='ocrx_word' id='word_1_852' title='bbox 2916 5246 2946 5281; x_wconf 86' lang='grc' dir='ltr'>α</span> <span class='ocrx_word' id='word_1_853' title='bbox 2976 5229 3161 5283; x_wconf 83' lang='lat' dir='ltr'><strong>studiis</strong></span> <span class='ocrx_word' id='word_1_854' title='bbox 3187 5230 3295 5282; x_wconf 87' lang='lat' dir='ltr'><strong>suis</strong></span> <span class='ocrx_word' id='word_1_855' title='bbox 3336 5224 3576 5298; x_wconf 84' lang='lat' dir='ltr'><strong>pessimis,</strong></span> <span class='ocrx_word' id='word_1_856' title='bbox 3618 5216 3700 5269; x_wconf 70' lang='grc' dir='ltr'><strong>ι’ἔῑίο</strong></span> 
     </span>
    </p>
   </div>
   <div class='ocr_carea' id='block_1_113' title="bbox 2164 5309 3699 5390">
    <p class='ocr_par' dir='ltr' id='par_1_113' title="bbox 2164 5309 3699 5390">
     <span class='ocr_line' id='line_1_113' title="bbox 2164 5309 3699 5390; baseline -0.006 -17"><span class='ocrx_word' id='word_1_857' title='bbox 2164 5336 2279 5390; x_wconf 81' lang='lat' dir='ltr'><strong>ego,</strong></span> <span class='ocrx_word' id='word_1_858' title='bbox 2296 5319 2421 5372; x_wconf 86' lang='lat' dir='ltr'><strong>dicit</strong></span> <span class='ocrx_word' id='word_1_859' title='bbox 2444 5317 2714 5383; x_wconf 83' lang='lat' dir='ltr'><strong>Dominus,</strong></span> <span class='ocrx_word' id='word_1_860' title='bbox 2739 5320 2841 5373; x_wconf 85' lang='lat' dir='ltr'><strong>vita</strong></span> <span class='ocrx_word' id='word_1_861' title='bbox 2869 5321 3016 5384; x_wconf 76' lang='lat' dir='ltr'><strong>vivet,</strong></span> <span class='ocrx_word' id='word_1_862' title='bbox 3042 5329 3211 5375; x_wconf 85' lang='lat' dir='ltr'><strong>etnon</strong></span> <span class='ocrx_word' id='word_1_863' title='bbox 3231 5321 3469 5374; x_wconf 61' lang='lat' dir='ltr'><strong>morietur</strong></span> <span class='ocrx_word' id='word_1_864' title='bbox 3487 5316 3533 5368; x_wconf 87' lang='lat' dir='ltr'><strong>in</strong></span> <span class='ocrx_word' id='word_1_865' title='bbox 3554 5309 3699 5365; x_wconf 65' lang='lat' dir='ltr'><strong>delicta</strong></span> 
     </span>
    </p>
   </div>
   <div class='ocr_carea' id='block_1_114' title="bbox 2257 5490 3226 5556">
    <p class='ocr_par' dir='ltr' id='par_1_114' title="bbox 2257 5490 3226 5556">
     <span class='ocr_line' id='line_1_114' title="bbox 2257 5490 3226 5556; baseline 0.003 -14"><span class='ocrx_word' id='word_1_866' title='bbox 2257 5501 2278 5527; x_wconf 72' lang='grc' dir='ltr'><strong>ε</strong></span> <span class='ocrx_word' id='word_1_867' title='bbox 2321 5490 2420 5544; x_wconf 79' lang='lat' dir='ltr'><strong>Ms.</strong></span> <span class='ocrx_word' id='word_1_868' title='bbox 2455 5490 2614 5556; x_wconf 86' lang='lat' dir='ltr'><strong>idem,</strong></span> <span class='ocrx_word' id='word_1_869' title='bbox 2645 5493 3013 5549; x_wconf 77' lang='lat' dir='ltr'><strong>invenissemus</strong></span> <span class='ocrx_word' id='word_1_870' title='bbox 3045 5493 3226 5548; x_wconf 83' lang='lat' dir='ltr'><strong>Deum.</strong></span> 
     </span>
    </p>
   </div>
   <div class='ocr_carea' id='block_1_115' title="bbox 2254 5559 3364 5634">
    <p class='ocr_par' dir='ltr' id='par_1_115' title="bbox 2254 5559 3364 5634">
     <span class='ocr_line' id='line_1_115' title="bbox 2254 5559 3364 5634; baseline 0.006 -23"><span class='ocrx_word' id='word_1_871' title='bbox 2254 5559 2272 5599; x_wconf 69' lang='grc' dir='ltr'>ί</span> <span class='ocrx_word' id='word_1_872' title='bbox 2445 5561 2603 5634; x_wconf 82' lang='lat' dir='ltr'><strong>idem,</strong></span> <span class='ocrx_word' id='word_1_873' title='bbox 2636 5571 2869 5616; x_wconf 83' lang='lat' dir='ltr'><strong>nostrum</strong></span> <span class='ocrx_word' id='word_1_874' title='bbox 2898 5574 3067 5619; x_wconf 84' lang='lat' dir='ltr'><strong>tamen</strong></span> <span class='ocrx_word' id='word_1_875' title='bbox 3091 5580 3364 5634; x_wconf 82' lang='lat' dir='ltr'><strong>nunquam.</strong></span> 
     </span>
    </p>
   </div>
   <div class='ocr_carea' id='block_1_116' title="bbox 2248 5629 2840 5695">
    <p class='ocr_par' dir='ltr' id='par_1_116' title="bbox 2248 5629 2840 5695">
     <span class='ocr_line' id='line_1_116' title="bbox 2248 5629 2840 5695; baseline 0.015 -18"><span class='ocrx_word' id='word_1_876' title='bbox 2248 5640 2272 5677; x_wconf 79' lang='grc' dir='ltr'><strong>ε</strong></span> <span class='ocrx_word' id='word_1_877' title='bbox 2314 5629 2409 5683; x_wconf 81' lang='lat' dir='ltr'><strong>Ms.</strong></span> <span class='ocrx_word' id='word_1_878' title='bbox 2446 5630 2608 5695; x_wconf 85' lang='lat' dir='ltr'><strong>idem,</strong></span> <span class='ocrx_word' id='word_1_879' title='bbox 2638 5635 2840 5686; x_wconf 80' lang='lat' dir='ltr'><strong>saltem.</strong></span> 
     </span>
    </p>
   </div>
   <div class='ocr_carea' id='block_1_117' title="bbox 2244 5699 3153 5774">
    <p class='ocr_par' dir='ltr' id='par_1_117' title="bbox 2244 5699 3153 5774">
     <span class='ocr_line' id='line_1_117' title="bbox 2244 5699 3153 5774; baseline 0.009 -23"><span class='ocrx_word' id='word_1_880' title='bbox 2244 5699 2272 5774; x_wconf 56' lang='lat' dir='ltr'><strong>if</strong></span> <span class='ocrx_word' id='word_1_881' title='bbox 2443 5700 2606 5774; x_wconf 78' lang='lat' dir='ltr'><strong>idem,</strong></span> <span class='ocrx_word' id='word_1_882' title='bbox 2640 5710 2820 5755; x_wconf 84' lang='lat' dir='ltr'><strong>contra</strong></span> <span class='ocrx_word' id='word_1_883' title='bbox 2842 5715 3153 5774; x_wconf 78' lang='lat' dir='ltr'><strong>peccatores.</strong></span> 
     </span>
    </p>
   </div>
   <div class='ocr_carea' id='block_1_118' title="bbox 2250 5770 3022 5843">
    <p class='ocr_par' dir='ltr' id='par_1_118' title="bbox 2250 5770 3022 5843">
     <span class='ocr_line' id='line_1_118' title="bbox 2250 5770 3022 5843; baseline 0.013 -22"><span class='ocrx_word' id='word_1_884' title='bbox 2250 5770 2264 5807; x_wconf 74' lang='grc' dir='ltr'><strong>ί</strong></span> <span class='ocrx_word' id='word_1_885' title='bbox 2310 5770 2405 5824; x_wconf 81' lang='lat' dir='ltr'><strong>Ms.</strong></span> <span class='ocrx_word' id='word_1_886' title='bbox 2439 5771 2599 5836; x_wconf 86' lang='lat' dir='ltr'><strong>idem,</strong></span> <span class='ocrx_word' id='word_1_887' title='bbox 2631 5788 2777 5843; x_wconf 81' lang='lat' dir='ltr'><strong>quem</strong></span> <span class='ocrx_word' id='word_1_888' title='bbox 2803 5770 3022 5843; x_wconf 74' lang='lat' dir='ltr'><strong>puniret.</strong></span> 
     </span>
    </p>
   </div>
  </div>
