3884 6184
204 308 213 317 ’
251 309 348 364 633

656 305 745 359 PR
756 297 1248 359 zEDESTlNATUS
1286 299 1439 354 SIVE
1476 297 1833 353 PBJEDESTI

1941 295 2176 352 TORUM
2217 297 2569 366 ilHiIiESiS,
2610 298 2759 388 ETSI.
2803 299 2927 355 LIB.
2969 300 3056 356 lli.

3416 307 3520 363 ί)ὅῦ

248 441 334 479 suo
360 421 492 494 quod
514 421 647 492 fecit.
674 417 742 471 Et
769 418 812 470 si
836 416 1010 469 dixero
1038 415 1218 485 justo:
1264 411 1383 465 Vita
1403 411 1556 474 vives,
1578 418 1628 463 et
1656 424 1824 463 reces-
1852 413 1900 469 Α
1927 408 2030 462 nisi
2062 415 2120 462 ut
2147 408 2462 478 simpliciter
2498 410 2837 465 ambulantes
2877 411 3187 489 exspolietis
3227 415 3522 473 catholicos

249 515 364 567 serit
398 519 510 582 post
539 510 649 564 haec
676 526 708 561 a
734 504 941 579 justitia
964 521 1077 568 sua,
1110 505 1219 557 vivo
1256 518 1372 572 ego,
1399 501 1524 554 dicit
1553 499 1825 562 Dominus,

249 605 361 675 quia
386 609 546 658 morte
590 601 882 655 morietur:
934 609 956 634 ⁸
984 597 1204 667 justitia:
1248 596 1360 664 ejus
1408 609 1510 645 non
1539 589 1828 644 liberabant

246 697 418 750 eumin
439 693 517 747 die
536 708 637 763 qua
649 689 913 745 recesserit
935 687 1181 758 ajustitia
1204 693 1255 738 et
1275 684 1453 754 fecerit
1472 682 1825 749 iniquitatem;

246 789 298 841 in
334 785 603 859 iniquitate
640 799 735 838 sua
779 783 1028 835 morietur
1078 775 1303 849 (Ezech.
1335 790 1517 837 xxxiii,
1573 772 1636 825 M
1667 771 1824 841 seq.).

250 881 398 935 Vides
418 885 657 933 nostrum
691 875 857 928 Deum
886 888 955 926 ex
973 880 1206 938 utroque
1228 868 1397 921 latere
1425 874 1479 918 et
1495 864 1694 933 justum
1717 878 1829 917 mo—

246 986 384 1034 nere,
415 983 482 1024 ne
506 983 603 1039 per
621 965 965 1021 securitatem
992 965 1230 1023 corruat,
1254 964 1308 1012 et
1336 963 1676 1026 peccatorem
1700 954 1828 1007 allo-

245 1062 346 1130 qui,
374 1076 440 1115 ne
459 1059 486 1098 δ
509 1074 609 1129 pro
633 1055 1010 1128 deSperatione
1054 1068 1162 1109 non
1203 1058 1403 1119 surgat.
1429 1048 1486 1102 Si
1515 1047 1708 1102 alicubi
1730 1062 1827 1101 vos

246 1153 436 1222 legistis
458 1151 524 1207 de
546 1152 656 1205 Deo
689 1168 702 1203 :
734 1149 863 1203 Vivo
887 1162 1011 1215 ego,
1040 1145 1170 1200 dicit
1197 1143 1482 1204 Dominus,
1509 1140 1631 1209 quia
1661 1153 1823 1207 quem

249 1240 609 1313 pnedestinavi
639 1240 706 1293 ad
738 1239 901 1293 vitam
932 1235 1076 1291 aliud
1102 1250 1214 1288 non
1242 1233 1376 1297 erit,
1411 1239 1465 1285 et
1492 1246 1652 1299 quem
1684 1243 1823 1299 pra:-

244 1332 496 1387 destinavi
530 1331 596 1385 ad
628 1337 876 1392 mortem,
908 1327 1027 1381 sine
1052 1325 1216 1379 dubio
1259 1323 1548 1387 morietut;
1578 1320 1698 1388 (luis
1728 1334 1826 1372 vos

245 1422 394 1476 ferret
423 1422 523 1475 ista
549 1420 846 1476 docentes?
874 1417 1014 1472 Ecce
1035 1423 1221 1472 contra
1243 1412 1566 1469 sententiam
1589 1418 1829 1465 vestram

246 1512 375 1566 Deus
400 1511 658 1580 loquitur,
693 1516 747 1564 et
778 1508 878 1578 ipsi
908 1507 1020 1562 Deo
1062 1507 1130 1561 de
1155 1520 1215 1560 se
1263 1502 1626 1558 testimonium
1673 1501 1822 1555 danti

245 1620 340 1659 non
368 1602 605 1657 creditis.
642 1601 753 1657 Nec
774 1601 952 1670 justus
978 1614 1200 1654 securus
1227 1597 1313 1662 sit,
1339 1597 1529 1665 inquit.
1561 1595 1607 1649 si
1634 1595 1824 1649 dixero

244 1694 315 1748 ei:
342 1692 455 1747 Vita
476 1692 785 1759 vives,quia
807 1691 851 1745 si
874 1689 1157 1745 recesserit
1177 1704 1206 1742 a
1217 1687 1445 1757 justitia,
1467 1687 1519 1740 in
1543 1686 1822 1754 iniquitate

1933 502 2131 556 vestitu
2151 502 2434 566 deaurato,
2464 511 2520 557 et
2548 503 2783 587 induatis
2808 519 2904 558 eos
2931 506 3124 573 pannis
3148 506 3521 565 btereticorum

1929 592 2178 647 sordibus
2198 593 2389 662 plenis.
2418 594 2475 648 ιιι
2500 592 2776 650 Geneseos
2802 595 2940 650 libro
2968 596 3036 650 de
3057 596 3300 653 Rebecca
3321 598 3525 655 dictum

1929 692 2012 738 est
2046 702 2058 734 :
2100 684 2233 739 Duae
2256 695 2433 757 gentes
2458 696 2508 740 et
2528 686 2632 741 duo
2661 688 2836 758 populi
2862 688 2928 742 de
2970 699 3054 743 tuo
3082 700 3226 744 utero
3262 691 3521 761 prodient,

1929 784 1977 829 et
1998 777 2217 845 populus
2264 778 2506 847 papulum
2536 777 2816 847 superabit,
2859 790 2910 833 et
2936 782 3107 850 major
3131 784 3315 836 serviet
3336 785 3526 842 minori

1931 864 2084 937 (Cen.
2127 883 2254 932 xxv,
2285 867 2411 935 25).
2445 866 2734 937 Prophetia
2762 883 2892 938 ergo
2945 886 3051 924 non
3096 870 3165 925 de
3210 872 3294 926 his
3323 880 3402 927 est
3431 872 3524 941 qui

1927 958 2220 1012 secundum
2249 972 2468 1013 carnem
2490 959 2869 1025 nascebantur,
2900 960 2995 1015 sed
3022 960 3091 1015 de
3110 961 3320 1016 duobus
3345 978 3521 1031 popu-

1926 1049 1993 1105 lis
2016 1049 2323 1106 Judmorum
2344 1059 2399 1105 et
2419 1053 2661 1120 gentium
2691 1069 2706 1106 :
2751 1052 2803 1105 in
2833 1067 2941 1121 quo
2977 1052 3150 1120 major
3177 1053 3406 1122 populus
3426 1051 3521 1106 Ju-

1927 1143 2164 1198 dxeorum
2193 1145 2393 1199 serviet
2429 1146 2653 1210 minori,
2678 1146 2731 1201 id
2759 1154 2861 1211 est,
2892 1146 3151 1213 gentium.
3183 1145 3274 1199 Sic
3300 1146 3442 1200 enim
3468 1153 3524 1199 et

1926 1235 2170 1302 sequitur
2194 1235 2486 1305 Apostolus
2511 1254 2523 1289 :
2556 1238 2597 1289 A
2627 1239 2948 1308 prtrsciente,
2982 1237 3183 1307 inquit,
3206 1237 3397 1290 dictum
3426 1247 3519 1300 est,
3617 1272 3626 1281 α

1926 1325 2046 1395 quia
2068 1326 2240 1395 major
2268 1329 2452 1381 serviet
2470 1329 2659 1382 minori
2691 1327 2867 1397 (Rom.
2899 1344 2973 1392 lx,
3008 1328 3115 1399 12).
3147 1326 3217 1382 Ut
3254 1329 3379 1398 quid
3421 1328 3524 1383 hoc

1925 1415 2129 1481 dixisti,
2159 1433 2192 1471 o
2220 1417 2377 1472 beate
2405 1416 2571 1472 Paule
2600 1419 2884 1489 apostole?
2926 1428 3053 1489 peto
3083 1427 3141 1473 ut
3170 1419 3518 1488 respondeas.

1925 1506 2301 1575 Nunquidnam
2330 1517 2618 1579 propterea
2666 1510 2772 1565 hoc
2808 1510 3009 1575 dixisti,
3044 1517 3100 1563 ut
3121 1509 3523 1579 prmdestinatio

1925 1597 2292 1667 prtejudicium
2322 1600 2609 1655 nascituris
2630 1601 2881 1657 afferret?
2912 1601 3227 1672 ReSpondet
3264 1602 3339 1655 ita
3378 1600 3525 1671 Apo-

1924 1691 2094 1746 stolus
2126 1711 2139 1745 :
2189 1692 2304 1761 Ego
2330 1702 2556 1764 propter
2582 1695 2687 1750 hoc
2724 1696 2856 1762 dixi,
2884 1696 3055 1765 Major
3081 1697 3277 1752 serviet
3305 1697 3522 1763 minori,

244 1785 521 1849 morietur;
552 1790 741 1838 etcum
768 1781 996 1837 dixerim
1018 1780 1325 1851 peccatori:
1355 1777 1525 1833 Morte
1552 1776 1817 1843 morieris,
1852 1789 1899 1849 B
1924 1793 1984 1838 ut
2011 1785 2205 1839 electio
2234 1802 2301 1841 ex
2322 1788 2569 1854 gentibus
2600 1786 2769 1843 ﬁeret.
2800 1788 2941 1856 Ergo
2970 1789 3014 1842 si
3044 1790 3337 1859 prophetia:
3365 1789 3526 1858 hujus

244 1886 291 1951 et
317 1893 612 1933 conversus
656 1875 833 1943 fuerit,
861 1875 986 1929 vivo
1014 1888 1137 1943 ego,
1167 1873 1299 1929 dicit
1324 1873 1600 1937 Dominus,
1631 1871 1828 1941 iniqui—
1927 1878 2243 1948 mysterium
2273 1878 2429 1932 nobis
2474 1878 2860 1949 interpretatur
2898 1880 3209 1950 Apostolus,
3240 1888 3297 1934 tn
3324 1882 3443 1949 quis
3467 1896 3528 1935 es

244 1979 400 2024 tatum
446 1968 568 2038 ejus
614 1983 723 2023 non
770 1965 1118 2031 recordabor,
1153 1965 1267 2019 vita
1308 1964 1468 2019 vivet.
1501 1963 1638 2019 Nolo
1681 1962 1826 2017 enim
1927 1967 2020 2037 qui
2048 1968 2382 2037 aliterquam
2413 1970 2723 2040 explanavit
2741 1971 3338 2041 nobismagisterverus
3367 1973 3525 2026 istum

243 2068 458 2116 mortem
485 2058 793 2125 morientis,
843 2065 1052 2112 tantum
1083 2064 1140 2111 ut
1187 2062 1533 2111 convertatur
1577 2062 1632 2109 et
1658 2055 1822 2108 vivat.
1852 2062 1869 2073 ‘
1927 2073 2144 2118 sensum
2190 2074 2452 2129 exponas,
2484 2076 2604 2115 cum
2633 2060 2833 2115 dictum
2864 2061 2931 2115 ab
2955 2076 3022 2117 eo
3065 2061 3210 2130 quod
3237 2063 3282 2116 si
3313 2061 3530 2132 angelus

245 2162 264 2189 ε
293 2149 595 2206 Occurrunt
631 2149 788 2204 nobis
816 2149 1011 2204 iterum
1042 2148 1340 2203 clamantes
1379 2165 1391 2197 :
1429 2145 1546 2200 Hoc
1575 2145 1629 2199 in
1656 2144 1829 2199 veteri

242 2241 347 2311 lege
367 2241 630 2311 scriptum
672 2248 776 2307 est,
814 2240 868 2295 in
898 2255 1041 2295 novo
1068 2246 1249 2293 autem
1272 2237 1563 2308 Apostolus
1588 2237 1787 2292 clamat
1812 2255 1825 2290 :

248 2333 380 2387 Vasa
403 2335 498 2388 ira:
534 2341 713 2405 aptata
761 2334 817 2388 in
845 2334 1111 2387 interitum
1136 2330 1322 2402 (Rom.
1355 2346 1436 2395 ix,
1467 2327 1590 2398 22).
1612 2324 1644 2388 ,ἀ
1687 2326 1830 2396 Ergo

240 2424 279 2479 si
329 2432 452 2479 ante
498 2424 796 2479 adventum
838 2422 1057 2493 pietatis
1096 2421 1268 2490 pietas
1303 2419 1416 2489 jam
1468 2417 1828 2482 exuberabat;

238 2525 428 2585 quanto
475 2516 659 2585 magis
687 2531 849 2580 nunc,
896 2514 987 2569 ubi
1017 2513 1190 2585 pietas
1218 2514 1332 2583 ipsa
1360 2528 1459 2581 pro
1488 2512 1665 2580 impiis
1709 2525 1834 2565 sen-

242 2609 451 2663 tentiam
480 2608 783 2678 impietatis
822 2606 1058 2676 accepit,
1092 2614 1150 2660 ut
1203 2604 1398 2674 impios
1447 2619 1478 2658 a
1531 2611 1688 2657 reatu
1733 2616 1833 2659 suo

241 2694 564 2767 absolveret,
598 2709 653 2755 et
680 2716 775 2757 eos
797 2699 866 2754 ad
894 2699 1239 2767 indulgentia:
1259 2697 1485 2767 gratiam
1513 2695 1834 2751 revocaret?

241 2795 529 2852 Videamus
570 2810 699 2863 ergo
742 2810 871 2849 vasa
901 2795 996 2849 ira:
1022 2810 1132 2864 quo
1158 2793 1348 2848 ordine
1385 2798 1640 2863 aptentur
1670 2791 1722 2845 in
1750 2791 1835 2845 in-

244 2888 467 2943 teritum.
502 2886 651 2941 Audi
704 2886 1039 2956 Apostolum,
1096 2900 1203 2939 non
1258 2884 1354 2939 Dei
1399 2882 1837 2954 prmordinationi

247 2976 361 3043 hoc,
388 2977 479 3031 sed
500 2976 743 3031 hominis
770 2975 1108 3044 negligentia
1139 2976 1222 3029 vel
1248 2974 1539 3043 diligentia:
1559 2973 1837 3043 applican-

245 3075 363 3122 tem.
390 3068 456 3122 In
483 3084 702 3138 magna,
751 3068 945 3137 inquit,
985 3067 1139 3122 domo
1184 3083 1291 3120 non
1327 3074 1450 3119 sunt
1478 3074 1676 3119 tantum
1712 3081 1838 3119 vasa

1931 2147 1995 2202 de
2017 2149 2141 2203 coelo
2162 2150 2589 2220 evangelisaverit
2625 2150 2765 2205 vobis
2790 2159 2982 2221 prwter
3007 2168 3161 2222 quam
3200 2152 3526 2224 euangeliza-

1930 2241 2095 2293 vimus
2122 2238 2281 2305 vobis,
2301 2241 2579 2294 anathema
2608 2243 2675 2295 sit
2699 2240 2840 2311 (Gal.
2870 2259 2909 2308 ι,
2935 2241 3032 2312 8)?

2001 2328 2090 2382 Ill.
2154 2328 2170 2367 ί
2222 2328 2523 2385 Occurrunt
2574 2331 2679 2385 hoc
2736 2332 2858 2387 loco
2914 2340 3175 2387 renovato
3231 2331 3526 2387 certamine

1935 2418 2181 2475 dicentes
2225 2438 2237 2473 :
2283 2420 2398 2475 Nos
2454 2438 2558 2476 non
2604 2424 2825 2477 dicimus
2864 2431 3056 2493 pratter
3101 2440 3256 2494 quam
3301 2440 3526 2494 evange-

1933 2511 2109 2565 lizavit
2145 2512 2441 2581 Apostolus.
2486 2511 2592 2565 Per
2636 2514 3017 2582 prccscientiam
3056 2512 3152 2567 Dei
3181 2513 3527 2584 pra’destina-

1937 2606 2125 2659 tionem
2156 2607 2349 2676 factum
2387 2606 2501 2675 ipse
2527 2614 2928 2667 commemorat;
2975 2604 3041 2659 de
3078 2604 3189 2659 Deo
3216 2606 3326 2675 ipse
3355 2598 3479 2659 dicit
3513 2623 3525 2657 :

1939 2693 2081 2760 Quos
2131 2697 2351 2761 vocavit,
2400 2696 2495 2749 hos
2547 2696 2933 2766 prardestinavit
2987 2695 3164 2767 (Rom.
3226 2712 3352 2761 vm,
3403 2696 3527 2768 50).

1938 2785 1999 2841 Si
2040 2788 2394 2857 prwscientem
2437 2796 2489 2841 et
2531 2787 3015 2857 prmdestinantem,
3060 2797 3111 2841 et
3162 2797 3428 2842 vocantem
3476 2788 3530 2840 in

1937 2876 2186 2948 Apostolo
2240 2878 2443 2949 legitis,
2494 2878 2644 2932 nobis
2682 2887 2740 2931 ut
2794 2879 2918 2949 quid
2963 2879 3249 2950 impingitis
3299 2876 3533 2931 crimen?

1944 2967 1959 3019 i
1997 2969 2108 3023 Nos
2157 2970 2308 3024 vobis
2353 2969 2558 3023 crimen
2614 2985 2723 3023 non
2772 2969 3134 3039 impingimus,
3190 2969 3285 3023 sed
3335 2970 3535 3039 proha-

1939 3078 2078 3116 mus.
2128 3061 2254 3117 Sive
2294 3056 2439 3116 enim
2487 3077 2585 3118 vos
2613 3062 2815 3134 peritos
2852 3062 3062 3127 dicatis,
3110 3062 3381 3131 arguimus
3426 3078 3534 3117 non

246 3177 394 3214 aurea
415 3170 464 3215 et
492 3169 765 3231 argentea,
795 3160 890 3215 sed
918 3169 968 3214 et
1002 3160 1173 3231 lignea
1199 3168 1249 3214 et
1286 3160 1501 3230 ﬁctilia;
1530 3159 1838 3231 etqutedatn
1865 3161 1911 3225 C
1941 3155 2019 3210 sic
2044 3170 2234 3209 sensus
2262 3156 2590 3225 apostolicos
2622 3171 2716 3210 vos
2736 3155 2934 3210 debere
2962 3154 3275 3221 concidere;
3298 3156 3411 3209 sive
3439 3170 3535 3209 vos

245 3251 436 3321 quidem
476 3259 605 3305 sunt
627 3253 681 3304 in
730 3251 996 3316 honorent,
1019 3250 1257 3321 qutcdam
1285 3258 1456 3304 autem
1493 3251 1546 3303 in
1574 3258 1838 3304 contume-

247 3341 381 3396 liam.
414 3343 474 3399 Si
514 3345 635 3416 quis
662 3359 782 3414 ergo
810 3343 1134 3397 mandaverit
1161 3343 1487 3412 semetipsum
1514 3339 1579 3394 ab
1616 3341 1717 3406 his,
1743 3342 1841 3395 erit

247 3449 330 3487 vas
352 3443 375 3472 ⁸
396 3436 451 3488 in
479 3435 680 3490 honore
701 3434 1100 3504 sanctiﬁcatum,
1139 3433 1265 3487 utile
1293 3432 1403 3486 Deo
1427 3431 1497 3485 ad
1521 3448 1673 3486 omne
1710 3448 1840 3503 opus

248 3524 423 3581 bonum
448 3535 691 3598 paratum
720 3525 803 3595 (ll
834 3525 968 3579 Tim.
1002 3542 1057 3590 ιι,
1090 3522 1307 3595 20-22).
1341 3523 1483 3592 Ergo
1503 3538 1627 3578 vasa
1657 3530 1840 3594 aptata

250 3616 336 3671 irte
355 3618 406 3672 in
435 3617 717 3673 interitum
735 3658 751 3683 ,
778 3617 825 3670 si
871 3632 929 3672 se
957 3615 1366 3671 emundaverint
1394 3616 1461 3670 ab
1489 3616 1573 3670 bis
1598 3630 1699 3686 pro
1721 3615 1842 3684 qui-

247 3704 340 3761 bus
377 3716 564 3777 aptata
596 3716 722 3762 sunt
769 3706 822 3760 in
868 3707 1142 3762 interitum
1161 3746 1176 3771 ,
1209 3716 1366 3761 erunt
1395 3722 1519 3761 vasa
1550 3706 1602 3760 in
1632 3707 1841 3762 honore

249 3800 600 3865 sanctiﬁcata,
641 3806 697 3854 et
724 3799 836 3854 Deo
864 3799 1016 3853 utilia
1046 3799 1113 3853 ad
1142 3800 1303 3854 omne
1352 3814 1488 3868 opus
1515 3798 1715 3854 bonum
1743 3814 1843 3869 pa-

248 3895 382 3955 rata;
412 3889 715 3946 secundum
735 3889 879 3961 quod
901 3895 1062 3960 supra
1084 3890 1220 3945 dixit
1239 3890 1305 3945 a'd
1326 3891 1647 3961 prophetam
1675 3909 1687 3944 :
1713 3891 1840 3946 Cum

248 3981 459 4043 dixerim
486 3986 751 4056 peccatori
773 4000 790 4040 :
819 3983 992 4038 Morte
1019 3985 1255 4038 morieris
1273 3984 1487 4056 (Ezech.
1507 4001 1691 4047 χχχιιι,
1731 3982 1835 4055 ib),

250 4070 345 4129 hoc
370 4083 471 4141 est,
497 4090 625 4131 cum
646 4075 874 4129 dixerim
892 4093 905 4127 :
923 4074 1043 4129 Eris
1063 4091 1159 4129 vas
1187 4082 1426 4144 aptatum
1444 4076 1511 4130 ad
1541 4076 1835 4138 interitum,

158 4238 159 4241 η
248 4169 297 4215 et
316 4162 400 4219 hic
436 4172 697 4234 peccator
725 4165 1057 4220 converterit
1094 4181 1153 4220 se
1181 4166 1249 4220 ab
1280 4165 1562 4234 iniquitate
1589 4181 1703 4230 sua,
1734 4165 1841 4220 hoc

249 4263 344 4322 est,
370 4272 489 4312 cum
519 4258 594 4312 sit
619 4273 712 4313 vas
762 4265 1005 4328 aptatum
1049 4258 1117 4311 ad
1163 4258 1434 4312 interitum
1454 4299 1469 4323 ,
1501 4257 1841 4312 mundaverit

249 4349 591 4420 semetipsum
620 4349 687 4403 ab
716 4349 820 4415 bis,
856 4350 959 4403 erit
985 4364 1081 4404 vas
1109 4349 1162 4403 in
1190 4349 1398 4404 honore
1424 4349 1832 4403 sanctilicatum.

250 4433 433 4493 Postea
460 4454 628 4509 quam
650 4440 775 4495 hinc
796 4455 891 4494 eos
917 4439 1277 4510 superaveris,
1304 4439 1370 4493 ad
1391 4440 1699 4495 obscuriora
1717 4440 1837 4495 loca

1943 3247 2184 3318 probetis
2212 3248 2509 3316 imperitos,
2543 3248 2883 3317 increpamus
2922 3264 3029 3303 non
3058 3249 3290 3304 scientes
3335 3263 3535 3319 prmsu-

1941 3356 2091 3396 mere
2119 3358 2226 3397 non
2271 3343 2489 3407 debere,
2535 3353 2591 3398 et
2630 3344 2747 3413 ejus
2769 3347 2847 3400 rei
2883 3347 3247 3415 magisterium
3270 3346 3533 3416 polliceri,

1941 3434 2094 3502 cujus
2122 3450 2399 3504 nunquam
2437 3435 2683 3492 voluistis
2723 3452 2841 3492 esse
2869 3437 3133 3506 discipuli.
3161 3437 3271 3491 Vos
3299 3437 3462 3501 enim,
3489 3436 3537 3491 si

1941 3527 2248 3581 voluissetis
2276 3527 2483 3582 discere
2508 3528 2677 3597 prius,
2710 3536 2763 3582 et
2785 3528 2862 3583 sic
2881 3528 3096 3591 docere,
3130 3529 3198 3582 ab
3225 3529 3343 3583 istis
3368 3528 3531 3582 inter-

1939 3617 2334 3687 pretationibus
2388 3616 2681 3685 fugientes,
2731 3633 2761 3671 a
2811 3618 2907 3673 Dei
2961 3618 3211 3688 aequitate
3262 3633 3537 3687 nunquam

1943 3706 1970 3745 ¹ι
1998 3709 2359 3773 recesseratis,
2392 3724 2491 3764 nec
2516 3709 2766 3765 diceretis
2787 3711 2912 3780 quia
2940 3725 3045 3763 non
3076 3725 3265 3765 omnes
3288 3710 3536 3765 homines

1941 3800 2056 3855 vult
2078 3800 2256 3856 salvos
2283 3798 2417 3855 ﬁeri.
2443 3799 2734 3870 Apostolus
2747 3810 2934 3856 autem
2958 3802 3091 3870 legis
3104 3801 3531 3872 peritusnoster,

1942 3893 2193 3948 omnibus
2212 3909 2272 3948 se
2300 3894 2480 3949 omnia
2504 3893 2700 3949 factum
2728 3894 2876 3959 dicit,
2903 3904 2962 3950 ut
2989 3910 3178 3950 omnes
3199 3895 3537 3950 lucrifacere!

1939 3986 2299 4055 peccatores-(
2317 3984 2337 4038 Ι
2360 3984 2480 4039 Cor.
2516 4002 2588 4051 ιιι,
2613 3984 2725 4055 22).
2751 3985 2868 4040 Jam
2916 3988 3059 4041 enim
3106 3986 3382 4049 didicerat,
3408 3987 3537 4055 quia

1941 4075 2206 4130 conclusit
2231 4074 2374 4130 Deus
2396 4077 2578 4130 omnia
2608 4076 2661 4130 in
2693 4064 3087 4143 incredulitate,
3118 4086 3172 4130 et
3195 4076 3308 4131 vult
3329 4084 3386 4130 ut
3413 4091 3535 4131 om-

1941 4167 2099 4221 nibus
2124 4167 2639 4237 misereatur(Rom.
2671 4182 2744 4233 x1,
2769 4166 2887 4236 52).
2912 4168 3175 4222 Didicerat
3203 4168 3345 4236 quod
3374 4182 3537 4221 omne

1941 4273 2004 4312 os
2030 4257 2253 4312 deberet
2296 4258 2525 4323 obstrui,
2576 4267 2631 4312 et
2678 4258 2921 4312 subditus
2955 4258 3177 4312 deberet
3214 4257 3327 4312 ﬁeri
3358 4258 3535 4312 omnis

1939 4348 2172 4405 mundus
2200 4348 2312 4403 Deo
2363 4348 2539 4420 (Rom.
2595 4365 2671 4413 ιιι,
2720 4348 2921 4419 19),τθῑ
2965 4349 3085 4403 ideo
3115 4348 3366 4403 dicebat:
3400 4347 3536 4403 Dico

1940 4449 2111 4495 autent
2135 4457 2228 4511 per
2257 4442 2479 4512 gratiam
2507 4458 2621 4511 quae
2649 4441 2773 4494 data
2801 4449 2878 4495 est
2904 4441 3052 4503 milii,
3082 4440 3315 4494 omnibus
3358 4440 3445 4511 qui
3480 4441 3535 4494 in

250 4527 641 4601 Scripturarum
670 4530 1004 4601 confugiunt,
1037 4540 1096 4587 ut
1117 4532 1374 4601 sagittent
1395 4525 1454 4586 ἢ]
1494 4533 1724 4588 obscuro
1752 4546 1841 4586 re-
1868 4540 1919 4599 Β
1942 4532 2083 4587 vobis
2108 4540 2229 4586 sunt
2254 4531 2428 4603 (Rom.
2456 4548 2549 4598 χιι,
2577 4532 2653 4604 5).
2687 4531 2753 4585 Εῑ
2783 4533 2979 4586 iterum
3012 4549 3024 4583 :
3049 4530 3394 4601 Corripientes
3415 4547 3535 4584 om-

251 4629 358 4679 ctos
384 4624 572 4680 corde.

314 4714 377 4772 ll.
409 4716 428 4755 τ
458 4716 709 4783 Nescitis,
744 4718 1010 4789 inquiunt,
1034 4719 1154 4790 quia
1174 4719 1420 4787 scriptum
1442 4725 1518 4771 est
1533 4734 1551 4770 :
1571 4715 1735 4770 Iacob
1755 4717 1837 4771 di-

261 4810 378 4875 lexi,
427 4811 574 4866 Esau
612 4820 782 4865 autem
833 4813 953 4866 odio
994 4812 1190 4865 habui?
1243 4809 1371 4864 Cum
1424 4810 1561 4863 enim
1607 4810 1858 4863 nondum.

252 4904 353 4957 nati
380 4906 622 4975 fuissent,
670 4920 764 4957 nec
801 4904 1000 4976 aliquid
1037 4905 1261 4974 egissent
1309 4903 1430 4957 boni
1457 4902 1534 4955 vel
1575 4903 1721 4966 mali,
1770 4917 1834 4954 ea:

253 4997 571 5063 tumscientia
614 4995 804 5049 dictum
830 5004 924 5060 est,
960 5005 1015 5049 ut
1041 5012 1176 5049 unus
1215 4993 1487 5048 haberetur
1527 4994 1668 5058 odio,
1702 4994 1840 5047 alius

253 5094 530 5140 amaretur.
561 5095 584 5134 ε
611 5087 837 5141 Necesse
854 5087 1011 5142 nobis
1030 5086 1134 5140 erit
1162 5086 1214 5139 in
1246 5085 1350 5141 hoc
1378 5086 1517 5151 loco,
1542 5084 1609 5139 de
1635 5084 1837 5137 lumine

253 5190 410 5233 sacra:
428 5179 567 5248 legis
586 5178 1132 5250 interpretatiuncuhe
1153 5177 1310 5247 hujus
1335 5178 1513 5231 lumen
1531 5176 1836 5239 incendere,

254 5275 309 5322 ut
331 5268 653 5340 detegamini
680 5286 787 5326 non
817 5269 959 5325 aliud
988 5271 1041 5325 in
1071 5270 1314 5325 obscuris
1342 5268 1476 5323 locis
1498 5267 1521 5304 δ
1539 5282 1635 5321 vos
1651 5266 1833 5335 ﬁgere,

324 5390 351 5453 _l
380 5381 479 5453 Ms.
511 5381 799 5453 Augiense,
815 5382 1020 5453 justitia
1041 5382 1151 5452 ejus
1172 5400 1275 5437 nou
1297 5382 1531 5436 liberabit
1551 5398 1684 5435 eum.

322 5449 350 5490 δ
385 5451 483 5521 Ms.
509 5451 672 5517 idem,
702 5470 796 5515 per
815 5449 1258 5521 desperationem.

326 5531 347 5559 ο
386 5520 484 5575 Ms.
518 5521 658 5576 idem
695 5540 707 5575 :
739 5521 825 5575 lll.
858 5520 1155 5577 Πίειιιῖτιει.
1193 5522 1485 5577 Occurrunt
1523 5521 1692 5585 nobis,
1722 5531 1825 5576 etc.

290 5588 351 5672 ,δέ
383 5590 481 5672 Ms.
504 5592 771 5660 Augiense
799 5610 811 5645 :
835 5590 1145 5647 ernoum.
1179 5592 1225 5645 Ε
1230 5610 1319 5661 rgo
1349 5594 1393 5647 si
1419 5601 1537 5647 ante
1557 5593 1831 5647 adventura

194 5696 199 5700 ι
255 5668 471 5726 pietatis,
504 5671 607 5717 etc.

333 5740 352 5766 ε
389 5730 482 5786 Ms.
515 5733 749 5809 idem,'in
770 5735 1027 5789 honorem.

1943 4640 2060 4677 nem
2081 4623 2359 4688 hominem,
2392 4631 2443 4676 et
2464 4624 2699 4678 docentes
2725 4623 2945 4695 (Coloss.
2980 4639 3016 4687 ι,
3047 4621 3160 4689 28).
3193 4619 3261 4675 Et
3290 4622 3482 4675 iterum
3515 4639 3537 4677 τ

1940 4715 2089 4770 Idem
2115 4715 2256 4770 Deus
2285 4716 2425 4771 dives
2470 4719 2525 4771 in
2573 4715 2807 4770 omnibus
2848 4713 2986 4768 vobis
3003 4713 3188 4784 (Rom.
3224 4730 3273 4777 ιι,
3306 4712 3423 4783 12).
3467 4711 3538 4768 Et

1939 4806 2133 4861 iterum
2160 4824 2173 4859 :
2202 4807 2459 4878 Apparuit
2486 4808 2656 4877 gratia
2680 4804 2774 4859 Dei
2804 4803 3041 4859 omnibus
3074 4804 3384 4870 hominibus,
3416 4822 3539 4859 eru-

1941 4897 2087 4950 diens
2117 4913 2213 4950 nos
2258 4906 2309 4950 et
2346 4896 2535 4949 docens
2569 4894 2695 4965 (Tit.
2727 4911 2782 4959 ιι,
2816 4894 2871 4946 Η
2905 4895 2942 4964 ),
2970 4903 3028 4946 ut
3054 4895 3123 4947 sit
3167 4896 3335 4949 omnis
3380 4894 3542 4949 homo

1939 4992 2196 5060 perfectus
2218 4989 2273 5041 in
2293 4987 2499 5041 Christo
2524 4986 2587 5057 (ll
2604 4986 2734 5040 Tim.
2752 5002 2828 5050 ιιι,
2848 4985 2955 5055 17).
2976 4984 3045 5040 Et
3063 4986 3188 5055 quia
3216 4987 3420 5041 sciebat
3448 4984 3537 5039 Fi-

1943 5066 2072 5134 lium
2104 5080 2198 5133 Dei
2226 5094 2324 5149 pro
2355 5078 2603 5133 omnibus
2645 5087 2850 5142 natum,
2885 5093 2983 5147 pro
3010 5077 3261 5132 omnibus
3289 5091 3533 5146 passum,

1942 5174 2065 5228 ideo
2085 5173 2299 5237 clamat,
2328 5172 2513 5227 dicens
2543 5186 2554 5224 :
2590 5171 2705 5225 Hoc
2727 5170 2973 5240 placitum
3020 5178 3095 5224 est
3136 5188 3310 5224 coram
3342 5169 3533 5224 Salva-

1946 5275 2054 5318 tore
2099 5272 2274 5317 nostra
2303 5262 2436 5328 Deo,
2466 5263 2551 5333 qui
2590 5263 2695 5317 vult
2720 5279 2893 5316 omnes
2923 5262 3155 5316 homines
3201 5261 3367 5314 salvos
3394 5262 3534 5330 ﬁeri,

2019 5376 2037 5415 ί
2072 5378 2168 5433 Ms.
2201 5375 3530 5444 id.:lV.anneric1.Nescitis,inquiunt,quia,etc.
3568 5384 3579 5395 ‘

2013 5458 2038 5495 ε
2079 5448 2175 5502 Ms.
2210 5450 2350 5503 idem
2377 5465 2390 5501 :
2423 5448 2733 5503 Cunnum.
2761 5446 2985 5501 Necesse
3003 5446 3149 5498 nobis
3164 5445 3281 5497 erit.

2013 5516 2038 5554 ιι
2081 5518 2175 5572 Ms.
2207 5519 2367 5579 idem,
2402 5535 2486 5571 vos
2517 5519 2653 5581 ﬁeri,
2680 5519 2801 5571 nisi.

2020 5589 2033 5626 ί
2080 5589 2177 5642 Ms.
2203 5589 2341 5642 idem
2378 5607 2389 5641 :
2426 5589 2489 5642 ν.
2516 5582 2810 5642 ἰνιιιειιετιει.
2831 5584 3116 5638 Occurrunt
3146 5583 3240 5635 hoc
3270 5582 3400 5651 (tuo,
3423 5595 3532 5639 etc.

2021 5660 2032 5708 i
2083 5658 2178 5712 Ms.
2205 5660 2378 5721 idem:
2412 5659 2722 5714 Cx'rnoum.
2755 5652 2878 5709 Nos”
2897 5654 3054 5720 vobis,
3088 5662 3192 5707 etc.

2022 5727 2045 5767 ¹ι
2082 5731 2176 5785 ills.
2213 5731 2375 5796 i'lem,
2408 5729 2737 5783 t‘et‘t’sseritis.
