3884 6184
348 356 455 410 635

1336 341 1713 400 ANONYMUS
1750 339 2026 397 AUCTOR
2065 337 2606 396 PBAZDESTINATI.

3527 337 3627 397 636

344 461 395 505 et
416 453 472 504 in
513 448 829 519 agnitionem
855 442 1083 497 reritatis
1111 440 1286 495 venire
1316 438 1373 512 (1
1404 437 1537 491 Tim.
1562 452 1625 500 tt,
1653 436 1741 504 5).
1780 435 1934 490 Unde
1960 439 2010 498 Α
2037 437 2249 490 stinarit
2269 437 2564 506 conformes
2587 434 2703 503 ﬁeri
2746 433 2992 505 imaginis
3024 430 3154 487 Filii
3180 432 3281 498 sui,
3328 439 3383 483 ut
3417 432 3499 485 sit'
3527 435 3632 502 ipse

347 541 511 595 etiam
539 536 778 607 quotidie
810 534 963 589 nobis
989 533 1043 586 in
1072 530 1377 600 Evangeliis
1403 529 1515 584 suis
1540 530 1654 599 ipse
1684 527 1941 583 Dominus

350 631 569 689 clamat,
601 626 786 680 dicens
817 640 830 675 :
864 621 1047 676 Venite
1076 622 1145 674 ad
1168 636 1272 685 me,
1299 635 1475 674 omnes
1501 619 1588 689 qui
1616 617 1863 671 laboratis
1892 625 1943 671 et

346 720 550 776 onerati
569 720 712 782 estis,
733 725 782 770 et
811 733 906 786 ego
933 731 1020 769 vos
1049 715 1369 784 requiescere
1396 713 1589 781 faciam
1619 710 1833 782 (Matth.
1866 726 1937 774 xi,

345 810 468 878 28).
501 808 651 863 Unde
681 817 738 861 ut
765 807 989 862 doceret
1015 820 1075 860 se
1104 806 1307 859 nullum
1338 804 1609 858 hominem
1663 818 1692 855 a
1712 818 1808 855 sua
1837 802 1945 856 lar-

345 905 511 973 gitate
546 902 833 971 repellere,
867 908 1170 969 promptus,
1200 896 1454 961 liberalis,
1477 895 1776 959 abundans,
1808 910 1947 947 nun-

344 1010 505 1065 quam
556 994 734 1047 minus
777 992 995 1056 faciens,
1048 990 1286 1059 loquitur
1310 990 1363 1042 in
1392 987 1694 1056 Evangeliis
1722 988 1832 1041 suis
1858 986 1942 1039 di-

342 1101 477 1142 cens
509 1102 521 1137 :
551 1083 734 1138 Omnis
780 1083 867 1155 qui
894 1083 1020 1152 petit
1049 1082 1259 1151 accipit,
1290 1088 1341 1133 et
1369 1080 1455 1151 qui
1484 1080 1668 1149 quierit
1715 1079 1939 1143 invenit,

346 1186 397 1231 et
416 1174 1158 1247 pulsantiaperietur(Matth.
1186 1190 1276 1237 vn,
1310 1172 1397 1242 8).
1430 1171 1562 1225 Nam
1592 1180 1646 1224 ct
1668 1170 1943 1239 Scriptura

261 1302 271 1311 ο
348 1267 556 1322 veteris
583 1267 915 1320 Tcstainenti
939 1280 1128 1319 omnes
1155 1264 1221 1318 ad
1247 1265 1567 1320 audiendum
1595 1268 1782 1331 gentes
1812 1260 1946 1314 invi-

349 1365 490 1419 taus,
523 1357 770 1410 diccbat:
801 1356 988 1409 Audite
1014 1356 1143 1419 lucc,
1166 1371 1340 1409 omnes
1356 1356 1443 1423 qui
1472 1353 1717 1406 habitatis
1747 1351 1940 1417 orbem,

336 1447 534 1518 quique
554 1447 825 1516 terrigena:
849 1454 897 1499 et
928 1447 1028 1516 ﬁlii
1054 1447 1336 1508 hominum,
1366 1446 1523 1499 simul
1552 1446 1604 1497 in
1625 1461 1781 1496 unum
1806 1443 1944 1496 dires

348 1545 398 1589 et
426 1553 621 1606 pauper
651 1536 778 1606 (Ps.
813 1552 998 1598 xum,
1027 1537 1164 1604 2.3),
1186 1536 1397 1591 Etideo
1446 1534 1584 1589 idem
1633 1532 1941 1604 Apostolus,

350 1627 539 1681 videns
568 1629 691 1696 quia
723 1642 910 1680 omnes
964 1627 1212 1681 homines
1238 1626 1352 1680 vult
1392 1626 1552 1696 Deus,
1610 1640 1715 1679 non
1764 1633 1945 1678 tamen

350 1733 541 1773 omnes
563 1718 808 1772 homines
836 1718 1004 1775 Deum
1029 1718 1234 1780 volunt,
1269 1716 1503 1770 futurum
1528 1715 1786 1785 judicium
1826 1730 1944 1769 me-

2042 527 2414 597 primogenitus
2439 526 2492 579 in
2510 526 2683 579 multis
2698 523 2946 595 fratribus
2970 522 3148 591 (Rom.
3173 538 3287 587 vui,
3313 520 3385 575 2‘.)
3397 523 3440 581 ).
3469 520 3631 576 Judzei

2042 618 2185 673 enim
2209 633 2306 688 per
2332 616 2794 673 circumcisionem
2818 614 2909 670 filii
2933 614 3159 669 Ahraba:
3191 612 3479 675 docentur,
3510 626 3633 680 gen-

2042 719 2123 765 tes
2153 719 2331 764 autem
2360 724 2457 779 per
2500 708 2823 777 baptismum
2875 706 2968 760 lilii
3009 706 3104 760 Dei
3150 703 3304 770 ﬁunt,
3332 712 3394 759 et
3423 712 3509 759 est
3537 702 3635 759 iiiis

2042 801 2210 856 frater
2235 800 2628 870 primogenitus
2656 798 2825 853 Filius
2851 796 2970 851 Dei.
3008 795 3344 865 Unigenitus,
3394 796 3633 864 inquam,

2044 894 2351 963 specialiter
2372 893 2539 946 Filius
2558 890 2675 956 Dei,
2704 890 2872 944 frater
2897 888 2957 942 tit
2985 905 3172 945 eorum
3200 888 3290 956 qui
3311 888 3638 956 generaliter

2046 985 2136 1039 ﬁlii
2185 986 2277 1040 Dei
2324 986 2681 1054 adoptantur;
2712 983 2854 1037 unde
2895 991 2949 1036 et
3001 983 3131 1036 dicit
3170 980 3357 1035 Patri:
3391 980 3636 1035 Narrabo

2044 1093 2228 1130 nomen
2260 1086 2405 1130 tuum
2444 1075 2693 1147 fratribus
2725 1076 2850 1129 meis
2881 1075 3010 1145 (Ps.
3056 1090 3164 1138 nt,
3193 1073 3317 1143 93).
3346 1073 3462 1128 llos
3512 1088 3635 1141 ergo

2043 1171 2281 1238 gentium
2311 1169 2536 1238 populos
2562 1167 2811 1237 pnesciit,
2862 1174 2923 1219 ut
2966 1165 3218 1230 diximus,
3251 1165 3396 1234 quod
3445 1164 3632 1219 Filium

2045 1276 2199 1315 suum
2219 1275 2381 1329 quem
2408 1258 2577 1314 Judaei
2611 1268 2635 1297 θ
2666 1258 2970 1313 crucilixuri
3017 1266 3193 1322 erant,
3236 1258 3451 1311 sincero
3479 1256 3636 1312 corde

2044 1353 2399 1422 susciperent,
2447 1360 2502 1405 et
2545 1358 2603 1404 ut
2655 1349 2883 1404 decebat
2931 1348 3025 1402 Dei
3076 1348 3265 1401 Filium
3308 1347 3631 1402 adorarent:

2051 1441 2230 1509 fQuos
2251 1457 2379 1510 ergo
2407 1442 2656 1511 prresciit,
2689 1449 2744 1495 et
2762 1440 3163 1510 pnedestiuavit
3191 1438 3499 1494 conformes
3527 1440 3634 1494 ﬁeri

2046 1534 2291 1601 imaginis
2320 1533 2438 1586 Filii
2461 1532 2561 1595 sui,
2582 1539 2642 1586 ut
2670 1531 2837 1585 Filius
2865 1530 2981 1599 ejus
3008 1539 3153 1585 esset
3169 1530 3561 1600 primogenitus
3587 1529 3635 1584 in

2045 1627 2226 1680 multis
2256 1625 2525 1690 fratribus,
2558 1626 2657 1679 hos
2677 1625 3110 1695 praedestinavit;
3134 1638 3273 1692 quos
3293 1632 3474 1677 autem
3505 1638 3636 1692 pia:-

2046 1720 2350 1785 destinavit,
2398 1719 2497 1772 bos
2525 1719 2756 1773 vocavit.
2807 1726 2832 1765 ϐ
2862 1717 2919 1771 Si
2976 1708 3275 1784 interrogas
3302 1716 3632 1786 Apostolum,

352 1822 571 1862 moratis
598 1808 813 1874 clamat,
858 1809 1044 1863 dicens
1076 1826 1089 1861 :
1122 1807 1314 1861 Omnes
1351 1824 1443 1861 nos
1483 1816 1684 1877 oportet
1725 1807 1949 1877 manife-
1981 1812 2022 1869 Β
2051 1813 2266 1884 quando
2290 1810 2706 1883 praedestinavit,
2749 1810 2879 1864 dicit
2907 1810 3041 1863 tibi:
3074 1808 3224 1863 Tunc
3248 1809 3465 1877 quando
3510 1807 3636 1863 dixit

354 1899 486 1952 stari
506 1907 625 1952 ante
645 1898 874 1952 tribunal
898 1897 1112 1963 Christi,
1137 1907 1191 1950 ut
1220 1899 1434 1966 recipiat
1456 1898 1800 1969 unusquisque
1826 1914 1950 1966 pro-

353 1988 469 2057 pria
498 1989 749 2056 corporis,
780 1996 932 2058 prout
955 1990 1132 2060 gessit,
1156 1989 1261 2040 sive
1287 1987 1425 2041 bona
1444 1988 1549 2040 sire
1568 1988 1706 2040 mala
1730 1986 1794 2058 (Ii
1824 1986 1945 2041 Cor.

353 2094 403 2143 v,
432 2077 540 2147 10).
569 2076 719 2132 Unde
741 2087 795 2133 et
823 2080 1097 2148 apostolus
1122 2079 1311 2133 Petrus
1342 2096 1355 2132 :
1389 2077 1592 2143 Gratia,
1627 2079 1817 2146 inquit,
1850 2077 1949 2133 Dei

351 2185 507 2241 super
552 2185 751 2235 omnes,
781 2177 831 2224 et
878 2172 934 2225 in
987 2170 1225 2226 omnibus
1253 2172 1412 2225 vobis.
1448 2169 1731 2241 Propheta:
1759 2185 1948 2225 omnes

352 2269 569 2326 Vocant,
602 2262 833 2331 apostoli
863 2277 1051 2316 omnes
1095 2271 1308 2327 vocant,
1339 2261 1611 2316 Christum
1641 2277 1831 2317 omnes
1851 2246 1950 2316 vo-

353 2351 692 2414 cant,intoto
721 2352 853 2407 orbe
884 2361 1147 2407 terrarum
1171 2354 1481 2408 sacerdotes
1512 2352 1607 2407 Dei
1636 2353 1945 2407 innumera-

355 2442 490 2497 biles
517 2458 708 2499 omnes
732 2452 926 2499 vocant
975 2445 1040 2500 ad
1070 2446 1298 2513 gratiam
1336 2453 1391 2500 et
1428 2445 1495 2499 ad
1523 2445 1946 2499 miscricordiam

355 2533 457 2589 Dei
479 2542 533 2589 et
559 2535 625 2588 ad
656 2536 1060 2604 indulgentiam.
1091 2536 1204 2591 Soli
1228 2537 1333 2591 duo
1360 2545 1453 2591 aut
1494 2543 1606 2590 tres
1628 2536 1805 2590 homui
1829 2536 1945 2589 cio-

357 2639 474 2690 nes,
513 2640 711 2681 caecum
739 2627 999 2681 habentes
1025 2644 1138 2693 cor,
1161 2628 1507 2696 egrediuntur
1535 2644 1656 2682 cum
1697 2628 1778 2680 his
1800 2627 1948 2681 libris

353 2718 683 2786 apostolicis,
709 2734 846 2787 quos
869 2719 971 2775 viri
999 2721 1249 2775 catholici
1280 2734 1400 2774 esse
1445 2717 1832 2787 conﬁugentes,
1858 2725 1946 2774 ιοι-

352 2817 468 2863 tum
498 2810 779 2864 vulnerant
807 2811 1061 2865 nmndum
1094 2829 1107 2864 :
1138 2812 1332 2882 quibus
1361 2826 1556 2865 novum
1591 2825 1759 2879 genus
1802 2810 1947 2865 blas-

357 2901 584 2970 phemia:
606 2902 939 2965 indueentes,
965 2903 1151 2956 dicunt
1171 2904 1314 2972 quod
1342 2903 1483 2956 Deus
1511 2918 1617 2956 non
1639 2916 1827 2956 omnes
1854 2901 1949 2955 ho-

358 2993 529 3047 mines
554 2993 669 3047 vult
696 2995 876 3049 salvos
905 2994 1038 3058 ﬁeri,
1070 3002 1123 3049 et
1152 2995 1204 3048 in
1228 2995 1553 3062 agnitionem
1583 2993 1826 3047 veritatis
1851 3009 1946 3048 ve-

353 3084 503 3147 nire;
534 3092 695 3152 atque
726 3085 881 3139 unius
903 3085 1004 3139 loci
1025 3085 1403 3139 obscuritatem
1425 3087 1598 3155 passi,
1632 3094 1658 3122 ι
1681 3092 1830 3139 tanto
1858 3085 1941 3137 lu-

2052 1903 2277 1957 Ahraha:
2311 1920 2323 1954 :
2359 1901 2423 1956 In
2445 1903 2641 1956 semine
2669 1911 2754 1954 tuo
2793 1898 3107 1954 luerediltbo
3135 1915 3313 1953 omnes
3350 1908 3545 1970 gentes.
3577 1897 3636 1953 Et

2050 1994 2171 2049 ideo
2196 2009 2291 2063 per
2306 1993 2624 2063 prophetam
2654 1988 2680 2029 ι·
2707 1991 2837 2045 dicit
2862 2009 2873 2043 :
2905 1991 3094 2043 Audite
3118 1990 3244 2053 Iure,
3271 2005 3447 2043 omnes
3468 1996 3636 2059 gentes

2052 2086 2175 2157 (Ps.
2210 2101 2392 2150 xum,
2422 2083 2508 2151 ‘2).
2543 2084 2684 2138 Dicit
2711 2096 2842 2150 ergo
2880 2081 3078 2136 Judznis
3108 2100 3121 2134 :
3152 2080 3291 2135 Nihil
3321 2097 3519 2135 novum
3542 2095 3634 2135 vo-

2048 2177 2131 2231 bis
2150 2175 2397 2231 videatur
2425 2173 2615 2229 fecisse
2639 2173 2798 2239 Deus,
2822 2172 2913 2241 qui
2942 2172 3111 2226 voluit
3138 2171 3462 2241 promissum
3494 2171 3627 2239 patri

2047 2274 2237 2321 nostro
2267 2265 2494 2319 Abrahae
2521 2264 2794 2334 complere
2815 2262 2959 2332 quod
2997 2263 3342 2333 promiserat,
3372 2269 3432 2316 ut
3460 2262 3516 2316 in
3552 2276 3636 2316 se-

2048 2357 2192 2412 mine
2211 2354 2325 2425 ejus
2339 2355 2717 2410 btereditentur
2731 2368 2916 2409 omnes
2929 2363 3135 2423 gentes.
3155 2351 3295 2423 Ergo
3315 2355 3438 2424 quia
3456 2369 3636 2410 omnes
3668 2372 3679 2376 '

2048 2457 2238 2517 gentes
2267 2447 2683 2518 prtedestinavit,
2709 2444 2724 2484 ί
2753 2461 2941 2501 omnes
2968 2455 3155 2513 gentes
3181 2447 3445 2501 conclusit
3472 2447 3527 2501 in
3557 2448 3636 2501 in-

2047 2538 2419 2593 credulitatem
2465 2545 2525 2591 ut
2573 2537 2821 2592 omnibus
2850 2537 3171 2591 misereatur
3219 2536 3397 2606 (Rom.
3423 2533 3633 2607 v.51).

2048 2628 2187 2698 Ergo
2205 2628 2767 2699 quosprardestiuavit,
2783 2628 2884 2681 hos
2899 2629 3130 2690 vocavit;
3145 2644 3284 2698 quos
3294 2629 3526 2693 vocavit,
3545 2628 3636 2684 bos

2043 2718 2375 2787 iustiﬁcavit,
2406 2719 2700 2775 auferendo
2730 2721 2981 2775 universa
3015 2727 3265 2789 peccata;
3297 2735 3435 2789 quos
3463 2729 3634 2774 autem

2041 2810 2372 2880 justiﬁeavit,
2386 2812 2529 2881 ipsos
2550 2809 2996 2878 etmagnilicavit,
3018 2810 3069 2863 id
3091 2817 3194 2874 est,
3221 2810 3358 2863 lilios
3374 2808 3470 2863 Dei
3494 2810 3631 2864 fecit.

2048 2903 2186 2972 Quid
2215 2917 2343 2972 ergo
2371 2911 2769 2957 murmurantes
2810 2902 2972 2965 estis,
3001 2917 3036 2956 ο
3063 2896 3263 2963 Ιυάῶί,
3293 2902 3635 2971 prohibentes

2048 3012 2150 3053 nos
2166 3006 2353 3066 gentes
2372 2995 2611 3063 alloqui?
2642 2994 2702 3050 Si
2726 2994 2867 3048 Deus
2890 3012 2983 3066 pro
3011 2993 3177 3057 nobis,
3210 2995 3325 3064 quis
3345 3006 3528 3048 contra
3548 3012 3634 3051 nos

2049 3092 2228 3159 (Rom.
2251 3104 2359 3153 vtu,
2387 3087 2445 3143 5|
2476 3084 2496 3154 )
2523 3089 2547 3142 ἵ
2636 3088 2689 3143 id
2714 3096 2814 3150 est,
2840 3089 2966 3156 quid
2984 3089 3035 3142 in
3062 3103 3161 3141 nos
3188 3088 3403 3141 mittitis
3430 3104 3631 3155 manus,

356 3173 509 3240 mini,
529 3184 742 3242 tamque
760 3176 1020 3229 immenso
1047 3175 1336 3244 splendori,
1368 3176 1709 3231 tenebrarum
1734 3192 1949 3231 suarum
1978 3181 2022 3242 C
2055 3188 2110 3235 et
2136 3183 2190 3236 in
2217 3182 2494 3252 apostolos
2512 3179 2606 3233 Det
2628 3179 2934 3234 scandalum
2948 3180 3226 3249 patimini?
3246 3179 3301 3233 Si
3328 3180 3473 3234 enim
3503 3179 3635 3235 Deus

360 3264 546 3320 volunt
576 3266 771 3321 inferre
799 3268 1100 3335 caliginem.
1129 3266 1236 3323 Sed
1262 3270 1386 3338 quia
1426 3270 1518 3323 lux
1549 3269 1689 3323 lucet
1716 3269 1767 3323 in
1798 3278 1950 3324 tene-

356 3356 487 3421 bris,
535 3366 590 3412 et
644 3360 880 3414 tenebras
930 3376 1050 3414 eam
1100 3378 1207 3415 non
1261 3363 1444 3416 valent
1490 3363 1951 3433 comprehendere

354 3445 413 3516 (1
421 3464 540 3500 oan.
572 3464 608 3512 ι,
636 3446 719 3516 5),
747 3447 969 3517 iuvante
999 3449 1259 3515 Domino,
1289 3448 1354 3507 ex
1379 3452 1495 3521 ejus
1524 3454 1787 3507 thesauris
1808 3454 1952 3509 acci-

358 3541 584 3609 pientes,
618 3541 793 3596 locum
824 3557 983 3611 quem
1005 3552 1197 3613 putant
1224 3544 1415 3599 liceresi
1444 3561 1552 3599 sua:
1574 3560 1792 3600 manum
1817 3561 1948 3615 por-

356 3635 531 3701 rigere
578 3633 604 3672 δ
635 3634 1055 3703 explanavimus.
1110 3635 1361 3691 Dicamus
1399 3652 1541 3691 nunc
1588 3645 1644 3691 et
1682 3637 1750 3691 de
1803 3654 1943 3706 prae-

357 3723 578 3777 scientia
601 3733 657 3778 et
681 3725 746 3779 de
770 3726 1259 3794 prtedestiuatione.
1285 3726 1530 3781 Prtesciit
1558 3727 1699 3783 Deus
1729 3736 1784 3783 et
1815 3744 1954 3798 pra:-

352 3814 492 3867 dixit
511 3816 655 3883 quod
678 3816 729 3869 in
760 3816 966 3871 semine
994 3818 1242 3882 Abrahae,
1268 3819 1373 3875 hoc
1400 3829 1481 3874 est
1509 3821 1561 3874 in
1591 3819 1824 3887 Christo,
1857 3823 1953 3877 be-

362 3907 740 3963 nedicerentur
770 3924 958 3963 omnes
986 3918 1193 3976 gentes.
1226 3909 1379 3976 Quod
1418 3911 1544 3966 dum
1566 3912 1742 3983 .llerct,
1786 3912 1952 3985 Judaei

358 3999 490 4052 satis
520 3998 747 4052 moleste
800 3998 1061 4053 ferebant.
1088 3999 1223 4053 Nam
1263 4001 1385 4056 ideo
1425 4005 1955 4073 comprehendebant

358 4089 654 4158 apostolos,
707 4098 761 4143 ct
790 4090 843 4144 in
886 4091 1146 4145 custodiis
1196 4093 1515 4158 retinebant,
1549 4095 1790 4152 dicentes
1830 4098 1949 4153 eis:

358 4177 709 4234 Prwdiximus
732 4178 871 4234 vobis
893 4198 959 4234 ne
975 4183 1330 4251 prwdicaretis
1367 4184 1463 4239 I:oc
1486 4203 1703 4252 nomen;
1733 4205 1820 4241 vos
1853 4205 1950 4241 an-

357 4278 461 4324 tem
492 4281 512 4309 ¢
562 4273 796 4341 replestis
842 4290 1018 4327 omnes
1060 4274 1300 4330 doctrina
1345 4289 1514 4330 vestra
1543 4280 1697 4349 (Act.
1743 4296 1792 4343 v,
1824 4278 1945 4349 9.8).

357 4362 650 4431 Apostolus
677 4371 854 4417 autem
885 4362 1103 4430 Paulus,
1124 4366 1311 4420 videns
1327 4365 1537 4422 Judmos
1555 4369 1603 4421 in
1634 4384 1700 4422 eo
1722 4370 1954 4425 deiicere

354 4454 503 4523 quod
532 4462 720 4523 gentes
752 4455 1036 4510 introirent
1082 4456 1149 4510 ad
1180 4456 1357 4523 iidem,
1397 4467 1452 4513 et
1479 4461 1826 4516 excluderent
1851 4462 1947 4517 Ju-

2052 3273 2189 3328 Filio
2218 3288 2317 3327 suo
2354 3287 2460 3326 non
2489 3272 2748 3340 pepercit,
2768 3270 2861 3325 sed
2892 3286 2990 3339 pro
3012 3270 3261 3323 omnibus
3288 3271 3443 3324 nobis
3472 3270 3630 3325 tradi-

2051 3363 2129 3418 dit
2156 3379 2297 3428 eum,
2323 3368 2449 3416 nota
2472 3363 2588 3428 tibi,
2618 3361 3021 3426 Prmdestinate,
3045 3360 3173 3430 quid
3211 3361 3383 3415 dicat:
3410 3360 3519 3416 Sed
3543 3377 3638 3432 pro

2052 3456 2301 3510 omnibus
2323 3456 2542 3509 tradidit
2561 3470 2706 3509 eum.
2758 3454 2995 3509 Dicendo
3023 3470 3125 3524 pro
3147 3455 3401 3509 omnibus
3427 3456 3636 3510 tradidit

2051 3560 2197 3612 eum,
2222 3555 2278 3601 et
2304 3537 2500 3600 Judzeis
2521 3547 2818 3615 amputavit
2846 3546 3155 3601 scandalum
3175 3585 3190 3609 ,
3218 3556 3272 3601 et
3305 3557 3537 3601 vestram
3559 3548 3638 3601 in-

2053 3639 2348 3693 tentionem
2370 3638 2617 3693 exclusit.
2650 3637 2817 3691 Miror
2841 3646 3018 3691 autem
3042 3637 3378 3707 prudentiam
3412 3647 3636 3691 vestram

2052 3730 2131 3785 sic
2146 3728 2342 3796 legisse
2355 3729 2531 3784 locum
2552 3729 2709 3782 istum
2726 3725 2889 3790 :Quos
2907 3727 3294 3798 prazdcstinavit
3314 3727 3407 3780 Iros
3427 3728 3637 3790 vocarit,

2053 3827 2114 3874 ut
2155 3819 2223 3875 ad
2250 3834 2415 3874 unum
2457 3818 2777 3873 versiculum
2819 3819 2912 3888 qui
2963 3818 3017 3871 in
3046 3826 3172 3871 ante
3218 3826 3301 3871 est
3330 3819 3638 3873 timuissetis

2053 3911 2331 3966 accedere.
2381 3913 2397 3962 t
2429 3908 2655 3976 Quando
2695 3911 2836 3964 enim
2870 3909 3091 3963 venistis
3143 3908 3216 3983 ad
3264 3909 3407 3963 hunc
3446 3908 3634 3972 locmn,

2053 4004 2205 4072 quasi
2228 4002 2560 4057 satisfactum
2581 4010 2834 4071 putantes
2857 4002 3374 4067 intentiouivestrat,
3404 3999 3638 4055 noluistis

2054 4096 2108 4149 in
2131 4102 2257 4148 ante
2278 4094 2345 4148 ad
2372 4095 2699 4149 versiculum
2741 4093 2834 4161 qui
2865 4109 2961 4147 vos
2983 4092 3347 4148 convincobat
3383 4092 3636 4161 aspicere,

2055 4187 2106 4242 id
2130 4195 2230 4250 est,
2262 4204 2357 4256 pro
2383 4186 2615 4240 oneribus
2637 4186 2853 4240 tradidit
2878 4203 3028 4247 eum:
3068 4186 3161 4240 sed
3204 4187 3472 4240 clausistis
3497 4185 3635 4239 codi-

2053 4296 2190 4343 cem,
2222 4288 2276 4332 et
2301 4279 2539 4347 coepistis
2579 4278 2813 4332 clamare
2838 4294 2850 4329 :
2877 4277 2992 4331 Non
3029 4293 3216 4331 ornncs
3239 4288 3397 4331 vocat
3420 4276 3563 4330 Deus
3579 4273 3635 4328 ad

2052 4371 2281 4436 gratiam
2312 4387 2485 4431 suam,
2519 4388 2626 4424 nun
2650 4386 2839 4425 omnes
2868 4371 3092 4435 invitat;
3134 4379 3189 4423 et
3218 4370 3517 4423 dicentibus
3549 4384 3632 4422 uo-

2054 4466 2214 4519 stris:
2240 4464 2380 4532 Ergo
2404 4481 2509 4518 non
2542 4479 2732 4517 omnes
2760 4464 2956 4517 vocat?
2976 4478 3072 4517 vos
3102 4462 3457 4532 respondistis
3486 4481 3498 4515 :
3529 4462 3632 4516 Not:

355 4547 506 4601 «ianos
531 4561 559 4600 a
588 4547 867 4616 privilegio
888 4547 1183 4619 Synagoga:
1203 4565 1300 4618 per
1315 4552 1647 4621 privilegium
1678 4553 2029 4623 Ecclesium-1)
2057 4571 2244 4613 omnes
2272 4562 2445 4610 vocat.
2479 4554 2770 4625 Stupeutes
2801 4556 2983 4623 itaque
3015 4554 3185 4609 nostri
3226 4564 3391 4622 atque
3424 4554 3634 4609 anxiaa-

352 4636 651 4705 alloquitur
670 4653 763 4692 eos
792 4645 850 4692 ut
881 4655 986 4692 non
1016 4640 1435 4707 contristentur,
1462 4642 1646 4697 dicens
1678 4645 1693 4705 (
1711 4645 1731 4700 l
1768 4645 1946 4701 Thess.

352 4742 419 4794 ιι,
458 4721 575 4797 l6):
610 4726 747 4794 Quid
797 4745 938 4784 nunc
966 4731 1259 4799 prohibetis
1296 4748 1394 4787 nos
1423 4735 1669 4800 gentibus
1697 4737 1842 4805 loqui
1884 4753 1955 4793 ne

349 4819 520 4875 salvae
551 4820 700 4886 (iant,
748 4837 871 4877 cum
901 4823 1083 4877 sciatis
1126 4823 1298 4878 Deum
1340 4826 1539 4880 dixisse
1566 4827 1632 4881 ad
1658 4828 1950 4898 Abraham,

349 4913 502 4982 quod
526 4914 579 4967 in
604 4914 795 4967 semine
822 4923 909 4969 tuo
930 4909 1243 4970 Itwreditabo
1264 4934 1441 4972 omnes
1461 4928 1634 4989 gentes
1653 4916 1805 4991 (Gen.
1823 4939 1950 4989 χιιι,

349 5008 423 5070 8;
455 5008 569 5059 Act.
602 5022 678 5072 Ill,
708 5006 841 5075 25)?
870 5006 1108 5063 Pracsciit
1130 5010 1273 5064 enim
1313 5011 1486 5075 Deus,
1510 5009 1535 5049 ά
1564 5014 1708 5081 quod
1758 5014 1950 5070 Filium

349 5105 473 5166 eius
503 5108 685 5155 essent
713 5102 955 5168 negaturi
976 5100 1163 5167 Judazi,
1197 5111 1252 5157 et
1280 5113 1461 5159 essent
1499 5106 1550 5161 ei
1588 5108 1822 5174 gentium
1850 5122 1950 5176 po-

358 5193 467 5263 puli
494 5190 770 5247 credituri.
798 5189 868 5245 Et
894 5191 1016 5247 ideo
1044 5193 1120 5248 ait
1150 5212 1162 5246 :
1197 5192 1337 5259 Quos
1366 5198 1613 5266 pra'sciit,
1643 5205 1692 5250 et
1734 5187 1941 5267 pra-de;

428 5411 448 5475 ξ·
491 5400 588 5475 .‘tls.
642 5400 933 5472 Augicnse,
986 5413 1134 5457 tanto
1182 5404 1393 5469 lumine,
1447 5413 1652 5475 tam/pta
1694 5404 1943 5459 immenso

348 5469 647 5537 silendore.

429 5541 451 5577 ι
620 5543 780 5607 idem,
812 5544 1167 5612 explanamus.

429 5621 448 5644 ε
490 5610 585 5665 Ms.
624 5614 780 5669 idem.
814 5610 1019 5677 repletis
1034 5622 1212 5677 totum
1234 5614 1498 5669 mundum.

426 5680 449 5715 τί
620 5682 782 5745 idem,
813 5670 947 5751 quod
976 5670 1137 5737 ‘ii’ium
1165 5701 1333 5737 suum.

423 5757 449 5784 ν
490 5748 584 5803 Ms.
621 5752 780 5817 idem,
813 5748 1201 5822 cruciﬁrerzmt.

2057 4656 2156 4712 tes,
2190 4663 2256 4701 co
2284 4647 2425 4715 quod
2450 4646 2699 4700 audirent
2726 4646 2868 4715 quod
2906 4646 3084 4699 nullus
3108 4661 3343 4717 unquam
3370 4645 3634 4699 hmt‘ctico-

2055 4756 2173 4794 rum
2195 4739 2422 4802 dixerat,
2448 4739 2915 4805 interrogaverunt
2944 4738 3191 4807 peritiam
3206 4747 3445 4791 vestram
3475 4738 3631 4791 diccno

2057 4840 2174 4884 tes:
2202 4828 2354 4884 Unde
2392 4830 2632 4899 probatis
2658 4830 2781 4898 quia
2829 4845 2934 4883 non
2988 4844 3178 4883 omnes
3223 4839 3385 4884 vocat
3415 4830 3548 4901 Deus
3571 4824 3633 4878 ad

2058 4922 2283 4990 gratiam
2331 4922 2522 4975 suam?
2548 4920 2667 4990 Ipse
2692 4920 2835 4975 Deus
2867 4936 2974 4973 non
3006 4920 3119 4974 vult
3162 4935 3258 4974 eos
3306 4921 3534 4975 vocare?
3565 4930 3627 4969 an

2056 5012 2171 5066 vult
2197 5019 2253 5065 et
2281 5027 2389 5066 non
2413 5012 2629 5081 potest?
2653 5026 2718 5064 an
2754 5026 2861 5066 non
2891 5012 3202 5066 merentur?
3227 5010 3287 5065 Si
3324 5013 3439 5065 vult
3457 5020 3507 5065 et
3532 5022 3626 5061 non

2056 5112 2256 5175 potest,
2280 5104 2687 5174 blasphematur
2714 5105 3016 5173 impotens:
3042 5106 3086 5159 si
3110 5113 3289 5174 potest
3310 5114 3364 5159 et
3387 5119 3489 5160 non
3505 5101 3624 5160 vull.

2050 5196 2265 5251 videtur
2289 5196 2530 5263 iniquus;
2554 5196 2598 5250 si
2628 5196 2731 5265 ipsi
2758 5211 2866 5250 non
2889 5205 3197 5264 merentur,
3228 5211 3362 5267 ergo
3384 5196 3490 5266 jam
3513 5206 3619 5260 κη·

2127 5406 2147 5446 f
2190 5404 2286 5459 Ms.
2316 5402 2453 5458 idem
2488 5420 2501 5455 :
2530 5401 2619 5473 Y1.
2652 5401 2950 5458 ILERETICI.
2985 5401 3125 5468 Quos
3146 5418 3289 5473 ergo,
3321 5409 3422 5458 etc.

2126 5488 2151 5546 s
2191 5475 2287 5546 llis.
2315 5475 2452 5546 idem
2479 5491 2491 5526 :
2516 5471 2829 5546 Dynmum.
2865 5475 2927 5528 Si
2947 5471 3260 5546 interrogas.
3283 5481 3387 5526 etc.

2125 5545 2151 5584 ιι
2194 5544 2291 5598 Ms.
2325 5544 2486 5605 idem,
2510 5544 2716 5596 dicitur.

2133 5616 2145 5654 ί
2194 5616 2290 5669 Ms.
2325 5614 2486 5678 idem,
2518 5630 2696 5667 omnes
2719 5614 2967 5668 conclusit
2989 5614 3040 5667 in
3066 5613 3437 5667 incredulitate.

2129 5685 2146 5735 ἱ
2190 5686 2288 5740 Bis.
2321 5682 2480 5750 idem,
2505 5685 2641 5756 quod
2670 5684 2823 5736 enim.
