3926 6176
294 269 385 325 657

721 266 1312 326 ΡιωευεδπΝΑτυε
1348 267 1499 325 SlV’E
1536 266 2236 325 PRAEDESTINATORUM
2278 238 2625 341 ll.£RESlS,
2665 272 2796 333 ETC
2857 276 2982 335 LIB.
3023 279 3109 336 lll.

3444 287 3546 345 653

294 386 360 439 tia
379 400 480 438 non
494 369 582 437 est
608 383 801 452 gratia,
848 392 907 439 et
946 400 1036 440 res
1063 387 1238 440 meriti
1266 386 1484 441 humani
1515 394 1598 440 est
1624 386 1858 448 vocatio,
1894 393 1935 445 Α
1967 387 2111 442 catio
2135 388 2497 459 delinquentis
2525 401 2578 446 et
2610 396 3010 463 pnndestinatio
3038 400 3349 459 ulciscentis
3377 424 3391 459 :
3423 413 3547 476 quia

292 491 390 531 nou
415 476 597 543 gratiae
645 475 740 529 Dei
773 494 786 529 :
819 477 863 531 si
914 486 1094 532 autem
1122 480 1305 546 gratim
1339 478 1431 532 Dei
1482 488 1585 542 est,
1617 486 1728 531 "et
1754 492 1863 530 non

292 566 457 621 meriti
484 567 737 633 hominis,
772 583 962 623 omnes
998 580 1172 624 vocat.
1210 570 1403 623 Omnes
1443 571 1581 624 enim
1625 585 1864 637 peccave-

291 665 398 711 runt
417 666 465 711 et
482 666 626 728 egent
651 659 823 729 gloria
857 660 977 725 Dei,
1011 669 1067 713 ut
1096 660 1225 715 dicit
1254 662 1546 730 Apostolus
1572 659 1757 731 (Rom.
1785 676 1861 723 nt,

288 746 371 817 25)
389 765 404 813 ;
425 756 475 802 et
497 746 721 816 adjecit:
748 749 1035 820 Justiﬁcati
1058 752 1229 820 itaque
1248 751 1410 821 gratis
1439 751 1489 802 in
1506 751 1673 821 gratia
1702 750 1864 819 ipsius

287 840 335 892 iu
361 837 754 910 redemptionem
772 857 887 910 quia
907 848 984 894 est
1008 842 1064 894 in
1109 841 1315 894 Christo
1347 839 1536 909 (Ibid.,
1568 838 1691 903 24).
1727 837 1862 892 Ecce

288 930 457 998 gratis.
490 944 615 985 ecce
644 938 699 984 et
728 931 1046 1001 redemptio.
1092 931 1367 986 Audenter
1419 932 1541 985 dico
1574 948 1586 982 :
1624 928 1725 984 Ubi
1780 938 1865 983 est

287 1023 617 1092 praesumptio
646 1023 713 1076 de
735 1025 930 1079 merito
950 1025 1326 1088 humanitatis,
1346 1041 1454 1079 non
1482 1033 1564 1078 est
1586 1023 1757 1092 gratia
1782 1022 1866 1076 di-

285 1114 510 1169 vinitatis
533 1133 548 1179 ;
580 1116 759 1170 omnia
781 1118 922 1171 enim
947 1132 1066 1186 quae
1093 1120 1279 1185 gratiae
1308 1119 1401 1173 Dei
1427 1134 1544 1173 esse
1573 1117 1860 1181 credimus,

287 1205 479 1257 meritis
509 1206 707 1259 nostris
731 1207 1003 1275 applicare
1032 1224 1137 1262 non
1162 1224 1461 1279 possumus.
1490 1207 1628 1276 Ergo
1654 1208 1698 1262 si
1740 1220 1864 1274 gra-

290 1297 369 1350 tia:
409 1305 490 1351 est
537 1305 591 1350 et
623 1313 729 1352 non
764 1299 960 1364 meriti,
992 1301 1266 1368 quomodo
1296 1316 1392 1354 vos
1429 1300 1605 1353 dicitis
1652 1299 1864 1366 aliquos

286 1401 384 1440 non
406 1387 602 1445 vocari.
622 1387 745 1455 quia
768 1397 891 1443 sunt
921 1389 1038 1456 ejus
1064 1391 1292 1444 voeatio:
1318 1406 1347 1444 e
1374 1390 1609 1457 indigni?
1632 1389 1688 1443 Si
1716 1390 1859 1443 enim

286 1479 448 1532 nullus
476 1493 541 1532 ex
563 1495 661 1533 suo
684 1481 876 1534 merito
897 1491 1142 1545 vocatur,
1166 1482 1259 1535 sed
1281 1499 1348 1537 ex
1368 1484 1511 1537 dono
1538 1484 1721 1551 gratia:
1742 1480 1857 1547 Dei,

285 1576 335 1622 et
359 1570 488 1623 alius
517 1580 767 1638 vocatur,
800 1573 937 1628 alius
964 1586 1263 1640 recusatur,
1314 1590 1685 1644 personarum,
1719 1574 1861 1628 Deus

282 1666 673 1736 blasphematur
721 1679 994 1738 acceptor.
1048 1674 1359 1737 Arguuutur
1411 1671 1574 1725 etiam
1627 1668 1859 1739 apostoli

1967 491 2246 550 peccatum
2271 484 2323 537 in
2353 494 2665 556 contemptu
2690 494 3100 559 transgressoris
3127 503 3228 559 est,
3262 496 3392 552 ultio
3418 515 3548 554 vero

1966 572 2019 626 in
2045 572 2240 641 jndicis
2268 577 2522 643 aequitate
2567 581 2829 635 consistit.
2862 582 3055 639 Tollite
3084 586 3267 656 itaque
3289 605 3319 643 e
3340 589 3549 647 duobus

1967 679 2151 727 unum,
2181 673 2274 719 aut
2307 664 2473 732 judici
2516 668 3043 737 przedestinationem
3072 684 3131 731 ut
3170 681 3409 748 probetis
3457 681 3547 749 ju-

1964 761 2127 819 stum,
2154 764 2247 809 aut
2274 758 2499 812 alterum
2523 757 2759 826 judicem
2806 761 3039 820 futurum
3079 771 3358 825 ostendite.
3394 771 3543 827 Nulla

1965 845 2109 899 enim
2164 848 2375 901 ratione
2421 851 2771 905 constitutum
2826 870 2979 909 suum
3008 861 3205 925 poterit
3232 864 3423 931 punire
3454 865 3545 932 qui

1960 934 2166 1003 judicat
2195 956 2207 989 :
2238 939 2361 1005 quia
2392 938 2435 993 si
2466 940 2667 994 malum
2714 943 3172 1011 prtedestinatioui
3202 950 3410 1006 dederis
3427 951 3540 1015 Dei,

1965 1029 2226 1083 voluntati
2256 1030 2489 1085 hominis
2518 1031 2647 1086 dare
2671 1048 2775 1087 non
2806 1024 3027 1103 poteris.
3055 1039 3160 1092 Aut
3189 1042 3329 1094 enim
3352 1057 3545 1097 accusa

1964 1129 2171 1174 reatum
2192 1121 2242 1174 in
2266 1122 2502 1184 homine,
2528 1131 2582 1177 et
2608 1124 2736 1179 tolle
2760 1137 2809 1179 te
2836 1124 2861 1163 ά
2887 1143 2915 1181 a
2938 1128 3272 1199 blasphemia
3295 1132 3388 1188 Dei
3414 1153 3428 1187 :
3455 1142 3544 1189 aut

1965 1212 2010 1265 si
2041 1210 2564 1281 pucdestinationem
2595 1231 2623 1267 a
2654 1215 2766 1270 Deo
2806 1219 2999 1272 asseris
3040 1223 3386 1277 constitutam
3427 1239 3548 1279 esse

1963 1304 2231 1373 peccanti,
2280 1313 2489 1359 reatum
2535 1306 2748 1374 quidem
2779 1311 3047 1376 peccaturi
3078 1314 3265 1376 tulisti,
3293 1315 3386 1369 sed
3434 1315 3547 1372 Deo

1965 1388 2166 1448 crimen
2219 1394 2483 1464 impingis.
2513 1395 2671 1451 Certe
2700 1408 2979 1467 peccatum
3034 1411 3242 1457 certum
3289 1382 3375 1459 esi
3416 1406 3548 1461 nihil

1964 1484 2107 1538 aliud
2156 1500 2296 1549 esse,
2326 1502 2484 1554 quam
2518 1490 3012 1555 praevaricatiorem
3044 1494 3293 1560 hominis,
3328 1506 3381 1552 et
3408 1513 3545 1567 prte-

1965 1576 2381 1631 destinationem
2407 1578 2535 1632 nihil
2557 1580 2717 1645 aliud,
2740 1583 2839 1635 nisi
2856 1584 3248 1639 ordinationem
3272 1587 3384 1640 Dei.
3410 1588 3550 1653 Quo-

1966 1669 2129 1724 modo
2156 1683 2285 1737 ergo
2305 1679 2415 1723 tam
2444 1671 2650 1727 diversa
2691 1674 2906 1728 sibimet
2937 1684 3153 1745 tamque
3182 1680 3451 1733 contraria
3480 1680 3548 1735 ad

283 1756 390 1824 ejus
414 1758 527 1811 falsi
556 1767 721 1814 testes
742 1760 942 1815 indicii.
974 1760 1108 1815 Nam
1130 1761 1320 1816 beatus
1350 1760 1639 1842 Apostolus
1671 1759 1858 1815 Petrus
1889 1756 1932 1814 Β
1962 1774 2124 1813 unam
2153 1761 2525 1829 compagiuem
2553 1763 2733 1818 venire
2762 1772 3071 1833 potuerunt,
3100 1774 3157 1820 ut
3185 1768 3329 1836 quod
3349 1768 3549 1824 bonum

282 1849 466 1903 clamat
494 1868 507 1903 :
535 1849 604 1904 In
629 1852 863 1919 veritate,
884 1852 1077 1921 inquit,
1107 1854 1358 1923 comperi,
1389 1855 1511 1924 quia
1532 1869 1636 1906 non
1664 1861 1738 1905 est
1753 1870 1868 1922 per-

280 1957 514 1998 sonarum
539 1946 771 2015 acceptio
802 1945 938 2016 apud
969 1946 1131 2000 Deum
1155 1946 1300 2018 (Act.
1346 1963 1401 2011 x,
1430 1944 1551 2016 55);
1593 1952 1648 1999 et
1675 1944 1865 1998 beatus

282 2031 495 2090 Paulus:
516 2033 644 2090 Non
673 2044 749 2091 est
774 2037 911 2090 enim
935 2053 1274 2107 personarum
1287 2037 1516 2107 acceptio
1537 2034 1676 2106 apud
1698 2035 1864 2088 Deum

284 2126 448 2196 (Rom.
468 2144 525 2192 tt,
557 2127 665 2198 ll),
690 2136 745 2183 et
767 2130 959 2183 iterum
989 2129 1247 2186 Dominus
1273 2130 1403 2185 dicit
1427 2129 1495 2183 de
1522 2129 1693 2183 servis
1717 2149 1728 2180 ;
1751 2126 1862 2181 Εα-

280 2217 408 2280 dem,
437 2218 632 2287 inquit,
658 2221 812 2290 facile
832 2220 938 2295 iliis
967 2222 1280 2275 remittentes
1303 2222 1491 2284 minas,
1507 2220 1721 2273 scientes
1742 2219 1864 2290 quia

279 2317 323 2362 et
348 2319 506 2364 vester
536 2320 588 2366 et
625 2313 837 2367 illorum
856 2311 994 2367 Deus
1034 2315 1088 2367 in
1116 2314 1253 2369 caelis
1282 2321 1377 2378 est,
1421 2322 1594 2368 etnon
1621 2321 1697 2367 est
1724 2312 1865 2383 apud

277 2397 413 2452 illum
424 2417 771 2469 personarum
790 2405 1017 2474 acceptio
1032 2404 1247 2477 (Ephes.
1264 2423 1337 2470 vi,
1355 2405 1433 2476 9).
1450 2403 1504 2460 Si
1518 2419 1646 2473 ergo
1668 2405 1741 2458 ita
1758 2412 1860 2470 est,

277 2489 431 2544 immo
451 2493 583 2560 quia
610 2494 682 2548 ita
705 2503 806 2560 est,
832 2495 971 2550 unde
1000 2497 1236 2565 probatis
1264 2497 1391 2567 quia
1419 2512 1527 2551 non
1549 2511 1737 2550 omnes
1767 2513 1863 2549 vo-

275 2589 354 2635 cat
382 2582 443 2636 ail
472 2586 706 2653 gratiam
735 2589 929 2641 suam?
956 2597 1049 2643 aut
1074 2604 1235 2657 quem
1258 2605 1365 2644 non
1388 2590 1502 2645 vult
1524 2590 1753 2654 salvare,
1771 2588 1864 2658 qui

275 2686 366 2741 pro
381 2676 521 2730 cruci
534 2674 815 2744 tigentibus
830 2688 950 2733 orat
964 2680 986 2733 ?
1002 2678 1057 2733 In
1081 2681 1181 2735 hac
1195 2681 1400 2735 brerese
1413 2681 1659 2736 diabolus
1682 2689 1861 2752 tyran-

278 2764 405 2820 nidis
424 2782 535 2821 sua:
553 2766 731 2823 furore
746 2780 1039 2837 grassatur,
1055 2779 1115 2824 ut
1129 2771 1309 2825 lethali
1328 2771 1480 2841 plaga
1500 2787 1636 2842 pene
1654 2772 1864 2826 univer-

276 2871 384 2911 sum
410 2860 667 2913 vulneret
702 2861 975 2916 mundum.
1002 2861 1165 2917 Infert
1191 2863 1390 2917 bellum
1423 2872 1667 2917 creatura
1689 2861 1864 2917 Crea-

276 2948 608 3013 tori,etdicit
635 2950 806 3019 ipsum
831 2951 1400 3023 prredestinasse-quod
1422 2954 1593 3023 punit,
1611 2953 1783 3023 ipsum
1805 2961 1865 3009 ut

277 3039 420 3096 ﬁeret
456 3043 810 3098 constituisse
839 3044 865 3081 δ
895 3044 1039 3112 quod
1070 3046 1361 3115 prohibuit.
1393 3043 1547 3111 Quod
1592 3059 1755 3113 quam
1793 3044 1864 3101 sit

1964 1850 2059 1905 Dei
2081 1858 2165 1905 est
2189 1852 2386 1906 malum
2414 1853 2646 1907 hominis
2673 1853 2782 1918 liat,
2812 1862 2865 1908 et
2885 1856 3243 1925 delinquentis
3262 1859 3447 1913 vitium
3470 1859 3548 1914 di-

1966 1950 2119 1998 catur
2139 1944 2520 2013 praaordinatio
2547 1944 2919 2013 prohibentis?
2946 1946 3078 2001 illud
3102 1957 3282 2003 autem
3321 1965 3418 2004 cur
3441 1965 3548 2005 non

1968 2036 2337 2099 consideratis,
2365 2036 2454 2104 qui
2482 2035 2953 2105 prmdestinatione
2968 2036 3062 2092 Dei
3091 2040 3289 2109 putatis
3304 2040 3549 2095 homines

1967 2126 2274 2180 consentire
2302 2127 2573 2196 peccatis?
2602 2123 2772 2181 Omne
2825 2136 2974 2183 certe
3027 2135 3308 2199 peccatum
3354 2132 3468 2185 vult
3493 2139 3549 2187 ct

1965 2218 2236 2273 desiderat
2263 2219 2507 2273 diabolus
2534 2217 2648 2274 fieri
2679 2237 2691 2272 :
2716 2227 2769 2274 et
2789 2221 3006 2276 creditis
3024 2222 3167 2292 quod
3200 2223 3549 2292 pra-destina-

1966 2312 2167 2366 tionem
2198 2326 2349 2364 suam
2368 2310 2512 2366 Deus
2529 2310 2595 2365 ad
2614 2311 2813 2367 diaboli
2843 2312 3162 2367 desiderium
3192 2321 3247 2367 et
3274 2313 3339 2367 ad
3368 2314 3547 2369 homi-

1966 2404 2049 2458 ni's
2097 2403 2373 2457 interitum
2426 2404 2642 2473 posuit,
2698 2412 2754 2458 et
2806 2405 2976 2458 voluit
3026 2405 3546 2475 prmdestinationem
3598 2447 3609 2461 ι

1966 2510 2117 2550 suam
2146 2495 2350 2550 servire
2377 2495 2638 2550 voluntati
2667 2495 2962 2562 diabolica,
2996 2505 3054 2551 ut
3086 2506 3108 2533 °
3138 2496 3202 2550 ad
3229 2496 3407 2550 libitus
3436 2497 3546 2551 dae-

1969 2601 2190 2640 monum
2215 2585 2479 2651 homines,
2510 2594 2636 2639 ante
2675 2587 2903 2655 preprisc
2933 2586 3222 2639 voluntatis
3266 2585 3544 2651 meritum,

1969 2690 2097 2730 reos
2138 2675 2250 2745 jam
2288 2675 2561 2729 addiceret
2606 2675 2863 2730 inimico?
2895 2674 3162 2730 Hactenus
3189 2674 3547 2744 blasphemias

1967 2766 2127 2836 hujus
2155 2767 2259 2821 loci
2306 2766 2575 2821 detexisse
2602 2764 2849 2821 sufﬁciat.
2885 2765 3083 2822 Pavido
3110 2767 3252 2822 enim
3275 2765 3437 2822 corde
3462 2766 3546 2822 in-

1968 2860 2233 2916 tolerabili
2254 2868 2489 2914 tremore
2510 2858 2721 2914 deﬁcio.
2753 2856 3033 2927 Octoginta
3063 2866 3118 2914 et
3153 2874 3346 2914 novem
3376 2859 3546 2914 haere-

1966 2970 2053 3009 ses
2074 2954 2126 3007 in
2149 2954 2322 3023 primo
2347 2953 2526 3007 libello
2555 2952 3002 3022 conscripsimus;
3032 2952 3233 3006 nullam
3263 2952 3335 3006 ita
3368 2951 3548 3006 homi-

1967 3044 2125 3100 nibus
2154 3044 2221 3099 ad
2248 3046 2472 3100 crimina
2503 3044 2651 3099 frena
2665 3045 2884 3100 laxasse
2913 3045 3317 3115 conspeximus;
3348 3044 3549 3100 nullam

276 3132 487 3203 impium
508 3176 525 3201 ,
565 3152 834 3207 quamque
873 3139 1190 3209 sacrilegum
1216 3179 1231 3206 ,
1261 3141 1556 3209 quamlibet
1586 3142 1864 3212 imperitus
1889 3118 1936 3181 ο
1967 3137 2046 3192 sic
2073 3137 2434 3207 blasphemias
2458 3138 2510 3191 in
2534 3136 2702 3191 Deum
2736 3146 3067 3193 astruentem
3095 3138 3415 3194 invenimus.
3446 3137 3548 3192 Fa-

276 3235 554 3294 agnoscet.
584 3226 754 3283 Omne
782 3228 925 3283 enim
955 3239 1233 3299 peccatum
1262 3238 1391 3285 tunc
1418 3238 1696 3300 peccatum
1718 3239 1865 3288 recte

275 3315 480 3383 dicitur,
526 3332 657 3372 cum
686 3327 742 3374 et
769 3329 951 3374 reatus
978 3320 1342 3390 delinquentis
1377 3330 1431 3377 et
1457 3323 1681 3392 aequitas
1716 3322 1864 3392 judi-

276 3408 441 3463 cantis
470 3410 811 3476 ostenditur;
842 3411 967 3481 quia
996 3412 1202 3481 peccati
1245 3413 1560 3482 supplicium
1610 3414 1867 3484 praecedit

275 3510 481 3568 semper
510 3499 769 3554 meritum
818 3499 944 3555 facti
970 3519 983 3554 :
1017 3516 1167 3556 reum
1196 3511 1376 3557 autem
1409 3518 1566 3558 nemo
1586 3501 1730 3571 facit,
1762 3504 1865 3560 nisi

276 3604 392 3644 eum
413 3592 505 3659 qui
539 3592 719 3660 potuit
766 3591 1038 3648 declinare
1062 3603 1360 3663 peccatum.
1410 3593 1696 3650 Peccatum
1734 3609 1865 3664 ergo

278 3681 413 3736 inter
459 3681 939 3752 praedestinantem
969 3692 1025 3738 et
1052 3692 1368 3754 operantem
1415 3684 1678 3752 discerne,
1711 3693 1769 3741 ut
1799 3687 1866 3741 il-

277 3772 375 3833 lius
403 3773 609 3828 factum
636 3774 839 3828 malum
868 3776 975 3839 hic,
997 3777 1151 3845 quasi
1180 3777 1413 3832 alienum
1441 3793 1470 3831 a
1501 3793 1582 3844 se,
1612 3785 1703 3833 aut
1722 3779 1868 3834 dam-

280 3870 389 3929 net,
415 3874 510 3919 aut
536 3866 798 3933 corrigat.
828 3866 873 3918 A
889 3866 1035 3933 justo
1062 3878 1241 3921 autem
1267 3866 1381 3923 Deo
1409 3868 1582 3923 aliena
1603 3876 1728 3925 sunt
1748 3871 1868 3925 uni—

279 3970 427 4011 versa
458 3971 587 4026 quae
613 3956 851 4011 damnat.
886 3955 1033 4012 Unde
1060 3958 1105 4012 si
1135 3959 1535 4027 prmdestinatio
1562 3960 1616 4013 in
1644 3975 1870 4030 peccan-

278 4054 385 4102 tem
440 4048 767 4113 ostenditur,
801 4049 933 4103 nihil
981 4048 1129 4119 justo
1172 4049 1340 4119 judici
1369 4055 1626 4120 probatur
1670 4052 1870 4108 debere

279 4146 567 4205 peccator;
604 4138 730 4207 quia
780 4138 933 4207 cujus
979 4140 1236 4194 asseritur
1261 4138 1677 4210 prmdestinatio,
1709 4141 1868 4210 hujus

278 4229 439 4283 etiam
484 4231 737 4300 operatio
782 4232 1184 4301 comprobatur.
1239 4242 1261 4272 ο
1294 4231 1584 4297 Videtisne,
1617 4234 1865 4299 obsecro,

280 4335 435 4389 quam
481 4324 724 4392 graviter
751 4324 1161 4393 blasphemetur.
1178 4325 1262 4380 his
1289 4327 1673 4381 assertionibus
1693 4326 1869 4382 Deus?

280 4411 334 4468 Si
361 4416 506 4469 enim
535 4415 1025 4486 prtedestinationis
1044 4417 1160 4485 ejus
1180 4418 1259 4472 vis
1284 4432 1350 4473 eo
1376 4433 1543 4486 usque
1565 4419 1864 4485 adducitur,

1967 3235 2106 3295 teor,
2143 3228 2164 3267 τ
2196 3230 2449 3285 catholici
2477 3229 2831 3295 confessores,
2864 3240 3111 3286 crescunt
3137 3232 3215 3286 eis
3245 3233 3294 3285 in
3327 3232 3427 3286 hac
3454 3230 3551 3287 de-

1964 3317 2211 3387 fensione
2229 3319 2592 3389 blasphemias.
2625 3318 2759 3375 Peto
2788 3321 2968 3389 itaque
2989 3330 3178 3376 vestra)
3213 3322 3330 3375 ﬁdei
3354 3322 3549 3391 purita-

1970 3417 2099 3477 tem,
2133 3418 2193 3465 ut
2240 3410 2584 3466 dimicantem
2630 3426 2717 3465 me
2743 3413 2937 3466 vestris
2966 3414 3215 3482 precibus
3260 3414 3546 3482 adjuvetis,

1966 3509 2156 3557 contra
2185 3501 2282 3556 hos
2309 3508 2576 3570 agentem,
2608 3516 2835 3570 quorum
2864 3509 2978 3556 tota
3015 3504 3180 3557 verba
3209 3503 3549 3573 blasphemia:

1967 3599 2113 3647 sunt.
2143 3590 2356 3658 Fateor,
2390 3595 2626 3663 inquam,
2650 3593 2969 3658 charissimi,
3004 3594 3251 3649 universa
3278 3594 3382 3647 mei
3422 3609 3548 3648 eor-

1967 3685 2115 3756 poris
2142 3686 2382 3741 membra
2412 3693 2743 3756 torpescunt,
2770 3686 2979 3741 animus
2998 3682 3197 3751 deﬁcit,
3221 3684 3434 3739 auditus
3461 3685 3547 3739 in-

1967 3778 2204 3843 tremuit,
2238 3777 2400 3834 facies
2421 3778 2626 3848 pallore
2651 3777 2934 3843 distabuit,
2971 3777 3285 3847 capillorum
3315 3789 3469 3844 seges
3495 3775 3573 3830 in

1968 3869 2170 3924 vertice
2198 3869 2369 3938 riget,
2420 3884 2574 3924 mens
2622 3870 2768 3924 intus
2814 3883 2935 3923 cum
2964 3870 3076 3923 suis
3121 3866 3358 3923 consiliis
3403 3871 3567 3920 metor

1967 3969 2259 4031 quassante
2284 3960 2481 4017 afﬂicta
2508 3968 2609 4025 est,
2636 3961 2815 4030 lingua
2845 3962 2959 4030 ipsa
2981 3961 3035 4015 in
3063 3974 3165 4015 suo
3190 3959 3326 4014 atrio
3347 3957 3577 4013 moveris-

1969 4069 2077 4109 non
2107 4052 2387 4123 praevalet;
2419 4052 2675 4121 quoniam
2703 4059 2891 4107 contra
2921 4066 3015 4106 eos
3039 4050 3326 4121 loquimur,
3355 4048 3447 4119 qui
3467 4047 3553 4103 die

1969 4151 2098 4199 cunt
2128 4144 2294 4198 Deum
2332 4142 2541 4197 diaboli
2567 4142 2832 4197 voluntati
2875 4142 3097 4196 servile.

2039 4232 2128 4287 IV.
2174 4232 2297 4287 lam
2323 4235 2479 4297 enim,
2504 4232 2770 4301 inquiunt,
2802 4231 3189 4303 prtedcstinarit
3215 4230 3359 4286 Deus
3388 4230 3552 4285 Itomi~

1972 4339 2083 4387 nes,
2109 4324 2214 4377 sive
2260 4321 2331 4374 ad
2360 4322 2641 4392 justitiam,
2676 4321 2784 4374 sive
2822 4320 2892 4373 ad
2930 4330 3235 4390 peccatum:
3266 4330 3317 4373 et
3357 4319 3562 4373 idcirco

1972 4413 2108 4485 quod
2134 4429 2219 4467 eos
2247 4412 2406 4466 voluit
2433 4429 2544 4466 esse
2573 4413 2656 4483 qui
2687 4410 2937 4477 condidit,
2966 4409 3111 4463 aliud
3149 4427 3259 4464 esse
3286 4427 3391 4463 non
3431 4425 3557 4479 pos-

282 4512 338 4558 ut
363 4506 482 4573 ejus
503 4506 717 4561 dicatur
738 4508 1187 4575 pneordinatione
1210 4520 1506 4578 peccatum,
1530 4509 1731 4563 fructus
1754 4525 1869 4563 ma-
1893 4492 1945 4550 Ῑ)
1971 4513 2109 4557 sunt.
2124 4503 2255 4559 Cum
2280 4502 2694 4569 interrogaveris
2715 4517 2827 4567 eos,
2846 4500 3050 4571 utquid
3074 4508 3277 4555 tantum
3303 4499 3553 4568 blasphe-

282 4594 361 4649 lus
391 4613 500 4652 non
555 4597 657 4651 nisi
686 4612 753 4651 ex
798 4598 959 4667 impia
988 4598 1168 4653 radice
1196 4607 1527 4668 procreatur.
1551 4617 1555 4622 ’
1585 4598 1701 4652 Erit
1740 4613 1870 4668 ergo

283 4688 578 4743 secundum
600 4690 951 4744 manichreum
981 4690 1117 4744 alius
1137 4690 1278 4746 Deus
1301 4691 1587 4757 malorum,
1617 4691 1754 4746 alius
1781 4693 1874 4747 bo-

284 4792 475 4831 norum
507 4796 522 4832 :
556 4789 617 4834 ut
640 4794 759 4848 qua:
788 4779 930 4835 bona
953 4788 1097 4846 sunt,
1126 4781 1271 4836 bono
1300 4771 1658 4848 ascribantur;
1687 4789 1874 4850 etquae

282 4869 420 4922 mala
443 4877 591 4933 sunt,
620 4870 764 4924 malo
798 4888 812 4924 :
844 4886 914 4925 ne
955 4872 1230 4927 videamur
1256 4871 1410 4943 pejus
1437 4871 1744 4928 Manichtcis
1786 4873 1871 4927 in-

281 4958 518 5015 clamare
544 4960 957 5031 blasphemium,
978 4979 1101 5018 eum
1125 4980 1287 5019 unum
1315 4964 1672 5034 eamdemque
1701 4965 1871 5020 Deum

282 5065 440 5119 quem
472 5054 677 5107 bonum
705 5054 1025 5109 confitemur
1048 5063 1103 5110 et
1149 5055 1371 5126 justum,
1402 5057 1546 5112 hunc
1593 5056 1873 5127 praedesti-

282 5158 439 5199 nasse
460 5146 645 5199 omnia
667 5146 873 5201 scelera
892 5147 1237 5203 aestimemus.
1263 5148 1536 5204 Recedant
1557 5148 1716 5216 igitur
1734 5163 1873 5203 vana

282 5243 601 5302 argmenta
624 5237 927 5293 verborum.
957 5237 1098 5292 Nihil
1127 5238 1291 5295 habet
1314 5253 1600 5295 commune
1620 5239 1874 5309 pricvari-

354 5424 380 5486 Ρ
418 5416 519 5472 Ms.
551 5418 835 5486 Augiense,
853 5428 902 5473 et
921 5437 1023 5474 non
1044 5421 1287 5476 nominis.

356 5484 381 5524 δ
413 5486 496 5560 {iis
545 5484 706 5560 idem,
737 5490 872 5560 quod
895 5490 1150 5560 prohibet.

359 5567 380 5589 ι·
414 5555 515 5611 Ms.
547 5557 709 5619 idem.
741 5555 967 5613 uidesne.

356 5623 381 5660 ά
409 5625 509 5697 bis.
545 5626 703 5697 idem,
733 5646 767 5683 a
797 5629 1133 5697 blasphemia.

360 5705 383 5731 ⁸
416 5694 514 5750 115.
546 5694 708 5759 idem,
733 5698 802 5752 ad
832 5694 1047 5753 libitum.

1974 4595 2095 4648 mine
2140 4593 2438 4663 proferant,
2467 4592 2651 4647 dicunt
2696 4593 2820 4661 quia
2871 4592 3007 4646 dixit
3049 4590 3380 4660 Apostolus:
3413 4588 3567 4654 Quos

1975 4685 2378 4757 praedestinavit,
2412 4684 2503 4738 hos
2526 4686 2719 4737 vocarit
2750 4683 2926 4754 (Rom.
2961 4699 3069 4746 vui,
3103 4680 3215 4747 30).

2046 4775 2111 4831 V.
2142 4775 2374 4845 Ideoque
2410 4776 2578 4841 aiunt,
2611 4784 2635 4822 ε
2664 4792 2790 4845 quos
2817 4773 2975 4828 semel
3000 4773 3137 4827 Deus
3167 4772 3561 4844 prwdestinarit

1976 4868 2047 4923 ad
2072 4871 2249 4933 vitam,
2271 4870 2424 4922 etiam
2452 4869 2499 4921 si
2519 4868 2803 4938 negligant,
2825 4869 2981 4921 etiam
3010 4868 3053 4920 si
3074 4876 3301 4938 peccent,
3331 4869 3485 4921 etiam
3510 4868 3581 4920 si!-

1976 4962 2163 5026 notint,
2190 4960 2261 5012 ad
2296 4961 2451 5013 vitam
2479 4958 2820 5030 perducentur
2845 4960 2992 5013 inviti
3014 4977 3030 5023 ;
3061 4975 3186 5030 quos
3218 4968 3390 5012 autem
3418 4973 3554 5028 prce-

1974 5051 2252 5107 destinavit
2279 5049 2350 5104 ad
2374 5059 2608 5112 mortem,
2635 5050 2788 5103 etiam
2813 5050 2859 5103 si
2886 5059 3115 5115 currant,
3143 5052 3299 5104 etiam
3330 5050 3378 5102 si
3406 5049 3577 5119 festi"

1972 5152 2115 5208 nent,
2142 5144 2253 5198 sine
2272 5156 2429 5194 causa
2455 5138 2746 5193 laborant.h
2765 5140 2894 5206 Quis
2921 5156 3028 5193 non
3056 5139 3256 5202 videat,
3287 5138 3430 5206 quod
3453 5138 3581 5191 hoc'

1974 5237 2118 5291 dicto
2148 5233 2367 5289 tollatur
2408 5222 2709 5287 solliciludo
2730 5231 2890 5301 justis
2921 5231 3141 5303 timendi
3179 5246 3246 5285 ne
3274 5237 3571 5307 corruant,

2055 5419 2075 5456 τ
2107 5417 2204 5471 Ms.
2236 5416 2396 5479 idem,
2422 5415 2667 5487 catholici
2694 5423 2871 5485 aperte
2894 5417 3235 5487 confessores.
3262 5481 3292 5487 _
3502 5441 3506 5447 ’

2052 5499 2077 5534 ις
2104 5488 2199 5542 Ms.
2234 5487 2372 5538 idem
2403 5504 2415 5538 :
2449 5485 2555 5539 Vll.
2583 5481 2879 5549 ligat-Erret,
2909 5481 3037 5557 quos
3071 5483 3227 5538 semel
3252 5481 3393 5535 Deus
3416 5495 3559 5551 {rm-

1977 5558 2283 5619 destinarit,
2313 5565 2417 5611 etc.

2048 5625 2077 5665 ιι
2108 5628 2205 5681 Ms.
2236 5627 2374 5681 idem
2405 5643 2417 5679 :
2450 5623 2758 5680 Cunnum.
2787 5623 2915 5687 Quis
2938 5640 3038 5677 non
3068 5624 3255 5687 videat,
3288 5632 3391 5677 etc.
