3884 6184
355 338 460 394 639

1365 313 1740 376 ANONYMUS
1779 309 2054 370 AUCTOR
2095 309 2642 368 Pll/EDESTINATI.
3513 308 3599 370 sto

358 460 416 506 et
441 445 815 520 peccatoribus
845 446 1151 510 amputetur
1187 433 1410 490 effectus
1439 428 1691 500 sperandi
1728 441 1798 482 ne
1828 440 1950 481 sur-
1979 426 2026 484 Α
2054 439 2198 488 ruas,
2231 432 2350 479 esto
2405 423 2690 488 sollicitus,
2723 421 2847 492 quia
2878 420 3358 476 adversarius‘tuus
3383 421 3507 476 sicut
3531 425 3604 480 leo

361 517 524 611 gant?
545 537 824 592 Evasimus
845 527 1206 600 blasphemias
1229 524 1354 590 Dei;
1377 523 1443 578 ad
1463 522 1646 576 ruinas
1675 517 1954 574 hominum

362 634 625 688 venimus.
655 627 712 684 Si
739 627 880 682 enim
902 623 976 676 ita
998 629 1100 682 est,
1120 626 1180 672 ut
1209 614 1576 684 unusquisque
1595 613 1700 666 hoc
1719 610 1788 665 sit
1807 606 1954 678 quod

363 724 770 795 pnedestinatus
797 725 898 776 est.
930 723 1106 769 cessat
1135 712 1240 769 lex,
1275 716 1451 764 cessat
1479 701 1750 767 sacerdos,
1779 708 1954 758 cessat

363 789 582 872 devotio
608 809 814 882 populi,
833 805 1099 862 clauditur
1127 801 1247 854 aula
1273 793 1529 864 Coniugii,
1562 798 1854 848 evacuatur
1881 789 1956 844 si-

366 923 468 962 nus
499 903 778 966 Ecclesiae,
806 898 984 954 nullus
1012 909 1152 964 genu
1180 897 1369 947 curvat
1405 888 1540 950 Deo,
1579 884 1758 939 nullus
1785 883 1953 937 bene-

364 998 693 1054 dictionibus
745 991 970 1048 inclinat
1014 992 1214 1056 caput;
1255 979 1576 1036 clauduntur
1617 975 1799 1045 apices
1823 971 1953 1038 'Dei,

365 1098 529 1159 atque
556 1086 803 1141 universa
837 1077 994 1134 simul
1018 1077 1274 1131 virtutum
1303 1069 1478 1128 studia
1506 1061 1852 1123 evanescunt.

436 1156 523 1235 Vl.
561 1188 585 1215 ἰ
618 1171 957 1241 Quantumvis
982 1171 1140 1232 enim,
1184 1167 1366 1228 aiunt,
1406 1163 1692 1234 quicunque
1728 1156 1954 1220 studeat,

365 1283 416 1329 et
456 1291 488 1326 a
541 1270 641 1324 Dei
671 1266 936 1330 Ecclesia,
983 1272 1034 1316 et
1074 1278 1105 1314 a
1147 1259 1244 1313 Dei
1286 1255 1662 1316 sacerdotibus,
1705 1261 1756 1306 et
1803 1268 1835 1303 a
1878 1250 1959 1304 di-

365 1367 496 1420 vinis
544 1361 729 1418 studiis
781 1375 884 1410 non
926 1353 1152 1416 recedat,
1183 1353 1227 1404 si
1270 1348 1427 1404 semel
1475 1363 1590 1400 eum
1633 1343 1773 1397 Deus
1820 1358 1957 1412 pra:-

367 1430 645 1510 destina'vit
675 1449 743 1503 ad
771 1458 1006 1510 mortem,
1049 1443 1222 1497 saluus
1256 1457 1366 1494 csse
1409 1453 1514 1491 non
1542 1435 1751 1506 poterit.
1790 1432 1960 1486 Judas

365 1545 592 1620 quatidie
638 1535 843 1595 verbum
881 1538 1000 1590 vitae
1049 1532 1264 1596 audivit,
1311 1519 1542 1602 quotidie
1580 1525 1802 1579 adluesit
1851 1521 1961 1577 Do-

367 1640 529 1699 mino,
573 1633 806 1706 quotidie
851 1627 1124 1684 virtutibus
1179 1631 1480 1692 occupatus,
1512 1619 1741 1690 quotidie
1791 1619 1958 1684 ipsum

371 1728 570 1782 Filium
599 1725 696 1778 Dei
726 1724 1030 1776 monitorem
1051 1717 1248 1771 audivit
1280 1730 1298 1768 :
1329 1723 1377 1766 et
1405 1713 1526 1778 quia
1555 1709 1961 1782 prwdestinatus

2057 516 2284 584 rugiens
2302 515 2494 570 circuit
2539 528 2788 584 qumrens
2825 521 2885 567 ut
2927 518 3230 566 transvorct
3259 512 3298 580 (l
3327 511 3440 566 Pet.
3465 529 3510 578 v,
3537 512 3602 582 8).

2055 605 2172 662 Hoc
2197 612 2376 660 autem
2401 604 2548 675 quod
2574 604 2768 660 cecidit
2792 603 2979 668 Judas,
3011 619 3118 657 non
3162 611 3318 674 putes
3346 602 3496 658 fuisse
3523 607 3606 658 in:-

2055 699 2271 768 pietatis
2295 699 2424 764 Dei;
2468 713 2642 766 neque
2669 698 2814 752 enim
2844 697 2987 751 Deus
3014 696 3160 750 illum
3188 695 3354 750 voluit
3381 711 3489 750 esse
3511 712 3609 750 ma-

2055 791 2257 859 lignum
2292 808 2303 843 :
2336 788 2432 844 sed
2455 789 2581 857 quia
2611 789 2696 843 fur
2715 795 2852 854 erat,
2881 795 2938 842 et
2964 788 3169 842 loculos
3195 788 3420 842 habebat
3448 786 3606 859 (Joan.
3702 819 3711 825 -

2059 897 2150 947 xu,
2181 880 2257 951 6),
2281 889 2336 936 et
2364 888 2482 935 erat
2511 881 2564 935 in
2594 879 2758 935 corde
2787 879 2904 948 ejus
2925 879 3080 934 radix
3109 881 3344 934 omnium
3372 881 3610 936 malorum

2057 973 2277 1026 avaritia
2311 971 2354 1042 (l
2385 971 2519 1025 Tim.
2547 987 2619 1034 vr,
2651 969 2758 1040 10),
2792 970 2916 1024 ideo
2967 971 3170 1026 corruit
3221 971 3411 1034 miser,
3435 977 3486 1025 et
3507 987 3610 1026 crc-

2055 1065 2175 1135 puit
2226 1064 2432 1118 medius
2464 1063 2603 1135 (Act.
2645 1079 2683 1128 ι,
2720 1061 2830 1132 18),
2861 1063 2954 1132 qui
2997 1069 3145 1116 tanta
3173 1061 3310 1116 dona
3339 1062 3504 1116 divina
3527 1078 3610 1117 ne~

2057 1155 2243 1224 glexit,
2266 1155 2377 1223 qui,
2407 1152 2618 1208 medico
2647 1161 2932 1223 praesente,
2962 1153 3184 1207 vulnera
3214 1167 3306 1206 sua
3337 1169 3436 1207 non
3461 1153 3612 1208 solum

2060 1261 2167 1301 non
2209 1261 2420 1306 curare,
2453 1244 2546 1298 sed
2575 1243 2739 1298 etiam
2771 1249 3122 1310 augmentare
3150 1241 3370 1296 studuit.
3408 1241 3462 1294 ln
3501 1257 3610 1312 pec-

2059 1346 2180 1392 cato
2206 1336 2350 1390 enim
2377 1333 2526 1390 Indae
2558 1351 2652 1390 vos
2681 1337 2827 1406 ipsos
2850 1333 3058 1402 judices
3101 1333 3354 1402 petimus.
3393 1332 3465 1386 lta
3491 1332 3614 1386 enim

2063 1445 2177 1493 vos,
2207 1427 2428 1497 juvante
2457 1426 2692 1492 Christo,
2722 1425 3120 1488 concludimus,
3155 1432 3216 1477 ut
3261 1439 3358 1478 vos
3386 1423 3521 1492 ipsos
3560 1438 3616 1477 ex

2059 1529 2242 1575 vestro
2261 1519 2464 1588 judicio
2493 1518 2778 1588 superetis.
2811 1517 2868 1571 lu
2897 1525 3120 1586 peccato
3159 1513 3310 1570 Iudae
3336 1514 3523 1583 grande
3546 1523 3616 1569 est

2061 1611 2424 1678 sacrilegium,
2457 1607 2878 1678 incomparabile
2927 1605 3156 1669 facinus,
3187 1605 3388 1659 crimen
3415 1604 3618 1658 immen-

2062 1719 2204 1759 sum.
2236 1703 2408 1756 Dicite
2436 1701 2615 1766 nobis,
2639 1701 2725 1755 cui
2757 1699 2917 1753 vultis
2945 1698 3050 1752 hoc
3069 1698 3272 1752 crimen
3297 1695 3513 1750 ascribi?
3532 1693 3618 1764 Ipsi

368 1829 446 1874 est
465 1819 534 1872 ad
554 1823 792 1879 mortem,
823 1829 926 1866 uno
951 1812 1054 1864 ictu
1075 1808 1244 1863 subito
1275 1805 1492 1860 interiit.
1522 1801 1716 1857 Saulus
1736 1800 1963 1872 quotidie
1993 1801 2040 1860 B
2065 1795 2216 1850 Judtc
2247 1793 2513 1859 traditori,
2543 1809 2611 1846 an
2641 1791 2755 1847 Deo
2783 1789 3256 1860 prmdestinatori?
3282 1787 3358 1854 Si,
3385 1786 3516 1855 quod
3534 1784 3620 1839 dici

373 1920 682 1974 persecutor,
721 1903 947 1976 quotidie
981 1900 1244 1972 lapidator
1273 1895 1709 1957 Christianorum,
1734 1892 1962 1964 quatidie

371 2009 598 2056 vastator
647 1990 1093 2051 Ecclesiarumwt
1112 1992 1233 2062 quia
1260 1987 1662 2060 prwdestinatus
1690 1993 1768 2038 est
1796 1983 1864 2036 ad
1887 1983 1964 2036 ui-

369 2099 499 2158 tam,
527 2105 630 2144 uno
678 2089 783 2142 iciu
829 2083 996 2140 subito
1048 2098 1138 2136 vas
1182 2071 1448 2134 electionis
1477 2087 1554 2130 est
1603 2078 1790 2147 factus.
1826 2070 1964 2138 Quid

371 2200 514 2256 ergo,
544 2180 810 2250 inquiunt,
831 2187 883 2231 tu
905 2178 992 2248 qui
1007 2177 1060 2230 in
1081 2174 1304 2246 peccatis
1325 2187 1616 2243 permanes,
1634 2169 1928 2239 expavescis
1943 2169 1968 2221 ?

373 2273 435 2328 Si
465 2282 512 2326 te
539 2268 680 2323 Deus
705 2265 1028 2338 dignabitur,
1054 2269 1269 2317 sanctus
1298 2260 1434 2323 eris;
1457 2267 1546 2311 aut
1575 2256 1700 2328 quid
1731 2266 1782 2308 tu
1799 2256 1887 2326 qui
1910 2256 1962 2308 in

374 2365 655 2420 sanctitate
683 2362 827 2424 viris,
857 2357 1108 2412 sollicitus
1156 2353 1430 2407 reddaris?
1459 2350 1518 2405 Si
1549 2349 1692 2402 Deus
1722 2348 1964 2413 uoluerit,

371 2469 632 2526 nunquam
653 2467 881 2504 corrues.
936 2447 1159 2516 Uterque
1179 2443 1242 2497 de
1271 2443 1380 2497 Deo
1408 2441 1573 2495 securi
1597 2448 1779 2493 estote.
1811 2435 1969 2491 Nun-

372 2547 494 2618 quid
532 2553 587 2599 tu
633 2545 720 2614 qui
750 2551 963 2596 sanctus
991 2555 1066 2604 es,
1111 2546 1162 2591 et
1188 2534 1441 2590 sollicitus
1474 2549 1530 2586 es
1559 2549 1624 2585 ne
1651 2547 1889 2594 corruas,
1918 2537 1969 2583 et

371 2641 455 2694 die
482 2645 732 2708 noctuque
759 2631 1079 2690 orationibus
1108 2630 1250 2694 ades,
1270 2628 1541 2698 occuparis
1555 2625 1793 2697 jejuniis,
1817 2635 1867 2677 et
1887 2623 1970 2677 di-

371 2732 502 2786 vinis
546 2725 848 2782 lectionibus
900 2723 1180 2794 diligenter
1233 2720 1471 2782 insistis,
1521 2713 1968 2770 exhortationibus

373 2837 524 2876 vacas
545 2827 698 2888 atque
726 2814 966 2871 omnibus
995 2813 1192 2866 sanctis
1222 2809 1410 2864 studiis
1440 2807 1668 2878 quotidie
1711 2807 1965 2872 immines,

373 2914 602 2984 nunquid
649 2921 737 2966 tua
784 2911 1046 2966 voluntate
1075 2909 1246 2960 salvus
1275 2904 1420 2958 eris?
1459 2901 1710 2972 Nunquid
1738 2901 1970 2955 sanctior

373 3009 474 3062 eris
498 3003 662 3066 Juda,
687 3004 774 3075 qui
796 2999 996 3070 accepit
1015 3004 1318 3068 potestatem
1347 2993 1584 3062 inﬁrmos
1605 2989 1843 3054 curandi,
1867 2989 1970 3044 daa-

375 3098 552 3151 monia
601 3092 840 3166 fugandi,
882 3099 1112 3144 mortuos
1167 3085 1472 3148 suscitandi,
1528 3081 1768 3136 calcandi
1815 3099 1969 3153 super

2064 1887 2220 1958 pejus
2259 1893 2542 1956 peccatum
2573 1893 2844 1953 estquam
2891 1884 2997 1938 hoc
3023 1882 3168 1952 quod
3208 1879 3370 1936 Judas
3390 1879 3620 1941 exercuit,

2062 1979 2169 2034 hoc
2194 1987 2477 2049 peccatum
2516 1977 2614 2031 Dei
2642 1975 3106 2047 praedestinatoris
3131 1988 3254 2028 esse
3281 1971 3621 2043 probaveritis.

2063 2070 2256 2130 fateor,
2305 2067 2538 2134 vicistis;
2569 2067 2615 2122 si
2639 2075 2819 2122 autem
2869 2066 3038 2137 ipsius
3065 2063 3219 2119 Judre
3247 2072 3328 2118 est
3357 2061 3622 2124 traditoris,

2064 2163 2308 2219 defensio
2329 2169 2512 2216 nostra
2536 2160 2747 2230 accepit
2768 2159 3001 2230 palmam
3033 2175 3047 2210 :
3092 2172 3203 2211 non
3231 2155 3374 2210 enim
3401 2153 3532 2208 Deus
3557 2153 3625 2221 ip-

2065 2270 2182 2310 sum
2212 2254 2375 2308 talem
2405 2253 2489 2306 vel
2539 2249 2960 2322 prmdestinavit,
2990 2248 3076 2302 vel
3105 2248 3271 2302 talem
3301 2261 3416 2300 esse
3459 2243 3623 2297 voluit.

2067 2348 2427 2405 Defendamus
2455 2359 2586 2414 ergo
2605 2351 2850 2398 sanctum
2881 2351 2935 2396 et
2958 2341 3364 2396 immaculatum
3388 2355 3416 2392 a
3434 2337 3628 2393 crimine

2069 2441 2384 2502 Dominum;
2416 2453 2485 2492 ne
2513 2452 2673 2506 quem
2706 2435 2795 2500 ille
2825 2433 3045 2488 tradidit
3091 2447 3190 2501 per
3223 2430 3520 2493 avaritiam,
3546 2440 3628 2480 nos

2069 2549 2167 2604 per
2205 2530 2526 2601 injustitiam
2581 2542 2926 2591 accusemus;
2955 2533 3011 2580 et
3048 2524 3306 2578 tollentes
3344 2522 3527 2576 crimen
3551 2516 3627 2572 Ju-

2069 2623 2170 2688 dze,
2202 2622 2487 2680 Dominum
2510 2632 2762 2675 vocemus
2791 2617 2843 2672 in
2866 2617 3101 2686 culpam.
3142 2612 3202 2668 Si
3226 2613 3367 2668 enim
3395 2611 3504 2666 ideo
3527 2607 3628 2662 talis

2069 2715 2296 2781 exstitit,
2337 2713 2465 2782 quia
2513 2710 2875 2766 talem-illum
2931 2707 3073 2762 Deus
3099 2702 3510 2776 praedestinavit,
3539 2713 3626 2753 non

2069 2809 2195 2878 quia
2225 2807 2343 2878 ipse
2373 2805 2632 2874 neglexit,
2657 2803 2832 2874 ipsum
2859 2801 3078 2872 quidem
3107 2799 3401 2852 liberamus
3419 2795 3481 2849 ab
3505 2789 3626 2847 omni

2069 2898 2310 2970 pondere
2336 2896 2595 2960 criminis,
2625 2904 2681 2950 et
2732 2893 2984 2949 tollentes
3026 2904 3129 2945 nos
3177 2889 3254 2944 ab
3296 2885 3626 2955 increpatione

2077 2989 2359 3045 traditoris
2387 2986 2643 3051 hominis,
2676 2982 3135 3054 praedestinatoris
3154 2980 3260 3042 Dei
3287 2979 3523 3034 astutiam
3549 2989 3626 3029 ac-

2071 3094 2346 3144 cusamus,
2374 3079 2465 3148 qui
2495 3077 2649 3149 quasi
2681 3076 2910 3131 voluerit
2934 3074 3245 3145 apostolum
3289 3071 3420 3133 fieri,
3449 3079 3502 3123 ut
3525 3083 3626 3122 eum

375 3157 636 3259 serpentes
659 3157 738 3240 vet
757 3183 1079 3254 scorpiones,
1123 3178 1324 3259 collega
1371 3173 1745 3244 apostolorum,
1775 3171 1968 3226 Christi
1996 3157 2042 3221 C
2072 3186 2140 3226 ex
2162 3170 2410 3241 apostolo
2439 3169 2643 3224 faceret
2677 3167 3026 3230 traditorcm;
3055 3179 3222 3234 quem
3250 3162 3402 3232 quasi
3433 3157 3628 3214 voluerit

375 3256 687 3351 discipulus;
710 3286 760 3332 et
781 3276 954 3329 tamen
975 3273 1097 3344 quia
1117 3256 1518 3342 prcedestinatus
1545 3274 1618 3320 est
1639 3266 1708 3318 ad
1728 3272 1964 3328 mortem,

375 3381 590 3428 mortem
617 3378 865 3425 cateruam
906 3363 1136 3420 invenit?
1183 3362 1346 3417 Cesso
1368 3377 1482 3416 esse
1508 3358 1784 3423 sollicitus,
1819 3366 1868 3412 et
1907 3357 1970 3411 de

378 3466 477 3520 Dei
527 3472 637 3518 esto
685 3461 951 3524 voluntate
997 3474 1241 3522 securus;
1292 3455 1541 3526 quoniam
1570 3454 1616 3508 si
1644 3463 1695 3506 te
1722 3453 1972 3524 dignatur

383 3556 517 3610 Deus
543 3564 598 3608 ut
619 3568 945 3626 permaneas,
970 3557 1177 3604 sanctus
1199 3548 1320 3601 eris.
1353 3549 1415 3598 At
1441 3554 1495 3597 tu
1519 3545 1605 3616 qui
1634 3551 1873 3614 peccator
1893 3558 1966 3606 es,

377 3649 518 3701 disce
547 3663 579 3700 a
622 3644 790 3698 Paulo
820 3643 1074 3714 apostolo.
1113 3637 1361 3710 Nunquid
1389 3646 1444 3689 tu
1474 3633 1758 3706 aliquando
1788 3635 1972 3704 pejora

376 3737 569 3807 poteris
609 3733 924 3788 committere
951 3745 1106 3802 quam
1135 3727 1224 3782 ille
1245 3725 1536 3780 commisit?
1561 3733 1611 3778 et
1639 3733 1812 3778 tamen
1848 3724 1970 3794 quia

377 3827 782 3902 prcedestinatus
813 3833 890 3878 est
915 3823 985 3876 ad
1027 3819 1396 3893 apostolatum,
1442 3817 1601 3871 evasit
1656 3815 1822 3870 subito
1849 3817 1968 3869 uni-

377 3937 525 3975 versa
553 3927 784 3989 peccata,
807 3915 936 3970 etab
964 3911 1299 3986 inferioribus
1323 3911 1628 3982 inferiorum
1652 3909 1720 3962 ad
1748 3925 1971 3980 superna

377 4011 700 4082 superiorum
745 4006 999 4060 ascendit.
1029 4003 1056 4043 δ
1089 4002 1188 4057 Hic
1216 4011 1300 4056 est
1328 4001 1504 4056 omnis
1530 4014 1735 4054 summa
1764 3997 1970 4053 consilii

380 4105 576 4169 vestri;
607 4103 732 4158 hinc
781 4100 1029 4170 decipitis
1083 4097 1358 4160 mundum,
1391 4095 1516 4150 hinc
1553 4094 1849 4164 penetralis
1876 4093 1974 4147 do-

377 4212 516 4260 mos,
541 4201 595 4248 et
616 4192 901 4264 captivatis
931 4187 1275 4244 mulierculas
1291 4195 1544 4241 oneratas
1573 4185 1829 4254 peccatis,
1851 4199 1972 4252 qua:

377 4285 846 4341 circumducuntnr
861 4281 1022 4336 variis
1042 4278 1340 4341 desideriis,
1367 4291 1582 4346 semper
1609 4275 1897 4340 discentes,
1918 4284 1973 4346 et

377 4389 647 4445 nunquam
671 4374 736 4427 ad
759 4373 1039 4428 scientiam
1067 4370 1160 4423 Dei
1187 4368 1563 4439 pervenientes
1587 4366 1648 4436 (ll
1671 4366 1803 4419 Tim.
1822 4383 1896 4428 ill,
1915 4344 1968 4428 6,

377 4463 699 4536 7).Juvante
720 4465 900 4531 itaque
914 4461 1163 4522 Domino,
1183 4459 1403 4528 spiritus
1425 4457 1514 4510 ille
1541 4457 1635 4524 qui
1668 4466 1689 4494 ε
1716 4455 1969 4510 falsorum

2069 3265 2285 3320 elevare
2313 3262 2382 3318 ad
2421 3262 2611 3326 cmlos,
2644 3267 2703 3315 ut
2748 3274 2870 3314 eum
2922 3274 2990 3313 ex
3043 3257 3154 3321 alto
3203 3255 3468 3325 jactaret;
3495 3263 3628 3321 quem

2069 3356 2224 3427 quasi
2278 3355 2514 3410 voluerit
2557 3353 2824 3408 ‘dmmonia
2871 3350 3088 3420 ejicere,
3122 3356 3183 3403 ut
3213 3364 3338 3404 eum
3364 3345 3628 3401 dzemonum

2070 3447 2306 3502 traderet
2325 3445 2604 3516 potestati.
2631 3441 2771 3508 Quid
2795 3457 2975 3496 moras
2997 3439 3356 3494 innectimus?
3373 3445 3490 3491 ante
3527 3447 3631 3488 ocu-

2070 3540 2154 3594 los
2192 3547 2400 3593 vestros
2427 3544 2687 3606 utrosque
2717 3534 2946 3598 habetis,
2982 3548 3016 3588 ο
3052 3532 3225 3587 noStri
3259 3529 3502 3600 temporis
3541 3533 3630 3578 tra-

2071 3637 2324 3694 ctatores,
2344 3642 2559 3682 servum
2581 3633 2638 3680 et
2666 3625 2974 3688 Dominum,
3003 3623 3328 3692 Magistrum
3352 3629 3406 3676 et
3426 3619 3630 3686 discipu-

2072 3723 2200 3788 lum,
2227 3721 2395 3776 Deum
2423 3720 2623 3774 bonum
2653 3726 2707 3773 et
2727 3718 3000 3772 hominem
3031 3717 3235 3770 malum
3260 3735 3272 3770 :
3297 3730 3454 3770 unum
3496 3725 3630 3766 accu-

2071 3824 2190 3870 sale
2239 3828 2399 3882 quem
2446 3811 2626 3866 vultis.
2660 3809 2720 3864 Si
2764 3809 2931 3864 Deum
2975 3807 3466 3878 prmdestinantem,
3494 3801 3630 3857 Iudas

2074 3903 2326 3958 immunis
2352 3910 2468 3967 est;
2501 3901 2547 3956 si
2567 3899 2758 3954 Judam
2783 3899 3102 3964 tradentem,
3129 3899 3336 3954 crimen
3359 3897 3466 3966 ejus
3491 3895 3629 3948 Deum

2073 3997 2486 4067 pncdestinasse
2541 3993 2741 4048 docere
2797 3993 3017 4048 minime
3064 3992 3350 4062 poteritis,
3395 3989 3509 4058 quia
3551 3983 3628 4038 Dei

2074 4087 2486 4158 pucdestinatio
2506 4086 2647 4140 bona
2677 4092 2778 4147 est,
2810 4082 2961 4138 Judm
3008 4091 3188 4136 autem
3236 4081 3447 4136 traditio
3493 4075 3627 4130 mala.

2074 4179 2256 4233 Bonus
2285 4190 2413 4244 ergo
2443 4191 2555 4230 rem
2589 4177 2787 4230 bonam
2833 4174 2978 4240 fecit,
3007 4175 3133 4244 quia
3161 4175 3363 4228 malum
3393 4178 3626 4236 nunquam

2075 4269 2268 4324 fecisse
2314 4268 2616 4324 credendus
2655 4275 2757 4322 est.
2787 4267 2856 4321 Et
2883 4267 2926 4320 si
2957 4265 3359 4336 prmdestinatio
3387 4263 3474 4317 Dei
3510 4260 3626 4313 bona

2077 4372 2177 4426 est,
2211 4370 2266 4416 et
2305 4360 2454 4416 Judm
2504 4361 2719 4415 traditio
2763 4359 3015 4430 pessima,
3049 4359 3126 4413 rei
3155 4359 3311 4412 malae
3337 4355 3476 4410 Judae
3497 4359 3544 4408 et
3565 4347 3628 4403 rei

2077 4458 2231 4512 bonae
2259 4455 2352 4509 Dei
2382 4455 2673 4510 convenire
2699 4469 2806 4508 non
2827 4453 3022 4522 potuit.
3055 4450 3392 4520 [inpossibile
3415 4453 3491 4501 est
3509 4441 3628 4498 enim

376 4572 566 4614 senum
597 4557 884 4611 adversum
927 4553 1240 4609 Susannam
1291 4550 1563 4618 agentium
1605 4548 1764 4604 scidit
1791 4553 1967 4604 cm.si-
2004 4529 2052 4587 Ι)
2079 4547 2313 4603 tenebris
2337 4554 2393 4602 et
2421 4547 2628 4613 lumini,
2663 4547 2808 4602 bono
2847 4555 2903 4598 et
2929 4543 3094 4608 malo,
3124 4543 3248 4596 vitm
3277 4549 3332 4596 et
3360 4537 3526 4599 morti,
3552 4547 3629 4586 ve-

377 4649 466 4713 lia,
498 4649 584 4704 hic
624 4647 844 4719 Spiritus
867 4661 1010 4700 nunc
1037 4659 1134 4698 vos
1167 4641 1372 4697 dividet
1398 4641 1685 4695 adversum
1712 4641 1973 4695 immacu-

377 4740 542 4794 latam
570 4739 663 4794 Dei
695 4737 990 4794 Ecclesiam
1021 4736 1154 4790 falsa
1185 4741 1498 4788 tractantes.
1533 4731 1598 4787 Et
1626 4733 1762 4787 sicut
1801 4733 1874 4784 illi
1905 4731 1972 4785 dc

377 4846 473 4886 sua
502 4830 604 4884 sibi
633 4829 977 4885 accusatione
1031 4826 1232 4880 inventi
1287 4833 1413 4879 sunt
1443 4824 1586 4893 pleni
1621 4823 1862 4885 fallaciis,
1897 4823 1971 4874 ita

378 4936 477 4976 vos
504 4935 573 4974 cx
599 4921 790 4974 vestris
819 4919 971 4974 vobis
1016 4916 1448 4988 Oppositionibus
1475 4915 1780 4969 abscedetis
1811 4929 1971 4982 snpe-

379 5012 502 5067 rati.
526 5011 647 5081 Ipsa
676 5011 860 5080 itaque
889 4997 1052 5064 verba
1081 5011 1308 5063 dicimus
1349 5009 1492 5062 inter
1521 5007 1670 5061 initia
1701 5022 1821 5075 qua:
1865 5005 1966 5074 ipsi

377 5102 608 5166 dixistis,
637 5100 733 5155 sed
761 5100 916 5154 aliter
943 5099 1254 5154 eornmdcm
1285 5101 1572 5153 verborum
1622 5097 1781 5150 linem
1811 5097 1964 5151 colli-

377 5187 570 5254 gimus.
602 5183 841 5238 Dicimus
869 5184 1012 5238 enim
1055 5183 1240 5252 justo:
1271 5182 1432 5237 Certe
1478 5181 1643 5236 Judas
1689 5183 1968 5252 apostolus

381 5280 496 5344 luit,
529 5285 586 5334 et
613 5292 645 5332 a
674 5275 874 5332 Christi
924 5275 1162 5342 vestigiis
1193 5291 1298 5329 non
1346 5275 1600 5336 recessit.
1634 5291 1699 5328 ex
1730 5291 1825 5329 ore
1853 5275 1970 5342 ejus

379 5372 467 5427 die
496 5379 767 5440 noctuque
795 5368 1019 5424 consilia
1047 5367 1236 5422 salutis
1277 5367 1506 5436 accepit,
1535 5368 1686 5436 signa
1715 5368 1969 5421 virtutum

381 5464 650 5530 exercuit,
675 5471 731 5518 et
759 5462 1008 5516 universa
1056 5459 1288 5514 obtinuit
1337 5460 1670 5529 apostolatus
1704 5459 1969 5526 insignia;

382 5568 438 5612 et
465 5565 644 5614 tamen
671 5557 797 5627 quia
829 5556 1104 5625 negligens
1133 5553 1248 5622 fuit,
1281 5553 1496 5609 cecidit.
1548 5553 1723 5624 Vigila
1753 5571 1820 5608 ne
1849 5571 1972 5608 cor-

458 5681 480 5708 "
539 5673 618 5726 Ms

385 5751 542 5800 enim,
567 5751 670 5796 etc.

699 5671 965 5741 Augiensc
1016 5688 1029 5722 :
1080 5669 1212 5725 V’lll.
1269 5669 1567 5726 "marum.
1617 5668 1967 5732 Quantumris

2074 4641 2222 4694 ritati
2252 4646 2306 4694 et
2333 4637 2640 4702 mendacio,
2689 4636 2850 4690 simul
2899 4635 3101 4689 habere
3129 4632 3474 4689 consortium.
3506 4621 3626 4678 Red-

2075 4735 2264 4786 dentes
2292 4744 2422 4798 ergo
2450 4727 2601 4784 Iudae
2630 4729 2729 4782 soli
2757 4735 3039 4796 peccatum
3069 4741 3224 4780 suum
3252 4739 3318 4778 ex
3349 4723 3556 4787 integro.
3583 4716 3630 4765 εί

2075 4824 2187 4878 Deo
2216 4823 2479 4876 honorem
2525 4821 2794 4892 mquitatis
2819 4835 2930 4874 sua:
2959 4819 3358 4886 integerrimnm
3400 4809 3624 4867 exhiben-

2077 4925 2192 4978 tes,‘
2212 4901 2368 4970 nobis
2409 4927 2628 4982 quoque
2651 4911 2860 4966 reddite
2887 4909 3128 4965 osculum
3160 4905 3452 4964 charitatis.
3481 4899 3628 4952 Laboc

2076 5010 2208 5063 ratis
2239 5009 2384 5064 enim
2429 5021 2571 5074 vano
2615 5003 2932 5067 certamine,
2965 5003 3056 5071 qui
3112 5017 3211 5071 per
3235 4998 3417 5054 Judam
3469 5002 3629 5048 omnes

2076 5109 2389 5174 peccatores
2443 5098 2714 5154 excusatis
2767 5105 2929 5166 atque
2983 5093 3291 5156 defenditis,
3338 5089 3431 5144 Dei
3474 5091 3625 5139 autem

2074 5194 2338 5264 justitiam
2385 5190 2672 5246 accusatis.
2722 5187 2874 5244 Nunc
2915 5186 3192 5243 veniamus
3231 5183 3298 5238 ad
3347 5179 3624 5245 magistrum

2077 5286 2278 5341 bonum
2307 5291 2362 5338 et
2381 5297 2510 5337 vere
2535 5281 2907 5336 beatissimum
2937 5277 3182 5339 Paulum,
3213 5283 3266 5331 et
3293 5279 3460 5328 amota
3491 5261 3626 5330 tergi-

2083 5373 2400 5430 versationis
2428 5373 2659 5437 insania,
2689 5371 2836 5440 quod
2863 5385 3047 5425 verum
3093 5376 3148 5424 et
3176 5369 3432 5434 integrum
3469 5351 3621 5423 negari

2080 5483 2188 5520 non
2231 5473 2427 5536 potest,
2453 5465 2804 5534 explicemus.
2833 5461 2990 5516 Aliud
3021 5467 3122 5527 est,
3156 5459 3268 5514 zelo
3297 5451 3499 5510 malitia:
3521 5459 3622 5536 per-

2081 5557 2234 5626 sequi
2265 5555 2496 5625 aliquem
2526 5555 2888 5616 innocentem,
2921 5551 3062 5606 sicut
3091 5550 3214 5606 fecit
3234 5546 3382 5608 Cain,
3411 5535 3536 5596 aliud
3555 5539 3621 5586 est

2103 5711 2109 5717 .
2156 5667 2181 5706 ι»
2206 5667 2300 5720 Ms.
2336 5667 2474 5722 idem
2510 5665 2865 5721 ammonet.
2900 5663 3002 5718 Hic
3023 5673 3096 5718 est
3126 5663 3309 5726 cumis,
3332 5668 3426 5712 etc.

2161 5750 2182 5776 ε
2216 5737 2314 5794 bis.
2341 5738 2500 5803 idem,
2535 5739 2796 5802 {uiuorum
2827 5753 3021 5791 senum.
