3926 6176
339 298 433 355 6U

794 294 1383 351 PRAEDESTINATUS
1420 294 1571 351 SIVE
1612 292 2310 349 PRAEDESTINATORUM
2351 292 2698 360 "IERESIS,
2740 291 2891 347 ETC.
2938 293 3063 347 LIB.
3102 292 3189 346 lll.

3517 293 3616 346 64⁸3

341 411 457 467 zelo
479 408 575 464 Dei
604 408 875 478 persequi,
900 407 1036 462 sicut
1065 405 1189 459 fecit
1212 405 1392 472 Elias;
1427 420 1524 459 nec
1543 405 1720 459 solum
1754 421 1932 475 perse-
1959 412 2003 467 Α
2037 415 2117 458 tes
2174 404 2499 458 vindemiam
2557 403 2797 467 Domini,
2858 401 2987 456 Elia:
3057 402 3238 456 animo
3293 403 3620 458 devastaret.

340 509 495 557 cutus
523 508 624 564 est,
651 498 744 551 sed
784 498 945 550 etiam
975 498 1027 549 in
1052 505 1344 565 conspectu
1370 511 1468 549 suo
1497 498 1723 548 multum
1755 511 1928 565 popu-

345 593 451 645 lum
473 590 822 661 gladiojussit
845 589 1037 643 occidi.
1064 587 1195 642 Cain
1221 603 1383 641 unum
1406 586 1622 651 occidit,
1655 594 1709 639 et
1728 594 1929 639 {eterna

342 683 687 739 damnatione
714 682 967 750 punitur;
992 679 1136 734 Elias
1164 681 1364 735 multos
1393 680 1607 744 occidit,
1639 687 1694 733 et
1721 678 1789 732 ad
1816 679 1933 746 glo-

339 775 476 829 riam
504 774 713 843 rapitur
739 773 1141 841 sempiternam.
1181 771 1297 825 Non
1329 786 1479 840 ergo,
1515 771 1657 824 sicut
1706 785 1803 823 vos
1831 784 1933 838 pu-

341 866 485 927 tatis,
512 864 646 917 Cain
689 863 926 916 imitatus
954 869 1035 915 est
1064 859 1261 915 Paulus
1307 879 1319 913 :
1349 861 1442 914 sed
1472 860 1587 913 zelo
1619 860 1711 913 Dei
1740 859 1932 913 ductus

343 955 513 1008 liliam
536 962 752 1009 secutus
773 961 874 1007 est.
904 950 1063 1006 Dicas
1086 950 1309 1004 forsitan
1338 968 1350 1001 :
1388 949 1537 1003 Unde
1567 950 1671 1003 hoc
1698 948 1933 1018 probas?

344 1046 488 1117 Lege
517 1046 583 1100 ad
604 1044 826 1100 Galatas
855 1045 1102 1098 eumdem
1132 1044 1235 1098 sibi
1261 1044 1625 1098 testimonium
1655 1044 1935 1113 perhiben-

343 1145 473 1202 tetn,
502 1145 664 1204 atque
683 1136 948 1189 dicentem
977 1152 989 1185 :
1021 1131 1399 1203 Persequebar,
1425 1132 1616 1200 inquit,
1641 1130 1935 1184 Ecclesium

344 1226 469 1291 Dei,
501 1235 548 1280 et
579 1225 946 1296 expugnabam
1000 1210 1148 1277 illam
1196 1240 1349 1294 super
1402 1223 1591 1277 multos
1644 1231 1935 1276 cowtaneos

347 1334 493 1372 meos
540 1318 593 1370 in
623 1333 809 1388 genere
848 1332 998 1380 meo;
1030 1315 1406 1377 abundantius,
1441 1315 1635 1383 inquit,
1667 1314 1938 1368 aemulator

347 1410 608 1464 exsistens
629 1418 969 1479 paternarum
995 1424 1229 1460 mearum
1251 1407 1595 1461 traditionum
1620 1404 1761 1476 (Cal.
1795 1422 1830 1468 ι,
1852 1404 1937 1470 15,

348 1500 461 1570 Η).
497 1499 747 1569 Nunquid
770 1516 875 1553 non
892 1499 1143 1553 omnibus
1166 1499 1445 1553 catholicis
1467 1508 1653 1552 notum
1670 1507 1751 1552 est
1772 1497 1940 1550 Deum

347 1592 701 1647 Hebraeorum
752 1591 896 1645 hunc
922 1605 1041 1644 esse
1096 1587 1309 1643 Patrem
1341 1590 1549 1643 Domini
1594 1589 1761 1643 nostri
1811 1586 1942 1640 Jesu

345 1680 591 1736 Christi?
618 1679 787 1746 Quem
829 1693 956 1747 ergo
986 1678 1339 1733 defendebat?
1370 1677 1583 1732 Patrem
1614 1679 1729 1732 sine
1757 1678 1940 1738 dubio,

2035 496 2205 551 Servo
2236 496 2417 564 itaque
2446 495 2609 558 bono,
2642 510 2740 563 pro
2786 493 2997 547 Domini
3050 493 3128 546 sui
3179 493 3330 546 vinea
3364 493 3621 560 vigilanti,
3672 522 3687 535 ο

2033 602 2191 641 servo
2229 587 2345 640 zelo
2379 585 2501 639 lidei
2547 585 2911 655 persequenti,
2961 598 3119 637 servo
3165 581 3337 635 Eliam
3368 582 3621 645 imitanti,

2034 693 2192 732 servo
2241 679 2293 732 in
2324 678 2559 732 tenebris
2616 676 2932 745 ignorantia:
2979 692 3078 746 pro
3110 678 3335 730 veritate
3374 677 3623 741 certanti,

2034 786 2192 825 servo
2240 770 2324 824 cui
2354 785 2412 823 se
2440 770 2645 823 sciebat
2685 769 2885 823 dixisse
2917 778 2974 821 ut
3004 784 3101 837 pro
3142 769 3367 822 veritate
3397 775 3627 821 certaret

2036 875 2204 928 usque
2242 859 2307 913 ad
2347 868 2577 913 mortem
2624 876 2636 911 :
2681 858 2944 911 laboranti
2993 872 3140 925 ergo,
3186 868 3242 911 et
3289 858 3341 910 in
3396 858 3627 911 obscuro

2040 963 2061 991 ε
2084 954 2203 1007 tidei
2231 952 2663 1022 persequenti,et
2688 953 2946 1006 nescienti
2975 952 3116 1019 quod
3142 953 3253 1019 ipse
3285 961 3431 1004 esset
3447 950 3629 1003 Domi-

2034 1061 2135 1099 nus
2164 1061 2308 1109 suus,
2342 1059 2500 1113 quem
2533 1043 2754 1112 putabat
2806 1043 3078 1095 inimicum
3123 1041 3332 1093 Domini
3362 1042 3462 1102 sui,
3503 1057 3630 1094 suc—

2036 1138 2204 1192 currit
2230 1137 2414 1191 diccns
2435 1155 2446 1188 :
2467 1137 2715 1202 Quiesce,
2745 1150 2846 1204 ego
2876 1151 2992 1187 sum
3018 1134 3273 1187 Dominus
3298 1142 3438 1186 tuus.
3476 1134 3632 1188 Modo

2040 1239 2094 1282 tu
2127 1230 2241 1299 ipse
2266 1229 2445 1298 judica
2468 1229 2533 1282 de
2559 1236 2609 1281 te
2632 1228 2768 1297 ipso.
2794 1227 2850 1280 Si
2874 1227 3148 1280 introieris
3170 1227 3221 1279 in
3255 1230 3462 1279 vineam
3490 1232 3632 1279 luam

2040 1328 2222 1383 nocte,
2259 1320 2493 1388 nunquid
2518 1320 2677 1373 homo
2710 1327 2832 1372 tuus
2853 1326 2944 1371 aut
2974 1334 3160 1371 servus
3190 1327 3330 1381 tuus,
3356 1319 3408 1370 in
3440 1318 3635 1371 obscu-

2042 1427 2102 1465 ro
2152 1410 2325 1463 noctis
2364 1410 2489 1463 dum
2522 1418 2574 1462 te
2603 1408 2850 1472 senserit,
2904 1416 2958 1461 et
2988 1409 3212 1476 coeperit
3268 1409 3450 1460 venire
3483 1416 3537 1458 ut
3582 1415 3634 1459 te

2042 1502 2484 1570 comprehendat,
2528 1500 2613 1554 dic
2641 1500 2790 1563 mihi,
2840 1499 3088 1563 obsecro,
3131 1500 3413 1552 veritatem
3457 1497 3636 1566 profer

2046 1608 2112 1647 ex
2139 1608 2234 1646 ore
2263 1601 2385 1656 tuo;
2430 1592 2517 1646 dic
2547 1591 2696 1655 mihi,
2741 1590 2978 1658 nunquid
3012 1597 3175 1653 taces,
3210 1597 3264 1643 et
3292 1588 3558 1657 permittis
3587 1595 3636 1641 te

2047 1684 2219 1737 teneri
2252 1684 2317 1736 ab
2347 1699 2433 1747 eo,
2480 1698 2640 1752 quem
2684 1682 2882 1750 probas
2911 1682 3036 1749 quia
3092 1697 3197 1734 non
3229 1681 3369 1743 zelo,
3404 1696 3510 1734 non
3541 1679 3637 1732 ini-

347 1775 477 1843 quia
507 1773 817 1828 sacerdotes
838 1772 919 1825 sui
950 1773 997 1825 ei
1018 1771 1264 1825 dixerant
1290 1771 1432 1826 hunc
1472 1786 1578 1824 non
1609 1785 1726 1823 esse
1750 1769 1940 1822 Filium
1975 1774 2018 1831 Β
2048 1775 2261 1829 liticiliis
2292 1773 2610 1827 facientibus
2640 1782 2693 1826 te
2735 1772 3093 1840 persequitur,
3119 1772 3214 1825 sed
3245 1780 3297 1825 te
3328 1769 3640 1832 defendens,

348 1866 449 1920 Dei
477 1880 638 1933 quem
661 1864 1055 1918 crucitixerant.
1076 1861 1316 1917 Credens
1346 1863 1529 1930 itaque
1557 1861 1661 1929 legi
1684 1876 1811 1924 suae,
1834 1875 1945 1914 cre-

347 1957 489 2012 dens
513 1954 883 2010 sacerdotibus
922 1953 1015 2008 Dei
1045 1953 1171 2016 vivi,
1205 1952 1413 2021 accepit
1454 1952 1521 2005 ab
1549 1952 1628 2006 eis
1669 1949 1943 2019 epistolas,

349 2057 411 2103 ut
435 2061 663 2118 pergens
691 2045 1010 2099 Damascum
1040 2044 1105 2097 ad
1134 2057 1452 2115 synagogas,
1482 2042 1690 2097 vinctos
1721 2040 1947 2095 adduce-

348 2148 439 2194 ret
467 2137 803 2194 Christianos
835 2137 970 2207 (Act.
995 2152 1070 2201 ix,
1091 2135 1168 2205 ἓ).
1196 2133 1645 2190 Prudentissimus
1674 2135 1756 2188 vir
1784 2143 1947 2202 atque

346 2230 800 2300 sapientissimus,
831 2227 923 2297 qui
969 2227 1175 2282 sciebat
1217 2241 1277 2280 se
1306 2225 1423 2280 zelo
1464 2225 1558 2280 Dei
1604 2238 1783 2293 agere,
1831 2224 1949 2278 sine

348 2323 523 2377 dubio
549 2321 830 2375 videbatur
851 2320 899 2373 ei
926 2319 1068 2388 quod
1101 2319 1347 2373 inimicos
1384 2316 1482 2372 Dei
1509 2324 1943 2387 persequeretur.

349 2411 463 2467 Pro
494 2410 595 2466 (ide
624 2412 767 2466 enim
791 2411 905 2476 Dei,
926 2420 980 2464 et
1002 2407 1105 2480 pro
1128 2411 1355 2464 veritate
1376 2409 1641 2463 currebat.
1667 2408 1782 2463 Non
1804 2410 1948 2463 enim

349 2502 551 2557 Filium
574 2500 667 2555 Dei
691 2516 809 2558 esse
837 2499 1123 2554 Dominum
1151 2497 1335 2552 Jesum
1363 2496 1635 2552 Christum
1668 2496 1947 2563 didicerat,

347 2595 449 2650 sed
475 2594 815 2647 seductorem
863 2602 918 2646 et
960 2591 1305 2659 deceptorem
1335 2589 1521 2659 pepuli
1562 2590 1663 2654 sui,
1708 2604 1737 2642 a
1783 2590 1951 2659 magi-

349 2687 484 2740 stris
512 2686 622 2739 suis
652 2693 706 2738 et
734 2700 763 2737 a
794 2682 1165 2737 sacerdotibus
1204 2681 1315 2735 suis
1344 2688 1401 2734 ut
1430 2679 1693 2742 audierat,
1719 2681 1949 2733 restitua-

349 2779 470 2835 bat.
496 2777 744 2830 Animum
767 2776 949 2843 itaque
979 2772 1127 2833 Eliaz,
1163 2788 1269 2827 non
1299 2770 1433 2826 Cain
1455 2770 1678 2834 habens,
1702 2783 1828 2837 erga
1851 2786 1950 2823 no—

350 2884 458 2924 vos
486 2868 724 2923 cultores
769 2865 862 2920 Dei
909 2865 1122 2920 fortiter
1154 2863 1453 2924 insistebat,
1487 2870 1542 2916 et
1569 2861 1821 2929 ignorans
1846 2862 1954 2917 cri-

352 2960 505 3014 mina
536 2975 634 3029 pro
681 2957 967 3011 virtutibus
994 2956 1301 3011 exercebat.
1348 2953 1493 3009 Deus
1524 2962 1724 3019 autem,
1775 2953 1954 3008 cordis

354 3052 637 3120 inspector
661 3057 716 3102 et
740 3042 862 3101 ﬁdei
889 3047 1301 3131 contemplator,
1333 3046 1461 3098 fecit
1488 3060 1610 3099 eum
1647 3044 1954 3099 misericor-

2047 1867 2171 1921 dum
2221 1875 2273 1920 te
2300 1867 2531 1919 aestimat
2562 1864 2753 1926 furem,
2787 1874 2837 1916 te
2879 1864 3051 1932 ipsum
3082 1878 3181 1932 pro
3223 1870 3275 1916 te
3306 1862 3423 1931 ipso
3458 1876 3640 1930 perse-

2048 1958 2263 2025 quitur?
2293 1956 2428 2010 lluic
2474 1956 2564 2009 tali
2592 1970 2750 2009 servo
2780 1962 2834 2009 et
2860 1955 2976 2007 laus
3004 1955 3232 2008 debetur
3260 1962 3315 2008 et
3343 1952 3642 2022 pnemium.

2047 2047 2308 2116 Denique,
2367 2063 2488 2102 cum
2520 2047 2721 2100 dixeris
2769 2048 2817 2100 ei
2858 2046 3208 2115 persequendi
3260 2056 3313 2098 te
3361 2053 3416 2098 et
3448 2044 3644 2097 volenti

2048 2148 2332 2211 percutere
2353 2158 2364 2191 :
2385 2138 2569 2201 Cessa,
2601 2151 2701 2206 ego
2732 2152 2847 2191 sum
2879 2136 3128 2189 dominus
3157 2144 3308 2201 tuus;
3337 2137 3515 2187 statim
3552 2134 3646 2187 ab-

2044 2231 2191 2300 jecto
2215 2229 2352 2284 fuste
2375 2230 2442 2283 de
2466 2244 2627 2282 manu
2662 2243 2775 2291 sua,
2808 2235 3157 2296 prosternens
3188 2241 3248 2279 se
3291 2224 3515 2294 pedibus
3536 2224 3642 2277 tuis

2050 2323 2262 2377 veniam
2292 2321 2529 2391 postulat
2556 2319 2902 2387 ignorantiae;
2935 2327 3095 2387 atque
3134 2318 3223 2371 illa
3255 2318 3387 2371 hora
3427 2316 3530 2370 hoc
3561 2316 3643 2370 fa-

2051 2416 2158 2471 ciet
2178 2414 2322 2485 quod
2348 2415 2396 2467 ei
2427 2412 2767 2483 przcceperis.
2800 2411 2879 2465 Ita
2902 2425 3030 2479 ergo
3059 2417 3187 2464 tunc
3209 2409 3400 2463 beatus
3420 2406 3637 2472 Paulus,

2052 2507 2248 2561 missus
2290 2520 2319 2558 a
2360 2504 2730 2558 sacerdotibus
2779 2501 2895 2567 Dei,
2940 2500 3053 2571 jam
3101 2500 3306 2554 meritis
3335 2499 3648 2568 apostolicis

2054 2598 2262 2667 plenus,
2292 2611 2387 2649 vas
2415 2594 2695 2649 electionis
2723 2603 2840 2648 erat
2873 2611 2885 2645 :
2913 2592 3114 2646 habens
3143 2592 3280 2645 intra
3311 2605 3371 2644 se
3399 2589 3644 2659 spiritum

2059 2690 2208 2755 Elite,
2244 2688 2685 2759 persequebatur,
2730 2693 2788 2740 ut
2815 2686 2865 2739 ei
2905 2685 3209 2749 videbatur,
3241 2683 3485 2737 inimicos
3516 2682 3647 2749 legis

2057 2781 2173 2846 Dei,
2203 2790 2258 2836 et
2284 2796 2443 2849 quem
2475 2780 2697 2849 putabat
2727 2794 2846 2833 esse
2874 2778 3045 2832 furem
3074 2778 3245 2832 vinea:
3282 2776 3494 2830 Domini
3539 2775 3642 2842 sui,

2057 2875 2171 2944 ipse
2192 2881 2308 2928 erat
2337 2873 2479 2926 Deus
2507 2888 2654 2925 suus.
2703 2869 3015 2925 Patiebatur
3056 2870 3196 2923 enim
3229 2877 3460 2932 noctem,
3493 2866 3645 2935 cujus

2057 2967 2105 3020 ei
2137 2967 2425 3020 obscurum
2473 2962 2671 3017 fecerat
2709 2961 3050 3015 incredulitas
3078 2958 3437 3013 sacerdotum.
3466 2955 3650 3011 Justus

2057 3071 2186 3110 vero
2216 3053 2475 3109 Dominus
2524 3053 2576 3106 in
2627 3052 2730 3107 hac
2776 3052 2890 3123 ipsa
2930 3051 3030 3105 sibi
3063 3050 3455 3120 persecutione,
3488 3062 3652 3116 quam

354 3143 505 3197 diam
567 3141 847 3204 invenire.
892 3139 1015 3209 quia
1063 3137 1419 3206 ῑεηοττιιιιίθιη
1469 3136 1585 3204 eius
1644 3135 1950 3191 ίηηοοθηῑίεδ
1983 3145 2026 3206 C
2058 3147 2173 3215 ipse
2214 3146 2520 3216 patiebatur
2555 3159 2653 3214 pro
2706 3159 2800 3198 sua
2851 3142 3079 3212 justitia,
3113 3140 3501 3210 complacebat,
3530 3139 3653 3208 quia

354 3233 773 3303 comprobabat.
814 3230 962 3285 Unde
989 3231 1093 3285 hoc
1117 3229 1446 3299 probamus?
1476 3228 1595 3297 ipse
1624 3228 1756 3283 dicit
1784 3229 1849 3281 ad
1874 3228 1958 3281 Ti-

356 3326 640 3380 motheum
673 3342 685 3376 :
720 3322 842 3388 Fui,
873 3322 1078 3391 inquit,
1111 3328 1416 3391 persecutor
1445 3327 1495 3373 et
1522 3318 1844 3389 injuriosus;
1869 3318 1958 3371 sed

358 3414 781 3479 misericordiam
805 3420 1110 3466 consecutus
1132 3426 1265 3475 sum,
1290 3410 1412 3480 quia
1441 3409 1694 3479 ignorans
1726 3407 1843 3477 feci.
1877 3406 1953 3460 Vi-

358 3508 463 3561 des
503 3520 645 3579 ergo,
663 3504 788 3574 quia
811 3503 900 3557 ubi
930 3502 1231 3572 ignorantia
1262 3509 1377 3564 est,
1410 3499 1605 3553 invidia
1631 3514 1736 3551 non
1767 3499 1883 3551 est?
1916 3498 1961 3551 A

362 3598 570 3669 iustitia
593 3597 735 3650 enim
764 3594 861 3648 Dei
892 3592 1159 3662 ignoranti
1187 3591 1435 3645 doctrina
1466 3589 1722 3651 traditur;
1767 3588 1961 3642 scienti

361 3705 501 3744 vero
546 3697 601 3740 et
639 3684 1008 3741 contemnenti
1058 3684 1294 3738 dictator
1340 3681 1628 3735 sententia.
1684 3678 1837 3734 Unde
1867 3696 1963 3748 per

363 3784 663 3836 obscurum
717 3778 1033 3847 ignorantiae
1080 3775 1361 3829 ambulans
1408 3772 1622 3839 Paulus,
1654 3771 1878 3843 putabat
1904 3786 1965 3826 se

364 3872 648 3927 inimicum
669 3868 880 3923 Domini
910 3868 991 3921 sui
1017 3866 1265 3936 persequi
1293 3882 1305 3917 :
1335 3864 1558 3919 ardebat
1590 3873 1614 3901 α
1643 3864 1696 3918 in
1720 3878 1968 3934 persecu-

368 3963 548 4024 tione,
579 3959 706 4027 quia
745 3958 959 4028 placere
981 3956 1209 4010 Domino
1236 3956 1412 4009 bonus
1435 3953 1664 4009 famulus
1693 3954 1961 4010 studebat.

368 4052 492 4109 Vm
521 4050 864 4121 quiescebat,
898 4047 1127 4112 furebat,
1159 4047 1518 4102 abundantius
1547 4047 1792 4101 omnibus
1820 4046 1965 4100 zela-

369 4151 466 4221 tor
493 4141 762 4195 exsisteus
792 4148 1135 4209 paternarum
1166 4138 1536 4192 traditionum.
1586 4137 1824 4203 Quorum
1867 4152 1967 4206 pa-

370 4225 741 4303 trum—gerens
770 4233 983 4289 zelum?
1013 4233 1128 4287 sine
1157 4231 1321 4286 dubio
1352 4231 1601 4297 Abrahaz,
1634 4240 1687 4284 et
1716 4230 1882 4297 Isaac,
1915 4240 1971 4285 et

381 4327 582 4389 lacob;
612 4334 668 4380 et
694 4325 784 4394 qui
815 4326 1005 4379 horum
1035 4323 1211 4377 Deus"
1240 4323 1356 4377 sine
1383 4322 1546 4377 dubio
1575 4308 1735 4377 Pater
1758 4322 1970 4377 Domini

377 4416 552 4471 nostri
580 4413 708 4469 Jesu
749 4411 966 4467 Christi.
1001 4411 1141 4480 Ergo
1172 4412 1295 4467 huic
1324 4412 1539 4481 placere
1582 4413 1802 4467 studens
1825 4454 1839 4476 ,
1872 4429 1967 4482 pu-

2061 3240 2176 3306 ipse
2230 3238 2452 3292 dederat
2509 3235 2681 3303 legem
2710 3250 2871 3304 quam
2920 3235 3009 3288 ille
3055 3234 3323 3287 servabat.
3374 3230 3487 3284 Non
3519 3244 3649 3298 ergo

2065 3330 2218 3400 quasi
2239 3345 2590 3400 personarum
2621 3335 2875 3396 acceptor
2901 3315 3254 3395 apprehendit
3284 3323 3555 3377 nolentem
3597 3330 3655 3376 et

2065 3419 2191 3473 fecit
2218 3419 2511 3482 volentem,
2559 3414 2916 3485 apprehendit
2968 3415 3234 3467 infidelem
3264 3421 3319 3467 et
3369 3414 3497 3468 fecit
3528 3412 3658 3467 fide-

2064 3514 2193 3579 1cm,
2227 3510 2581 3583 apprehendit
2609 3508 2880 3564 inimicum
2922 3514 2976 3561 et
3022 3504 3147 3560 fecit
3187 3506 3435 3569 amicum,
3465 3522 3658 3575 appre-

2067 3604 2257 3659 hendit
2278 3603 2475 3657 malum
2506 3609 2561 3656 et
2591 3600 2713 3655 fecit
2742 3600 2941 3654 bonum
2976 3615 2988 3650 :
3019 3596 3110 3651 sed
3142 3610 3293 3650 suum
3340 3594 3571 3659 ﬁdelem,
3601 3605 3657 3649 et

2066 3709 2165 3763 pro
2194 3708 2253 3747 se
2282 3692 2614 3746 laborantem
2646 3688 2953 3757 alloquitur,
2985 3693 3040 3740 et
3068 3685 3195 3740 dicit
3226 3703 3238 3737 :
3274 3682 3412 3748 Quid
3432 3702 3511 3738 me
3542 3702 3660 3755 per-

2067 3785 2291 3855 sequeris
2316 3784 2449 3853 (Act.
2475 3798 2550 3846 rx,
2579 3780 2670 3850 4)?
2691 3782 2759 3833 At
2786 3780 2875 3833 ille
2914 3779 3025 3848 ipsa
3051 3776 3214 3831 verba
3244 3790 3362 3843 qua:
3400 3776 3575 3831 solent
3604 3776 3657 3829 in
3690 3764 3691 3767 D

2067 3876 2299 3929 obscuro
2313 3872 2505 3928 diciait
2525 3890 2537 3923 :
2556 3869 2685 3935 Quis
2710 3887 2784 3935 es,
2808 3868 3029 3923 Domine
3048 3866 3149 3939 (Ib,
3174 3866 3613 3937 5)?etDominus
3638 3885 3655 3919 :

2068 3966 2182 4038 Ego
2204 3982 2316 4019 sum
2334 3963 2486 4019 Jesus
2511 3961 2822 4017 Nazarenus
2850 3978 2997 4032 quem
3028 3970 3077 4012 tu
3099 3960 3414 4030 persequeris
3446 3956 3496 4029 (1
3504 3956 3659 4027 bid.).

2068 4056 2263 4134 Statim
2292 4054 2481 4119 credit,
2514 4053 2802 4120 statimque
2831 4051 3083 4104 transfert
3112 4064 3169 4103 se
3198 4065 3226 4101 a
3266 4046 3552 4119 Synagoga
3593 4045 3661 4099 ad

2068 4146 2386 4209 Ecclesiam,
2419 4160 2527 4197 non
2557 4142 2815 4197 mutando
2854 4140 3160 4203 Dominum,
3194 4138 3287 4192 sed
3338 4140 3512 4207 ipsum
3542 4153 3663 4193 esse

2074 4251 2232 4306 quem
2263 4248 2476 4303 semper
2514 4232 2679 4287 coluit
2700 4229 3056 4299 agnoscendo.
3090 4228 3206 4282 Non
3237 4229 3303 4281 ab
3326 4228 3430 4281 alio
3452 4228 3564 4282 Deo
3594 4228 3661 4281 ad

2072 4331 2299 4384 alterum
2351 4327 2521 4382 Deum
2549 4325 2837 4391 veniendo,
2885 4323 2979 4378 sed
3026 4322 3271 4377 eumdem
3320 4338 3441 4376 esse
3492 4322 3661 4377 Deum

2072 4434 2232 4488 quem
2255 4432 2468 4487 semper
2488 4416 2749 4479 coluerat,
2781 4413 3201 4483 comprobaudo.
3235 4412 3352 4466 Non
3380 4412 3447 4465 ab
3470 4410 3659 4466 infide-

381 4506 535 4559 tabat
566 4520 625 4559 se
646 4504 762 4572 ejus
793 4502 1001 4572 insequi
1036 4503 1342 4567 inimicum;
1372 4517 1562 4572 passus
1586 4504 1966 4558 obscuritatem
2000 4508 2045 4565 ι)
2074 4510 2225 4563 litate
2255 4508 2321 4563 ad
2346 4506 2503 4562 fidem
2540 4505 2823 4569 veniendo,
2857 4504 2948 4560 sed
2980 4505 3146 4573 ipsum
3176 4502 3333 4556 fidem
3362 4518 3523 4571 quam
3541 4503 3666 4571 jure

381 4595 729 4650 sacerdotum
758 4610 976 4648 suorum
998 4634 1011 4658 ,
1044 4594 1238 4663 quibus
1265 4592 1395 4661 legis
1427 4592 1620 4647 divina:
1648 4594 1872 4663 imperio
1902 4593 1966 4645 ii-

381 4684 509 4738 dem
539 4698 692 4737 suam
742 4683 1105 4737 testiinonium
1152 4682 1401 4736 dantibus
1448 4683 1754 4737 exhibebat.
1786 4682 1971 4737 Omni-

382 4775 489 4828 bus
518 4781 704 4827 notum
733 4782 816 4827 est
845 4774 974 4841 quid
1004 4773 1199 4827 habeat
1225 4773 1543 4828 obscuritas.
1586 4773 1831 4843 Nunquid
1861 4790 1969 4828 non

387 4866 507 4935 ipse
536 4881 663 4919 usus
692 4881 790 4919 nos
819 4865 1014 4934 poterit
1056 4865 1285 4920 educere
1315 4866 1655 4921 obscuritatis
1684 4866 1822 4922 hanc
1854 4861 1991 4923 esse

389 4963 657 5018 naturam,
692 4962 749 5008 ut
792 4963 978 5009 notum
1027 4961 1081 5009 et
1111 4955 1370 5023 ignotum,
1401 4964 1679 5024 parentem
1715 4966 1769 5011 et
1796 4966 1976 5011 extra-

391 5060 577 5109 neum,
604 5046 775 5099 civem
799 5052 853 5098 et
872 5046 1178 5108 barbarum,
1209 5062 1315 5099 uno
1340 5046 1503 5101 modo
1530 5055 1655 5101 ante
1685 5048 1869 5103 oculos
1898 5046 1979 5101 af-

399 5133 574 5201 ‘ierat,
624 5136 716 5204 qui
764 5136 865 5190 nisi
906 5136 1119 5190 locutus
1165 5136 1343 5201 fuerit,
1374 5137 1494 5206 quis
1523 5138 1612 5191 ille
1659 5139 1725 5192 sit
1767 5136 1979 5209 penitus

396 5226 522 5279 sciri
553 5241 659 5279 non
691 5227 922 5296 poterit?
969 5226 1066 5281 Hic
1106 5240 1255 5295 ergo,
1288 5228 1433 5281 velut
1476 5228 1861 5284 bonus'custos
1899 5230 1981 5284 vi-

400 5334 517 5378 ;ει;θ
572 5319 783 5374 Domini
829 5320 1053 5376 sabaoth
1103 5319 1294 5375 domus
1348 5319 1553 5387 lsrael,
1608 5322 1755 5376 velut
1808 5321 1983 5379 bonus

403 5407 432 5446 δ
472 5410 709 5477 circitor,
758 5412 1093 5482 apprehenso
1141 5412 1370 5475 baculo,
1423 5428 1518 5482 per
1565 5423 1780 5468 noctem
1832 5416 1985 5484 igno-

406 5504 591 5560 rantia:
640 5504 973 5568 circumibat,
1014 5511 1073 5557 ut
1114 5520 1461 5573 quoscunque
1497 5505 1759 5562 inveniret
1797 5507 1978 5577 legen-

483 5623 506 5685 ξ
531 5614 626 5685 με.
660 5612 939 5685 Augiense,
971 5614 1023 5666 in
1050 5615 1476 5685 persecutionem.

484 5681 512 5722 δ
540 5682 636 5739 Ms.
671 5683 833 5750 idem,
861 5681 1122 5738 circuitor.

2075 4600 2354 4663 habuerat,
2398 4596 2739 4668 possidendo.
2770 4594 2953 4650 Justus
2982 4604 3108 4661 ergo
3146 4592 3404 4648 Dominus
3450 4610 3665 4648 servum

2076 4710 2231 4748 suum
2256 4692 2528 4761 cognovit,
2557 4689 2849 4745 secundum
2872 4688 3012 4756 quod
3039 4688 3150 4755 ipse
3174 4686 3463 4755 Apostolus
3484 4687 3550 4741 ad
3575 4686 3665 4740 Ti-

2076 4784 2354 4839 motheum
2383 4784 2511 4837 dicit
2542 4800 2554 4835 :
2590 4781 2859 4853 Cognoscit
2882 4778 3136 4832 Dominus
3175 4779 3260 4849 qui
3288 4789 3409 4832 sunt
3446 4781 3557 4850 ejus
3598 4778 3665 4849 (ll

2082 4876 2216 4930 Tim.
2249 4893 2306 4940 ιι,
2341 4870 2450 4945 19).
2489 4872 2582 4928 llis
2609 4881 2786 4926 autem
2816 4885 2951 4938 quos
2982 4869 3127 4923 videt
3153 4885 3259 4923 non
3308 4870 3546 4924 veritatis
3573 4871 3670 4925 de—

2084 4969 2345 5031 fensione,
2377 4965 2471 5021 sed
2516 4979 2667 5018 vanae
2694 4961 2879 5031 gloriae
2917 4969 2973 5015 et
3001 4960 3295 5029 cupiditate
3325 4960 3525 5030 aliqua,
3555 4962 3672 5028 ejus

2085 5075 2145 5115 se
2173 5074 2359 5114 servos
2378 5071 2495 5112 esse
2520 5055 2807 5124 jactantes,
2824 5053 3021 5107 clamat
3048 5053 3127 5107 eis
3152 5052 3334 5108 dicens
3366 5071 3379 5105 :
3415 5052 3626 5106 Discedi
3643 5070 3671 5107 ε

2087 5169 2120 5205 a
2148 5168 2246 5216 me,
2271 5152 2390 5221 quia
2412 5166 2514 5203 non
2536 5149 2651 5202 novi
2679 5165 2765 5202 ros
2788 5146 3001 5219 (Matth.
3039 5163 3127 5212 vu,
3172 5146 3285 5216 25).
3320 5146 3515 5200 Verum
3544 5144 3674 5212 quid

2088 5250 2294 5296 stamus
2321 5242 2373 5295 in
2402 5242 2506 5295 hoc
2527 5240 2665 5304 loco,
2690 5254 2811 5294 cum
2835 5254 2942 5293 non
2972 5238 3146 5293 solum
3171 5238 3267 5291 has
3297 5235 3514 5303 injurias
3537 5235 3677 5304 Apo-

2090 5334 2232 5389 stolo
2263 5333 2529 5401 irrogctis,
2562 5339 2619 5384 ut
2645 5329 2831 5383 dicatis
2860 5344 2985 5384 eum
3014 5328 3239 5383 invitum
3265 5333 3516 5385 tractum.
3542 5339 3669 5379 cum

2093 5423 2159 5477 ad
2184 5439 2345 5477 unam
2371 5437 2559 5476 vocem
2588 5421 2776 5489 legatis
2811 5435 2933 5473 eum
2962 5419 3029 5473 de
3057 5433 3115 5473 se
3144 5417 3408 5470 dicentem
3443 5430 3457 5467 :
3488 5413 3549 5468 Si
3578 5430 3679 5469 no-

2093 5515 2201 5568 lens
2224 5515 2319 5568 hoc
2347 5530 2465 5585 ago,
2498 5514 2814 5585 dispensatio
2845 5513 2969 5565 mihi
2990 5510 3182 5563 credita
3198 5517 3306 5573 est;
3336 5508 3568 5561 siautem
3592 5524 3678 5561 ro-

2162 5634 2182 5661 ⁸
2211 5622 2307 5677 Ms.
2342 5624 2505 5689 idem,
2526 5623 2681 5694 ﬁdem
2711 5619 3053 5691 persequenti.
