3926 6176
370 338 473 393 (τιό

1367 333 1738 391 ΔΧΟΝῊΙΗΞ
1779 331 1958 387 AUCT

2097 330 2639 387 riunnesrtxan.
2667 394 2673 409 ι
3143 345 3153 351 ·
3531 338 3617 393 tu

372 457 482 511 lens
504 456 597 510 hoc
627 471 740 526 ago,
777 452 1056 509 mercedem
1086 452 1283 519 accipio
1308 450 1349 521 (Ι
1373 449 1491 505 Cor.
1524 467 1595 517 Ix,
1625 451 1741 539 l7);
1761 450 1958 504 Exclu-
1991 449 2035 507 Α
2065 447 2254 501 luntati
2284 450 2505 505 hominis
2531 452 2703 504 servit.
2739 448 2859 519 Ipse
2898 451 3034 504 enim
3063 452 3159 505 scit
3196 452 3282 505 cui
3308 453 3427 525 quid
3463 457 3621 526 fartor.

278 532 291 547 ’
374 548 483 601 dite
519 561 642 602 eum
680 562 710 599 a
760 544 1003 599 mercede
1058 558 1172 608 sua,
1229 552 1284 597 et
1335 543 1495 598 dicite
1534 562 1547 595 ε
1581 532 1731 609 Quia
1769 542 1958 595 nolens

375 640 479 695 hoc
529 638 641 706 agis
692 638 889 691 invitus
940 644 1161 700 tentus,
1204 635 1400 689 invitus
1453 643 1691 699 tractus,
1746 649 1853 688 non
1901 640 1958 687 tu

374 729 584 792 curris;
618 742 791 795 neque
837 726 980 780 enim
1020 726 1087 780 de
1113 741 1273 780 cursu
1303 734 1394 780 tuo
1426 726 1658 795 proﬁcis,
1702 733 1821 778 esto
1844 722 1957 792 jam

375 834 609 873 securus.
630 817 779 871 Scias
809 824 881 879 te,
915 816 1076 869 etiam
1115 815 1159 869 si
1191 815 1668 883 volueris,peccare
1699 829 1804 867 non
1833 828 1959 882 pos-

376 924 455 964 se.
505 908 585 963 Ad
630 909 744 961 haec
790 908 942 960 vobis
974 907 1087 975 ipse
1128 909 1416 975 respondet
1451 924 1463 958 :
1498 906 1610 975 Ego
1652 908 1727 959 sic
1783 922 1954 971 curro,

376 1017 479 1055 non
525 1001 673 1071 quasi
715 1000 771 1051 in
820 1000 1070 1051 incertum
1103 997 1287 1062 (lbid.,
1318 996 1406 1063 26)
1436 1015 1449 1062 ;
1481 1015 1572 1067 ego
1617 998 1844 1069 quotidie
1885 1001 1962 1069 fe-

373 1092 531 1154 stino,
563 1098 611 1143 et
638 1089 704 1141 ad
732 1088 959 1141 brarinm
980 1104 1215 1158 superna:
1236 1089 1516 1142 vocationis
1544 1090 1794 1143 ertendor
1816 1089 1962 1158 (Plii-

376 1179 502 1249 lipp.
537 1194 610 1239 Ill,
667 1176 773 1243 ll).
808 1176 872 1229 Et
901 1177 1017 1230 licet
1058 1176 1189 1230 nihil
1220 1178 1345 1230 milii
1367 1178 1599 1231 conscius
1615 1178 1731 1242 sim,
1757 1178 1847 1230 sed
1888 1185 1964 1229 ta-

376 1286 493 1322 men
525 1285 626 1322 non
654 1269 707 1321 in
749 1269 843 1322 hoc
858 1269 1179 1338 jnsliﬁcalus
1208 1286 1321 1322 sum
1353 1268 1393 1339 (Ι
1423 1268 1539 1322 Cor.
1573 1286 1645 1333 tv,
1676 1269 1750 1339 4).
1784 1267 1963 1322 Nolite

376 1374 553 1412 errare
583 1375 600 1411 :
630 1357 773 1410 Deus
818 1375 919 1411 non
952 1358 1197 1411 irridetur
1238 1358 1379 1428 (Gal.
1422 1375 1493 1423 vr,
1528 1358 1601 1426 7).
1636 1359 1746 1426 Ego
1794 1360 1956 1423 enim,

378 1448 478 1502 nisi
502 1449 551 1502 iu
570 1447 784 1517 jejuniis
814 1448 993 1501 multis
1018 1449 1279 1512 institero,
1305 1457 1357 1502 et
1380 1464 1721 1503 maccravero
1742 1465 1960 1504 carnem

376 1553 571 1605 meam,
607 1547 661 1593 el.
689 1538 934 1592 servituti
976 1538 1280 1604 tradidero,
1312 1540 1425 1608 ipse
1465 1541 1724 1608 reprobus
1762 1538 1963 1594 efﬁciat-

375 1628 419 1697 (ἰ
448 1627 565 1683 Cor.
592 1645 662 1693 Ix,
688 1628 799 1699 9.7).
824 1627 868 1683 Ο
898 1630 1209 1697 magistrum
1239 1630 1466 1685 bonum!
1494 1646 1527 1685 ο
1550 1631 1847 1700 sapientem
1875 1646 1962 1684 ar-

373 1719 685 1780 chitectum,
718 1726 773 1772 et
825 1719 1089 1774 bonorum
1139 1719 1378 1773 omnium
1427 1718 1839 1774 instructoreml
1870 1716 1961 1774 Sic

2062 534 2175 590 Nec
2200 540 2339 592 enim
2370 541 2625 594 antecedit
2665 539 2871 594 arbitrii
2897 541 3109 595 libertas
3137 544 3366 612 gratiam
3394 543 3512 609 Dei,
3548 549 3629 601 scd

2059 630 2315 682 antecedit
2357 632 2527 701 gratia
2559 629 2654 683 Dei
2683 628 2976 684 libertatem
3005 630 3229 685 arbitrii.
3263 631 3292 671 δ
3322 620 3443 689 Παὲο
3469 644 3625 690 vestra

2060 720 2259 787 scripta
2284 728 2431 785 sunt,
2461 728 2638 773 vestra
2667 729 2791 773 sunt
2822 720 2984 784 dicta,
3016 722 3157 777 veris
3203 722 3337 777 falsa
3364 726 3627 794 permixta.

2064 807 2476 877 Respondemus
2506 810 2570 863 ad
2601 811 2831 878 singula.
2856 811 2913 865 Si
2940 827 3126 867 omnes
3152 827 3294 882 quos
3333 815 3435 869 scit
3460 816 3628 883 dignos

2061 909 2237 962 vocat,
2270 914 2399 969 ergo
2444 916 2635 954 omnes
2664 901 2732 954 ad
2772 901 2999 958 salutem
3048 904 3478 972 praedestinavit,
3521 908 3629 976 quia

2061 1005 2250 1045 onlnes
2294 992 2534 1059 quotidie
2574 1006 2772 1045 vocare
2812 1007 2917 1045 non
2966 1002 3162 1047 cessat.
3192 993 3250 1049 Si
3302 994 3401 1049 hos
3446 989 3630 1053 tantum

2060 1081 2249 1145 salvat,
2281 1097 2419 1151 quos
2457 1098 2516 1137 se
2545 1083 2955 1153 pncdestinasse
2983 1086 3282 1152 cognoscit,
3312 1100 3438 1154 ergo
3464 1103 3631 1145 omnes

2062 1172 2469 1240 praedestinavit
2496 1173 2560 1225 a'l
2590 1172 2842 1233 salutem,
2874 1174 2997 1242 quia
3038 1175 3279 1229 ninnium
3308 1175 3550 1229 Dominus
3585 1186 3631 1232 et

2062 1262 2298 1316 salvator
2324 1273 2423 1316 est.
2453 1261 2509 1319 Si
2539 1268 2684 1316 satus
2714 1264 2806 1317 Dei
2848 1280 2955 1317 non
2986 1265 3251 1321 voluntati
3292 1264 3516 1320 hominis
3548 1267 3631 1321 ob-

2068 1361 2350 1421 temperat,
2378 1353 2473 1407 sed
2498 1354 2758 1422 anticipat
2790 1356 2959 1422 gratia
2988 1353 3084 1409 Dei
3113 1357 3445 1409 voluntatem
3475 1357 3631 1409 homi-

2062 1442 2171 1503 nis;
2196 1444 2460 1496 ostendite
2486 1444 2643 1497 nobis
2656 1445 2777 1514 quis
2796 1445 2984 1499 nolens
3005 1456 3330 1501 consecutus
3354 1448 3421 1501 sit
3450 1446 3632 1518 baptis-

2063 1533 2223 1587 matis
2252 1542 2594 1589 sacrosancta
2625 1536 2899 1606 mysteria,
2923 1547 2977 1591 et
3005 1546 3191 1606 postea
3220 1538 3385 1607 coepit
3417 1553 3510 1607 per
3530 1554 3633 1605 gra-

2064 1624 2194 1678 tiam
2217 1624 2356 1679 velle
2376 1625 2521 1694 quod
2551 1626 2752 1691 noluit;
2794 1635 2882 1680 aut
2905 1628 3025 1697 quis
3050 1642 3287 1696 unquam
3317 1628 3500 1684 nolens
3523 1645 3633 1699 ege-

2061 1714 2132 1767 rit
2154 1716 2545 1785 paenitentiam,
2572 1723 2626 1771 et
2655 1725 2843 1786 postea
2864 1732 3024 1786 quam
3054 1719 3435 1774 reconciliatus
3455 1731 3547 1786 est,
3570 1723 3634 1778 sic

376 1808 599 1863 fabricat
626 1809 935 1873 Ecclesium,
959 1811 1051 1879 qui
1071 1811 1185 1865 vult
1204 1812 1508 1880 exemplum
1526 1811 1712 1865 salutis
1741 1808 1953 1866 ollerre.
1991 1818 2036 1877 Β
2062 1807 2225 1875 οωειὶι
2254 1815 2376 1876 post
2398 1807 2779 1875 indulgentiam
2801 1811 3081 1878 pmnitere.
3108 1811 3237 1865 Dure
3267 1812 3381 1867 istm.
3408 1827 3491 1868 res
3526 1823 3634 1871 sunt

377 1900 491 1955 Non
522 1902 799 1970 resupinat
822 1902 1034 1956 animos
1064 1902 1114 1955 in
1159 1903 1304 1957 bono
1345 1917 1505 1957 cursu
1543 1910 1868 1971 satagcntes,
1896 1911 1959 1957 ut

375 2000 566 2062 putent
594 2007 652 2047 se
681 1993 752 2046 ita
798 1992 867 2046 ad
896 1993 1063 2047 Deum
1094 1994 1406 2063 pervenire,
1437 2002 1496 2048 ut
1524 1995 1591 2049 ab
1622 1994 1815 2050 animis
1848 1995 1960 2050 suis

375 2085 566 2139 tollant
591 2084 822 2140 studium
852 2085 1097 2155 placendi
1126 2085 1261 2152 Deo,
1291 2094 1347 2141 et
1373 2086 1552 2141 dicant
1579 2105 1592 2140 :
1623 2087 1739 2142 Non
1762 2074 1814 2143 ei
1838 2087 1958 2158 pla-

372 2178 612 2233 cebimus
636 2180 703 2233 de
725 2188 909 2233 nostro
938 2178 1134 2243 studio,
1160 2178 1286 2247 quid
1308 2179 1618 2235 studemus?
1640 2196 1745 2235 non
1768 2181 1816 2235 ei
1845 2180 1962 2250 pla-

372 2270 614 2324 cebimus
642 2268 711 2324 de
738 2275 923 2323 nostro
944 2285 1123 2335 cursu,
1155 2269 1282 2340 quid
1310 2272 1610 2326 currimus?
1639 2288 1745 2326 non
1773 2272 1823 2326 ei
1847 2271 1962 2341 pla-

372 2360 609 2414 ccbimus
638 2361 704 2414 de
752 2369 935 2415 neStra
963 2361 1259 2425 voluntate,
1291 2362 1417 2430 quid
1451 2362 1731 2418 volumus?
1759 2379 1868 2417 non
1910 2362 1961 2417 ei

372 2451 702 2519 placebimus
722 2451 788 2506 de
819 2461 1000 2506 nostra
1031 2452 1329 2520 vigilantia,
1359 2454 1488 2523 quid
1515 2455 1829 2523 vigilamus?
1852 2472 1963 2511 non

373 2543 422 2597 ei
452 2544 777 2613 placebimus
820 2543 888 2599 de
937 2554 1118 2599 nostra
1148 2547 1411 2610 oratione,
1444 2547 1572 2617 quid
1619 2552 1875 2604 oramus?
1915 2552 1964 2607 si

373 2634 731 2705 praedestinati
758 2650 940 2689 sumus
967 2635 1037 2690 ad
1082 2636 1267 2703 vitam,
1315 2638 1535 2707 reprobi
1578 2656 1685 2694 non
1735 2641 1956 2697 erimus.

376 2722 491 2780 Hoc
532 2725 819 2780 excludens
870 2725 1056 2781 Petrus
1101 2729 1378 2797 apostolus
1424 2730 1621 2784 clamat
1665 2748 1676 2782 :
1721 2730 1960 2801 Vigilate,

374 2816 494 2885 quia
517 2816 840 2870 adversarius
868 2826 1031 2871 vester
1058 2820 1189 2872 sicut
1212 2819 1289 2872 leo
1305 2820 1510 2891 rugiens
1539 2821 1719 2874 circuit
1742 2822 1965 2890 aliquem

376 2914 598 2959 vestrum
623 2914 951 2960 transvorare
980 2909 1232 2978 festinans
1262 2908 1305 2976 (ι
1332 2907 1448 2961 Pet.
1476 2925 1527 2970 v,
1553 2909 1629 2979 8).
1648 2909 1711 2962 Et
1740 2918 1963 2979 aposto-

377 2996 458 3050 lus
486 2994 682 3049 Paulus
725 3014 736 3048 :
782 2994 963 3050 Nolite
1010 2998 1301 3052 consentire
1339 2997 1579 3066 operibus
1628 3000 1964 3071 infructuosis

376 3086 730 3152 tenebrarum;
764 3089 927 3159 magis
957 3097 1193 3143 autemet
1222 3090 1511 3162 redarguite
1536 3090 1748 3163 (Ep/tes.
1775 3109 1823 3156 v,
1849 3092 1961 3164 11).

2059 1897 2248 1951 salutis
2275 1898 2522 1952 humana:
2548 1898 2867 1954 sacriﬁcium
2888 1909 2942 1955 et
2962 1903 3251 1957 conlessio.
3270 1902 3375 1958 Sed
3396 1913 3448 1958 et
3466 1905 3628 1960 volun-

2058 1989 2196 2044 tarie
2224 1989 2591 2046 sacriﬁcamus
2618 1990 2749 2057 Deo,
2773 2000 2828 2046 et
2850 1993 3154 2049 voluntarie
3181 1994 3518 2051 conﬁtemur.
3547 1996 3628 2051 Sa-

2059 2079 2348 2146 criﬁcium,
2377 2095 2484 2150 quo
2508 2083 2770 2150 sanguine
2798 2083 2999 2139 Christi
3030 2086 3367 2151 redimimur,
3390 2096 3447 2143 et
3473 2088 3636 2143 lateris

2061 2169 2178 2240 ejus
2207 2171 2348 2225 unda
2379 2171 2773 2241 perfundimur;
2802 2174 3072 2229 confessio
3095 2190 3246 2238 vero,
3271 2191 3377 2246 qua
3399 2175 3636 2232 conﬁten-

2061 2272 2144 2318 tes
2171 2279 2432 2330 errorem,
2473 2264 2667 2318 iterum
2714 2280 2987 2320 meremur
3028 2268 3242 2322 veniam
3290 2275 3637 2338 peccatorum.

2062 2354 2205 2426 Ergo
2234 2357 2366 2411 duas
2396 2358 2527 2411 istas
2555 2358 2762 2426 species
2785 2400 2801 2427 ,
2827 2371 2963 2426 quas
2998 2360 3142 2413 solas
3176 2360 3379 2416 scimus
3421 2361 3636 2414 humano

2062 2450 2247 2517 generi
2275 2463 2434 2518 posse
2482 2463 2819 2513 succurrere,
2848 2464 2984 2518 quas
3029 2451 3159 2505 dicit
3186 2450 3636 2518 sanetusSpiruus

2067 2539 2367 2593 voluntarie
2398 2535 2543 2603 ﬁeri;
2569 2538 2843 2591 videamus
2878 2547 3089 2603 utrum,
3122 2547 3181 2593 ut
3220 2554 3321 2593 vos
3348 2538 3544 2605 dicitis,
3580 2538 3637 2593 ab

2064 2632 2281 2687 homine
2317 2631 2602 2699 exigantur
2632 2630 2819 2693 invito,
2845 2645 2913 2684 an
2955 2645 2986 2684 a
3012 2630 3321 2685 voluntario
3356 2628 3640 2697 ﬁagitentur

2065 2723 2343 2792 obsequio.
2378 2722 2434 2777 Si
2456 2724 2524 2778 ab
2550 2722 2720 2776 invito
2741 2731 2795 2777 et
2818 2737 2848 2775 a
2879 2723 3114 2789 nolente,
3145 2722 3341 2777 damus
3360 2722 3509 2776 vobis
3533 2735 3631 2774 ma-

2067 2832 2186 2881 nus,
2214 2815 2440 2881 vicistis;
2462 2815 2507 2869 si
2536 2831 2565 2868 a
2595 2815 2967 2870 consentiente
2993 2822 3050 2869 et
3070 2831 3099 2868 a
3123 2814 3467 2871 desiderante
3495 2822 3634 2881 atque

2064 2906 2300 2970 volente,
2348 2922 2643 2962 consensus
2689 2906 2935 2961 veritatis
2976 2906 3125 2961 dedit
3170 2907 3329 2961 nobis
3379 2905 3634 2960 victoriam

2064 3016 2163 3071 per
2191 3001 2472 3055 Dominum
2519 3009 2760 3055 nostrum
2788 2998 2969 3054 Iesum
3015 2999 3314 3054 Christum.
3344 2997 3634 3054 Voluntaria

2066 3096 2211 3150 enim
2256 3091 2617 3150 sacriﬁcamus
2666 3094 2807 3160 Deo,
2853 3101 2909 3148 et
2937 3091 3259 3148 conﬁtemur
3290 3091 3487 3148 nomini
3515 3089 3632 3159 ejus,

377 3179 570 3244 Nolite,
604 3179 792 3247 inquit,
825 3180 1150 3235 consentire.
1184 3180 1347 3236 Vides
1366 3197 1687 3237 consensum
1719 3193 1965 3238 nostrum
1993 3179 2037 3239 C
2068 3188 2324 3257 quoniam
2348 3188 2524 3241 bonus
2554 3194 2656 3242 est.

377 3284 537 3340 quam
568 3279 723 3324 caute
745 3269 1034 3324 informat?
1064 3270 1175 3325 Scit
1215 3274 1355 3325 enim
1385 3289 1483 3343 per
1511 3289 1830 3329 consensum
1861 3292 1962 3330 no-

376 3369 998 3430 strumunumquemque
1044 3362 1239 3432 decipi,
1284 3380 1717 3435 unumquemque
1745 3367 1960 3421 salvari.

372 3451 707 3507 Consensum
738 3463 916 3508 autem
947 3455 1088 3518 dico,
1122 3455 1173 3508 in
1203 3471 1309 3524 quo
1337 3458 1703 3512 consentimus
1730 3458 1958 3521 medico,

369 3544 471 3612 qui
494 3559 592 3598 nos
612 3546 778 3613 gratis
807 3562 997 3601 curare
1025 3548 1213 3601 volens
1240 3548 1438 3602 clamat
1457 3548 1523 3601 ad
1556 3566 1653 3604 nos
1673 3552 1913 3618 quotidie
1942 3569 1955 3603 :

385 3634 565 3689 Venite
591 3636 658 3689 ad
684 3654 792 3702 me,
823 3656 999 3692 omnes
1022 3640 1108 3710 qui
1137 3640 1383 3696 laboratis
1412 3649 1462 3694 et
1487 3644 1689 3696 onerati
1717 3644 1867 3706 estis,
1910 3654 1961 3697 et

362 3743 468 3798 ego
497 3742 581 3780 vos
604 3727 918 3797 requiescere
947 3730 1141 3799 faciam
1160 3728 1374 3800 (Matth.
1410 3747 1481 3794 χι,
1512 3730 1624 3797 28).
1652 3731 1778 3785 Ideo
1807 3733 1961 3788 audis

363 3826 683 3881 vocantem,
728 3826 788 3873 ut
835 3827 888 3873 te
941 3821 1201 3875 exhibeas
1228 3821 1664 3890 respondentem.
1714 3821 1813 3877 llic
1866 3825 1957 3892 qui

358 3909 574 3962 -clamat
602 3917 660 3961 ut
688 3925 873 3964 omnes
914 3911 981 3965 ad
1027 3927 1149 3965 eum
1178 3914 1414 3979 veniant,
1448 3914 1714 3981 ignoravit
1760 3915 1960 3971 doctri-

359 4015 498 4052 .nam
528 4009 781 4054 vestram.
802 4000 932 4054 Nam
963 4018 1067 4057 non
1099 4002 1532 4059 diccrctzVenite
1551 4006 1620 4058 ad
1645 4024 1722 4059 me
1748 4024 1957 4074 omnes;

355 4089 469 4143 sed
497 4088 700 4146 diceret
730 4108 742 4142 :
770 4090 999 4145 Veniant
1028 4092 1095 4147 ad
1125 4109 1210 4148 me
1240 4094 1331 4162 qui
1356 4103 1481 4148 sunt
1502 4096 1863 4164 pnedestinati
1892 4098 1956 4152 ad

356 4181 622 4243 salutem,
654 4190 712 4235 ut
749 4184 1052 4250 salvcntur,
1086 4185 1342 4239 recedant
1368 4201 1398 4240 a
1430 4202 1515 4240 me
1543 4187 1636 4254 qui
1663 4198 1787 4242 sunt
1816 4204 1956 4259 pra:-

360 4273 625 4327 (lestiuati
653 4273 718 4328 ad
746 4285 992 4338 mortem,
1014 4287 1072 4330 ut
1118 4278 1425 4347 puniantur.
1457 4277 1563 4334 Sed
1594 4296 1699 4334 non
1742 4280 1811 4334 ita
1852 4288 1955 4346 est,

362 4374 435 4420 .ut
464 4367 563 4435 ipsi
588 4366 811 4423 docetis.
840 4367 1011 4423 llomo
1034 4370 1196 4436 enim,
1220 4370 1263 4424 si
1286 4386 1604 4427 consensum
1632 4388 1787 4426 suum
1813 4388 1842 4425 a
1868 4388 1957 4427 v0-

362 4459 590 4512 calione
640 4458 736 4512 Dei
765 4460 1109 4523 subtraxerit,
1154 4462 1313 4529 perit.
1362 4460 1597 4516 Medicus
1636 4463 1724 4518 hic
1773 4472 1957 4517 noster

2152 3277 2269 3332 tlll.
2306 3289 2327 3316 ο
2362 3276 2484 3331 Νοη
2531 3280 2605 3331 ita
2650 3286 2745 3341 est,
2779 3276 3027 3346 inquiunt
3059 3295 3071 3326 :
3123 3274 3280 3331 Vana
3307 3285 3383 3330 est
3411 3284 3460 3329 et
3484 3275 3635 3344 infru-

2063 3382 2239 3425 ctuosa
2263 3372 2497 3425 voluntas
2526 3370 2766 3435 hominis,
2798 3386 2985 3423 vanum
3011 3377 3090 3423 est
3118 3369 3363 3423 humanae
3384 3364 3635 3422 voluntatis

2062 3463 2352 3516 arbitrium.
2386 3459 2412 3499 ἀ
2443 3460 2499 3516 Si
2533 3462 2598 3515 ad
2621 3461 3079 3532 comparationem
3108 3459 3305 3514 divina:
3332 3459 3511 3527 gratia:
3545 3455 3636 3508 hoc

2060 3553 2327 3618 diceretis,
2358 3569 2521 3608 unum
2550 3553 2868 3607 diceremus.
2900 3551 3017 3605 Non
3065 3551 3209 3605 enim
3237 3551 3524 3604 humanam
3552 3560 3634 3599 vo-

2062 3642 2320 3697 luntatem
2367 3643 2559 3698 divinae
2609 3642 2795 3711 gratim
2838 3640 3242 3710 prmpouimus:
3280 3639 3460 3694 omnia
3501 3636 3630 3689 enim

2060 3748 2180 3802 qua:
2228 3733 2367 3787 bona
2415 3741 2560 3798 sunt,
2607 3748 2716 3787 non
2759 3732 2964 3786 homini
3009 3730 3364 3801 superbienti,
3404 3727 3494 3783 sed
3536 3726 3633 3779 Deo

2062 3825 2382 3881 ascribimus
2410 3824 2708 3878 miserenti.
2738 3822 2853 3878 Non
2886 3831 3062 3877 tamen
3095 3823 3210 3876 lucc
3248 3822 3506 3883 dicentes,
3546 3818 3634 3870 hoc

2065 3932 2353 3987 possumus
2373 3916 2550 3971 dicere
2570 3914 2713 3983 quod
2738 3929 2832 3969 vos
2856 3922 2913 3968 et
2931 3913 3106 3968 dicitis
3127 3921 3181 3966 et
3208 3912 3442 3966 scribitis
3465 3926 3477 3962 :
3504 3907 3632 3961 Vana

2059 4007 2306 4062 voluntas
2333 4013 2415 4061 est
2440 4005 2690 4059 hominis.
2718 4004 2825 4059 Nos
2869 4012 3048 4073 autem
3090 4002 3322 4057 dicimus
3354 4020 3367 4055 :
3396 4000 3632 4054 Voluntas

2059 4097 2293 4152 hominis
2321 4114 2427 4151 non
2453 4104 2538 4151 est
2564 4110 2732 4160 vana;
2755 4095 2879 4163 quia
2906 4095 2950 4148 si
2972 4108 3109 4147 vana
3131 4100 3234 4158 est,
3259 4108 3361 4148 nec
3375 4088 3629 4162 praemium

2059 4197 2422 4258 consequetur
2445 4188 2626 4255 digna,
2658 4201 2759 4241 nec
2796 4174 3117 4256 supplicium
3148 4193 3388 4238 meretur
3416 4180 3627 4246 indigna.

2059 4278 2166 4334 Sed
2195 4294 2263 4333 ne
2291 4286 2404 4332 tam
2447 4277 2668 4332 hebetes
2696 4277 2829 4341 sitis,
2864 4284 2922 4329 ut
2951 4290 3019 4329 ne
3050 4274 3389 4349 negligenda
3418 4285 3514 4325 nec
3554 4283 3633 4321 auo

2058 4371 2252 4426 diendo
2284 4371 2384 4425 ista
2410 4384 2535 4438 qua:
2565 4370 2854 4423 asserimus
2897 4368 3263 4436 cognoscatis,
3294 4367 3367 4421 ite
3394 4379 3511 4419 cum
3547 4375 3630 4415 ea-

2062 4460 2397 4517 tecbumenis
2423 4468 2478 4514 et
2505 4475 2623 4514 cum
2655 4444 3042 4527 pmnitentibus
3072 4457 3283 4521 vestris,
3313 4456 3380 4511 ad
3409 4453 3629 4510 omnium

360 4549 538 4617 .gratis
572 4550 785 4619 quidem
820 4557 990 4616 curat,
1022 4550 1118 4604 sed
1151 4552 1378 4621 imperat
1405 4553 1821 4607 observantiam.
1854 4554 1956 4621 Qui
1988 4538 2040 4597 Ι)
2065 4550 2425 4605 Ecclesiarum
2466 4547 2746 4618 pontiﬁces
2773 4566 2785 4600 :
2819 4556 2876 4602 et
2916 4548 2961 4602 si
2989 4548 3230 4602 videritis
3274 4561 3372 4601 eos
3413 4540 3628 4600 nolenti-

355 4654 478 4693 :non
526 4638 684 4693 fuerit
731 4641 988 4705 salvatus,
1020 4649 1112 4693 aut
1141 4646 1425 4696 vocantem
1476 4643 1831 4713 contempsit,
1862 4652 1955 4699 aut

355 4730 685 4785 Linvitantem
732 4732 925 4794 renuit,
956 4737 1047 4785 aut
1075 4732 1143 4786 ab
1172 4732 1255 4787 his
1293 4747 1412 4802 qua:
1440 4733 1489 4787 ei
1516 4734 1783 4789 abstinere
1830 4743 1956 4790 sunt

364 4822 622 4875 mandata
650 4823 903 4890 neglexit.
937 4822 1051 4878 lloc
1100 4838 1200 4877 nos
1227 4822 1453 4878 dicimus
1480 4823 1547 4878 de
1590 4825 1800 4880 medico
1829 4842 1955 4897 per-

359 4913 533 4967 fecto.
565 4912 674 4967 Vos
698 4914 822 4982 quid
849 4915 1061 4968 dicitis?
1087 4914 1259 4969 Dicite
1283 4914 1431 4983 quod
1456 4915 1615 4970 vultis
1647 4933 1663 4971 :
1695 4916 1739 4971 si
1769 4918 1953 4972 lauda-

364 5005 437 5058 tis
469 5001 754 5065 medicum,
783 5012 838 5058 et
866 5004 1093 5073 culpatis
1121 5014 1410 5074 aegrotum,
1439 5006 1720 5062 ostenditis
1760 5008 1953 5063 medici

366 5094 781 5165 diligentiammt
812 5095 1187 5162 negligentiam
1215 5097 1544 5164 :egrotantis.

444 5184 549 5239 ‘v'll.
582 5183 696 5237 Non
728 5184 830 5238 hoc
858 5185 1064 5251 dicitis,
1097 5186 1189 5240 sed
1220 5186 1324 5240 hoc
1370 5186 1545 5242 dicitis
1570 5187 1714 5255 quod
1745 5188 1954 5243 habetis

362 5277 418 5331 in
445 5276 666 5329 lallacia:
700 5282 890 5329 vestra:
918 5275 1100 5330 libello
1130 5278 1515 5347 conscriptum.
1549 5288 1573 5315 °
1607 5279 1797 5333 Omnes
1826 5296 1952 5349 quos

366 5366 456 5421 scit
478 5364 663 5435 dignos
691 5365 857 5418 salute
886 5365 1250 5436 redemptionis
1272 5383 1382 5421 sua:
1408 5366 1569 5432 Deus,
1595 5368 1687 5422 hos
1716 5369 1784 5420 ad
1808 5368 1953 5422 salu-

362 5466 464 5511 tem
491 5455 819 5525 prwdeslina:
836 5458 905 5519 it;
931 5455 1021 5509 hos
1061 5465 1264 5509 tantum
1293 5456 1478 5520 salrat,
1505 5474 1627 5525 quos
1646 5474 1701 5510 se
1723 5458 1791 5511 ad
1809 5460 1951 5513 salu-

356 5555 462 5599 tem
502 5547 896 5615 praedestiuasse
924 5548 1208 5618 cognoscit.
1255 5545 1413 5617 Salus
1436 5549 1573 5600 enim
1613 5546 1711 5601 Dei
1739 5567 1840 5603 non
1871 5567 1952 5605 ro-

433 5667 457 5694 ·
492 5658 584 5728 llis.
608 5658 871 5726 Augiense
891 5657 1006 5712 :lX.
1029 5657 1326 5728 ῐίςειιεῙιςι.
1348 5658 1539 5711 (hunc:
1564 5676 1691 5728 quos
1720 5665 1834 5726 erit,
1856 5673 1958 5717 etc.

431 5728 457 5766 ιι
496 5727 592 5782 Ms.
626 5725 765 5782 iJém
800 5747 812 5781 :
845 5728 1153 5783 Cunnum.
1183 5725 1312 5783 Harc
1341 5734 1537 5788 vestra,
1571 5725 1678 5783 etc.

2057 4642 2158 4697 bus
2185 4641 2410 4709 gratiam
2439 4639 2775 4709 baptismatis
2805 4638 3038 4702 tradere,
3070 4647 3163 4692 aut
3192 4638 3497 4693 nolentibus
3523 4646 3626 4702 poe—

2058 4734 2296 4788 nitentia:
2323 4733 2598 4801 imponere
2627 4747 2873 4795 manum,
2917 4731 3100 4785 sciatis
3140 4746 3237 4785 vos
3282 4745 3403 4785 esse
3458 4726 3626 4781 catho-

2055 4826 2208 4881 licos.
2234 4825 2328 4879 Sin
2354 4840 2483 4878 vero
2509 4839 2609 4878 nec
2630 4823 2964 4893 baptismatis
2991 4823 3215 4890 gratiam
3239 4822 3353 4875 ausi
3383 4825 3504 4875 sunt
3528 4824 3628 4869 tra-

2056 4915 2183 4969 dere
2211 4915 2313 4968 nisi
2340 4929 2523 4968 veram
2558 4920 2615 4967 et
2654 4914 2921 4980 integram
2950 4912 3352 4982 exploraverim
3391 4910 3627 4963 volunta-

2058 5016 2188 5070 tem,
2223 5022 2321 5061 nec
2349 5020 2565 5060 manum
2609 5006 2888 5074 imponere
2916 5004 3194 5074 pmnitenti
3228 5004 3329 5059 nisi
3358 4998 3627 5059 confessio-

2061 5111 2182 5151 nem
2233 5095 2584 5149 voluntariam
2626 5093 2950 5159 ostendenti,
2996 5093 3125 5162 quid
3176 5094 3398 5147 insania:
3450 5096 3620 5145 vestra

2060 5188 2294 5243 vanitate
2306 5186 2526 5245 .attracti
2548 5185 2723 5239 dicitis
2743 5186 2846 5239 hoc
2874 5185 2994 5237 loco
3020 5202 3032 5235 :
3058 5182 3339 5238 Antecedit
3361 5182 3522 5251 gratia
3542 5191 3626 5231 vo-

2060 5279 2356 5332 luntatem?
2385 5274 2557 5345 Major
2581 5274 2797 5344 quidem
2824 5282 2905 5328 est
2933 5274 3104 5341 gratia
3132 5273 3227 5328 Dei
3264 5288 3421 5344 quam
3450 5268 3624 5324 volun-

2059 5379 2140 5425 tas
2180 5369 2443 5432 hominis;
2466 5365 2561 5421 sed
2588 5366 2737 5435 prior
2782 5373 2865 5419 est
2892 5366 3139 5420 voluntas
3178 5366 3283 5419 hoc
3328 5364 3443 5418 loco
3477 5369 3625 5429 quam

2056 5462 2246 5530 gratia.
2266 5459 2360 5512 llla
2376 5459 2577 5513 'mcrito
2598 5450 2869 5525 prarcedit,
2888 5458 3000 5511 btec
3021 5458 3226 5512 ordine.
3251 5455 3375 5511 Scio
3394 5454 3492 5507 hoc
3514 5451 3622 5503 loco

2055 5565 2188 5620 quas
2209 5548 2433 5602 nebulas
2454 5547 2672 5603 soleatis
2691 5548 3057 5615 ignorantibus
3083 5548 3336 5609 excitare,
3354 5553 3407 5599 et
3432 5542 3618 5597 calum-

2146 5673 2168 5701 ε
2209 5659 2305 5714 Ms.
2349 5659 2486 5713 idem
2514 5676 2526 5711 :
2562 5657 2626 5712 Χ.
2660 5658 2955 5714 Ηριεκετιοι.
2990 5658 3113 5713 Non
3134 5662 3207 5715 ita
3234 5668 3327 5723 est,
3358 5667 3454 5712 etc.

2150 5731 2173 5768 δ
2212 5730 2311 5785 Ms.
2342 5729 2482 5784 idem
2509 5748 2521 5781 τ
2549 5728 2853 5784 Cunnum.
2889 5730 2949 5783 Si
2976 5730 3044 5782 ad
3065 5728 3618 5802 comparationemﬁlc-
