3884 6184
252 308 354 360 MS

696 293 1283 351 PREDESTINATUS
1321 294 1472 350 Sl\'E
1511 291 2207 350 PREDESTINATORUM
2250 290 2594 361 ΙΙιΕῘῖΕΞίΒ,
2635 292 2788 349 ETC.
2833 292 2962 348 LIB.
3001 293 3087 348 Ill.

3414 297 3517 352 Oili

247 431 397 472 ntoso
433 410 740 469 calliditatis
778 411 991 477 ingenio
1040 411 1091 463 in
1131 412 1231 466 hac
1267 426 1400 466 voce
1440 411 1663 481 garrire.
1696 409 1834 465 Ecce
1864 418 1907 471 Α
1938 427 2038 466 nos
2077 427 2105 465 a
2136 412 2462 467 cruciatibus
2488 421 2703 468 :eternte
2743 416 2932 471 mortis
2960 415 3214 473 auferret.
3254 416 3521 474 Damnatis

248 506 428 563 dicunt
461 521 474 557 :
506 501 660 557 Prior
687 509 769 555 est
810 502 1063 556 voluntas
1109 518 1267 572 quam
1309 504 1500 570 gratia.
1531 502 1638 558 Nos
1669 504 1719 557 in
1751 505 1833 558 his

245 596 451 652 duobus
482 592 613 648 locis
641 591 865 645 dicimus
893 592 1127 661 priorem
1172 593 1500 649 voluntatem
1524 609 1685 663 quam
1709 608 1828 663 gra-

249 688 392 750 tiam,
426 686 479 739 in
512 684 848 753 baptismatis
878 686 1293 750 consecutione,
1323 694 1379 741 et
1418 674 1476 741 'in
1507 688 1836 757 pmiiitentnn

246 778 629 841 conversione;
661 785 722 829 ut
750 777 855 829 non
884 784 1067 831 vestro
1093 779 1323 833 consilio
1366 780 1514 834 ducti
1563 781 1831 846 homines,

246 871 501 939 incipiant
538 872 808 927 declinare
836 888 931 927 cor
950 889 1106 928 suum
1137 874 1203 927 ad
1244 875 1581 930 excusandas
1608 892 1836 931 excusa-

246 961 418 1015 tiones
451 962 504 1015 in
546 964 781 1030 peccatis
811 964 828 1034 (
854 962 946 1017 Ps.
978 979 1099 1029 οη,
1131 964 1230 1033 4);
1262 965 1387 1018 dum
1418 982 1557 1021 unus
1584 967 1711 1021 dicit
1738 985 1750 1019 :
1777 967 1832 1021 Si

245 1055 354 1108 vult
380 1055 541 1112 Deus.
583 1057 763 1110 veniet
791 1056 856 1110 ad
886 1072 972 1111 me
1010 1057 1342 1126 indulgentia
1373 1067 1750 1129 peccatorum;
1784 1069 1840 1114 et

246 1144 289 1199 si
310 1143 541 1198 voluerit
569 1160 656 1199 me
678 1146 731 1199 in
763 1162 987 1200 numero
1006 1148 1183 1215 gregis
1212 1149 1295 1203 sui
1324 1148 1522 1204 addere
1569 1150 1832 1216 Christus,

250 1233 352 1288 ﬁet.
405 1233 545 1291 Huic
591 1235 819 1291 dicimus
849 1255 861 1289 :
911 1238 1020 1291 Nisi
1050 1239 1284 1293 volueris
1312 1255 1378 1294 ex
1411 1249 1524 1295 toto
1551 1242 1715 1297 corde
1744 1250 1835 1296 tuo

247 1325 481 1390 credere,
515 1341 626 1379 non
656 1327 723 1379 ad
757 1336 809 1381 te
837 1329 1018 1382 veniet
1067 1328 1393 1397 indulgentia
1415 1370 1429 1393 ,
1460 1346 1636 1400 neque
1663 1333 1834 1399 gratia

248 1416 373 1478 hinc,
407 1424 467 1471 ut
506 1417 686 1484 gregis
712 1417 878 1471 divini
906 1419 1177 1488 particeps
1206 1420 1321 1473 tias.
1350 1420 1480 1475 ltem
1511 1421 1562 1475 in
1594 1423 1834 1491 peccatis

247 1506 679 1575 pennanentihus
707 1507 751 1560 si
781 1507 992 1562 dicatur
1015 1526 1027 1561 :
1052 1507 1429 1564 Paenitentiam
1455 1510 1830 1578 agite(.ilattlz.

246 1585 403 1661 m,‘2;
435 1611 507 1659 tv,
536 1597 663 1668 17),
697 1607 722 1635 α
753 1600 1152 1668 appropinquat
1202 1615 1422 1669 regnum
1452 1601 1581 1669 Dei;
1612 1602 1664 1656 hi
1711 1618 1833 1657 cum

1932 503 2001 557 de
2032 502 2172 570 ligno
2193 503 2366 557 crucis
2397 503 2597 572 lignum
2623 504 3093 575 concupiscentiae,
3124 508 3310 575 pandit
3332 508 3522 562 imma-

1936 592 2143 646 culatas
2170 607 2362 647 manus
2395 608 2493 664 pro
2520 593 2768 652 manibus
2802 595 3215 651 incontinenter
3255 602 3523 665 extensis;

1936 698 2036 749 pro
2083 686 2534 753 concupiscentia:
2577 694 2737 754 gustu
2787 701 2911 741 esca
2963 687 3101 741 fellis
3146 680 3425 758 accipitur,
3471 698 3524 746 et

1938 790 2085 829 mors
2113 776 2232 829 vita:
2264 792 2359 844 pro
2390 777 2497 830 vita
2516 779 2715 831 mortis
2737 777 2980 833 infertur.
3008 780 3171 835 Nobis
3202 783 3343 834 enim
3378 782 3523 848 vicit,

1937 880 2045 919 non
2076 866 2196 919 sibi.
2229 865 2456 936 Semper
2484 868 2625 921 enim
2661 869 2774 937 ipse
2806 870 3275 924 victoriosissimus
3297 871 3413 935 fuit,
3445 880 3522 926 est

1936 966 1992 1012 et
2019 958 2225 1011 futurus
2247 967 2350 1012 est.
2392 957 2496 1012 Sed
2519 960 2643 1027 quia
2669 976 2767 1013 nos
2794 976 2981 1014 omnes
3010 961 3061 1014 in
3089 961 3256 1013 Adam
3287 962 3523 1031 perdidi-

1936 1063 2056 1102 mus
2076 1049 2238 1103 vitam
2261 1057 2317 1102 et
2345 1048 2668 1118 paradisum,
2695 1064 2791 1117 per
2812 1047 3083 1104 Christum
3113 1059 3167 1104 et
3196 1052 3521 1119 paradisum.

1936 1149 1992 1194 et
2019 1140 2183 1194 vitam
2237 1147 2516 1204 arternam,
2574 1148 2629 1193 et
2679 1140 3021 1208 adoptionem
3073 1140 3299 1195 filiorum
3331 1140 3523 1204 Dei,et

1935 1244 2160 1298 regnum
2204 1211 2586 1300 consequimur
2634 1233 3040 1302 sempiternum.
3092 1232 3206 1286 lloc
3254 1232 3374 1286 loco
3403 1248 3525 1287 eum

1941 1323 2032 1391 qui
2060 1323 2190 1377 dicit
2222 1340 2236 1376 :
2269 1322 2550 1378 Antecedit
2581 1300 2834 1378 voluntas
2875 1325 3107 1379 hominis
3153 1325 3379 1393 gratiam
3408 1322 3525 1387 Dei,

1940 1429 2290 1468 exsecramur
2340 1415 2706 1469 vehementer.
2741 1414 2829 1469 Sic
2860 1423 3037 1469 tamen
3078 1431 3436 1480 exsecramur,
3470 1424 3525 1470 ut

1940 1504 2181 1559 dicamus
2204 1505 2316 1572 jam
2363 1520 2431 1558 ex
2461 1513 2701 1575 tempore
2730 1506 2996 1575 passionis
3035 1514 3089 1560 et
3119 1505 3525 1560 resurrectionis

1941 1598 2071 1650 etin
2121 1598 2288 1652 cmlos
2335 1598 2683 1659 ascensionis,
2714 1614 2820 1667 quo
2858 1598 2970 1667 jam
3012 1600 3181 1666 gratia
3229 1599 3282 1652 in
3326 1595 3525 1651 mundo
3571 1622 3580 1627 -

246 1688 512 1741 dixerint:
544 1686 604 1741 Si
632 1689 774 1743 Deus
802 1688 1053 1758 dignatur
1081 1689 1212 1745 dare
1238 1692 1451 1745 veniam
1491 1693 1747 1763 peccatis,
1780 1694 1833 1747 in
1870 1708 1912 1765 Β
1939 1687 2129 1742 dilTusa
2158 1696 2261 1753 est,
2315 1696 2371 1743 et
2410 1690 2461 1743 in
2500 1691 2707 1757 gremio
2748 1690 2999 1745 Ecclesiae
3025 1691 3139 1746 hmc
3177 1692 3318 1745 dona
3347 1691 3525 1745 omnia

250 1786 512 1847 potestate
551 1778 670 1847 ejus
713 1787 826 1845 est;
874 1780 958 1834 his
997 1781 1222 1836 dicimus
1255 1799 1267 1834 :
1302 1781 1414 1836 Nisi
1461 1783 1740 1837 volueritis
1767 1797 1836 1837 ex

253 1878 363 1925 toto
389 1871 553 1925 corde
587 1879 763 1929 vestro
786 1872 1157 1941 paenitentiam
1179 1888 1361 1941 agere,
1400 1874 1468 1930 ad
1491 1890 1587 1931 vos
1625 1874 1721 1929 Dei
1751 1875 1836 1929 in-

250 1962 515 2029 dulgentia
544 1977 820 2031 nunquam
846 1963 1095 2031 attinget.
1110 1963 1167 2019 1n
1183 1964 1267 2019 his
1289 1978 1417 2033 ergo
1432 1965 1637 2020 duabus
1663 1965 1840 2020 causis

247 2048 464 2108 dicimus
491 2071 509 2131 τη
538 2053 827 2108 Antecedit
864 2056 1116 2111 voluntas
1162 2057 1397 2112 hominis
1444 2059 1671 2127 gratiam
1719 2059 1837 2115 Dei.

248 2143 389 2200 lianc
414 2145 590 2214 ipsam
621 2161 806 2200 rursus
825 2146 1158 2205 voluntatem
1191 2148 1427 2204 hominis
1447 2150 1672 2205 dicimus
1692 2166 1832 2220 quo-

248 2234 399 2288 modo
421 2234 695 2288 antecedit
711 2236 882 2302 gratia
900 2235 993 2290 Dei
1011 2253 1024 2289 :
1042 2237 1165 2306 quia
1182 2253 1287 2292 non
1304 2238 1526 2293 haberet
1541 2239 1642 2295 hoc
1662 2241 1832 2309 ipsum

250 2327 396 2389 velle,
416 2328 515 2381 nisi
534 2324 859 2396 Unigenitus
878 2328 1050 2389 nobis.
1069 2329 1137 2384 de
1164 2329 1303 2384 ctelo
1328 2332 1569 2393 veniens,
1587 2333 1834 2387 omnibus

246 2417 500 2471 ollicinam
531 2432 647 2471 sure
692 2418 878 2485 gratia:
924 2428 1234 2474 reserasset.
1270 2419 1500 2475 Veniens
1530 2424 1671 2475 enim
1726 2437 1830 2492 pro

249 2510 487 2563 omnibus
515 2509 830 2563 hominibus
855 2524 1044 2579 passus
1067 2520 1169 2565 est.
1194 2510 1333 2580 Ergo
1354 2512 1459 2567 hoc
1478 2513 1668 2567 ordine
1689 2529 1828 2583 pra:-

247 2599 380 2654 cedit
400 2602 578 2670 gratia
626 2600 723 2655 Dei
763 2602 1094 2656 voluntatem
1126 2604 1377 2658 hominis.
1418 2605 1572 2671 Quod
1601 2605 1722 2660 ideo
1751 2606 1830 2660 di-

247 2692 427 2758 cimus,
475 2701 533 2746 ut
586 2693 796 2747 duobus
847 2694 1113 2762 capitibus
1164 2711 1263 2750 vos
1311 2697 1676 2752 excludamus.
1728 2698 1831 2764 Qui

248 2785 381 2838 enim
410 2786 595 2840 dicitis
628 2803 641 2839 :
674 2785 955 2840 Antecedit
981 2788 1153 2854 gratia
1195 2788 1544 2853 voluntatem,
1573 2791 1711 2845 bene
1739 2806 1827 2845 so-

249 2877 396 2941 natis,
428 2876 522 2930 sed
583 2876 720 2930 male
752 2877 1047 2945 percutitis.
1080 2877 1206 2931 Ideo
1234 2879 1378 2932 enim
1403 2879 1579 2933 dicitis
1613 2897 1626 2933 :
1659 2879 1829 2935 Ante-

249 2966 379 3019 cedit
412 2966 591 3034 gratia
636 2965 986 3030 voluntatem,
1023 2973 1079 3020 ut
1117 2968 1279 3022 homo
1319 2983 1418 3023 nec
1447 2969 1665 3038 incipiat
1692 2969 1829 3024 velle

249 3054 457 3121 bonum,
486 3054 593 3110 sed
621 3061 897 3125 c'xspectet
941 3065 998 3110 ut
1028 3060 1291 3123 trahatur,
1332 3070 1604 3129 exspectet
1636 3070 1694 3115 ut
1722 3078 1823 3117 no-

249 3146 352 3202 lens
381 3147 468 3202 fiat
495 3142 712 3213 bonus;
744 3156 800 3202 et
829 3163 946 3202 cum
975 3150 1044 3202 sit
1090 3151 1291 3216 malus,
1320 3150 1463 3204 dicat
1501 3170 1514 3204 :
1546 3151 1689 3206 Deus
1722 3154 1826 3210 hoc

251 3239 369 3303 vult,
415 3241 538 3308 quia
600 3241 772 3307 gratia
814 3240 929 3307 ejus
973 3240 1039 3294 ad
1078 3257 1165 3295 me
1217 3259 1323 3295 non
1355 3244 1577 3298 accedit.
1621 3244 1730 3299 Nos
1770 3247 1822 3299 in

254 3327 348 3381 isto
386 3329 504 3384 loco
532 3339 592 3384 et
621 3330 777 3383 vobis
806 3337 860 3383 et
908 3331 982 3384 illi
1030 3331 1122 3399 qui
1170 3332 1274 3386 hoc
1312 3331 1460 3395 dicit,
1494 3336 1826 3390 occurrimus

256 3415 481 3473 dicentes
524 3418 857 3472 :Antecedit
884 3420 1132 3473 voluntas
1178 3420 1409 3475 hominis
1437 3423 1661 3489 gratiam
1706 3422 1820 3479 Dei.

257 3505 362 3561 Non
401 3510 540 3562 enim
588 3507 726 3562 dixit
765 3507 1023 3564 Dominus
1056 3528 1068 3563 :
1100 3510 1388 3580 Accipietis
1426 3513 1593 3581 prius,
1648 3521 1703 3567 et
1747 3504 1849 3569 sic"

258 3600 441 3668 petite;
471 3601 757 3655 invenietis
788 3602 952 3670 prius,
984 3611 1038 3656 et
1059 3604 1135 3656 sic
1155 3604 1405 3669 Quaerite;
1437 3605 1709 3673 aperietur
1729 3621 1825 3660 vo-

258 3689 329 3743 bis
347 3692 507 3759 prius,
539 3700 596 3746 et
625 3692 704 3746 sic
730 3692 970 3761 pulsate;
1003 3693 1094 3747 sed
1135 3692 1271 3746 dixit
1303 3712 1316 3746 :
1344 3693 1509 3748 Petite
1545 3704 1594 3748 et
1620 3695 1827 3750 dabitur

259 3781 402 3846 vobis,
426 3785 642 3854 qitterite
668 3791 716 3836 et
744 3785 1029 3849 invenietis,
1063 3785 1263 3855 pulsate
1298 3795 1348 3839 et
1386 3788 1642 3857 aperietur
1661 3786 1819 3842 vobis.

260 3869 428 3928 Omnis
455 3878 589 3929 enim
632 3876 718 3946 qui
747 3877 872 3945 petit
920 3878 1109 3947 accipit
1153 3877 1366 3948 (Matth.
1400 3895 1488 3943 vtt,
1547 3864 1596 3944 Ἰ,
1628 3879 1705 3948 8).
1734 3878 1825 3933 Di-

258 3965 416 4020 cendo
443 3968 631 4029 omnis,
662 3966 967 4033 generalem
995 3982 1210 4022 causam
1250 3969 1498 4034 instituit,
1531 3979 1585 4024 et
1632 3971 1829 4040 praede-

259 4057 545 4112 stinationis
570 4072 684 4112 sua:
702 4058 1088 4126 specialitatem
1113 4060 1341 4113 exclusit
1366 4078 1378 4113 :
1412 4068 1465 4114 et
1488 4060 1719 4115 dicendo
1739 4064 1826 4133 qui

1857 3016 1904 3080 C

1938 1777 2130 1831 divina:
2156 1778 2342 1846 gratia:
2384 1779 2677 1846 collocata;
2709 1781 2801 1849 qui
2850 1797 2956 1835 non
2987 1782 3283 1836 cucurrerit
3321 1781 3388 1835 ad
3426 1782 3525 1836 ista

1938 1876 2088 1922 tanta
2117 1867 2259 1924 dona
2291 1868 2407 1934 Dei,
2451 1879 2506 1923 et
2541 1871 2674 1939 ipse,
2718 1887 2825 1924 non
2879 1871 3081 1925 vadens
3126 1872 3193 1925 ad
3235 1870 3525 1929 Ecclesiam

1940 1959 2057 2027 Dei,
2083 1969 2362 2031 exspectet
2382 1970 2440 2016 ut
2467 1962 2533 2017 ad
2563 1965 2736 2033 ipsum
2764 1965 2942 2018 veniat
2973 1963 3210 2020 Ecclesia
3241 1964 3357 2027 Dei,
3389 1966 3525 2021 dici-

1940 2069 2061 2108 mus
2090 2054 2232 2108 hunc
2261 2055 2527 2109 insanum.
2560 2054 2616 2109 ln
2659 2056 2763 2110 hoc
2792 2056 2910 2110 loco
2937 2056 3164 2111 dicimus
3190 2058 3273 2111 his
3312 2066 3367 2111 et
3407 2058 3524 2112 tali-

1938 2145 2041 2200 bus
2075 2163 2087 2198 :
2113 2142 2295 2199 Gratia
2324 2144 2440 2208 Dei,
2473 2145 2676 2215 absque
2708 2160 3059 2214 personarum
3088 2148 3424 2216 acceptione,
3468 2149 3520 2202 in

1939 2235 2144 2303 gremio
2184 2243 2263 2290 est
2293 2235 2555 2295 collocata
2586 2233 2866 2299 Ecclesiai;
2912 2237 2956 2291 si
2985 2237 3106 2305 quis
3148 2253 3264 2291 eam
3297 2239 3524 2295 voluerit

1938 2342 2201 2398 quierere,
2229 2328 2468 2393 invenit;
2499 2328 2544 2383 si
2571 2328 2690 2397 quis
2716 2329 2784 2384 ad
2826 2346 2945 2384 eam
2976 2331 3286 2400 pulsaverit,
3316 2334 3522 2402 aperie-

1943 2430 2030 2476 tur
2072 2422 2156 2488 ei;
2216 2420 2523 2475 nolentibus
2568 2430 2789 2488 autem,
2819 2430 2910 2476 aut
2954 2423 3133 2492 tepide
3180 2424 3521 2490 volentibus,

1943 2513 2117 2581 gratia
2190 2511 2370 2567 divina
2446 2527 2555 2566 non
2609 2512 2820 2579 datur;
2878 2514 3171 2567 secundum
3254 2515 3306 2568 id
3379 2515 3522 2585 quod

1939 2602 2214 2674 Philippus
2255 2603 2532 2673 apostolus
2599 2602 2729 2658 dicit
2788 2604 3013 2673 spadoni
3059 2622 3071 2657 :
3134 2605 3194 2660 Si
3239 2606 3404 2658 credis
3457 2621 3522 2660 ex

1939 2703 2048 2748 toto
2070 2694 2224 2748 corde
2246 2704 2353 2761 tuo,
2377 2696 2495 2749 licet
2521 2704 2575 2747 ut
2606 2694 2882 2765 baptizari:
2912 2695 3045 2766 (Act.
3078 2712 3188 2761 vni,
3220 2696 3331 2766 57).
3363 2696 3517 2752 Velle

1943 2784 2085 2838 enim
2136 2793 2383 2839 nostrum
2431 2800 2538 2839 non
2607 2785 2834 2839 exclusit
2880 2786 3049 2853 gratia
3094 2826 3111 2852 ,
3177 2786 3271 2840 sed
3325 2787 3517 2841 incita-

1942 2873 2055 2938 vit,
2109 2880 2164 2927 et
2212 2873 2568 2928 dormientem
2615 2869 2864 2942 quotidie
2914 2876 3116 2929 excitat
3161 2876 3515 2931 voluntatem.

1937 2961 2056 3017 Jam
2084 2978 2214 3032 ergo
2242 2965 2411 3032 gratia
2432 2966 2629 3035 posita,
2653 2964 2792 3045 sicut
2821 2965 3077 3035 scriptum
3100 2974 3202 3031 est,
3244 2967 3296 3021 in
3342 2967 3519 3023 medio

1937 3064 2091 3113 terra:
2140 3057 2380 3111 clamat:
2418 3057 2602 3113 Venite
2644 3057 2859 3128 (Matth.
2912 3074 2984 3123 χι,
3033 3056 3149 3127 ‘28),
3206 3059 3292 3114 hic
3340 3075 3518 3113 sermo

1930 3151 2023 3205 Dei
2055 3151 2310 3221 anticipat
2339 3152 2643 3206 venientem
2668 3168 2683 3215 ;
2709 3152 2897 3220 petite,
2944 3151 3031 3206 hic
3057 3166 3235 3205 sermo
3265 3151 3522 3220 anticipat
3609 3188 3612 3191 -

1931 3242 2259 3312 petiturum;
2319 3242 2561 3311 quaerite,
2614 3241 2700 3296 hic
2737 3256 2915 3296 sermo
2963 3242 3219 3310 anticipat
3260 3243 3516 3312 quaesitu-

1932 3351 2085 3399 rum;
2143 3335 2373 3402 pulsate,
2420 3334 2507 3388 hic
2549 3348 2728 3387 sermo
2775 3334 3036 3403 anticipat
3068 3335 3424 3403 pulsaturum.
3457 3335 3519 3391 Si

1932 3424 2206 3493 quaesierit
2250 3424 2412 3477 homo
2449 3432 2504 3477 et
2543 3423 2825 3487 invenerit,
2868 3425 3053 3491 gratia:
3098 3424 3193 3478 Dei
3231 3433 3345 3489 est;
3389 3428 3515 3494 quia

1934 3514 2074 3569 Dens
2102 3515 2346 3568 invitavit
2379 3520 2438 3567 ut
2465 3527 2751 3581 qumreres,
2787 3513 2926 3566 Deus
2959 3513 3080 3567 fecit
3121 3522 3177 3567 ut
3209 3515 3511 3570 invenires:

1933 3605 1979 3658 si
2011 3620 2116 3658 non
2140 3604 2435 3673 quaesieris,
2464 3618 2562 3657 nec
2595 3603 2874 3666 invenies;
2903 3604 3004 3657 hoc
3032 3604 3187 3657 liberi
3210 3604 3413 3658 arbitrii
3441 3606 3516 3660 tui

1932 3701 2033 3748 est.
2066 3692 2290 3746 Tantam
2311 3692 2451 3746 enim
2482 3691 2645 3746 habes
2669 3691 2823 3745 liberi
2853 3691 3058 3745 arbitrii
3081 3700 3428 3760 potestatem,
3456 3701 3519 3747 ut

1932 3790 1989 3837 et
2017 3792 2296 3839 vocantem
2324 3782 2609 3839 Dominum
2632 3792 2779 3840 tuum
2798 3792 3144 3840 contemnere
3175 3785 3516 3855 prarvalcres.

1932 3874 2245 3945 Quicunque
2273 3891 2401 3945 ergo
2425 3877 2679 3943 salvatur,
2710 3878 2893 3947 gratiae
2931 3878 3026 3933 Dei
3064 3886 3166 3944 est,
3196 3879 3286 3949 qui
3317 3886 3373 3932 ut
3399 3877 3515 3933 vel-

1930 3967 2010 4023 les
2038 3969 2307 4035 instituit;
2338 3969 2430 4039 qui
2460 3976 2514 4025 et
2550 3986 2647 4040 per
2671 3970 2979 4041 prophetas,
3011 3978 3066 4025 et
3095 3987 3191 4040 per
3222 3985 3300 4033 se,
3334 3976 3388 4024 et
3419 3984 3518 4037 per

1930 4060 2205 4127 apostolos
2232 4074 2360 4116 suos
2387 4061 2628 4130 quotidie
2657 4070 2709 4116 te
2739 4062 2925 4116 invitat
2966 4069 3023 4114 ut
3048 4062 3215 4126 velis;
3248 4061 3292 4113 si
3322 4060 3508 4114 volue-

260 4146 373 4215 pctit
391 4149 595 4217 occipit,
629 4147 862 4217 priorem
891 4149 1221 4203 voluntatem
1272 4151 1522 4215 hominis,
1543 4167 1703 4221 quam
1732 4153 1830 4209 do-
1920 4149 2003 4203 ris
2030 4158 2085 4203 et
2113 4150 2362 4216 audieris,
2386 4165 2506 4219 qua:
2533 4152 2673 4206 bona
2697 4160 2821 4206 sunt
2850 4160 3005 4205 terra:
3034 4151 3172 4225 illius
3191 4162 3390 4231 mterna
3420 4165 3513 4204 su-

262 4248 376 4288 uum
398 4239 580 4305 gratiae
606 4237 1013 4293 demonstravit.
1046 4237 1112 4293 Et
1142 4247 1316 4295 tamen
1351 4241 1408 4294 lit
1461 4242 1608 4310 prior
1638 4244 1826 4295 volun-

1929 4238 2141 4307 scipies.
2172 4237 2314 4307 Ergo
2344 4239 2568 4308 etquod
2605 4240 2685 4294 vis
2712 4240 2807 4293 Dei
2835 4249 2934 4319 est,
2973 4248 3025 4294 et
3065 4240 3207 4309 quod
3242 4240 3379 4309 petis
3412 4240 3513 4295 Dei

262 4329 335 4377 tas
360 4325 587 4381 hominis
616 4341 775 4395 quam
797 4330 985 4395 gratia,
1015 4327 1070 4381 lit
1095 4337 1150 4383 et
1177 4330 1324 4399 prior
1352 4330 1443 4386 Dei
1469 4334 1638 4400 gratia
1664 4347 1824 4402 quam
1859 4319 1904 4377 D
1931 4337 2031 4394 est,
2063 4337 2118 4382 et
2143 4329 2286 4397 quod
2327 4331 2673 4399 consequeris
2708 4330 2802 4385 Dei
2846 4338 2946 4396 est,
2978 4332 3100 4401 quia
3130 4330 3185 4384 in
3216 4330 3315 4386 hac
3358 4341 3519 4400 parte

264 4414 512 4470 voluntas.
545 4417 663 4472 Non
693 4418 835 4473 enim
854 4434 960 4473 nos
987 4420 1176 4473 ivimus
1204 4420 1270 4475 ad
1300 4420 1554 4476 Sanctum
1583 4432 1828 4492 peccato-

262 4516 359 4567 res,
389 4506 480 4560 sed
507 4507 575 4578 ad
622 4516 933 4577 peceatores
960 4508 1190 4565 Sanctus
1218 4511 1460 4577 advenit;
1492 4528 1592 4568 nec
1617 4529 1716 4569 nos
1742 4531 1829 4569 ro-

263 4597 488 4661 gavimus
521 4605 580 4651 ut
611 4599 836 4661 veniret,
867 4599 959 4653 sed
1009 4616 1112 4653 non
1159 4610 1374 4669 rogatus
1401 4603 1650 4669 advenit;
1692 4612 1831 4658 etut

263 4687 561 4742 ascenderet
589 4688 656 4741 ad
688 4689 852 4743 Deum
873 4689 1056 4755 homo,
1087 4689 1225 4745 Deus
1253 4692 1527 4748 descendit
1556 4693 1622 4746 ad
1652 4694 1826 4749 homi-

269 4787 404 4841 nem;
436 4779 727 4833 exinanivit
778 4795 855 4843 se,
899 4788 958 4833 ut
988 4796 1083 4835 nos
1111 4783 1371 4851 repleret;
1403 4785 1701 4840 humiliavit
1746 4801 1825 4853 se,

265 4873 316 4916 ut
343 4881 435 4919 nos
463 4869 721 4923 exaltaret
746 4887 759 4936 ;
784 4886 985 4940 pauper
1005 4870 1174 4926 factus
1196 4882 1295 4936 est,
1323 4882 1381 4928 ut
1406 4891 1504 4929 nos
1530 4874 1722 4931 divites
1752 4876 1829 4930 fa-

292 4962 427 5020 eret;
448 4959 633 5012 esuriit
654 4960 806 5029 panis
826 4961 995 5026 vivus,
1029 4970 1087 5015 ut
1114 4979 1210 5017 nos
1248 4964 1527 5029 reticeret;
1553 4965 1683 5020 sitiit
1709 4964 1829 5021 fons

266 5046 520 5111 perennis,
553 5056 611 5102 ut
638 5065 736 5102 nos
754 5050 931 5104 aridos
950 5052 1186 5107 mellillui
1213 5065 1268 5108 et
1294 5056 1479 5108 :eterni
1507 5057 1665 5111 fontis
1687 5057 1828 5112 unda

268 5133 633 5201 perfunderet:
669 5148 845 5195 tentus
872 5150 972 5207 est,
1006 5151 1065 5197 ut
1105 5160 1203 5200 nos
1229 5146 1653 5215 dimitteremur;
1697 5148 1828 5217 liga-

269 5230 345 5277 tus
372 5235 468 5291 est,
499 5238 555 5283 ut
582 5246 680 5286 nos
707 5232 1073 5299 salvaremur;
1103 5236 1350 5290 venditus
1379 5246 1481 5302 est,
1512 5246 1571 5291 ut
1599 5249 1699 5294 nes
1735 5255 1825 5295 re-

270 5312 509 5385 dimeret;
532 5323 767 5389 spineam
796 5338 1049 5378 coronam
1075 5310 1284 5395 Accepit
1314 5328 1366 5380 in
1395 5329 1590 5397 capite,
1626 5338 1685 5384 ut
1713 5331 1825 5400 spi-

274 5420 360 5460 nas
384 5420 437 5464 et
462 5413 685 5469 tribulos
716 5417 901 5485 primae
926 5418 1314 5474 maledictionis
1343 5420 1602 5489 eriperet;
1633 5431 1828 5493 exspo-

277 5493 421 5553 liatus
439 5509 538 5568 est,
564 5511 619 5556 ut
645 5520 742 5562 nos
772 5506 1014 5573 vestiret;
1047 5507 1100 5561 in
1142 5522 1301 5563 cruce
1328 5524 1617 5580 suspensus
1643 5522 1742 5580 est,
1771 5522 1828 5569 ut

343 5675 367 5705 ⁸
404 5667 496 5724 Ms.
526 5672 806 5743 Augiense,
838 5678 1273 5749 opprOpinqnabit
1297 5683 1452 5735 enim.

1926 4419 2181 4488 anticipat
2208 4421 2376 4488 gratia
2401 4421 2754 4476 voluntatem.
2782 4422 3025 4477 Nescires
3042 4423 3182 4477 enim
3206 4422 3332 4491 quid
3357 4422 3517 4486 velis,

1928 4513 2029 4565 nisi
2060 4518 2109 4566 te
2139 4513 2252 4582 ipse
2282 4521 2335 4567 et
2357 4528 2454 4583 per
2482 4528 2540 4569 se
2562 4522 2615 4567 et
2641 4530 2737 4584 per
2763 4530 2888 4569 suos
2926 4521 3164 4578 voearet,
3191 4522 3245 4568 et
3274 4521 3331 4568 ut
3359 4523 3517 4583 pete-

1930 4619 2039 4666 res,
2069 4613 2125 4659 et
2170 4605 2402 4672 qualiter
2438 4614 2672 4675 peteres,
2726 4606 2996 4660 edoceret.
3046 4604 3102 4659 Si
3143 4605 3216 4658 ita
3255 4613 3356 4668 est,
3386 4604 3519 4673 quid

1929 4712 2072 4752 nunc
2103 4695 2357 4752 faciemus
2382 4698 2449 4753 de
2486 4706 2536 4753 te
2564 4699 2655 4767 qui
2696 4715 2799 4753 non
2836 4700 3017 4768 petis?
3047 4698 3187 4751 Deus
3220 4704 3275 4752 te
3303 4697 3508 4763 noluit,

1926 4794 2020 4840 aut
2050 4794 2104 4841 tu
2134 4789 2351 4843 noluisti
2398 4790 2606 4844 Deum?
2651 4790 2790 4844 Deus
2840 4798 2892 4843 te
2935 4789 3109 4843 noluit
3138 4789 3353 4842 bonum‘
3383 4805 3513 4859 0pc-

1928 4877 2055 4942 rari,
2089 4886 2181 4931 aut
2216 4887 2273 4933 tu
2305 4880 2522 4934 noluisti
2572 4880 2770 4934 bonum
2819 4880 3082 4950 operari?
3121 4878 3262 4935 Deus
3309 4887 3362 4935 te
3411 4898 3516 4936 no-

1933 4970 2030 5023 luit
2058 4986 2177 5026 esse
2201 4971 2422 5041 justum,
2452 4980 2547 5025 aut
2574 4981 2628 5026 tu
2668 4971 2883 5026 noluisti
2913 4988 3030 5026 esse
3053 4971 3276 5041 justus?
3306 4971 3434 5027 [deo
3463 4981 3515 5024 te

1927 5058 2219 5129 interrogo,
2272 5079 2304 5116 ο
2353 5063 2687 5117 sanctissime
2730 5063 3156 5132 pmdestinator,
3208 5074 3266 5118 ut
3292 5080 3454 5118 unum
3487 5080 3517 5118 e

1928 5149 2358 5218 duobusJ‘acias.
2427 5154 2532 5207 Aut
2583 5153 2727 5207 enim
2785 5153 3040 5209 fateberis
3097 5163 3150 5209 te
3195 5155 3367 5218 vinci,
3425 5161 3515 5207 aut

1931 5240 2097 5295 Deum
2152 5243 2528 5313 blasphemare
2568 5247 2923 5302 convinceris.
2965 5247 3023 5301 Si
3073 5247 3214 5302 enim
3252 5241 3517 5314 permittis

1934 5341 1986 5388 te
2014 5335 2173 5399 vinei,
2205 5335 2288 5389 dic
2321 5336 2597 5391 nobiscum
2631 5355 2644 5390 :
2674 5336 2846 5393 Homo
2876 5338 3045 5392 noluit
3074 5338 3293 5398 bonum,
3319 5342 3372 5387 et
3392 5332 3515 5387 ideo

1933 5424 2106 5478 malus
2135 5435 2248 5490 est;
2279 5428 2404 5496 quia
2433 5429 2478 5483 si
2526 5429 2756 5485 voluerit
2781 5437 2962 5499 petere
2990 5427 3201 5481 dabitur
3244 5425 3294 5478 ei
3342 5421 3520 5490 gratia

1935 5514 2048 5570 Dei.
2081 5517 2214 5572 Cum
2238 5518 2341 5575 hoc
2371 5519 2587 5588 dixeris,
2627 5522 2723 5578 (las
2748 5538 2934 5577 manus
2964 5518 3303 5581 fraternitati,
3338 5521 3390 5570 et
3420 5530 3515 5585 per
