3926 6176
412 289 516 341 (ΗἹ

411 403 769 459 reverentiam
802 410 853 455 te
883 399 1077 455 Deitati
1115 399 1397 454 concilias.
1440 398 1496 451 Si
1527 407 1706 451 autem
1749 396 1950 451 dixeris

411 494 536 551 ldeo
563 494 734 548 malus
756 500 858 556 est,
891 492 1013 559 quia
1034 490 1176 544 Deus
1205 490 1307 543 hoc
1336 489 1524 553 voluit,
1554 502 1668 543 non‘
1690 488 1815 557 quia
1839 488 2002 541 homo

412 587 618 651 noluit,
652 584 897 654 probaris
924 581 1326 651 blasphemasse
1366 579 1556 645 Deum,
1601 593 1763 647 quem
1804 577 2000 631 malum

410 678 551 732 velle
594 672 897 737 conﬁrmas,
941 681 995 726 et
1042 686 1263 727 necesse
1294 672 1398 725 erit
1436 681 1496 725 ut
1538 670 2002 739 blasphemantem

411 769 580 823 Deum
628 764 1045 819 anathematizet
1092 762 1355 816 Ecclesia.

481 858 573 913 1X.
615 858 865 912 Dicamus
888 870 1030 909 nunc
1055 869 1173 923 quae
1202 861 1499 922 sequuntur
1527 852 1649 911 libri
1680 852 1843 905 vestri
1873 850 2005 904 falsa

412 958 736 1007 commenta.
766 957 787 981 θ’
820 946 978 999 Errat
1008 947 1091 1016 qui
1121 961 1175 997 se
1204 952 1352 1014 putat
1372 942 1591 996 valendo
1622 941 1811 994 bonum
1832 956 2009 1010 perve-

412 1043 525 1096 nire
554 1039 621 1092 ad
651 1036 932 1100 Christum,
964 1052 1081 1088 cum
1104 1036 1213 1105 ipse
1242 1033 1479 1087 Christus
1500 1033 1639 1086 dicat
1668 1049 1684 1085 :
1719 1030 1889 1085 Nemo
1919 1048 2006 1084 ve-

411 1134 488 1187 nit
514 1131 583 1185 ad
612 1110 709 1191 me,
743 1129 847 1182 nisi
875 1142 1027 1199 quem
1055 1125 1218 1185 Pater
1243 1125 1519 1177 attraxerit
1557 1123 1735 1193 (Joan.
1779 1139 1847 1187 v1,
1888 1120 2006 1191 44).

418 1222 518 1287 Qui
545 1222 725 1275 melius
750 1236 779 1271 a
797 1217 1000 1272 Christo
1022 1216 1228 1287 sapitis,
1250 1215 1404 1268 dicite
1426 1216 1470 1268 si
1498 1216 1737 1268 mentitus
1754 1222 1827 1267 est
1858 1214 2010 1267 Chri-

413 1323 544 1378 stus,
573 1323 619 1364 et
642 1312 714 1364 ita
743 1310 949 1363 demum
977 1308 1192 1360 asserite
1222 1323 1316 1359 nos
1345 1315 1524 1359 contra
1552 1304 1744 1359 Christi
1775 1305 2009 1375 regulam

411 1407 567 1459 istam
594 1401 622 1440 δ
652 1402 831 1472 ﬁxisse
866 1400 1196 1454 sententiam.
1236 1397 1298 1451 Si
1333 1398 1474 1450 enim
1500 1413 1671 1450 verum
1700 1396 1832 1448 dixit
1867 1394 2012 1449 Chri-

412 1505 553 1559 stus,
597 1511 699 1548 non
770 1493 1050 1545 mentimur
1114 1489 1249 1561 quod
1312 1488 1530 1541 dicimus
1612 1486 2009 1556 prmdestinatos

414 1587 549 1641 trahi
599 1585 666 1638 ad
716 1585 897 1648 vitam,
961 1583 1084 1647 quia
1133 1583 1236 1634 vita
1290 1581 1399 1650 ipse
1440 1588 1537 1633 est.
1575 1590 1596 1617 ε
1626 1578 1739 1632 Non
1787 1586 1871 1632 est
1913 1594 2012 1633 no-

410 1691 537 1732 rum
610 1676 758 1731 vocis
806 1684 939 1729 sono
990 1671 1162 1741 decipi
1215 1687 1372 1741 posse
1433 1671 1644 1725 stultos.
1698 1668 1788 1723 Sic
1844 1684 2012 1723 vanus

1418 277 1789 334 ANONYMUS
1828 276 2101 334 AUCTOR
2144 266 2685 330 PR.~F.DESTlN.\Tl.
3567 278 3653 335 643

1397 359 1496 451 ‘Si
1527 407 1706 451 autem
1749 396 1950 451 dixeris,
1989 413 2002 447 :
2041 409 2078 459 Α
2112 393 2138 430 ιι
2182 393 2322 460 Quid
2366 404 2544 449 autem
2589 409 2733 447 nunc
2782 392 2925 448 dicat
2969 392 3102 448 liber
3149 394 3544 452 Praedestinatus
3579 416 3660 452 au-

2106 486 2238 539 dite.

2178 576 2243 631 X.
2292 574 2442 639 Quod
2470 577 2516 629 si
2538 584 2785 646 aggrarat
2816 591 2902 629 vos
2924 575 2998 629 ris
3032 576 3309 630 testimonii
3330 579 3603 648 evangelici,
3624 590 3662 632 et

2106 685 2210 722 non
2240 667 2452 737 potestis
2486 667 2760 737 aggravati
2785 666 3027 736 pondere
3069 668 3339 721 sententia:
3383 666 3519 722 nobis
3560 672 3664 723 dare

2106 775 2411 830 responsum
2432 799 2447 823 ,
2496 758 2682 810 saltem
2716 758 2961 826 -Αροδιοιὶ
3011 758 3158 810 nobis
3187 760 3459 828 explanate
3484 769 3666 812 seruen-

2108 852 2255 911 tiam,
2289 850 2375 921 qui
2402 848 2529 902 dicit
2558 864 2575 900 :
2608 846 2732 901 Non
2754 856 2829 901 est
2856 847 3069 902 volentis
3096 865 3258 917 neque
3301 850 3563 913 currentis,
3591 850 3666 903 sed

2110 942 2393 996 miserentis
2415 950 2490 993 est
2510 938 2606 993 Dei
2629 939 2805 1009 (Rom.
2833 956 2905 1005 rx,
2931 939 3039 1008 16).
3067 949 3092 977 ο
3122 940 3233 995 Nos
3252 949 3306 995 et
3335 942 3665 1009 evangelicum

2112 1033 2477 1087 testimonium
2523 1031 2666 1085 veris
2711 1030 3100 1085 assertionibus
3134 1028 3154 1068 ί
3188 1030 3578 1093 declaravintus,
3623 1040 3665 1087 et

2110 1123 2269 1176 istam
2298 1122 2439 1176 beati
2472 1120 2621 1175 Pauli
2650 1122 2974 1175 sententiam
3015 1122 3255 1176 evidenti
3302 1123 3666 1178 manifestamus

2112 1212 2392 1266 instinctu.
2424 1210 2579 1265 Prius
2624 1208 3074 1265 tamen'vestrum
3116 1226 3337 1265 sensum
3379 1212 3665 1280 detegimus,

2112 1312 2171 1358 ut
2198 1318 2293 1357 cur
2334 1318 2364 1356 a
2408 1303 2560 1357 vobis
2600 1312 2928 1373 usurpentur
2973 1310 3157 1358 sancta
3208 1304 3505 1358 testimonia
3541 1305 3667 1357 dete-

2113 1404 2342 1451 stentur.
2362 1396 2539 1450 Vultis
2566 1396 2709 1451 enim
2734 1403 2792 1450 ut
2816 1410 2975 1450 nemo
3005 1396 3132 1450 velit
3161 1396 3382 1462 bonum,
3398 1411 3547 1450 nemo
3565 1410 3667 1448 cur-

2113 1499 2196 1546 rat
2224 1490 2289 1545 ad
2316 1490 2536 1555 bonum,
2559 1489 2655 1543 sed
2679 1488 2823 1542 dicat
2846 1489 2899 1542 in
2928 1488 3090 1543 corde
3128 1505 3230 1544 suo
3255 1507 3268 1541 :
3300 1489 3668 1555 Quantumcun-

2113 1596 2219 1651 que
2264 1581 2459 1647 velim,
2500 1588 2977 1649 quantumcunque
3023 1594 3240 1633 curram
3266 1618 3281 1643 ,
3329 1579 3456 1632 nihil
3500 1578 3667 1649 poten't

2115 1673 2371 1744 prodesse
2399 1671 2621 1736 volenti,
2645 1670 2777 1724 nihil
2802 1670 3002 1739 poterit
3022 1670 3283 1739 prodesse
3307 1670 3547 1724 currenti.
3570 1669 3667 1724 Non

413 1770 591 1832 Atius.
614 1777 831 1823 secutus
858 1768 1004 1821 VOCiS
1029 1781 1242 1829 sonum.
1293 1764 1423 1818 ἀίοίῐ
1468 1750 1605 1818 Filio
1637 1761 1678 1815 Ρ
1681 1771 1854 1817 “rem
1889 1762 2006 1830 eius
2037 1773 2085 1832 Β
2111 1775 2194 1822 est
2221 1766 2365 1821 enim
2406 1764 2640 1819 volentis
2678 1778 2853 1831 neque
2899 1763 3167 1817 currentis
3190 1804 3204 1828 ,
3255 1761 3351 1817 sed
3398 1761 3668 1816 miserentis

413 1876 532 1915 eSse
562 1860 844 1927 majorem.
878 1857 945 1910 Et
974 1859 1077 1911 hoc
1103 1856 1233 1909 dicit
1268 1854 1438 1920 nobis,
1471 1854 1616 1923 quod
1654 1853 1831 1908 dicitis
1858 1868 1955 1907 vos
1988 1870 2000 1904 :

411 1950 470 2006 Si
502 1950 601 2020 ipsi
622 1949 753 2002 Filio
781 1947 1018 2009 creditis,
1046 1948 1222 2015 ipsum
1267 1945 1468 1999 audite.
1515 1942 1656 1998 Dicit
1702 1943 1843 1998 enim
1882 1944 2005 2015 quia

412 2043 576 2097 Pater
600 2040 768 2110 major
798 2055 877 2092 me
904 2047 981 2092 est
1011 2036 1189 2105 (Joan.
1224 2052 1332 2102 xw,
1359 2035 1475 2105 28).
1506 2034 1666 2090 Vocis
1693 2050 1884 2090 sonum
1912 2035 2006 2104 qui

412 2132 658 2198 attendit,
713 2131 852 2184 sicut
880 2130 1200 2184 Arianorum
1230 2128 1443 2191 hmresi,
1484 2127 1563 2182 sic
1584 2125 2004 2181 Praedestinato-

413 2239 531 2280 rum
553 2222 776 2278 vanitati
804 2220 1164 2289 conjungitur.
1186 2220 1316 2286 Quis
1344 2218 1487 2273 enim
1518 2218 1723 2273 nesciat
1748 2233 1855 2272 non
1878 2233 2006 2288 pos-

412 2333 473 2373 se
490 2316 671 2372 venire
686 2312 752 2368 ad
766 2312 979 2375 Filium,
1000 2312 1102 2365 nisi
1118 2326 1275 2380 quem
1292 2311 1451 2365 Pater
1463 2310 1785 2364 attraxerit?
1801 2308 2003 2364 Tamen

414 2417 540 2463 ante
583 2421 745 2476 quam
776 2404 878 2459 loci
918 2404 1071 2457 istius
1100 2401 1370 2457 occultum
1408 2401 1724 2472 mysterium
1766 2415 1865 2471 per
1904 2416 2005 2456 nos

413 2500 672 2556 Dominus
686 2494 1010 2559 manifestet,
1038 2509 1254 2550 sensum
1274 2501 1515 2548 vestrum
1536 2491 1853 2561 detegimus.
1877 2490 2003 2546 Ideo

416 2594 560 2648 enim
588 2589 764 2646 dicitis
788 2589 891 2643 hoc
919 2586 1306 2651 testimonium,
1358 2591 1418 2639 ut
1455 2583 1634 2640 nullus
1669 2583 1874 2637 monita
1916 2598 2021 2636 sa-.

415 2684 694 2742 cerdotum
722 2681 960 2737 studiosa
990 2694 1123 2733 aure
1150 2677 1426 2746 suscipiat,
1467 2675 1645 2729 nullus
1693 2673 1909 2730 festinet
1934 2673 2006 2729 ad

414 2774 882 2831 matris‘Ecclesia:
905 2772 1187 2840 gremium,
1212 2777 1267 2825 et
1295 2770 1523 2824 duorum
1555 2775 2002 2823 testamentorum

411 2867 670 2924 uberibus
709 2864 1012 2927 coalescat;
1062 2876 1252 2916 omnes
1294 2859 1503 2929 fugiant
1534 2858 1754 2914 domum
1797 2857 1917 2924 Dei,
1949 2864 2005 2912 et

412 2959 538 3031 quis
567 2955 635 3011 ad
663 2954 809 3025 quod
836 2953 1067 3008 voluerit
1106 2952 1294 3005 vitium
1337 2958 1650 3020 occupetur,
1686 2957 2006 3019 exspectans

415 3047 636 3118 quando
666 3048 845 3101 mittat
870 3059 1087 3099 manum
1108 3042 1260 3097 Pater
1288 3042 1355 3097 de
1384 3042 1554 3109 caelis,
1583 3050 1643 3096 ut
1672 3055 1795 3096 eum
1825 3041 2004 3095 trahat

2109 1868 2192 1914 est
2223 1858 2339 1912 Dei.
2372 1856 2482 1912 Nos
2509 1863 2687 1909 autem
2715 1854 3005 1907 asserimus
3032 1854 3307 1908 neminem
3337 1852 3548 1920 gratiam
3589 1850 3668 1907 Dei

2108 1950 2404 2020 consequi,
2451 1949 2554 2002 nisi
2595 1946 2687 2015 qui
2732 1961 2798 1999 ex
2846 1943 2949 1999 [ide
2996 1944 3341 1999 cucurrerit:
3373 1957 3524 2012 quam
3561 1941 3668 1996 dum

2107 2042 2267 2098 fuerit
2290 2048 2628 2102 consecutus,
2655 2036 2896 2107 Apostoli
2919 2036 3135 2090 monitis
3157 2035 3470 2107 prohibetur
3488 2032 3666 2088 extolli.

2107 2135 2225 2192 Non
2251 2134 2394 2189 enim
2437 2130 2731 2188 secundum
2777 2142 2992 2182 cursum
3031 2136 3087 2182 et
3127 2124 3421 2182 secundum
3448 2125 3668 2179 volunta-

2108 2235 2218 2281 tem
2242 2240 2417 2288 suam,
2448 2222 2655 2292 accepit
2682 2222 2909 2290 gratiam
2942 2218 3055 2273 Dei.
3105 2216 3309 2272 Cursus
3348 2215 3486 2270 enim
3511 2221 3561 2268 et
3585 2227 3666 2268 vo-

2106 2319 2285 2373 luntas
2315 2316 2452 2386 ejus,
2485 2314 2731 2384 quamvis
2759 2314 2813 2368 in
2842 2325 3038 2380 magno
3066 2312 3196 2376 sint,
3232 2309 3472 2380 quamvis
3494 2306 3543 2360 in
3569 2321 3666 2358 am-

2106 2410 2197 2482 plo
2226 2409 2352 2474 sint,
2385 2415 2566 2461 tamen
2588 2419 2895 2460 mensuram
2924 2404 3159 2467 habent,
3196 2401 3293 2457 Dei
3321 2408 3494 2455 autem
3519 2397 3666 2468 gratia

2107 2515 2413 2558 mensuram
2435 2507 2551 2554 “non
2580 2499 2763 2553 habet.
2791 2496 2858 2550 Et
2898 2496 3039 2561 ideo,
3072 2494 3199 2549 dum‘
3241 2494 3404 2549 etiam
3446 2492 3507 2545 ad
3534 2506 3667 2545 coro-

2108 2609 2233 2650 nam
2262 2590 2573 2663 pervenerit
2614 2589 2809 2658 justus,
2861 2602 2969 2642 non
3017 2586 3352 2656 permittitur
3393 2584 3445 2638 in
3481 2596 3564 2636 sua
3591 2595 3666 2635 co-

2105 2701 2240 2743 rona
2262 2684 2464 2740 extolli.
2491 2682 2630 2737 Dicit
2654 2682 2797 2736 enim
2814 2679 3048 2750 Spiritus
3072 2685 3298 2733 sanctus
3323 2695 3336 2730 :
3364 2673 3460 2741 Qui
3481 2681 3667 2728 coronat

2107 2789 2174 2845 te,
2207 2793 2313 2832 non
2343 2777 2397 2831 in
2426 2774 2621 2829 merito
2653 2781 2765 2839 tuo,
2798 2771 2893 2827 sed
2920 2773 2973 2825 in
3005 2769 3371 2824 misericordia
3400 2784 3488 2822 sua
3518 2775 3561 2820 et
3583 2766 3666 2819 nti-

2106 2869 2367 2925 seratione
2396 2884 2490 2922 sua
2524 2865 2644 2939 (Ps.
2676 2881 2766 2931 cn,
2799 2863 2877 2935 4).
2912 2861 3067 2918 Unde
3094 2871 3149 2916 et
3190 2861 3481 2931 Apostolus
3510 2877 3521 2911 :
3552 2855 3666 2922 Quid

2113 2961 2293 3027 habes,
2328 2961 2522 3030 inquit,
2549 2958 2685 3032 quod
2706 2974 2811 3012 non
2832 2955 3118 3026 accepisti?
3148 2952 3303 3018 Quod
3347 2955 3391 3008 si
3438 2949 3664 3019 accepisti,

2106 3052 2231 3125 quid
2251 3051 2494 3123 gloriaris
2520 3049 2666 3122 quasi
2693 3064 2800 3103 non
2829 3046 3091 3116 acceperis
3118 3044 3159 3116 (l
3191 3042 3402 3109 Cor.rv,
3436 3041 3523 3111 7)?
3552 3038 3665 3105 Ergo

415 3140 643 3195 invitum
691 3144 746 3192 et
773 3136 1044 3191 nolentem
1073 3142 1234 3202 atque
1273 3131 1751 3198 contradicentem,
1797 3140 1853 3186 et
1899 3146 2006 3186 non
2035 3138 2082 3203 ο
2112 3159 2327 3200 cursum
2356 3158 2511 3198 suum
2539 3150 2595 3196 ει
2621 3140 2956 3195 voluntatem
2984 3152 3134 3191 suam
3182 3134 3251 3190 ad
3294 3136 3398 3189 ιιοο
3442 3128 3665 3191 extendit,

418 3229 850 3286 consentientem
894 3226 1059 3281 faciat
1103 3226 1333 3281 electum
1363 3232 1419 3280 et
1463 3232 1726 3280 sanctum.
1762 3222 1888 3278 lltcc
1916 3237 2010 3277 ve—

416 3332 526 3378 stra
556 3320 803 3382 assertio,
833 3324 1180 3385 vestrumque
1208 3316 1628 3386 deprehenditur
1653 3314 1867 3383 dogma.
1900 3314 2009 3370 Nos

416 3422 597 3469 autem
641 3411 869 3466 dicimus
937 3409 1086 3478 quod
1139 3410 1382 3478 quamvis
1442 3411 1748 3478 quicunque
1790 3416 2009 3463 sanctus

413 3506 516 3572 sit,
578 3504 668 3560 ille
714 3504 784 3557 sit
835 3503 1150 3573 apostolus,
1205 3501 1295 3556 ille
1341 3502 1412 3556 sit
1450 3510 1693 3572 martyr,
1734 3501 1823 3556 ille
1874 3516 2007 3571 pro-

415 3599 577 3669 pheta
624 3596 725 3661 sit,
758 3595 848 3650 ille
888 3596 957 3649 sit
987 3594 1193 3663 justus,
1247 3593 1390 3647 vires
1417 3608 1524 3646 non
1555 3593 1718 3647 habet
1762 3592 2009 3662 proprias

415 3698 473 3743 ut
501 3688 567 3742 ad
595 3685 865 3742 Christum
896 3684 1167 3739 ascendat.
1216 3682 1377 3738 Solus
1422 3683 1566 3738 enim
1618 3684 1874 3738 Dominus
1909 3699 2006 3738 sua

413 3781 609 3834 virtute
637 3792 735 3847 pro
764 3792 859 3831 sua
889 3775 1101 3829 Deitate
1128 3774 1371 3829 ascendit
1400 3774 1453 3827 in
1502 3774 1670 3829 caelos
1691 3815 1705 3838 ,
1754 3783 1812 3827 et
1858 3774 2009 3829 sedet

415 3868 481 3922 ad
509 3868 788 3922 dexteram
830 3863 1025 3919 Patris.
1058 3862 1313 3929 Quamvis
1340 3876 1470 3931 ergo
1500 3864 1728 3932 quisque
1772 3864 1842 3917 sit
1883 3879 2008 3918 san-

412 3970 552 4025 ctus,
583 3958 828 4028 quamvis
853 3958 1057 4012 amicus
1087 3956 1180 4011 Dei
1210 3956 1298 4023 sit,
1330 3971 1438 4010 non
1464 3957 1628 4010 habet
1649 3957 1791 4011 vires
1820 3972 2007 4011 ascen-

412 4052 575 4107 dendi
597 4053 649 4105 in
674 4050 861 4106 caelos.
890 4049 957 4103 Et
980 4050 1105 4119 quia
1134 4048 1300 4107 Filius
1322 4049 1452 4104 dicit
1480 4048 1627 4103 Patri
1661 4068 1673 4102 :
1708 4049 2005 4113 Pater,rolo

413 4153 468 4197 ut
497 4143 583 4197 ubi
612 4160 744 4208 sum,
785 4150 835 4196 et
879 4142 967 4195 isti
997 4142 1100 4195 sint
1148 4156 1347 4194 mecum
1377 4138 1558 4212 (Joan.
1594 4156 1719 4202 xvu,
1754 4139 1863 4208 li),
1906 4154 2004 4193 ex-

412 4238 642 4308 plan’ans
669 4234 1011 4291 concordiam
1041 4234 1265 4288 Deitatis
1292 4233 1403 4288 ait:
1440 4231 1611 4287 Nemo
1638 4235 1774 4287 venit
1804 4234 1873 4285 ad
1903 4248 2001 4298 me,

413 4328 465 4381 id
495 4336 578 4383 est
604 4328 801 4381 virtute
829 4341 925 4381 sua
953 4341 1111 4381 nemo
1141 4331 1321 4396 potest
1349 4324 1533 4378 venire
1562 4324 1627 4378 ad
1651 4340 1755 4378 me.
1783 4323 1897 4377 Non
1921 4331 2005 4377 est

411 4425 559 4477 enim
587 4422 857 4478 sanctitati
884 4420 1118 4475 hominis
1146 4418 1402 4488 possibile
1431 4418 1755 4474 ascendendi
1791 4418 1858 4470 ad
1883 4433 1998 4483 me,

2114 3244 2175 3291 ut
2202 3236 2470 3305 acciperet
2494 3248 2524 3287 a
2554 3232 2821 3297 donante;
2853 3229 3053 3283 donum
3082 3235 3263 3282 autem
3294 3241 3390 3296 pro
3415 3223 3571 3293 gratia
3588 3220 3665 3273 ἀοι

2112 3329 2292 3383 nantis
2319 3325 2719 3397 supergreditur
2739 3323 2989 3378 meritum
3010 3320 3327 3376 laborantis.
3350 3318 3436 3374 Sic
3455 3324 3531 3371 est
3548 3314 3666 3368 enim

2110 3420 2251 3474 velle
2280 3426 2524 3472 nostrum
2551 3416 2693 3470 inter
2714 3430 2815 3469 nos
2842 3421 2898 3469 et
2924 3413 3109 3477 Deum,
3134 3412 3276 3466 sicut
3296 3410 3527 3465 estinter
3543 3418 3665 3457 men-

2112 3510 2383 3565 dicantem
2408 3516 2573 3576 atque
2599 3499 2913 3561 donantem.
2942 3503 3037 3558 Ille
3057 3503 3244 3571 itaque
3268 3500 3359 3570 qui
3378 3498 3533 3553 donat
3550 3494 3667 3563 elce-
3698 3547 3705 3553 .

2111 3614 2413 3671 ntosynam,
2447 3599 2560 3658 vult
2587 3596 2835 3651 omnibus
2863 3595 3022 3660 dare,
3072 3594 3118 3648 si
3160 3592 3381 3663 quidem
3407 3589 3489 3643 hic
3516 3592 3668 3640 noster

2112 3691 2333 3762 largitor
2356 3691 2539 3760 gratim
2561 3690 2759 3746 clamat
2777 3686 3017 3757 quotidie
3041 3703 3054 3739 :
3093 3684 3280 3739 Venite
3298 3683 3366 3737 ad
3384 3697 3476 3746 me,
3499 3690 3664 3732 omnes.

2113 3784 2176 3840 Et
2202 3786 2397 3840 iterum
2431 3802 2443 3837 :
2478 3782 2648 3837 Petite
2676 3791 2727 3836 et
2756 3780 3039 3851 accipietis.
3056 3777 3221 3834 Verbi
3237 3776 3435 3847 gratia,
3465 3766 3668 3827 cucurrit

2110 3878 2375 3947 quispiam
2404 3889 2623 3944 egenus,
2665 3880 2722 3927 et
2749 3887 2781 3927 a
2820 3871 3057 3926 donante
3102 3868 3333 3939 accepit,
3365 3861 3668 3932 acceptisque

2110 3966 2311 4021 divitiis
2333 3964 2497 4034 coapit
2518 3978 2638 4019 esse
2663 3962 2905 4032 locuples
2931 3961 3024 4029 qui
3051 3958 3229 4029 fuerat
3260 3971 3458 4027 egenus
3484 3960 3535 4007 et
3555 3962 3667 4020 pan-

2109 4072 2209 4128 per
2242 4074 2253 4109 :
2286 4055 2415 4124 quid
2447 4069 2589 4110 nunc
2615 4053 2857 4109 dicturus
2885 4052 3011 4107 est?
3038 4049 3151 4119 Ego
3179 4048 3248 4104 de
3277 4048 3460 4103 labore
3481 4054 3589 4097 meo
3606 4036 3667 4090 di-

2110 4165 2204 4204 ves
2232 4163 2369 4213 sum,
2400 4146 2525 4216 quia
2554 4144 2699 4201 volui
2724 4185 2739 4210 ,
2781 4143 2907 4212 quia
2936 4140 3193 4198 cucurri?
3233 4138 3353 4193 Non
3399 4138 3497 4191 hoc
3528 4128 3663 4189 dicit;

2109 4238 2204 4294 sed
2247 4238 2376 4293 dicit
2408 4254 2421 4288 :
2460 4235 2585 4305 Ego.
2615 4235 2747 4289 nihil
2776 4248 2875 4304 pro
2903 4232 3098 4288 merito
3129 4227 3421 4285 voluntatis
3447 4236 3568 4278 mete
3591 4222 3667 4271 aut

2109 4348 2298 4387 cursus
2326 4330 2451 4394 mei,
2478 4327 2683 4397 aliquid
2717 4327 2920 4382 habere
2956 4338 3045 4378 me
3072 4330 3251 4379 certus
3279 4335 3428 4384 sum;
3457 4313 3541 4371 sed
3570 4309 3665 4377 eius

2108 4433 2190 4480 est
2218 4430 2391 4478 totum
2420 4420 2605 4491 gratia:
2628 4420 2721 4488 qui
2749 4417 2987 4473 donavit.
3013 4414 3080 4468 Et
3109 4415 3213 4469 hoc
3235 4412 3381 4468 dicto
3411 4412 3574 4479 potest
3598 4399 3665 4453 di—

412 4515 499 4569 ubi
530 4513 691 4569 sedeo
721 4512 786 4566 ad
816 4511 1093 4566 dexteram
1123 4508 1328 4575 Patris,
1379 4509 1480 4563 nisi
1526 4524 1686 4577 quem
1734 4506 1895 4562 Pater
1923 4515 2003 4561 at-

2110 4530 2235 4571 cere
2262 4528 2386 4569 cum
2412 4511 2676 4581 Apostolo
2707 4507 3004 4576 vere,-quia
3034 4511 3245 4581 nonest
3273 4501 3500 4561 volentis,
3527 4503 3665 4563 neque

411 4605 652 4661 traxerit.
688 4603 839 4658 Unde
868 4604 921 4656 in
952 4602 1110 4656 unius
1136 4615 1365 4671 persona
1394 4600 1569 4654 omnis
1590 4608 1760 4654 caelus
1781 4607 1997 4654 sancto-

410 4714 531 4753 rum
550 4697 689 4763 dicit
714 4696 824 4752 Deo
857 4714 870 4749 :
906 4693 1136 4748 Tenuisti
1164 4709 1376 4747 manum
1403 4692 1671 4746 dexteram
1705 4707 1873 4744 meum
1895 4732 1910 4757 ,
1943 4692 1999 4745 in

408 4790 672 4844 voluntate
699 4797 789 4841 tua
815 4787 1078 4841 deduxisti
1117 4801 1218 4850 me,
1245 4792 1432 4837 etcum
1476 4783 1643 4854 gloria
1673 4783 1997 4853 assumpsiin

407 4898 491 4937 me
513 4879 631 4950 (Ps.
663 4896 829 4945 Lxxn,
859 4878 971 4950 2i).
1007 4876 1160 4933 Unde
1189 4884 1244 4931 et
1272 4875 1469 4944 adjecit
1495 4894 1507 4929 :
1540 4873 1803 4939 Quoniam
1829 4877 1915 4948 qui
1943 4892 2000 4929 se

408 4974 560 5044 longe
588 4971 787 5043 faciunt
840 4989 874 5024 a
919 4979 1003 5036 te,
1043 4970 1281 5042 peribunt
1310 4968 1497 5039 (Ibid.,
1540 4966 1653 5035 27).
1687 4966 1803 5022 Non
1842 4968 1996 5034 dixit,

408 5080 555 5134 quos
579 5073 635 5119 tu
665 5063 823 5133 longe
852 5063 982 5118 facis
1003 5078 1033 5117 a
1062 5071 1147 5129 te;
1178 5062 1272 5129 sed
1302 5063 1392 5133 qui
1433 5078 1492 5118 se
1537 5062 1698 5131 longe
1738 5062 1941 5116 faciunt
1968 5076 1998 5115 a

411 5167 483 5222 te,
511 5158 781 5228 peribunt,
806 5154 1095 5211 ostendens
1117 5170 1225 5210 non
1254 5154 1321 5209 de
1348 5154 1443 5209 Dei
1470 5155 1875 5219 exsecratione,
1906 5154 2001 5209 sed

408 5248 474 5305 de
504 5250 849 5320 clongatione
889 5248 1121 5303 hominis
1143 5288 1158 5314 ,
1192 5247 1395 5302 homini
1444 5247 1717 5301 interitum
1757 5248 1992 5303 evenire.

476 5484 504 5511 λ
539 5473 634 5530 Ms.
662 5472 929 5540 Augiense
961 5488 974 5523 :
1002 5468 1091 5524 Xl.
1126 5469 1423 5524 H.£RETICI.
1455 5468 1617 5524 Errat
1645 5473 1752 5542 qui,
1786 5480 1889 5527 etc.

475 5543 505 5585 δ
535 5544 632 5599 Ms.
666 5543 827 5607 idem,
859 5542 1074 5612 ﬁnxisse
1102 5542 1428 5612 sententiam.

483 5625 511 5675 ς
541 5614 635 5667 Ms.
668 5613 804 5668 idem
838 5608 1191 5667 z'CA'rnoucr.
1226 5608 1350 5665 Non
1379 5618 1685 5675 estnovum,
1716 5621 1819 5667 etc.

483 5672 512 5710 ⁴¹
548 5683 644 5739 iis.
679 5684 819 5739 idem
851 5702 862 5737 :
888 5681 998 5737 ιιι.
1030 5682 1326 5738 llmnencr.
1348 5681 1483 5749 Quid
1503 5672 1681 5737 autem
1702 5699 1834 5736 nunc
1856 5682 1993 5737 dicat

2109 4606 2387 4670 currentis,
2410 4604 2502 4659 sed
2522 4604 2814 4658 miserentis
2854 4608 2931 4655 est
2972 4598 3072 4653 Dei
3104 4596 3279 4670 (Rom.
3312 4612 3385 4662 tx,
3418 4590 3519 4663 16).
3548 4585 3664 4640 Ecce

2106 4699 2341 4754 diximus
2368 4697 2435 4752 de
2465 4697 2569 4752 isto
2615 4696 2708 4767 qui
2753 4694 2924 4749 voluit
2974 4699 3029 4748 et
3072 4691 3347 4756 cucurrit,
3394 4685 3511 4755 quia
3539 4685 3663 4733 tanta

2106 4801 2233 4849 sunt
2261 4793 2402 4848 dona
2430 4792 2545 4858 Dei,
2576 4799 2635 4847 ut
2664 4798 2718 4847 et
2746 4805 2962 4851 cursum
2996 4788 3231 4844 hominis
3274 4794 3329 4842 et
3364 4783 3664 4840 voluntatem

2106 4893 2381 4957 superent.
2413 4883 2613 4954 Cursus
2640 4884 2785 4940 enim
2825 4890 2880 4937 et
2925 4879 3157 4936 studium
3201 4877 3447 4940 hominis,
3477 4869 3570 4927 nisi
3597 4866 3661 4919 in-

2106 4976 2369 5032 visibilius
2396 4975 2493 5030 Dei
2536 4972 2874 5029 adminiculis
2896 4970 3066 5041 juvati
3095 4968 3312 5033 fuerint,
3343 4958 3658 5021 evanescunt.

2107 5070 2239 5125 Nam
2260 5078 2316 5125 et
2337 5067 2626 5139 Apostolus
2649 5073 2928 5122 certamen
2955 5064 3157 5118 bonum
3187 5069 3416 5123 certans,
3461 5060 3513 5108 et
3554 5059 3638 5101 cur

2107 5176 2226 5217 sum
2254 5174 2654 5225 consummans,
2678 5164 2736 5213 et
2764 5154 2922 5211 ﬁdem
2950 5168 3209 5219 servans,
3242 5160 3297 5208 et
3319 5150 3427 5221 jam
3452 5148 3656 5199 tantum-

2109 5250 2272 5307 modo
2313 5265 2574 5307 coronam
2602 5253 2924 5319 exspectans
2954 5245 3018 5317 (ll
3068 5243 3199 5299 Tim.
3252 5259 3331 5309 tv,
3383 5239 3466 5310 7),
3509 5227 3655 5288 dicit:

2101 5471 2231 5527 liber
2246 5472 2675 5536 Prtedi'stinatus,
2698 5478 2804 5526 etc.

2176 5553 2200 5581 ε
2244 5544 2337 5596 Ms.
2364 5543 2505 5597 idem
2541 5561 2553 5595 :
2584 5534 2898 5595 Carnoucr.
2928 5538 3045 5596 Nos
3075 5548 3121 5595 et
3144 5536 3469 5611 euangelium.
3497 5534 3590 5582 etc.

2179 5614 2194 5652 ί
2242 5613 2337 5669 Ms.
2371 5614 2529 5680 idem,
2559 5612 2955 5667 declarabinuts.
