3884 6184
237 228 323 297 619

648 190 1233 291 PREDESTINATUS
1265 235 1424 292 SIVE
1461 234 2155 294 PRJEDESTINATORUH
2193 235 2530 305 HERESIS,
2563 234 2712 293 ETC.
2755 236 2879 293 LIB.
2919 236 3005 292 ῐΠ.

3351 224 3456 281 650

232 346 391 403 Gratia
412 343 509 399 Dei
529 359 641 399 sum
666 345 724 398 id
760 345 895 417 quod
930 362 1044 400 sum
1075 346 1117 418 (l
1148 345 1267 403 Cor.
1298 363 1387 413 xv,
1421 346 1528 417 10).
1580 346 1645 401 Et
1673 348 1772 403 ite-
1798 350 1844 409 Α
1877 359 2104 420 petram,
2135 364 2255 420 qua:
2285 365 2386 406 nec
2410 357 2714 416 ventorum,
2745 366 2845 407 nec
2877 348 3153 413 ﬂuminum
3180 347 3459 419 deiiciatur

231 440 331 493 rum
349 435 496 490 nobis
521 433 683 489 dicit:
703 433 886 489 Gratia
912 437 1042 491 salvi
1070 438 1199 512 facti
1227 439 1348 491 estis
1376 436 1592 510 (Ephes.
1616 452 1652 493 ιι
1668 475 1684 507 ,
1719 435 1769 503 5,

228 526 298 597 8).
324 524 529 594 Magnus
556 522 739 579 infelix
786 533 870 580 est
906 526 999 595 qui
1041 535 1196 597 putat
1221 527 1420 584 donum
1449 527 1543 583 Dei
1570 543 1631 583 se
1657 542 1773 582 me-

228 619 318 674 rito
339 630 439 671 suae
466 616 726 687 consequi
746 616 1056 672 voluntatis.
1087 614 1258 673 Omne
1283 615 1483 677 donum
1510 599 1773 688 optimum

227 708 473 763 desursum
518 714 601 759 est
627 720 658 759 a
687 703 848 761 Patre
889 706 1075 775 siorize
1103 705 1240 780 (Jac.
1271 724 1308 771 ι,
1339 707 1428 778 l7)
1461 725 1474 761 :
1506 706 1639 761 nihil
1667 707 1777 763 vin-

226 800 435 855 dicamus
472 796 718 851 humanaa
752 798 1038 867 potentiae;
1068 805 1241 854 totum
1279 797 1532 869 quidquid
1573 799 1775 855 bonum

223 900 309 955 est,
336 890 424 945 Dei
444 889 821 944 misericordias
849 887 1200 961 applicamus.
1248 888 1340 945 Sic
1370 897 1551 965 tamen
1593 889 1777 944 omnia

224 981 345 1037 bona
369 980 588 1036 dicimus
615 978 710 1035 Dei
734 995 851 1036 esse
878 980 1040 1046 dona,
1073 988 1132 1034 ut
1159 981 1338 1036 omnia
1364 979 1503 1035 mala
1524 995 1644 1052 quae
1663 980 1776 1049 agi-

224 1090 328 1128 mus
372 1080 562 1127 nostra:
619 1072 953 1142 negligentiae
1010 1072 1351 1143 imputemus.
1410 1071 1582 1126 Aliter
1629 1072 1775 1126 enim

223 1165 410 1218 veniam
457 1179 562 1218 non
610 1178 910 1230 meremur,
963 1163 1065 1218 nisi
1115 1176 1213 1217 nos
1255 1178 1383 1217 vere
1431 1161 1776 1217 ostendamus

222 1264 380 1311 nostra
400 1255 551 1326 culpa
599 1269 870 1325 peccasse,
912 1271 1021 1310 non
1056 1241 1363 1326 prmjudieio
1390 1251 1679 1309 Creatoris.
1710 1252 1778 1309 Et

221 1345 341 1399 sicut
366 1344 593 1399 diximus
616 1343 682 1398 de
707 1344 870 1410 bono,
893 1344 1019 1415 quia
1041 1351 1215 1398 totum
1243 1345 1442 1407 bonum
1463 1343 1607 1414 quod
1637 1342 1777 1399 fece-

221 1435 296 1498 rit,
318 1435 405 1488 Dei
430 1442 512 1489 est
539 1435 751 1504 gratim;
784 1436 855 1489 ita
899 1434 1157 1505 quidquid
1193 1435 1392 1489 malum
1438 1432 1627 1490 fecerit
1661 1447 1776 1489 sum

220 1527 420 1586 :cstimet
449 1526 801 1595 negligentiae.
828 1523 979 1581 Unde
1008 1524 1203 1581 clamat
1226 1524 1461 1596 Spiritus
1502 1531 1723 1582 sanctus
1756 1543 1771 1579 :

219 1615 273 1671 Si
298 1616 548 1673 volueritis
569 1624 618 1683 et
639 1617 909 1671 audieritis
938 1633 1036 1682 me,
1068 1616 1204 1670 bona
1224 1625 1377 1671 terra:
1403 1616 1588 1681 edetis;
1611 1618 1656 1670 si
1678 1632 1774 1670 au-

1876 441 2106 511 impulsu
2131 442 2344 517 (Matth.
2376 458 2465 505 vn,
2486 441 2601 513 24).
2634 440 2847 510 Ergone
2890 442 2947 497 in
2967 449 3163 496 vanum
3190 439 3459 515 adiﬁcaut

1873 533 2183 588 sacerdotes
2222 531 2555 599 Ecelesiam;
2587 533 2642 588 in
2670 546 2864 587 vanum
2902 531 3144 601 vigilant,
3176 538 3236 589 ut
3274 531 3454 588 ovium

1874 622 2268 693 simplicitatem
2289 623 2537 693 luporum
2560 622 2827 679 morsibus
2839 622 3067 679 tollant?
3083 619 3151 675 Et
3181 619 3459 692 quemodo

1875 726 2063 769 omnes
2080 711 2366 767 htereticos
2382 720 2585 783 asterno
2601 712 2943 769 anathemate
2963 709 3216 777 ferientes
3234 723 3453 779 gregem

1874 798 2070 857 Christi
2107 802 2449 858 custodiunt?
2494 800 2703 870 Ubique
2740 800 3128 857 catholicorum
3165 808 3462 870 pascuntur

1876 907 2023 959 oves,
2047 901 2102 950 et
2116 881 2461 948 vementibus
2485 908 2632 963 purae
2654 890 2774 947 ﬁdei
2802 891 3039 962 pascuis,
3057 898 3267 947 montes
3280 890 3459 959 exsul-

1875 990 1992 1037 tant
2006 993 2065 1039 ut
2079 984 2279 1039 arietes
2306 991 2362 1039 et
2387 983 2554 1039 colles
2572 982 2720 1037 velut
2742 982 2865 1052 agni
2885 981 3062 1040 ovium
3080 979 3197 1053 (Ps.
3215 979 3455 1053 cme).

1877 1070 2087 1145 Ubique
2114 1090 2148 1129 a
2173 1075 2299 1129 solis
2319 1082 2443 1131 ortu
2473 1087 2643 1143 usque
2677 1071 2746 1127 ad
2769 1087 3042 1139 occasum,
3075 1086 3212 1126 unus
3240 1085 3371 1143 grex
3400 1080 3458 1133 et

1875 1180 2016 1222 unus
2037 1172 2120 1220 est
2150 1172 2350 1235 pastor,
2375 1179 2404 1219 a
2434 1180 2543 1234 quo
2569 1164 2681 1235 lupi
2709 1161 3115 1230 interﬁciuntur,
3138 1178 3204 1219 ne
3233 1170 3463 1225 noceant

1875 1254 2026 1325 gregi
2060 1253 2190 1320 Dei;
2230 1262 2285 1310 et
2310 1254 2484 1311 adhuc
2514 1270 2621 1309 non
2649 1254 2843 1309 videtis
2865 1253 3276 1312 aediﬁcationem
3304 1255 3463 1316 bona:

1875 1347 2171 1402 voluntatis
2191 1361 2510 1403 vanamnon
2537 1360 2674 1411 esse,
2697 1344 2791 1402 sed
2813 1346 3050 1401 certam?
3070 1345 3319 1413 Quotidie
3341 1345 3465 1407 mdi-

1877 1435 2066 1493 ﬁcatur
2092 1436 2283 1491 domus
2303 1436 2396 1490 Dei
2417 1452 2517 1507 per
2544 1437 2767 1490 verbum
2793 1436 3013 1496 bonum.
3039 1450 3137 1507 per
3156 1436 3462 1507 exemplum

1880 1538 2147 1595 sanctum,
2173 1545 2269 1599 per
2293 1528 2524 1584 studium
2552 1529 2831 1598 optimum.
2857 1528 3107 1594 Quotidie
3134 1528 3332 1583 clamat
3359 1543 3460 1599 per

1877 1621 2196 1691 pmphetam
2226 1619 2483 1677 Dominus
2510 1636 2522 1673 :
2553 1616 2843 1689 xEdiﬁcate
2862 1616 3002 1673 vobis
3031 1618 3211 1673 domos
3240 1616 3457 1689 (Jerem.

218 1714 304 1757 tem
335 1705 626 1771 nolueritis,
664 1706 869 1778 gladius
890 1722 978 1760 vos
998 1707 1245 1784 comedet.
1274 1704 1348 1761 0s
1393 1708 1530 1761 enim
1567 1707 1780 1764 Domini
1811 1702 1858 1762 Β
1887 1728 2034 1775 xxnx,
2067 1709 2142 1780 5),
2185 1727 2294 1765 non
2338 1711 2513 1766 luteas
2555 1724 2678 1779 qua:
2716 1725 2746 1779 ξι
2780 1714 2946 1767 vento
2976 1694 3337 1776 ‘moveantur,
3368 1709 3464 1767 sed

218 1792 415 1849 locutum
442 1806 522 1850 est
547 1796 656 1852 haec
684 1786 834 1866 (Isa.
858 1812 895 1861 ι,
926 1795 1043 1867 19).
1083 1797 1186 1852 Per
1210 1792 1556 1855 occasionem
1604 1797 1785 1868 itaque

217 1885 327 1940 boni
356 1887 663 1954 testimonii,
696 1887 789 1941 sed
813 1887 939 1943 mali
960 1887 1286 1959 interpretis,
1308 1904 1405 1943 vos
1425 1889 1600 1946 dicitis
1633 1909 1646 1945 :
1677 1890 1787 1946 No-

218 1976 303 2033 lite
327 1978 476 2040 velle.
512 1981 635 2051 quia
670 1995 779 2037 non
808 1988 891 2037 est
918 1980 1174 2048 volentis;
1202 1990 1419 2037 sanctus
1450 1982 1680 2053 Spiritus
1700 1984 1784 2039 di-

215 2070 280 2125 cit
308 2070 396 2125 :Si
439 2071 740 2127 volueritis.
776 2071 885 2127 Vos
913 2071 1091 2127 dicitis
1122 2090 1136 2125 :
1185 2072 1363 2129 Nolite
1390 2088 1628 2141 currere,
1660 2076 1785 2146 quia

215 2175 309 2215 non
335 2171 411 2217 est
438 2163 736 2228 cuneolis;
767 2170 983 2221 sanctus
1011 2162 1243 2234 Spiritus
1269 2175 1291 2201 ⁸
1310 2165 1470 2223 dicit:
1498 2166 1704 2223 Currite
1725 2180 1787 2224 ut

215 2269 374 2308 omnes
400 2254 845 2326 comprehendaris
866 2244 925 2325 (Ι
950 2252 1065 2309 Cor.
1100 2271 1172 2321 is,
1195 2251 1326 2328 24).
1349 2256 1606 2312 Dominus
1629 2255 1787 2313 Jesus

217 2340 441 2399 Christus
468 2346 667 2399 clamat
698 2362 710 2397 :
744 2343 954 2419 Currite
980 2361 1094 2398 cum
1121 2344 1283 2399 lucem
1329 2345 1561 2413 habetis,
1598 2363 1664 2402 ne
1698 2364 1785 2407 vos

217 2433 423 2488 teaehrtc
460 2434 905 2505 comprehendant
945 2433 1127 2498 (Joan.
1147 2451 1239 2501 xu,
1266 2433 1380 2505 55).
1410 2434 1611 2490 Dantes
1655 2450 1787 2506 ergo

218 2521 356 2576 vobis
382 2525 683 2595 repudium,
727 2533 915 2581 sancto
965 2524 1188 2596 Spiritui
1216 2525 1568 2582 adium-emus.
1598 2525 1787 2585 Helius

214 2619 282 2664 est
306 2615 454 2679 enim,
477 2624 538 2669 ut
562 2615 691 2672 dicit
718 2608 994 2686 apostolus
1034 2617 1249 2681 Petrus,
1286 2615 1314 2655 δ
1354 2615 1600 2673 obaudire
1619 2618 1787 2695 magis

216 2700 312 2756 Deo
339 2720 486 2776 quam
523 2706 817 2763 hominibus
857 2706 1009 2778 (Act.
1034 2709 1094 2773 'v,
1124 2696 1245 2777 99).
1285 2708 1477 2765 Verum
1505 2708 1633 2778 quid
1673 2709 1789 2779 agi-

214 2797 358 2851 mus?
382 2813 567 2853 rursus
607 2797 674 2853 ad
720 2798 906 2873 pejora
932 2808 1233 2856 vestrorum
1262 2801 1455 2863 crescit
1490 2800 1691 2871 dogma
1716 2799 1786 2859 li-

215 2874 436 2955 brorum,
468 2890 521 2945 in
552 2891 750 2963 quibus
778 2876 999 2960 legitur:

273 2973 356 3033 XI.
379 2989 397 3016 θ
415 2972 878 3054 Quantumcunque
903 2983 1060 3036 studii
1075 2984 1155 3037 sui
1176 2984 1307 3040 vires
1329 2984 1398 3038 ad
1422 2985 1789 3059 aedificandum

1884 1815 2005 1871 qua:
2032 1810 2286 1856 maneant
2331 1803 2384 1856 in
2413 1801 2738 1867 soliditatem
2782 1809 2968 1871 petras.
3022 1800 3128 1856 Sed
3163 1802 3318 1857 vobis
3362 1802 3463 1862 ista

1885 1894 2062 1949 omnia
2092 1909 2211 1964 quae
2231 1893 2483 1971 diximus,
2515 1893 2693 1948 inania
2724 1893 2973 1967 videntur
2999 1902 3052 1948 et
3085 1908 3240 1949 vana.
3273 1894 3466 1953 Dicunt

1884 1987 2027 2041 enim
2055 1986 2177 2039 libri
2197 1984 2360 2041 vestri
2399 2002 2412 2038 ε
2444 1983 2755 2055 Aidiﬁcatio
2779 1983 3002 2038 hominis
3039 2001 3145 2039 non
3180 1993 3263 2039 est
3295 1992 3458 2051 certa,

1884 2077 1975 2133 sed
2002 2091 2153 2130 vanu.
2185 2074 2265 2130 Ab
2292 2075 2444 2130 initio
2473 2089 2662 2130 omnes
2688 2073 2859 2129 sancti
2886 2072 3293 2129 aedificationem
3321 2087 3465 2128 men-

1884 2167 2029 2225 tibus
2055 2167 2416 2222 contulerunt.
2449 2165 2608 2221 Verbi
2636 2180 2819 2229 causa,
2853 2165 3054 2235 primus
3073 2164 3207 2221 Abel
3234 2162 3465 2220 aediﬁca.

1884 2258 1963 2312 vit
2002 2256 2263 2328 justitiam
2288 2297 2304 2323 ,
2353 2255 2468 2313 Noe
2512 2256 2904 2335 innocentiam,
2957 2255 3228 2314 Abraham
3282 2254 3463 2322 ﬁdem,

1884 2345 2035 2403 lsaac
2061 2344 2402 2411 sacriﬁcium,
2444 2345 2611 2402 Jacob
2651 2345 2999 2405 ambitionem
3041 2360 3223 2403 rerum
3255 2353 3466 2402 sancta-

1885 2454 2024 2504 rum,
2065 2436 2264 2509 Joseph
2288 2436 2679 2501 castimoniam,
2708 2433 2922 2508 Moyses
2967 2435 3322 2491 sacerdotium
3339 2473 3356 2501 ,
3383 2433 3467 2490 Je-

1885 2545 1978 2585 sus
1996 2527 2135 2583 ﬁlius
2157 2526 2305 2582 Nave
2320 2526 2682 2582 constantiam
2705 2525 2890 2593 animi,
2912 2523 3082 2583 David
3101 2524 3467 2585 defensionem

1886 2618 2073 2695 populi
2099 2618 2216 2687 Dei,
2248 2618 2501 2677 Salomon
2550 2616 2889 2688 sapientiam,
2929 2615 3163 2674 Joannes
3194 2617 3467 2692 paeniten.

1887 2710 2039 2764 tiam.
2067 2707 2181 2764 Hos
2212 2708 2438 2778 carptim
2466 2706 2539 2762 de
2582 2704 2765 2762 multis
2802 2707 3237 2774 memoravimus,
3273 2714 3333 2767 ut
3370 2724 3468 2780 per

1886 2800 1987 2859 hos
2012 2807 2237 2875 caeteros
2279 2812 2418 2870 quos
2442 2797 2705 2865 siluimus,
2735 2796 2802 2855 ad
2830 2798 3143 2855 memoriam
3170 2813 3337 2855 suam]
3376 2812 3469 2855 re.

1886 2908 2107 2958 vocans,
2138 2891 2309 2947 lector
2334 2890 2572 2960 inquirat
2615 2896 2921 2949 utrumnam
2962 2889 3211 2966 homines
3246 2878 3468 2961 fuerint.

1889 2980 1948 3039 Si
1976 2970 2221 3038 homines
2249 2980 2483 3049 fuerunt,
2521 2978 2795 3050 quomodo
2837 2981 3020 3040 dicunt
3064 2980 3187 3039 libri
3233 2996 3419 3055 eorum
3450 2998 3469 3044 ι

213 3081 389 3126 moveat
414 3074 645 3157 humana
665 3074 923 3138 voluntas,
955 3091 1101 3130 casso
1130 3077 1410 3131 certamine
1446 3079 1656 3145 nititur;
1698 3089 1789 3134 aut
1814 3062 1858 3126 C
1892 3071 2199 3128 Ediﬁcatio
2233 3071 2467 3131 hominis
2508 3087 2617 3128 non
2666 3079 2750 3129 est
2770 3079 2942 3138 certa.
2971 3071 3063 3127 sed
3090 3072 3272 3129 vana?
3320 3070 3471 3135 Unda

212 3162 320 3230 quid
339 3164 661 3235 vigilantiam
688 3182 835 3221 suam
863 3174 1010 3236 putat
1038 3166 1262 3221 hominis
1291 3168 1554 3238 fragilitas
1582 3168 1791 3224 teternis

211 3252 461 3310 desideriis
487 3259 843 3329 profuturam,
874 3273 989 3310 cum
1007 3257 1257 3328 propheta
1285 3256 1603 3313 ebidentibus
1617 3256 1791 3313 excla-

212 3354 301 3397 met
325 3338 663 3414 dorumeniis,
707 3348 884 3402 dicens
933 3365 951 3402 :
1001 3346 1125 3403 Nisi
1165 3347 1421 3403 Dominus
1458 3338 1790 3420 (edi/icaverit

213 3433 491 3501 domum,in
519 3455 716 3494 uanum
737 3437 1098 3494 laboraverunt
1111 3440 1197 3509 qui
1214 3436 1477 3509 wdificarit
1499 3456 1633 3493 eam.
1667 3438 1792 3497 Nisi

212 3521 442 3583 Dominus
470 3530 775 3583 custodierit
815 3530 1091 3592 civitatem,
1132 3530 1188 3583 in
1219 3545 1409 3583 vanum
1453 3528 1789 3602 vigilaveram

209 3619 284 3683 qui
333 3623 630 3676 custodiunt
656 3637 771 3675 eam
822 3621 842 3695 (
871 3621 967 3675 Ps.
1000 3636 1189 3687 cxxvr,
1222 3619 1322 3691 l)?
1363 3619 1502 3690 Quid
1526 3631 1603 3677 est
1652 3620 1790 3696 quod

210 3712 373 3763 contra
399 3711 608 3767 divinos
634 3713 841 3784 apices,
887 3717 937 3765 et
984 3720 1169 3766 contra
1222 3712 1589 3768 conscientiam
1640 3726 1791 3769 suum

209 3811 362 3867 sperat
380 3819 434 3857 se
455 3802 719 3874 quispiam
748 3804 1091 3875 aediﬁcationi
1126 3803 1351 3870 studere,
1384 3819 1501 3861 cum
1529 3803 1607 3857 his
1626 3805 1787 3860 sacris

208 3892 391 3949 uocibus
418 3896 671 3951 doceatur
688 3898 974 3968 aediﬁcatio
1002 3896 1229 3952 hominis
1257 3913 1361 3953 non
1382 3912 1494 3953 esse
1512 3905 1672 3963 certa,
1692 3896 1789 3952 sed

206 3985 363 4038 vana?
388 3984 414 4022 ά
457 3984 646 4041 Primo
675 3987 914 4045 omnium
939 4001 1142 4057 quaero,
1185 4001 1346 4059 quam
1384 3985 1788 4043 aediﬁcationem

207 4070 399 4130 dicatis.
432 4075 490 4132 Si
520 4077 594 4132 de
621 4076 897 4135 eminentis
938 4085 995 4132 et
1025 4078 1140 4134 luto
1169 4068 1347 4146 agitis,
1375 4082 1496 4131 c‘um
1523 4075 1791 4149 Egyptiis

206 4161 295 4216 ista
318 4174 566 4224 tractate.
594 4166 701 4224 Nos
721 4175 901 4223 autem
921 4168 1028 4224 hoc
1056 4167 1177 4223 loco
1205 4166 1617 4224 aediﬁcationem
1636 4160 1789 4225 verbi

209 4248 292 4306 Dei
331 4255 701 4327 intelligimus.
742 4251 1005 4313 Verbum
1033 4264 1214 4317 autem
1261 4255 1358 4312 Dei
1407 4258 1462 4315 in
1503 4264 1619 4313 toto
1657 4259 1790 4313 orbe

207 4351 452 4402 terrarum
475 4365 505 4405 a
528 4350 629 4405 Dei
658 4344 1027 4409 sacerdotibus
1046 4348 1113 4403 ad
1138 4348 1547 4406 aediﬁcationem
1570 4349 1665 4409 Dei
1688 4348 1788 4406 Ec—

1891 3164 2098 3233 agimus
2125 3178 2267 3220 nunc
2318 3162 2752 3221 conclusionibus
2799 3163 3079 3219 catholicis
3116 3163 3318 3220 dictum
3358 3163 3470 3225 ιω-

1889 3254 2196 3311 reticorum.
2248 3253 2355 3308 Aut
2410 3268 2520 3308 non
2565 3252 2783 3307 fuerunt
2822 3252 3263 3325 hominequuia
3288 3264 3471 3322 manet

1888 3344 2170 3400 aediﬁcatio
2205 3358 2425 3408 eorum;
2468 3349 2559 3399 aut
2587 3342 2664 3397 illi
2691 3341 2937 3401 homines
2963 3341 3217 3419 fuerunt,
3238 3352 3296 3406 et
3337 3345 3471 3406 isto-

1888 3452 2008 3493 rum
2055 3435 2281 3491 assertio
2316 3434 2550 3492 evanuit.

1961 3527 2075 3585 Xll.
2123 3537 2146 3565 °
2188 3526 2298 3582 Sed
2343 3527 2390 3581 si
2436 3534 2617 3583 contra
2662 3541 2758 3583 nos
2800 3524 3017 3592 uertitis,
3058 3522 3332 3597 inquiunt,
3364 3541 3472 3590 non

1890 3630 2071 3677 contra
2127 3635 2222 3675 nos
2283 3618 2464 3677 venitis
2487 3657 2502 3683 .
2573 3618 2663 3675 sed
2722 3624 2904 3673 contra
2955 3633 3072 3675 eum
3130 3618 3216 3691 qui
3281 3617 3471 3679 dixit:

1892 3710 2014 3771 Nisi
2061 3710 2315 3769 Dominus
2359 3706 2692 3782 ludiﬁcaverit
2721 3710 2946 3777 domum,
2994 3711 3051 3767 in
3105 3726 3291 3767 vanum
3329 3709 3473 3769 labo-

1834 3799 1837 3801 ’
1889 3811 2135 3861 raverunt
2170 3804 2256 3876 qui
2295 3802 2556 3873 wdiﬁeant
2598 3816 2736 3858 eam.
2780 3798 2853 3855 Et
2885 3816 2904 3859 :
2936 3798 3059 3863 Nisi
3101 3799 3355 3861 Dominus
3383 3817 3474 3857 cu.

1889 3892 2124 3967 stodierit
2164 3893 2453 3961 ciuitatem,
2504 3892 2560 3946 in
2605 3907 2794 3949 vanum
2844 3889 3206 3949 laboraret-unt
3245 3893 3332 3966 qui
3380 3908 3473 3948 cu.

1889 3984 2118 4041 stodiunt
2158 4000 2272 4039 eam
2303 3976 2418 4054 (Ps.
2453 3997 2643 4047 cxxt't,
2676 3981 2751 4053 l).
2806 3979 2945 4052 Ergo
2983 3983 3164 4037 nesciit
3199 3981 3320 4055 quia
3368 3999 3472 4051 non

1888 4085 2001 4132 erat
2031 4076 2159 4131 utile
2195 4076 2383 4147 populo
2426 4070 2523 4128 Dei
2552 4074 2639 4148 qui
2679 4072 2789 4128 hac
2817 4073 2937 4143 fecit
2966 4072 3160 4138 scribi,
3200 4081 3251 4131 et
3278 4073 3349 4131 ad
3380 4088 3472 4144 ρος

1888 4148 2055 4225 steros
2075 4152 2327 4241 usquead
2352 4165 2509 4235 ﬁnem
2525 4163 2704 4221 saeculi
2731 4163 2921 4234 dirigi?
2956 4161 3059 4216 Vos
3079 4164 3249 4234 itaque
3261 4163 3347 4235 qui
3371 4164 3474 4221 ista

1889 4250 2281 4331 reprehenditis,
2319 4256 2519 4326 auferte
2555 4253 2662 4307 haec
2694 4253 2762 4321 ,de
2797 4252 2930 4307 libro
2958 4251 3310 4319 Psalmarttm,
3352 4254 3474 4326 quia

1891 4351 2115 4422 legentes
2144 4357 2195 4403 et
2221 4346 2503 4420 psallentes
2531 4345 2624 4400 hos
2646 4344 2948 4408 uersiculos,
2982 4351 3039 4399 ut
3075 4344 3268 4411 dicitis,
3302 4343 3459 4414 tediﬁ,

208 4437 369 4496 etesiis
410 4445 718 4499 exhibetur.
751 4443 935 4498 Vanus
978 4450 1061 4498 est
1105 4452 1235 4511 ergo
1272 4458 1452 4499 sermo
1481 4441 1787 4517 pontiﬁcis?
1815 4432 1864 4493 D
1893 4441 2003 4496 cari
2030 4457 2132 4495 non
2155 4447 2391 4511 possunt.
2443 4435 2462 4476 ί
2496 4437 2604 4517 Nos
2631 4435 2833 4492 dictum
2869 4434 3144 4510 propheta:
3169 4433 3471 4503 laudamus,

206 4529 365 4588 inanis
392 4534 682 4592 doctrina?
710 4536 866 4592 inane
893 4536 1164 4591 studium?
1186 4534 1253 4591 Et
1273 4537 1319 4590 si
1347 4551 1485 4590 vana
1517 4543 1601 4591 est
1618 4532 1793 4616 :ediﬁ:

208 4623 336 4678 catio
374 4626 536 4695 hujus
566 4627 779 4698 operis,
798 4635 869 4681 ut
899 4625 1028 4698 quid
1057 4627 1124 4682 ab
1154 4626 1414 4695 Apostolo
1453 4626 1783 4696 imperatur?

207 4708 331 4766 Dicit
351 4715 495 4770 enim
519 4715 720 4771 Paulus
756 4717 1035 4786 apostolus
1067 4732 1080 4769 :
1111 4714 1401 4786 Aidificate
1435 4714 1741 4770 alterutrum
1761 4731 1780 4768 :

207 4807 366 4859 omnia
400 4818 571 4862 uestra
600 4809 670 4862 ad
697 4810 1095 4879 tediﬁcationem
1122 4810 1253 4880 ﬁant
1285 4808 1338 4881 (l
1364 4808 1512 4879 Thes,
1558 4825 1610 4873 v,
1647 4809 1706 4862 ll
1727 4809 1773 4882 ).

207 4892 267 4950 Et
293 4899 514 4957 iterum:
551 4902 622 4958 Ut
650 4906 853 4972 sapiens
883 4904 1188 4963 architectus
1219 4902 1609 4974 fundamentum
1633 4902 1783 4973 posui

209 4989 389 5055 (lCor.
458 4986 675 5065 n‘:,m).
710 4996 771 5052 Si
816 4997 930 5069 quis
978 4995 1359 5066 supera'diﬁcat
1403 5010 1563 5065 supra
1586 4993 1780 5067 funda-

208 5093 416 5138 mentum
433 5104 551 5151 aoc,
573 5103 774 5153 aurum,
789 5094 1079 5161 argentum,
1109 5086 1306 5160 lapides
1318 5088 1591 5157 pretiosos,
1617 5086 1779 5157 ligna,

212 5174 894 5250 fenum,stipulam,uniuseu
893 5179 1080 5253 jusque
1100 5195 1227 5250 opus
1247 5177 1393 5252 quale
1418 5179 1504 5242 sit,
1517 5178 1653 5253 ignis
1666 5193 1784 5245 pro-

209 5261 335 5319 babit
348 5267 525 5337 (I’Cor.
552 5285 631 5335 ιιι,
648 5268 754 5334 12,!
766 5269 840 5340 5).
867 5269 934 5324 Et
949 5271 1205 5325 Dominus
1221 5270 1273 5325 in
1290 5269 1583 5337 Evangelia
1599 5267 1783 5325 laudat

208 5354 369 5412 virum
401 5361 721 5432 sapientein,
766 5364 889 5432 quia
930 5361 1155 5431 mitiﬁcet
1179 5360 1396 5417 domum
1436 5373 1587 5414 suam
1618 5373 1785 5430 super

271 5525 294 5587 ξ
327 5515 421 5587 iis.
453 5519 739 5587 Angicnsc,
762 5522 885 5576 dicit
923 5522 995 5574 sic
1032 5521 1236 5576 currite.

270 5581 298 5620 ι’
336 5583 430 5641 Ms.
463 5581 629 5664 idem,
650 5581 1063 5664 ohediremagis.

276 5663 296 5689 ε
336 5674 430 5716 .ns,
462 5660 603 5713 idem
631 5679 641 5712 :
674 5662 804 5719 Xlll.
836 5660 1124 5719 liminum.
1166 5661 1636 5730 Quantumcunque,
1670 5665 1774 5713 etc.

483 5748 748 5811 rnatu.
793 5748 937 5819 LIII,

1887 4528 2211 4602 probamus,
2262 4516 2602 4597 conﬁtemur,
2647 4525 3026 4585 conﬁrmamus
3070 4532 3126 4585 et
3169 4525 3468 4596 psallimus.

1887 4630 2048 4693 atque
2100 4622 2206 4677 hoc
2270 4619 2459 4676 ordine
2510 4617 2806 4695 secundum
2855 4617 3094 4687 regulam
3147 4618 3469 4675 catholicam

1883 4712 2252 4782 explanamus.
2296 4709 2378 4765 Ab
2417 4710 2591 4775 initio,
2640 4717 2699 4763 ut
2738 4707 3050 4773 diximus,a
3085 4715 3273 4783 θείῃῑο
3301 4708 3471 4765 Ahala

1878 4798 2025 4872 justo
2042 4800 2293 4871 usquead
2314 4799 2621 4856 Zachariam
2638 4806 2693 4852 et
2711 4796 2993 4863 Joannem,
3023 4813 3213 4855 omnes
3232 4798 3491 4871 tediﬁca-_

1891 4901 2080 4947 verunt
2107 4890 2345 4954 domum,
2374 4904 2480 4943 non
2510 4887 2804 4950 mamentis,
2836 4896 2895 4943 ut
2933 4886 3184 4957 diximus,
3215 4888 3311 4965 sed
3339 4904 3465 4945 san-

1885 4987 1985 5043 ctis
2011 4978 2291 5054 exemplis.
2317 4981 2696 5036 Verumtamen
2727 4979 2828 5033 nisi
2851 4978 3105 5045 Dominus
3130 4979 3469 5061 lesus‘Chri-

1884 5064 2000 5136 stus
2025 5078 2276 5139 venisset,
2308 5082 2361 5133 et
2389 5074 2503 5144 ipse
2528 5070 2844 5129 mdiﬁcassct
2866 5070 3084 5133 domum
3113 5070 3254 5130 hanc
3280 5074 3335 5131 in
3362 5087 3467 5142 qua

1884 5172 1961 5228 illi
1990 5170 2385 5233 laboraverunt,
2419 5166 2470 5220 in
2499 5178 2695 5219 vanum
2726 5163 3103 5226 laboraverant
3123 5166 3217 5235 qui
3243 5164 3471 5220 aediﬁca.

1883 5267 2073 5317 verant
2098 5272 2237 5316 eam.
2270 5255 2401 5310 Nam
2430 5262 2486 5310 et
2511 5254 2792 5327 vigilanter
2820 5255 3130 5315 institerunt
3155 5255 3300 5327 gregi
3326 5270 3339 5307 :
3370 5255 3493 5316 sed.

1883 5354 1986 5410 nisi
2007 5348 2427 5409 Dominuslesus
2447 5336 2692 5406 Christus
2712 5365 2863 5405 suam
2886 5348 3181 5405 custodiam
3202 5344 3477 5410 exhibuis-

1882 5526 1899 5543 '
1953 5509 1979 5551 ἀ
2011 5512 2108 5567 iis.
2138 5511 2308 5586 idem:
2340 5508 2649 5586 Carnorum.
2685 5509 3116 5586 Prima_cinn‘_mn
3131 5514 3459 5576 qutrro,cti,

1958 5595 1981 5620 ο
2015 5586 2108 5637 iis.
2144 5583 2281 5637 idem
2315 5600 2328 5634 :
2366 5581 2498 5638 XlV.
2535 5585 2828 5641 "suum.
2864 5580 2970 5635 Sed
2989 5580 3051 5637 si,
3083 5590 3114 5628 θ
3137 5595 3192 5641 t'.

1964 5653 1982 5691 ί
2015 5654 2111 5714 Ms.
2148 5654 2286 5711 idem
2321 5671 2333 5705 :
2367 5653 2675 5709 CATllOlJtZI.
2717 5650 2830 5704 Nos
2850 5651 3062 5715 dictum,
3085 5659 3202 5717 om

2828 5744 2900 5808 21
3447 5782 3517 5811 ..ρ
