3926 6176
449 336 556 395 ’ὓῖἰὶ

1381 373 1388 375 μ
1405 325 1684 382 "AUCTOR
1725 318 2029 378 ΑΝΟΝῗῗιῖῐ

2136 316 2216 373 Ρη
2245 312 2657 373 EDESTINATI
3567 308 3656 365 653

459 452 866 520 set,'%iu’vanum'
893 449 1269 505 laboraverunt
1306 447 1667 500 custodientes
1705 457 1844 498 eum.
1877 440 2028 496 Unde
2058 448 2105 504 Α
2132 437 2242 493 suis
2269 435 2558 491 sceleribus
2581 431 2788 496 reddat,
2815 443 2911 484 nec
2932 427 3141 484 studeat
3169 421 3425 495 quiSpiam
3447 421 3663 478 llentibus

459 548 619 603 etiam
639 543 905 614 sequitur:
933 541 997 596 In
1023 557 1205 595 varium
1237 547 1314 592 est
1345 537 1483 592 vobis
1505 547 1626 592 ante
1640 537 1802 591 lucem
1823 525 2031 606 surgere

461 635 576 710 (Ps.
597 651 772 701 cxxvt,
792 634 868 706 Ξ).
890 633 1004 687 Lux
1016 634 1157 688 enim
1173 631 1413 687 Christus
1425 643 1540 685 esse
1554 632 1647 684 éta
1667 619 1961 701 prophetis,
1977 634 2033 680 et

456 732 526 787 ab
553 726 919 797 evangelistis,
950 733 1004 779 et
1030 724 1096 778 ab
1124 723 1380 794 apostolis
1403 721 1723 776 declaratur.
1748 718 2032 787 Propheta:

452 835 586 891 ergo
613 833 800 876 omnes
828 825 953 871 ante
980 815 1152 869 lucem
1179 819 1542 877 surrexerunt,
1585 810 1637 865 id
1677 817 1758 864 est
1784 816 1909 861 ante
1937 820 2033 860 na-

457 913 722 968 tivitatem
748 906 965 964 Christi.
1008 903 1100 958 His
1125 903 1178 957 in
1206 917 1400 957 vanum
1433 901 1528 956 fuit
1554 907 1680 955 ante
1707 899 1880 953 lucem
1906 912 2031 951 sur-

457 1016 624 1073 gere;
652 1012 760 1054 non
798 997 940 1052 enim
970 1002 1258 1066 potuerunt
1298 1001 1510 1048 noctem
1538 989 1864 1061 patientibus
1891 987 2032 1042 veri-

459 1101 626 1150 tatem
674 1088 976 1146 ostendere.
1025 1085 1132 1140 Sed
1179 1084 1326 1138 venit
1375 1083 1504 1147 lux,
1567 1088 1622 1136 et
1674 1078 2033 1134 manifestavit

436 1185 671 1243 .oocculta
687 1182 1036 1237 tenebrarum
1061 1196 1072 1230 :
1105 1185 1160 1232 et
1183 1182 1314 1230 tunc
1341 1175 1554 1229 demum
1596 1173 1714 1226 laus
1751 1171 1916 1242 erupit
1941 1185 2031 1224 es-

426 1293 520 1334 se
545 1276 832 1342 unicuique
860 1287 890 1326 a
921 1271 1051 1325 Deo.
1079 1266 1188 1322 Nisi
1215 1280 1341 1335 ergo
1371 1266 1484 1336 ipse
1515 1263 1750 1319 venisset
1770 1269 1825 1316 et
1867 1260 2032 1316 acditi-

458 1375 632 1427 casset
679 1365 915 1428 domum,
960 1361 1014 1415 in
1056 1374 1251 1414 vanum
1289 1358 1665 1411 laboraverant
1708 1350 2032 1408 aedificantes

458 1476 597 1519 eam.
623 1457 773 1511 Nunc
799 1468 928 1524 ergo
954 1452 1078 1522 quia
1107 1452 1253 1504 venit
1283 1457 1337 1504 et
1361 1445 1641 1502 aediﬁcavit
1667 1443 2032 1513 domum,jam

457 1555 642 1612 nonin
673 1563 866 1606 vanum
903 1547 1149 1600 laborant
1195 1542 1286 1612 qui
1323 1540 1587 1596 aediﬁcant
1623 1553 1760 1594 eam.
1792 1535 1862 1591 Et
1906 1536 2032 1605 quia

459 1645 609 1701 venit
634 1650 694 1696 ut
721 1637 983 1694 custodiat
1005 1635 1296 1697 civitatem,
1325 1630 1439 1700 jam
1463 1646 1568 1684 non
1593 1631 1646 1684 in
1675 1644 1868 1684 vanum
1898 1626 2033 1694 vigi~

443 1737 572 1790 lant
591 1733 681 1802 qui
709 1727 1016 1786 custodiunt
1043 1739 1182 1779 eam.
1223 1721 1290 1776 Et
1328 1722 1452 1790 quia
1481 1720 1572 1774 lux
1598 1719 1762 1783 venit,
1795 1727 1850 1774 et
1893 1718 2034 1772 lucet

2134 527 2313 582 lavare
2337 525 2505 581 oculis
2531 524 2672 594 quod
2703 518 3200 590 concupiscentibus
3234 513 3531 585 inquinavit,
3561 527 3662 567 cum

2133 619 2315 674 audiat
2342 617 2488 671 illum
2515 630 2610 669 vas
2637 612 2936 686 electionis,
2966 611 3112 665 illum
3133 607 3434 674 magistrum
3461 602 3664 658 omnium

2135 711 2514 774 Ecclesiarum,
2546 722 2652 762 non
2675 706 2875 759 bonum
2904 702 3046 771 quod
3077 700 3303 754 voluisse
3327 713 3386 752 se
3415 701 3663 760 memorat,

2133 803 2228 859 sed
2275 801 2471 876 malum
2517 797 2662 868 quod
2717 795 2950 850 noluisse
3005 807 3063 848 se
3110 790 3299 845 asserit
3343 795 3664 857 perpetrasse.

2133 890 2430 962 Aperuistis
2457 897 2658 959 portas,
2690 901 2798 940 non
2822 883 3060 954 justitite,
3086 882 3178 936 sed
3207 878 3491 949 iniquitatis
3516 875 3667 930 omni-

2132 985 2233 1040 bus
2254 982 2580 1047 hominibus,
2603 987 2658 1033 et
2684 994 2750 1034 ex
2779 976 2960 1032 verbis
2987 973 3231 1045 Apostoli
3253 979 3439 1026 contra
3462 968 3668 1036 Aposto-

2132 1075 2245 1129 lum
2280 1073 2422 1128 bella
2463 1069 2794 1140 sumpsistis,
2830 1065 3074 1122 volentes
3121 1078 3238 1119 esse
3277 1058 3530 1129 magistri,
3567 1070 3670 1111 eum

2135 1180 2408 1235 nunquam
2452 1163 2612 1218 fuisse
2638 1176 2734 1216 vos
2774 1157 3063 1228 discipulos
3089 1152 3400 1217 ostendatis,
3430 1156 3482 1204 et
3506 1161 3671 1201 sonum

2134 1260 2328 1314 littera:
2367 1254 2705 1310 attendentes
2742 1250 2844 1322 ipsi
2885 1249 3037 1304 vobis
3083 1246 3260 1300 subito
3309 1239 3532 1310 coepistis
3572 1250 3671 1292 esse

2134 1351 2400 1405 doctores.
2426 1345 2562 1414 Quid
2586 1359 2728 1398 nunc
2755 1341 2994 1404 iacimus,
3025 1335 3115 1407 qui
3131 1343 3336 1390 vestras
3353 1327 3671 1400 blasphemias

2137 1455 2243 1494 non
2285 1437 2575 1493 duramus?
2626 1433 2684 1489 Si
2725 1430 3076 1491 tacuerimus,
3125 1441 3225 1481 vos
3267 1420 3508 1478 videmini
3550 1423 3671 1473 recte

2135 1530 2357 1594 dixisse,
2383 1543 2486 1582 nec
2506 1526 2681 1581 solum
2709 1523 2928 1586 dixisse,
2960 1517 3054 1573 sed
3083 1517 3247 1572 etiam
3277 1511 3554 1582 scripsisse.
3584 1506 3670 1562 Lo-

2136 1622 2371 1692 quimur,
2417 1618 2640 1688 juvante
2678 1613 2926 1673 Domino,
2961 1608 3221 1677 fugientes
3267 1602 3483 1674 gloriam
3523 1597 3671 1652 homi-

2140 1727 2286 1776 num,
2319 1708 2530 1764 nescios
2557 1706 2834 1769 docentes,
2868 1701 3136 1756 studiosos
3157 1697 3502 1756 instruentes,
3530 1689 3673 1743 scien—

459 1775 681 1802 .......,...
711 1775 1014 1786 ηψπ-ν--
1277 1775 1284 1776 κ
1346 1775 1361 1790 ,
1750 1775 1761 1783 ,
2275 1775 2280 1776 ,

459 1829 513 1883 in
535 1823 789 1887 tenebris,
813 1819 923 1889 jam
956 1831 1060 1873 non
1087 1819 1138 1872 in
1166 1829 1360 1871 vanum
1391 1823 1513 1867 ante
1541 1813 1716 1867 lucem
1738 1812 2021 1880 surgimus.
2062 1819 2100 1878 Β
2135 1813 2220 1861 tcs
2240 1800 2593 1865 laetiﬁcantes,
2611 1813 2709 1853 vos
2737 1795 3064 1864 detegentes.
3091 1788 3370 1859 Scriptum
3398 1783 3509 1838 libri
3537 1775 3672 1835 vestri

455 1918 524 1974 Et
561 1917 682 1987 quia
713 1913 868 1984 panis
899 1910 1098 1964 laetitia:
1143 1907 1208 1962 de
1230 1906 1367 1961 coelo
1413 1903 1723 1968 descendit,
1767 1901 1876 1972 jam
1923 1916 2032 1954 non

459 2008 842 2065 manducamus
887 2016 1081 2073 panem
1127 1999 1345 2054 doloris.
1378 1997 1513 2051 llinc
1533 1996 1674 2050 enim
1711 1995 1951 2064 sequitur
1980 1993 2034 2048 in

454 2099 666 2172 psalmo
687 2094 998 2150 versiculus.
1033 2091 1161 2154 Vos,
1190 2089 1387 2158 inquit,
1435 2095 1457 2123 ο
1482 2088 1534 2141 in
1564 2101 1758 2142 vanum
1799 2096 1922 2140 ante
1949 2085 2032 2139 lu-

2136 1902 2237 1961 cst,
2281 1909 2430 1964 quae,
2473 1888 2617 1962 quod
2659 1887 2811 1959 pejus
2857 1875 2972 1950 est,
3021 1881 3175 1938 vobis
3219 1875 3556 1933 morientibus
3598 1870 3671 1923 illa

2135 2003 2243 2043 non
2298 1985 2553 2051 moritur,
2599 1988 2653 2036 et
2692 1979 2759 2033 ad
2815 1975 3134 2032 evertendos
3176 1972 3418 2026 incautos
3457 1973 3673 2032 tanquam

2135 2093 2329 2134 cancer
2360 2075 2543 2145 serpit.
2579 2072 2866 2127 Videamus
2887 2067 3012 2137 quid
3032 2071 3293 2133 sequatur
3321 2060 3452 2113 liber
3471 2071 3498 2109 a
3524 2060 3669 2107 vestra

2135 2170 2373 2224 vanitate
2399 2165 2762 2234 conscriptus.
2805 2170 2828 2198 ε
2853 2155 3085 2229 Apostoli
3114 2153 3269 2209 verba
3307 2155 3448 2211 sunt,
3475 2151 3674 2198 nostrum

2137 2261 2267 2315 nihil
2310 2259 2660 2330 adjungimus.
2694 2253 2816 2324 'Ipse
2859 2251 2924 2304 de
2970 2243 3176 2303 sedicit
3209 2261 3225 2298 :
3259 2241 3380 2297 Non
3423 2239 3547 2311 quod
3581 2233 3674 2288 volo

2137 2354 2326 2409 bonum
2371 2326 2494 2405 hoc-
2519 2367 2648 2421 ago,
2697 2346 2786 2401 sed
2823 2343 2957 2416 quod
3004 2339 3123 2395 nolo
3169 2336 3365 2392 malam
3408 2331 3527 2386 illud
3563 2326 3676 2399 facio

2141 2445 2328 2520 (Ibid).
2359 2445 2379 2483 τ
2412 2444 2569 2498 Arius
2598 2442 2651 2496 in
2681 2440 2840 2496 tertio
2875 2437 3012 2492 libro
3041 2449 3140 2490 suo
3169 2431 3490 2501 epigramma
3516 2422 3670 2491 hujus-

2139 2539 2283 2595 modi
2315 2538 2512 2610 posuit,
2541 2536 2725 2590 dicens
2759 2552 2771 2586 :
2805 2520 2808 2521 ν

2214 2600 2352 2686 XIV.
2374 2629 2483 2701 Nos
2502 2600 2670 2683 verba
2702 2623 2820 2678 Filii
2843 2621 2940 2675 Dei
2969 2617 3294 2688 accepimus,
3321 2620 3374 2667 et
3399 2621 3517 2664 vera
3538 2600 3675 2701 credi-

2141 2738 2280 2790 mus,
2299 2736 2427 2776 vera
2452 2698 2613 2775 etiam
2636 2713 2976 2772 conﬁtemur.
2997 2710 3122 2780 ipse
3149 2707 3283 2762 dicit
3308 2722 3322 2758 :
3353 2701 3502 2755 Pater
3533 2692 3676 2762 major

2141 2831 2228 2872 me
2265 2822 2367 2880 est,
2399 2822 2453 2868 et
2486 2830 2498 2865 :
2528 2810 2640 2879 Ego
2678 2818 2732 2863 et
2757 2806 2924 2860 Pater
2962 2816 3122 2858 unum
3152 2812 3359 2860 sumus,
3389 2785 3504 2862 quia
3526 2784 3674 2880 ego-in

2144 2904 2321 2972 Patre,
2350 2873 2663 2959 etPatervin
2689 2913 2794 2952 me.
2835 2895 3017 2950 Noluit
3062 2891 3278 2958 legere;
3322 2873 3675 2972 jungere_enim

438 2187 844 2256 Iccntsurgitis,
889 2184 980 2252 qui
1035 2179 1372 2235 manducatis
1420 2191 1611 2246 panem
1657 2174 1878 2230 doloris.
1927 2173 2035 2229 Nos

451 2289 639 2335 autem
665 2278 756 2347 qui
786 2291 894 2330 non
935 2273 1318 2350 manducamus
1343 2279 1535 2339 partem
1563 2266 1783 2333 doloris,
1815 2265 1908 2322 scd
1937 2253 2034 2336 pa;

447 2383 582 2428 auem
611 2370 816 2433 salutis,
852 2365 1174 2421 mdllicem-us
1223 2361 1441 2416 domum
1479 2367 1720 2415 nostram
1755 2375 1917 2430 super
1943 2373 2036 2429 pe-

417 2505 422 2510 .
453 2475 620 2531 etram,
650 2471 704 2518 et
730 2460 1009 2529 vigilemus
1037 2461 1412 2525 exspectantes
1447 2452 1756 2518 Dominum,
1789 2453 1913 2524 quia
1941 2467 2038 2507 ne-

421 2556 656 2611 «scimus
691 2551 833 2606 diem
867 2563 1040 2618 neque
1075 2547 1262 2610 horam
1304 2542 1516 2614 (Matth.
1553 2559 1675 2608 xxv,
1709 2541 1819 2613 l5).
1848 2542 2038 2596 Beatus

422 2646 548 2702 «ille
573 2659 763 2705 servus,
805 2657 949 2713 quem
983 2639 1104 2692 dum
1128 2637 1316 2690 venerit
1348 2632 1594 2686 Dominus
1627 2631 1774 2705 (Luc.
1807 2649 1899 2698 xu,
1922 2632 2035 2702 57),

455 2733 726 2790 invenerit
773 2731 1099 2800 vigilantem.
1129 2723 1190 2780 Si
1229 2725 1455 2790 videtur,
1504 2723 1820 2780 accedamus
1847 2724 1916 2779 ad
1947 2739 2039 2780 re~

426 2825 626 2894 diqua.
830 2795 852 2800 ν

505 2936 514 2961 ς
533 2909 668 2966 Χιιι.
682 2910 710 2949 δ
727 2909 830 2965 Sed
850 2909 972 2982 quid
991 2895 1174 2980 putant
1191 2908 1276 2963 isti
1293 2924 1346 2962 se
1366 2906 1621 2962 voluntate
1631 2922 1724 2959 sua
1739 2905 1806 2958 ad
1822 2906 2041 2976 fructum

431 3003 826 3073 'adiﬁcationis
864 3001 1153 3071 attingere,
1200 3015 1315 3052 cum
1359 3014 1452 3052 nec
1492 2999 1602 3067 ipse
1647 3013 1734 3051 vas
1779 2966 2042 3050 electionis
2141 2966 2318 3067 potuit
2336 2994 2443 3048 duo
2472 2993 2594 3054 ista,
2620 2987 2672 3044 id
2701 2996 2801 3054 est,
2834 2985 2995 3040 Pater
3015 2981 3182 3051 major
3209 2994 3294 3033 me
3323 2983 3418 3040 est,
3445 2979 3495 3026 et
3519 2966 3614 3038 Ego
3638 2969 3676 3016 ll

457 3108 613 3148 suam
642 3100 838 3148 asserat
853 3107 905 3145 se
923 3090 1232 3145 voluntatem
1252 3088 1460 3157 implere
1474 3085 1724 3157 potuisse?
1741 3085 1875 3141 Dicit
1906 3088 2042 3142 enim
2143 3058 2304 3144 -Pater
2331 3103 2490 3142 unum
2531 3100 2745 3148 sumus;
2795 3089 2849 3136 et
2876 3079 3002 3134 dum
3047 3077 3149 3131 ista
3177 3073 3290 3127 duo
3325 3067 3586 3139 junxisset,
3615 3058 3677 3112 in~

441 3182 534 3237 de
560 3197 615 3235 se
643 3182 753 3251 ipso
779 3179 1053 3249 Apostolus
1075 3194 1095 3232 :
1124 3171 1249 3231 Mm
1275 3147 1409 3249 quod
1447 3147 1558 3232 volo
1586 3178 1774 3232 bonum
1803 3176 1897 3231 hoc
1921 3194 2038 3249 ago,
2069 3187 2114 3252 (ζ
2142 3186 2364 3236 venerat
2397 3176 2588 3232 Filium
2627 3147 2862 3228 hominis
2897 3176 2953 3223 et
2979 3165 3169 3221 Filium
3211 3161 3332 3216 Dei.
3361 3154 3536 3212 Omnia
3561 3147 3676 3204 enim

457 3270 560 3325 πά
585 3239 734 3341 ηυὶά
771 3239 892 3323 πδίο
931 3267 1124 3321 ’πάντη
1150 3239 1451 3339 “(Miami
1501 3265 1680 3338 (Rom-
1723 3281 1812 3331 νιι,
1842 3239 2045 3334 19)ον8ἶ
2074 3239 2113 3252 ν
2145 3269 2514 3342 passibilitatis
2533 3279 2753 3337 genera,
2784 3278 2812 3318 a
2837 3261 3045 3315 Deitate
3073 3254 3304 3322 sublata,
3335 3250 3430 3306 soli
3457 3244 3578 3300 Filio
3598 3239 3677 3294 ho.

470 3377 593 3433 "9°
614 3360 886 3431 ΑΡ⁰³²⁰¹¹⁸⁸
908 3359 1044 3431 quad
1070 3359 1174 3413 "‘u
1195 3356 1387 3412 bonum
1403 3358 1617 3426 θημίσνε
1644 3373 1746 3412 non
1775 3359 2042 3430 Ρνωυαιει.
2145 3339 2304 3416 minis
2332 3365 2581 3431 poterant
2604 3351 3067 3412 convenire.Deus
3091 3347 3238 3403 enim
3279 3358 3380 3400 nec
3398 3339 3575 3400 minor.
3599 3342 3678 3384 υθέ

463 3449 726 3521 quomodo
745 3449 832 3504 isti
861 3448 1038 3502 dicunt
1074 3465 1166 3519 per
1191 3447 1505 3503 uoluntatem
1533 3464 1681 3502 suam
1713 3447 1783 3501 ad
1825 3450 2046 3520 fructum
2144 3453 2318 3523 major
2336 3457 2435 3516 est,
2464 3448 2557 3505 sed
2585 3449 2689 3502 hoc
2713 3454 2794 3501 est
2819 3442 2962 3514 quod
2992 3448 3074 3496 est
3101 3437 3243 3493 idem
3274 3445 3500 3502 semper,
3523 3432 3680 3481 carem

467 3559 528 3597 se
548 3559 698 3614 posse
726 3542 912 3614 gratia:
938 3541 1276 3612 pervenire?°
1313 3539 1596 3609 Nunquam
1623 3539 1839 3595 lestinat
1867 3538 1933 3593 ad
1959 3554 2047 3593 ve-
2146 3542 2498 3607 incremento,
2546 3553 2736 3595 carens
2773 3535 3114 3591 detrimento.
3145 3529 3430 3597 Nunquam
3469 3527 3681 3588 augmen-

471 3636 638 3702 niam,
669 3635 760 3704 qui
787 3633 1003 3702 longum
1022 3632 1145 3687 vult
1171 3643 1290 3687 esse
1317 3631 1460 3700 quod
1485 3638 1689 3701 peccat.
1717 3629 1791 3683 Da
1814 3631 2042 3694 veniam,
2133 3633 2310 3688 tando
2339 3628 2568 3702 proﬁcit,
2602 3641 2874 3697 nunquam
2900 3621 3078 3679 deﬁcit
3114 3618 3434 3681 minuendo;
3474 3611 3558 3666 sed
3583 3613 3681 3659 ante

472 3727 729 3794 magister
754 3724 1010 3794 gentium,
1032 3695 1352 3792 quaesumus,
1377 3737 1445 3777 ne
1468 3695 1568 3776 nos
1588 3721 1877 3791 participes
1905 3721 2029 3792 inju-

2146 3726 2326 3783 omnia
2356 3723 2497 3780 idem
2516 3722 2608 3794 qui
2629 3695 2750 3792 post
2769 3717 2967 3779 omnia,
2990 3715 3119 3770 etin
3141 3711 3392 3768 omnibus
3417 3695 3679 3777 prreteritiS.

2382 3815 2411 3820 --
2613 3813 2631 3820 -
2754 3812 2765 3820 .
2840 3809 2851 3820 .
3010 3815 3020 3820 -
3062 3807 3076 3820 .
3244 3805 3526 3820 “dum.
3583 3789 3679 3820 "an,

469 3817 676 3872 riarum
703 3813 913 3870 tuarum
934 3830 1053 3871 esse
1094 3814 1394 3886 permittas.
1414 3789 1710 3869 Videamus
1753 3789 1881 3882 ergo
1919 3789 2047 3882 quid
2147 3815 2499 3890 pungentibus
2525 3789 2580 3870 et
2607 3789 2798 3868 futuris
2840 3806 3182 3864 immutabilis
3229 3805 3546 3873 perseverat.
3583 3789 3682 3843 llmc

474 3907 689 3964 Volebat
717 3907 1005 3978 Apostolus
1029 3915 1084 3961 et
1119 3906 1296 3960 facere
1326 3911 1432 3960 non
1461 3905 1696 3970 valebat,
1736 3913 1791 3960 et
1813 3881 1951 3974 quid
1966 3913 2048 3960 est
2144 3881 2301 3983 quasi
2347 3908 2402 3964 in
2448 3906 2555 3961 alio
2599 3918 2763 3976 opere
2790 3901 2932 3957 dicta
2977 3899 3103 3954 sint.
3143 3890 3542 3950 llemoravimus
3565 3881 3678 3936 enim

472 3999 619 4070 quod
639 3971 930 4067 cogebatur
955 3995 1132 4051 facere
1155 3996 1299 4066 quod
1339 3995 1577 4050 nolebat.
1607 3971 1846 4051 Volebat
1863 4011 2046 4051 verum
2146 3971 2597 4054 anathemabilem
2636 3971 2825 4048 'Arium
2871 3991 2923 4044 in
2954 3987 3097 4044 tertii
3148 3985 3268 4040 libri
3311 3983 3392 4038 sui
3417 3977 3576 4049 capite
3598 3971 3681 4025 hoc

474 4087 659 4160 loqui,
715 4086 932 4142 mentiri
988 4059 1190 4140 autcm-
1220 4086 1436 4156 penitus
1477 4089 1588 4141 ‘nOn
1634 4085 1874 4153 volebat;
1918 4099 2029 4156 ergt

2146 4089 2364 4154 dixisse,
2405 4086 2594 4143 ordine
2619 4100 2726 4156 quo
2753 4079 3121 4137 Prmdcstinati
3148 4074 3400 4131 dixerunt
3430 4090 3443 4125 :
3476 4059 3680 4138 Apostoli

472 4179 850 4233 mentiebatur.
882 4175 1110 4232 Volebat
1153 4175 1482 4246 pudicitiam,
1516 4151 1897 4248 impudicitiam
1925 4151 2054 4248 pcr-
2146 4183 2310 4239 verba
2345 4151 2491 4246 sunt,
2534 4151 2777 4233 nostrum
2825 4172 2953 4228 nihil
2982 4164 3313 4234 addidimus;
3362 4167 3470 4235 ipse
3495 4158 3606 4214 dicit
3628 4151 3680 4206 de

472 4270 755 4335 Ιιοιτεὶιδις
816 4281 945 4337 ergo
994 4269 1352 4339 polluebatur.
1407 4247 1634 4324 Volebat
1681 4275 2046 4340 contemptum
2146 4288 2205 4328 se
2237 4291 2249 4326 :
2284 4269 2407 4326 Non
2427 4267 2562 4344 quod
2582 4267 2693 4322 volo
2721 4263 2909 4320 bonum
2937 4263 3030 4317 hoc
3050 4276 3166 4332 ago,
3195 4258 3288 4313 sed
3327 4253 3458 4328 quod
3484 4247 3678 4305 adima-

472 4361 676 4428 mundi,
715 4357 1098 4415 exsecrabatur
1139 4371 1353 4415 omnem
1399 4359 1624 4428 gloriam
1662 4359 1873 4426 Saeculi;
1918 4373 2046 4428 ergo
2137 4365 2252 4419 tum
2280 4365 2375 4418 hoc
2413 4362 2550 4434 facio
2590 4356 2802 4431 (Ibid.).
2855 4354 3099 4410 Vestram
3150 4363 3292 4404 nunc
3333 4347 3680 4421 interrogamus

471 4451 799 4517 ceuodoxus,
854 4449 907 4504 id
935 4458 1018 4503 est
1062 4450 1234 4504 inanis
1280 4449 1464 4518 gloria:
1502 4450 1725 4520 cupidus
1761 4451 2041 4506 existebat.
2146 4419 2512 4527 prudentiam;
2561 4419 2874 4522 A‘postottrm
2895 4447 3128 4516 legimus
3164 4444 3363 4498 dixisse
3395 4458 3407 4494 :
3446 4419 3560 4493 Viro
3599 4447 3678 4485 αι’

471 4540 753 4598 Postremo
787 4537 1001 4594 volebat
1047 4553 1206 4592 omne
1237 4537 1466 4604 bonum,
1488 4548 1647 4593 omne
1675 4543 1853 4594 autem
1898 4542 2029 4610 (ιυού

2146 4559 2273 4613 tem,
2281 4547 2396 4618 jam
2415 4561 2650 4614 nonego,
2675 4542 2793 4596 vivit
2813 4555 2928 4593 vero
2956 4540 3009 4592 in
3041 4553 3119 4591 me
3145 4535 3412 4597 Christus;
3450 4527 3572 4603 quod
3602 4540 3677 4577 au-

469 4639 554 4687 est
581 4632 780 4686 malum
809 4623 1127 4685 omnimodis
1147 4627 1496 4694 exhorrebat;
1529 4629 1660 4682 nihil
1689 4638 1816 4698 ergo
1843 4630 2029 4684 bonum

2136 4647 2246 4694 ‘tcm
2273 4614 2490 4692 nuncin
2519 4650 2672 4689 carne
2693 4633 2820 4696 viro,
2852 4632 2906 4684 in
2935 4629 3039 4701 ﬁde
3066 4629 3174 4683 uiro
3205 4626 3304 4682 Dei
3344 4623 3480 4697 (Gal.
3509 4637 3556 4683 tt,
3581 4614 3674 4683 20)-

471 4724 616 4796 quod
639 4723 856 4780 volebat
878 4718 1168 4792 Apostolus
1206 4720 1549 4790 operabatur,
1591 4719 1685 4775 sed
1712 4735 1873 4775 omne
1901 4721 2029 4793 quod

2145 4729 2281 4800 Quid
2304 4744 2445 4785 nunc
2465 4726 2677 4784 dicitis?
2697 4724 2938 4780 Carnalis
2957 4729 3073 4778 erat
3087 4721 3169 4775 vir
3188 4721 3305 4787 iste,
3335 4734 3401 4772 an
3427 4705 3675 4786 spiritalis?

469 4823 553 4870 est
582 4814 962 4883 ncquissimum
993 4813 1358 4882 perpetrabat.
1382 4808 1573 4866 Dicitis
1598 4812 1739 4866 enim
1765 4831 1778 4865 :
1811 4811 1950 4868 Dicit
1977 4813 2029 4869 dt

2142 4817 2199 4878 Si
2227 4817 2470 4876 dixeritis
2523 4816 2772 4879 carnalis,
2823 4813 3247 4878 convincemini;
3303 4811 3492 4866 clamat
3515 4802 3674 4860 enim:

2137 4912 2206 4918 Δ..
2309 4911 2322 4918 -
2760 4907 2771 4918 ι
2813 4907 2846 4918 ι-
3031 4906 3042 4918 ο
3222 4903 3275 4918 η.
3331 4904 3342 4916 ο
3378 4911 3409 4918 ,γ
3438 4915 3454 4918 Α
3499 4895 3548 4918 οε
3578 4906 3673 4918 ,ιι-ι.

467 4921 526 4960 se
551 4905 667 4974 ipso
694 4905 981 4975 Apostolus
1012 4921 1027 4957 :
1059 4899 1181 4958 Non
1201 4903 1336 4976 quod
1357 4901 1466 4957 volo
1489 4901 1678 4957 bonum
1696 4902 1790 4957 hoc
1810 4919 1926 4975 ago,
1951 4905 2044 4959 sed
2135 4912 2279 4968 Vivo
2302 4911 2414 4982 jam
2443 4924 2549 4964 non
2579 4921 2699 4978 ego,
2722 4907 2854 4962 vivit
2874 4920 3002 4961 vero
3030 4906 3082 4960 in
3112 4919 3198 4960 me
3217 4903 3475 4958 Christus.
3499 4883 3676 4952 Si‘con-

471 4998 665 5102 malum
693 4996 976 5102 quodjnolo
996 4998 1124 5051 illud
1144 4998 1280 5069 facio
1305 4993 1514 5069 (Ibid.).
1542 4994 1848 5066 Videtisne,
1883 4999 2029 5054 obse'

2143 5005 2418 5061 seuseritis
2445 5002 2588 5072 quod
2635 5000 2890 5071 spiritalis
2937 4996 3112 5064 fuerit,
3146 4997 3420 5052 nobiscum
3448 4993 3592 5046 istum
3618 4983 3676 5037 l0-

467 5103 582 5154 οῖον
611 5089 664 5143 in
691 5101 796 5157 qua
824 5087 851 5125 ά
879 5089 1330 5159 blasphemiomm
1359 5087 1514 5144 τονθᾶ
1534 5105 1706 5145 (3ωουῦ
1733 5105 1923 5146 sensus
1949 5107 2042 5147 νϐ·-
2136 5114 2264 5154 cum
2291 5095 2664 5168 explanabitis.
2695 5091 2867 5163 Caput
2895 5094 3036 5147 enim
3065 5091 3168 5145 loci
3196 5088 3353 5158 hujus
3389 5088 3440 5140 in
3466 5083 3558 5138 hoc
3581 5089 3673 5131 seu

471 5191 580 5238 stcr
609 5196 704 5236 vos
749 5181 1047 5252 prmcipites
1093 5181 1330 5237 dederit?
1373 5181 1687 5253 Apostolum
1731 5184 2042 5240 criminibus
2143 5203 2303 5243 mone
2323 5185 2558 5256 reperies
2584 5183 2727 5254 quod
2756 5182 2870 5237 inﬁt
2902 5182 3143 5238 :Scimus
3170 5181 3305 5252 quod
3343 5181 3425 5234 lex
3456 5167 3673 5245 spiritalis

469 5279 791 5344 occupatum
831 5271 992 5327 fuisse
1015 5273 1174 5327 vultis
1202 5273 1484 5329 ostendere
1502 5314 1517 5340 ,
1549 5280 1609 5328 ut
1636 5289 1795 5330 nemo
1815 5291 1873 5330 se
1911 5292 2036 5346 pcc-
2133 5287 2236 5343 est,
2259 5293 2350 5344 ego
2383 5282 2552 5329 autent
2575 5274 2800 5328 carnalis
2830 5291 2942 5328 sum
2972 5272 3146 5344 (Rom.
3179 5289 3270 5337 vn,
3304 5269 3406 5338 14).
3436 5266 3487 5321 Si
3513 5270 3671 5318 carna-

466 5374 706 5421 catorem
736 5379 852 5421 esse
880 5363 1130 5435 suspiret,
1161 5379 1319 5419 nemo
1346 5365 1437 5418 imi
1459 5364 1636 5420 cordis
1662 5366 1916 5434 gemitum
1939 5382 2036 5438 pro
2142 5369 2207 5424 lis
2228 5385 2304 5434 es,
2340 5369 2497 5423 beate
2525 5365 2801 5436 Apostole,
2832 5366 3103 5435 quomodo
3132 5367 3311 5435 arguis
3337 5345 3576 5419 carnales,
3603 5349 3669 5404 di-

2211 5521 2235 5560 ἀ
2279 5521 2375 5576 ;\ls.
2421 5522 2578 5586 idem,
2612 5520 3066 5586 blasphemiarum.

2214 5574 2374 5715 eius;
2417 5574 2578 5647 itiéni’
2613 5574 2654 5644 ;⁷
2679 5574 2811 5644 XVI.
2881 5574 3177 5646 luminat.
3244 5585 3464 5662 Apostoli
3537 5574 3667 5633 rem

2139 5680 2232 5717 sun
2261 5704 2275 5717 .
2303 5680 2330 5716 e
2359 5679 2407 5716 C.

2219 5704 2375 5787 t’Ills.
2418 5731 2554 5786 idem
2589 5748 2600 5784 :
2635 5728 2940 5786 Caruoucr.
2972 5731 3124 5786 Arius
3147 5733 3200 5786 in
3238 5733 3380 5786 tertio
3406 5725 3539 5787 libro,
3577 5727 3665 5774 etc.

505 5532 563 5607 ﬂ"
581 5523 1000 5607 bisnAugicnsc,
1028 5523 1083 5576 in
1121 5539 1303 5607 uanum
1331 5522 1622 5593 wdiﬁcatis,
1654 5521 1707 5576 in
1736 5539 1920 5576 vanum
1951 5539 2021 5576 vt-

462 5596 659 5668 gilutis,
689 5596 743 5668 in
770 5593 964 5668 pariunt
970 5593 1307 5668 _a1_tte_lucem.

537 5668 560 5703 υ
595 5665 688 5716 Ms.
735 5665 870 5718 idem
899 5683 911 5717 :
945 5663 1058 5717 XV.
1086 5662 1378 5717 Νίκωνι-ιρι.
1410 5661 1516 5716 Sed
1545 5662 1665 5732 quid
1693 5672 1894 5729 putant,
1928 5673 2034 5718 etc.

532 5744 558 5773 ε
587 5733 670 5786 λιιι
729 5735 867 5789 idem
901 5752 913 5785 :
944 5734 1250 5788 Ολτιιοωω.
1300 5732 1572 5792 Nunquam
1600 5735 1828 5804 (estinat,
1861 5743 1963 5788 etc.
