3926 6176
213 296 313 354 (ἲῖῦ

669 272 1262 352 ΡΗΛΕΒΕΞἸἿΝΑΤΗΒ
1301 288 1449 346 ΞΠΕ
1487 283 2178 343 ΡΒιΕΒΕΞΠΝΑΤΟΒΠΜ
2216 285 2552 356 ﬂzERESlS,
2590 285 2743 343 ETC.
2779 285 2885 340 LIB
2922 285 3006 340 Ill.

3363 291 3472 350 σενι

214 425 339 466 cens
365 431 387 463 .:
422 403 488 462 Et
509 426 623 480 ego,
647 409 856 479 fratres,
885 420 989 459 non
1003 404 1147 476 potui
1173 403 1312 457 vobis
1333 401 1472 473 loqui
1510 401 1659 473 quasi
1691 401 1790 470 spi-
1824 400 1870 457 Α
1901 399 2021 463 sim,
2045 401 2157 457 scio
2186 401 2387 471 lignum
2425 412 2479 458 et
2512 404 2744 474 lapidem
2777 403 2944 462 Deum
2982 421 3100 462 esse
3128 421 3234 462 nou
3267 422 3425 478 posse
3455 429 3470 463 τ

216 500 471 563 ritalibus,
496 497 589 552 sed
625 498 772 569 quasi
817 494 1114 549 carnalibus
1145 493 1186 564 (l
1213 492 1335 546 Cor.
1369 508 1443 556 ω,
1478 489 1574 559 i)?
1603 489 1672 544 Et
1701 491 1799 545 ite-

215 607 332 646 rum
369 609 380 642 :
414 587 542 644 Cum
569 589 790 652 dicatur,
808 587 997 656 inquit,
1022 588 1077 640 in
1106 585 1242 638 vobis
1274 585 1414 637 zelus
1441 591 1490 636 et
1517 583 1794 644 contentio,

216 699 389 737 nonne
414 680 650 736 carnales
671 680 800 733 estis
823 677 1012 750 (Ibid.,
1042 676 1096 746 '5)
1121 678 1229 732 ?Et
1249 672 1438 729 iterum
1456 689 1478 725 -ε
1517 672 1796 746 Quotquot,

219 771 686 841 inquitrspiritales
713 779 909 833 sumus,
927 769 1037 821 haec
1056 782 1305 837 sapimus.
1326 765 1592 820 Docemur
1621 773 1800 820 autem

217 861 429 930 scriptis
453 859 576 924 tuis,
605 858 687 913 vir
710 857 825 919 Dei,
859 855 1002 926 quod
1046 871 1154 909 non
1201 855 1376 910 solum
1404 855 1518 924 ipse
1544 855 1802 924 spiritalis

218 950 402 1014 lueris,
427 957 486 1003 et
511 949 563 1002 in
581 955 722 1002 terra
746 947 952 1016 positus
967 944 1088 1013 jure
1107 944 1314 1000 diceres
1330 945 1802 1000 conversationem

221 1049 366 1094 tuam
394 1054 514 1094 esse
541 1039 595 1092 in
622 1038 800 1102 cmlis;
831 1051 1017 1090 verum
1041 1036 1200 1090 etiam
1229 1036 1334 1091 hoc
1359 1036 1636 1102 docemur,
1658 1035 1803 1106 quod

220 1138 275 1184 et
312 1128 560 1197 discipuli
609 1128 683 1181 tui
705 1125 983 1196 spiritales
1024 1123 1239 1179 l‘herint.
1283 1126 1376 1180 Ais
1403 1125 1543 1179 enim
1571 1125 1636 1178 ad
1667 1139 1800 1179 eos:

222 1219 284 1275 Si
309 1227 594 1290 presentius
615 1219 728 1290 quis
749 1219 901 1289 fuerit
913 1218 976 1271 in
1000 1217 1171 1289 aliqua
1215 1217 1420 1282 delicto,
1450 1233 1556 1282 eos,
1580 1217 1667 1288 qui
1704 1217 1807 1285 spi»

223 1312 401 1365 ritales
426 1312 571 1375 estis,
600 1311 846 1380 corripite
866 1308 1162 1380 ltujusmodi
1190 1310 1246 1362 in
1282 1309 1468 1378 spiritu
1507 1316 1806 1362 mansuetu-

223 1399 526 1472 dinis(Gal.
569 1400 754 1470 νηὶ).
786 1399 922 1466 Quid
951 1413 1080 1468 ergo
1107 1414 1248 1453 nunc
1284 1397 1438 1452 nobis
1477 1397 1612 1452 dicis
1644 1415 1656 1449 :
1685 1396 1805 1452 Sci-

225 1511 338 1548 mus
359 1495 481 1565 quia
527 1492 610 1546 lea:
655 1492 906 1563 spiritalis
934 1499 1030 1554 est,
1057 1505 1152 1560 ego
1203 1498 1375 1543 autem
1414 1489 1641 1542 carnalis
1694 1501 1809 1541 sum

227 1585 408 1656 (Rom.
439 1597 528 1649 vu,
560 1584 692 1655 li)?
720 1583 800 1637 Ad
849 1584 963 1638 haec
991 1584 1105 1652 ipse
1150 1581 1306 1636 nobis
1349 1581 1654 1649 dignabitur
1680 1580 1809 1636 dare

224 1689 546 1746 responsum
571 1693 584 1726 :
614 1672 810 1728 Factus
848 1689 961 1727 sum
994 1670 1291 1727 carnalibus
1311 1674 1457 1744 quasi
1477 1672 1720 1734 carnalis,
1753 1678 1811 1725 ut

1900 491 1995 545 sed
2025 491 2180 548 video
2207 493 2367 549 aliam
2419 495 2592 563 legem
2621 505 2813 551 contra
2860 509 3076 554 sensum
3107 509 3284 555 meum
3316 507 3476 571 repu'

1899 593 2151 650 gnantem
2181 583 2284 654 legi
2319 587 2514 642 mentis
2542 601 2693 653 mete,
2743 602 2863 657 qum
2890 588 3020 644 dicit
3059 598 3118 645 et
3148 591 3342 662 prohat
3378 594 3478 650 hos

1899 671 2031 726 deos
2054 688 2178 728 esse
2205 691 2311 730 non
2337 686 2527 745 posse;
2570 684 2834 747 repugnat
2878 686 3057 734 tamen
3095 679 3179 735 lex
3216 681 3328 737 hmc
3354 696 3478 736 car.

1896 760 2185 828 nalislegi
2235 764 2430 818 mentis
2465 780 2618 828 mem,
2646 767 2919 836 captivum
2965 782 3052 823 me
3096 767 3244 824 ducit
3282 770 3335 824 in
3362 769 3480 840 lege

1900 851 2130 920 peccati,
2161 867 2279 921 qua:
2307 853 2393 908 lex
2425 871 2531 909 non
2554 864 2637 910 est
2659 856 2712 910 in
2739 865 2923 911 mente
2956 871 3095 921 mea,
3130 859 3223 914 sed
3243 860 3294 914 in
3315 875 3484 916 mem.

1901 940 2014 994 bris
2059 942 2212 997 meis.
2271 941 2512 1012 Corpore
2565 947 2708 1000 enim
2757 948 2946 1012 ducor,
3011 949 3098 1002 ubi
3141 951 3322 1006 animo
3370 957 3479 1006 nun

1893 1031 2203 1086 consentio.
2250 1030 2456 1103 Infelix
2505 1049 2595 1104 ego
2630 1035 2818 1089 homo!
2859 1035 2974 1090 Non
3003 1038 3109 1092 hoc
3144 1039 3220 1094 de
3251 1054 3310 1094 se
3355 1040 3482 1100 dicit

1903 1118 2120 1175 Paulus.
2153 1121 2270 1176 Non
2299 1123 2440 1177 enim
2473 1132 2590 1178 erat
2618 1124 2823 1190 infelix,
2851 1127 2945 1181 sed
2975 1129 3164 1184 beatus
3192 1135 3247 1183 et
3267 1133 3483 1184 sanctus

1905 1217 2009 1266 est.
2037 1209 2253 1283 Infelix,
2293 1213 2483 1281 inquit,
2539 1231 2634 1286 ego
2673 1216 2821 1269 homo
2836 1217 2856 1269 .'
2884 1218 2996 1286 quis
3040 1230 3120 1270 me
3153 1217 3389 1272 liberabit
3417 1219 3484 1273 ds

1907 1316 2120 1371 corpore
2150 1305 2331 1358 mortis
2361 1298 2559 1374 hujus?
2584 1307 2753 1375 gratia
2799 1305 2899 1360 Dei
2942 1319 3034 1378 per
3067 1307 3347 1364 Dominum
3392 1327 3485 1362 no-

1904 1402 2068 1447 strum
2095 1393 2274 1448 Iesum
2294 1391 2549 1448 Christum
2580 1390 2765 1466 (Ibid.,
2796 1388 2909 1466 2i).
2937 1397 3128 1452 Veniet
3159 1407 3285 1468 ergo
3314 1399 3483 1467 gratii

1909 1482 2246 1552 baptismatis
2267 1484 2426 1549 sacri,
2451 1491 2506 1539 et
2533 1487 2802 1541 carnalem
2831 1489 2974 1544 hunc
2992 1487 3151 1544 faciet
3170 1490 3486 1560 Spiritalem.

1910 1581 1967 1629 et
2003 1574 2368 1629 venundatum
2417 1575 2516 1630 sub
2542 1585 2767 1645 peccato
2811 1578 3039 1634 redimet
3075 1595 3105 1633 a
3133 1589 3391 1650 peccato;
3433 1581 3488 1641 ei

1907 1663 2019 1735 jam
2042 1678 2151 1722 nou
2177 1664 2306 1721 dicit
2335 1666 2525 1734 :Quod
2557 1683 2753 1739 operor
2780 1681 2887 1725 non
2911 1671 3169 1741 intelligo.
3200 1673 3316 1728 Non
3344 1673 3488 1733 enim

222 1781 317 1821 sos
341 1766 430 1837 qui
461 1775 483 1800 ιι
510 1765 744 1818 carnales
764 1764 1312 1835 erantlucrifacerem.
1334 1763 1558 1834 Aperuit
1577 1778 1635 1818 se
1656 1763 1810 1818 nobis
1840 1763 1888 1824 Β
1915 1758 2057 1828 quod
2085 1757 2199 1813 odit
2234 1755 2431 1812 malum
2458 1751 2561 1814 hoc
2590 1761 2716 1828 agit,
2747 1761 2841 1816 sed
2867 1762 3009 1830 quod
3024 1763 3138 1817 vult
3160 1763 3358 1818 bonum
3387 1765 3491 1820 hoc

224 1857 452 1921 veritas,
483 1863 534 1909 et
561 1853 775 1910 fallacia
821 1861 905 1909 est
934 1869 964 1908 a
993 1855 1221 1909 veritate
1249 1855 1486 1909 exclusa.
1515 1853 1812 1909 Personam

228 1944 413 2015 itaque
452 1944 683 2000 carnalis
721 1943 954 1998 hominis
977 1944 1031 1998 in
1060 1959 1120 1998 se
1148 1943 1407 2012 magister
1433 1944 1690 2012 spiritalis
1720 1959 1814 1998 ex-

221 2037 392 2105 cepit.
420 2033 488 2088 Et
529 2049 596 2089 ne
624 2034 776 2105 quasi
820 2029 1111 2104 injuriosus
1154 2033 1348 2090 doctor
1385 2048 1416 2086 a
1441 2045 1501 2088 se
1528 2034 1815 2104 repelleret

230 2127 556 2190 auditorem,
586 2141 647 2182 se
675 2127 917 2195 increpat
944 2133 1004 2180 ut
1031 2125 1193 2179 alium
1222 2125 1474 2194 corrigat.
1518 2123 1667 2180 Unde
1711 2125 1816 2181 hoc

219 2220 406 2290 ipsum
432 2219 559 2274 alibi
588 2225 1002 2282 commemorat,
1035 2217 1218 2272 dicens
1245 2234 1258 2270 :
1289 2217 1390 2270 Aut
1431 2218 1664 2289 nunquid
1706 2229 1818 2288 peo-

217 2322 403 2366 -catum
435 2315 534 2384 feci
575 2328 658 2365 me
681 2311 978 2375 humilium,
1019 2317 1076 2363 ut
1115 2325 1205 2364 uos
1257 2309 1560 2364 exaltemini
1601 2308 1664 2380 (II
1694 2307 1814 2364 Cor.

233 2419 311 2470 ιι,
346 2405 437 2475 7)?
463 2403 602 2469 Quid
635 2403 801 2470 ergo?
829 2401 963 2474 Ego,
1006 2401 1193 2470 inQuit,
1229 2400 1456 2454 carnalis
1485 2416 1637 2454 sum:
1669 2400 1694 2439 δ
1726 2399 1820 2470 qui

218 2495 334 2548 tu?
357 2492 489 2564 Ego,
508 2492 697 2561 inquit,
721 2493 806 2562 qui
827 2491 1145 2546 venundatus
1165 2507 1279 2546 sum
1301 2487 1392 2544 sub
1414 2499 1620 2562 peccato
1639 2491 1816 2562 (Rom.

221 2581 472 2651 111,14).
514 2581 762 2652 Nunquid
791 2588 868 2645 tu,
918 2579 1196 2648 Apostole,
1234 2580 1572 2634 venundatus
1620 2594 1678 2635 es
1719 2581 1819 2636 sub

217 2682 482 2745 peccato,
525 2673 618 2741 qui
646 2673 794 2734 olim,
836 2669 1035 2726 Christi
1074 2672 1333 2740 sanguine
1373 2672 1701 2742 redemptus,
1735 2672 1818 2726 in—

216 2764 624 2820 numerabilem
661 2778 758 2833 per
781 2763 1055 2818 Christum
1082 2761 1197 2818 Deo
1222 2763 1478 2833 populum
1507 2760 1821 2819 redemisti?

228 2855 464 2910 Constat
483 2867 612 2922 ergo
633 2854 776 2922 quod
805 2869 914 2908 non
936 2868 1088 2907 suam
1116 2848 1426 2922 Apostolus,
1453 2854 1547 2908 sed
1578 2855 1818 2922 alterius,

229 2947 287 3003 id
314 2955 400 3002 est
435 2945 668 3002 carnalis
701 2944 819 3009 viri,
854 2944 1023 2998 voluit
1050 2945 1156 3000 hoc
1189 2944 1311 2999 loco
1345 2955 1367 2983 ο
1398 2942 1669 3000 declarare
1697 2962 1824 3016 per-

1914 1852 2093 1908 faciet.
2126 1848 2239 1906 Scit
2276 1851 2420 1905 enim
2441 1852 2699 1920 quoniam
2724 1852 2834 1922 jam
2871 1854 3077 1909 habitat
3101 1855 3154 1909 in
3175 1871 3346 1911 carne
3375 1855 3492 1925 ejus

1913 1929 2136 2010 bonum,
2159 1945 2211 1999 id
2240 1951 2322 1999 est
2350 1941 2591 2012 ,SpirltUS
2619 1951 2853 2010 sanctus,
2887 1951 2984 2016 per
3010 1959 3168 2015 quem
3184 1954 3250 2001 .et
3278 1941 3415 2002 velle
3443 1941 3494 2008 ei

1915 2034 2142 2105 adjacet,
2175 2043 2229 2090 et
2257 2035 2515 2105 perlicere
2544 2035 2779 2091 inveniet
2815 2051 2915 2107 pro
2953 2051 3048 2090 sua
3071 2038 3210 2092 bona
3243 2037 3495 2093 volunta-

1917 2131 1988 2182 te.
2042 2125 2268 2194 Jamque
2320 2141 2541 2181 securus
2577 2135 2678 2191 est,
2718 2133 2773 2183 et
2815 2127 3222 2183 condelectatur
3257 2130 3359 2198 legi
3396 2127 3494 2190 Del

1916 2219 2206 2274 Secundum
2237 2218 2545 2274 interiorem
2565 2219 2857 2284 hominem,
2881 2221 3005 2289 quia
3029 2235 3136 2276 non
3161 2218 3310 2275 videt
3335 2221 3495 2280 aliam

1918 2310 2090 2378 legem
2116 2308 2169 2362 in
2190 2307 2444 2364 membris
2471 2309 2601 2363 suis.
2640 2307 2820 2364 Solam
2845 2309 2988 2363 enim
3026 2309 3198 2377 legem
3217 2308 3421 2364 Christi
3441 2311 3497 2370 iu

1918 2407 1977 2455 se
1997 2400 2177 2463 habet,
2201 2411 2320 2470 qua:
2347 2415 2453 2486 non
2481 2406 2746 2469 repugnat
2774 2400 2878 2469 legi
2905 2399 3100 2455 mentis
3129 2399 3274 2469 ejus,
3294 2408 3361 2456 et
3377 2417 3496 2462 :non

1919 2507 2041 2547 eum
2066 2491 2216 2547 ducit
2244 2491 2512 2561 captivum
2542 2493 2596 2546 in
2626 2491 2742 2562 lege
2770 2492 2995 2562 peccati,
3014 2490 3108 2548 sed
3120 2491 3352 2548 liberum
3374 2509 3498 2554 eum

1919 2584 2068 2639 ducit
2096 2583 2164 2638 ad
2194 2583 2361 2638 vitam
2399 2590 2675 2639 aeternam.
2721 2582 2792 2637 Et
2815 2583 2926 2653 jam
2956 2600 3061 2639 non
3101 2583 3290 2653 infelix
3311 2578 3495 2656 homo,

1920 2675 2016 2731 sed
2048 2675 2175 2730 felix
2204 2689 2305 2744 ego
2333 2675 2516 2740 homo,
2546 2675 2670 2744 quia
2701 2661 2824 2729 hmo
2858 2676 3049 2729 omnia
3076 2675 3215 2730 mala
3241 2674 3412 2740 evasi,
3443 2681 3498 2732 et

1922 2765 2034 2823 haec
2059 2767 2240 2822 omnia
2265 2767 2404 2821 bona
2447 2766 2644 2822 inveni.
2677 2764 2806 2833 Quis
2835 2773 3014 2820 autem
3044 2766 3148 2822 hoc
3197 2766 3325 2824 mihi
3364 2781 3499 2837 prai-

1921 2859 2076 2924 stitit,
2105 2859 2152 2913 si
2181 2857 2408 2926 requiris
2434 2875 2446 2910 :
2476 2854 2662 2912 Gratia
2687 2856 2787 2911 Dei
2813 2871 2910 2928 per
2948 2855 3234 2913 Dominum
3256 2866 3498 2917 nostrum

1920 2948 2103 3006 Jesum
2125 2948 2416 3004 Christum.
2449 2947 2523 3001 Et
2549 2963 2618 3002 ne
2646 2955 2950 3002 remaneret
2973 2944 3502 3018 expositionishujus

231 3053 447 3094 sonam.
478 3037 573 3091 Ille
610 3044 694 3091 est
728 3036 1066 3090 venundatus
1099 3037 1198 3091 sub
1226 3043 1470 3105 peccato,
1515 3036 1608 3104 qui
1650 3036 1822 3092 adhuc
1925 3041 2260 3112 ambiguitas,
2289 3056 2392 3110 qua
2422 3047 2705 3112 putaretur
2731 3039 3021 3110 Apostolus
3048 3039 3115 3095 de
3134 3055 3193 3095 se
3222 3039 3323 3095 ista
3339 3039 3503 3097 dixis.

220 3129 438 3186 Christi
463 3128 721 3196 sanguine
750 3127 1060 3196 redemptus
1074 3138 1181 3182 non
1209 3134 1309 3190 est,
1340 3126 1434 3196 qui
1463 3127 1486 3161 α
1511 3126 1686 3181 adhuc
1705 3142 1820 3180 car-
1839 3122 1894 3186 ~C
1925 3149 2001 3199 se,
2052 3135 2204 3205 ponit
2242 3134 2403 3192 verba
2443 3134 2774 3204 increpat'rvo
2826 3133 2986 3188 modo
3021 3131 3272 3202 legenda,
3311 3134 3505 3204 quibus

221 3221 420 3286 nalis;
473 3228 530 3275 et
574 3221 694 3275 ideo
732 3219 928 3274 dicitur
959 3237 973 3271 ι
1017 3217 1165 3284 Quod
1217 3235 1404 3290 operor
1444 3235 1548 3274 non
1587 3217 1821 3288 intelligo
1925 3228 2001 3282 ait
2033 3246 2045 3280 ;
2076 3227 2247 3299 Igitur
2272 3227 2382 3297 ipse
2405 3243 2501 3297 ego
2531 3235 2699 3280 mente
2725 3227 2892 3280 servio
2935 3225 3042 3300 legi
3082 3223 3198 3289 Dei,
3230 3241 3388 3279 carne
3412 3242 3505 3279 au.

221 3314 424 3386 (Rom.
451 3330 537 3377 vn,
569 3312 677 3383 15).
709 3311 826 3367 Non
857 3312 1000 3367 enim
1023 3311 1652 3382 intelligitoperationem
1671 3323 1825 3366 suam
1927 3317 2157 3389 (emtegi
2184 3318 2381 3387 peccati
2425 3315 2610 3387 (Ibid.,
2641 3314 2755 3385 25).
2790 3312 2944 3369 Nihil
2982 3332 3105 3386 ergo
3149 3315 3506 3372 damnationis

231 3405 459 3477 gentilis
487 3412 671 3460 contra
700 3405 929 3459 salutem
969 3419 1118 3458 suam
1155 3418 1304 3470 esse;
1337 3401 1576 3472 qui-licet
1600 3401 1670 3457 sit
1695 3415 1827 3472 gen-

227 3497 373 3562 tilis,
431 3495 632 3549 bonum
675 3495 775 3549 sibi
823 3496 940 3549 vult
975 3494 1280 3564 provenire,
1331 3495 1530 3549 bonum
1583 3493 1823 3564 adipisci,

225 3586 452 3642 bonum
482 3585 776 3654 possidere,
821 3585 1018 3640 bonum
1050 3584 1351 3653 acquirere,
1395 3585 1594 3639 bonum
1643 3583 1830 3639 salutis

234 3694 376 3742 sum,
398 3679 598 3733 bonum
628 3679 748 3732 vitae
771 3693 883 3732 sua:
913 3695 925 3730 :
955 3678 1049 3732 sed
1080 3691 1186 3731 non
1210 3678 1478 3746 quodeu‘lt
1503 3676 1703 3732 bonum
1728 3678 1832 3733 hoc

229 3776 502 3828 exercet,
559 3767 653 3822 sed
718 3767 863 3836 quod
937 3766 1050 3821 odit
1106 3767 1302 3820 malum
1353 3767 1458 3821 hoc
1516 3766 1660 3822 fecit.
1707 3764 1832 3823 Odit

235 3867 486 3914 mortem
529 3897 544 3922 ,
602 3857 696 3912 sed
749 3873 913 3927 opera
963 3858 1151 3912 mortis
1215 3864 1473 3925 exercet;
1527 3858 1642 3914 odit
1691 3860 1833 3930 peri-

232 3951 432 4006 culum
460 3987 489 4016 ,.
559 3950 650 4005 sed
705 3951 950 4020 operatio
1012 3951 1129 4020 ejus
1195 3953 1350 4022 plena
1409 3960 1492 4008 est
1552 3953 1832 4024 periculo;

249 4043 372 4099 odit
429 4044 610 4098 omnia
678 4044 840 4108 mala,
880 4044 975 4099 sed
1030 4061 1150 4115 qua:
1213 4045 1326 4100 odit
1387 4047 1500 4100 hzcc
1559 4053 1833 4117 operatur.

251 4137 490 4204 Quare?
554 4137 676 4205 quia
726 4154 828 4192 non
869 4137 1067 4191 habitat
1119 4140 1173 4193 in
1218 4154 1375 4192 carne
1428 4153 1576 4202 mea,
1631 4139 1835 4208 inquit,

1924 3416 2002 3460 est
2040 3409 2096 3460 in
2137 3405 2340 3460 Christo
2384 3404 2508 3460 Jesu
2538 3405 2615 3458 his
2663 3406 2746 3475 qui
2787 3404 3065 3458 secundum
3116 3421 3326 3459 carnem
3390 3422 3507 3460 ama

1928 3497 2107 3550 bulanl
2149 3495 2335 3567 (Rom.
2381 3511 2492 3559 vm,
2545 3493 2641 3564 l).
2685 3492 2802 3548 Hoc
2849 3501 2950 3560 est,
2994 3490 3040 3547 si
3085 3507 3210 3562 ego,
3253 3491 3345 3562 qui
3387 3510 3507 3550 sum

1929 3585 2254 3658 Apostolus,
2294 3586 2532 3641 carnalis
2571 3585 2886 3651 existimor,
2939 3583 3071 3639 nihil
3112 3583 3386 3639 habebunt
3414 3583 3510 3639 dav

1929 3679 2218 3736 mnationis
2244 3677 2299 3733 hi
2342 3677 2433 3747 qui
2469 3675 2769 3732 carnaliter
2806 3676 3028 3731 vivunt?
3057 3683 3113 3731 et
3140 3673 3370 3744 adjecit:
3395 3673 3510 3731 Lee

1929 3783 2102 3829 autem
2121 3773 2335 3843 spiritus
2354 3777 2404 3824 et
2427 3771 2545 3826 vita:
2565 3767 2796 3824 liberavit
2815 3777 2866 3822 te
2886 3786 2917 3822 a
2942 3768 3055 3840 lege
3076 3768 3343 3839 peccatiet
3373 3784 3515 3824 mor.

1920 3869 1998 3922 .tis
2030 3865 2218 3937 (Ibid.,
2242 3863 2319 3935 2).
2373 3861 2526 3919 Unde
2557 3871 2611 3918 et
2639 3861 2693 3916 in
2721 3861 2826 3917 alio
2855 3862 2976 3918 loco
3005 3857 3135 3917 dicit
3169 3877 3190 3916 -:
3235 3860 3359 3918 Cum
3378 3862 3515 3920 senui

1933 3957 2118 4011 essetis
2155 3954 2370 4028 peccati,
2397 3954 2548 4008 liberi
2569 3955 2739 4027 fuistis
2751 3951 2993 4025 justitic.
3028 3947 3183 4007 Nunc
3204 3961 3372 4008 autem
3389 3952 3516 4011 libo.

1935 4049 2037 4101 rati
2054 4063 2084 4099 a
2105 4053 2333 4116 peccato,
2353 4046 2490 4099 servi
2505 4045 2631 4117 [acti
2651 4046 2774 4100 estis
2797 4042 2894 4097 Dei
2928 4036 3199 4116 (Ποντικῇ,
3229 4041 3343 4110 2.0).
3372 4042 3518 4102 Deus

1939 4145 2118 4192 autem
2147 4138 2202 4192 in
2231 4152 2298 4192 eo
2319 4136 2386 4192 de
2413 4137 2646 4191 servitiis
2673 4136 2912 4191 omnium
2941 4136 3222 4218 gloriatur.
3254 4135 3378 4205 quis
3405 4150 3518 4190 ser-

251 4228 474 4293 bonum,
507 4228 556 4282 id
586 4236 686 4291 est,
722 4243 827 4283 non
873 4229 1075 4283 habitat
1111 4230 1162 4283 in
1199 4245 1284 4284 me
1303 4229 1456 4284 Deus
1480 4245 1656 4285 verus.
1698 4229 1842 4284 Nam
1940 4226 2069 4282 vitia
2095 4243 2214 4298 qua:
2241 4227 2407 4283 habet
2435 4225 2593 4280 nullis
2639 4233 2896 4296 poterunt
2931 4225 3168 4281 servitiis
3194 4223 3519 4294 comparari.

243 4319 386 4373 uelle
412 4321 617 4392 adjacet
643 4321 788 4385 mihi,
813 4321 980 4375 Deum
1008 4337 1190 4376 verum
1225 4336 1311 4378 me
1339 4323 1712 4378 vellecertum
1739 4329 1840 4388 est,
1935 4319 2206 4376 Universa
2235 4319 2378 4376 enim
2406 4318 2623 4373 servitia
2649 4317 2892 4373 coactiva
2936 4322 3258 4382 noscuntur;
3301 4313 3396 4370 Dei
3422 4329 3521 4369 au-

253 4412 354 4468 sed
387 4413 491 4467 hoc
519 4413 663 4481 quod
686 4414 812 4468 volo
835 4431 938 4467 non
966 4416 1166 4468 invenio
1187 4413 1375 4485 (lbid.,
1413 4415 1518 4486 18).
1547 4414 1844 4471 Occurrunt
1881 4482 1898 4486 μ
1946 4423 2055 4468 tem
2093 4411 2332 4478 servitia,
2361 4409 2463 4464 nisi
2493 4407 2791 4465 voluntaria
2817 4400 3036 4471 iuerint.
3069 4413 3216 4462 stare
3263 4422 3372 4462 non
3400 4420 3523 4476 pos.

257 4504 409 4558 enim
456 4504 586 4557 mihi
625 4503 828 4558 homini
877 4504 1098 4569 carnali,
1149 4482 1352 4559 homini
1391 4482 1696 4560 venundato
1745 4506 1844 4560 Sub
1870 4482 1924 4546 θ
1948 4515 2092 4567 sunt,
2116 4506 2405 4561 secundum
2438 4495 2540 4558 hoc
2567 4500 2713 4572 quod
2743 4501 2999 4571 scriptum
3030 4505 3146 4554 est:
3172 4498 3333 4553 Pater
3364 4497 3524 4552 nemio

255 4603 510 4667 peccato,
536 4596 742 4650 homini
782 4597 871 4666 qui
898 4595 1040 4665 quod
1069 4612 1264 4666 operor
1306 4613 1412 4652 non
1453 4597 1711 4666 intelligo,
1743 4599 1846 4652 ho-
1950 4615 2068 4663 nem
2100 4598 2257 4653 trahit
2302 4598 2539 4651 invitum.
2595 4585 2746 4650 Unde
2788 4594 3050 4664 propheta
3096 4593 3287 4663 plenus
3325 4584 3527 4662 Spiritu

257 4687 400 4741 mini
440 4686 531 4756 qui
580 4697 687 4742 non
716 4687 860 4756 quod
891 4687 1013 4741 volo
1046 4686 1245 4742 bunum
1285 4688 1389 4742 hec
1419 4702 1540 4755 ago,
1589 4688 1682 4742 sed
1703 4687 1849 4758 quod
1950 4697 2138 4745 sancto
2164 4689 2397 4744 clamat:
2431 4685 2514 4741 Ex
2555 4686 2814 4742 voluntate
2852 4701 2966 4739 mea
2995 4683 3279 4754 conﬁtebor
3305 4683 3530 4740 Domino

259 4777 400 4832 nolo
424 4777 626 4831 malum
666 4776 792 4832 illud
829 4777 987 4840 l'aeio,
1041 4778 1242 4832 homini
1275 4780 1324 4832 in
1355 4778 1508 4849 cujus
1536 4793 1698 4834 carne
1741 4794 1848 4834 non
1955 4781 2073 4853 (Ps.
2095 4768 3290 4848 xxvu,7).Etiterum:Voluntariesacriﬁcobo
3306 4775 3396 4829 tibi
3413 4772 3530 4845 (Ps.

265 4869 482 4924 habitat
511 4869 740 4933 bonum;
773 4875 1064 4924 occurrunt
1092 4867 1220 4923 mihi
1239 4866 1369 4924 [ista
1402 4871 1602 4935 omnia,
1645 4879 1701 4925 Ut
1729 4878 1854 4941 per~
1945 4891 2064 4939 ιω,
2083 4872 2158 4944 8).
2184 4871 2290 4928 Sed
2313 4871 2396 4926 his
2413 4869 2660 4924 omnibus
2687 4867 2944 4924 coturni-ii
2967 4867 3200 4922 'librum
3227 4867 3382 4924 nobis
3409 4882 3531 4938 pro-

263 4957 436 5012 licere
477 4958 674 5012 bonum
727 4974 832 5012 non
863 4959 1152 5022 inveniam,
1184 4953 1521 5016 Coudelector
1553 4972 1723 5017 tamen
1753 4962 1855 5036 legi
1957 4965 2131 5019 ferant
2162 4958 2318 5019 czecis
2360 4960 2672 5030 ambagibus
2700 4957 3088 5015 circumdatum
3112 4999 3128 5024 ,
3157 4966 3215 5014 et
3250 4959 3403 5033 quasi
3442 4973 3534 5014 ne-

260 5047 369 5102 Dei
398 5049 676 5102 secundum
700 5049 993 5102 interiorem
1023 5050 1282 5104 hominem
1311 5050 1501 5122 (Ibid.,
1533 5051 1654 5123 2‘2);
1690 5053 1740 5108 id
1773 5062 1858 5110 est
1958 5056 2126 5112 scium
2146 5055 2248 5115 sui.
2275 5055 2467 5108 iterum
2495 5051 2686 5108 eadem
2715 5059 3049 5122 repetentem
3072 5059 3233 5122 atque
3245 5050 3536 5110 dicentem:

264 5139 499 5194 interior
537 5141 699 5195 homo
737 5155 890 5195 meus
933 5141 986 5194 in
1023 5156 1132 5209 quo
1179 5149 1263 5196 est
1315 5143 1621 5200 intellectus
1681 5162 1852 5210 meus,
2032 5136 2148 5200 XV.
2186 5144 2203 5182 ί
2239 5142 2363 5199 Non
2408 5153 2657 5198 vocantur
2685 5143 2797 5197 nisi
2844 5141 3233 5213 predestinati;
3284 5141 3541 5197 antecedit

264 5229 676 5284 condelectatur
714 5232 816 5300 legi
859 5231 975 5294 Dei,
1015 5247 1136 5301 qum
1164 5232 1294 5288 dicit
1337 5247 1500 5289 unum
1531 5243 1586 5290 et
1615 5237 1856 5294 invisibi-
1959 5239 2098 5292 enim
2117 5237 2289 5310 gratia
2330 5235 2425 5290 Dei
2454 5236 2768 5290 voluntatem
2807 5231 3065 5297 hominis;
3109 5235 3255 5305 prior
3290 5241 3367 5287 est
3403 5233 3535 5295 enim

267 5319 380 5374 lem
420 5319 587 5376 Deum
636 5319 832 5377 debere
881 5323 1113 5377 adorari.
1147 5320 1402 5389 Quamvis
1451 5325 1593 5380 enim
1624 5328 1856 5384 carnalis
1956 5325 2098 5384 Deus
2127 5331 2181 5384 in
2205 5328 2339 5384 bono
2368 5327 2614 5392 hominis,
2657 5323 2810 5380 homo
2851 5334 3023 5382 autem
3044 5328 3096 5381 in
3119 5328 3258 5380 omni
3298 5325 3428 5376 bono
3460 5323 3536 5385 ri;

350 5485 376 5512 ⁸·
417 5475 511 5530 Ms.
554 5477 837 5542 Augieuse.
867 5481 1104 5534 carnales
1131 5489 1270 5534 sunt.

351 5544 379 5583 δ
412 5545 588 5619 [ξω-ιε,
610 5549 722 5619 quis
748 5551 835 5602 tu?

359 5627 381 5651 ε
424 5615 516 5670 Ms.
559 5615 716 5681 idem,
749 5620 1025 5673 declarari.

355 5685 382 5721 δ
422 5686 513 5741 Ms.
556 5687 714 5754 idem,
761 5690 926 5742 adhuc
955 5691 1181 5744 carnalis
1216 5691 1326 5745 ideo
1357 5691 1544 5746 dicitur
1563 5693 1686 5763 quia
1716 5693 1863 5762 ﬁlius

1951 5487 2135 5540 rantis
2161 5492 2258 5548 est,
2289 5492 2338 5537 et
2365 5483 2479 5538 ideo
2508 5483 2676 5539 dicit:
2707 5481 2856 5548 Quod
2879 5495 3082 5552 Operor.

2042 5565 2063 5591 ε
2106 5555 2200 5609 Ms.
2245 5555 2408 5616 idem,
2440 5554 2627 5610 librum
2657 5555 2882 5610 horretici
2913 5553 3076 5606 nobis.

2043 5624 2060 5661 τ
2095 5625 2191 5681 Ms.
2229 5627 2368 5680 idem
2395 5645 2412 5678 .:
2448 5623 2606 5679 XVII.
2649 5625 2944 5680 "mnuum.
2993 5621 3112 5682 Non
3141 5629 3386 5684 vocantur
3419 5621 3545 5697 nisi,

1969 5703 2072 5749 etc.
