3926 6176
459 277 575 334 am

1423 321 1426 324 .
1457 266 1734 326 λυοτοῐι
1772 258 2143 320 ΑΝΟΝῩΜῙΞΞ
2184 253 2720 314 ΡΒλΕΒΕδΤΙΝᾹΠ.
3575 255 3665 311 656

463 395 770 450 novissimus
797 390 1070 458 invenitur.
1098 385 1226 440 Date
1247 385 1439 456 primas
1480 391 1652 452 partes
1693 377 1822 442 Deo,
1863 383 1919 429 ut
1945 391 2034 428 su-
2064 373 2109 432 Α
2139 379 2232 424 est.
2265 372 2290 408 ά
2321 370 2458 437 Quid
2506 382 2634 436 ergo
2673 367 2780 458 hoc
2817 363 2939 420 loco
2966 363 3255 458 attenditis
3291 365 3419 458 vos?
3460 363 3672 458 Nunquid

465 485 698 555 perbiam
718 481 970 536 evacuetis
991 479 1288 532 humanam.
1315 471 1464 538 Quod
1496 473 1540 525 si
1570 468 1829 524 volueritis
1866 481 2040 535 super-

467 575 605 628 bium
629 583 651 611 ⁸
684 574 880 627 nutrire
909 568 1215 630 hominibus,
1240 571 1456 636 apparet
1495 579 1579 617 vos
1602 562 1808 614 ruinam
1841 557 2040 628 generis

468 663 679 717 Immani
701 661 1010 733 perquirere,
1031 657 1116 729 qui
1138 655 1330 710 docetis
1355 653 1407 706 in
1432 653 1562 706 bono
1579 665 1732 720 opere
1751 663 1853 701 non
1876 643 2041 698 Deum

467 752 783 814 antecedere,
807 750 898 804 sed
928 748 1150 802 hominis
1186 746 1517 806 voluntatem,
1541 750 1596 793 ut
1635 739 1735 809 ipsi
1772 737 2042 790 uideantur

467 844 634 914 magis
663 841 831 894 Deum
858 848 913 893 ut
937 837 1126 892 bonum
1171 837 1332 907 faciat
1368 835 1474 888 suis
1503 825 1912 900 suggestionibus
1946 825 2042 877 ad-

465 929 874 1002 monerc,.quasi
901 930 988 999 qui
1025 944 1128 981 non
1159 929 1352 997 faceret
1393 923 1580 976 bonum
1618 921 1719 974 nisi
1748 919 1846 989 ipsi
1885 917 2046 971 dixis-

467 1031 618 1084 sent;
648 1037 763 1073 cum
792 1025 988 1071 constet
1031 1015 1209 1079 Deum,
1240 1013 1382 1067 nullo
1410 1017 1730 1081 suggerente,
1772 1006 1912 1060 nullo
1953 1020 2040 1058 ro-

467 1119 642 1183 gante,
693 1108 831 1162 bona
867 1106 1041 1160 omnia
1073 1104 1362 1158 hominibus
1401 1089 1712 1154 condonare.
1742 1094 1866 1150 Non
1905 1096 2044 1150 enim

467 1200 597 1254 dicit
614 1198 887 1268 Apostolus
912 1213 929 1250 :
960 1195 1087 1249 Cum
1114 1210 1432 1265 ragaremus,
1462 1199 1512 1244 et
1531 1199 1832 1260 peteremus,
1863 1197 2044 1246 etcur-

469 1306 713 1353 reremus,
741 1297 793 1342 et
821 1287 1168 1358 vigilaremus,
1193 1285 1305 1348 sed,
1331 1282 1458 1336 Cum
1478 1281 1675 1335 inimici
1703 1294 1947 1342 essemus,
1969 1292 2046 1330 re-

468 1381 727 1438 conciliati
745 1395 921 1434 sumus
949 1376 1095 1442 Deo;
1117 1393 1219 1430 non
1233 1391 1326 1446 per
1348 1374 1656 1428 voluntatem
1679 1379 1926 1434 nostram,
1953 1367 2044 1422 sed

466 1465 561 1542 per
579 1480 794 1525 mortem
821 1467 948 1522 Filii
977 1468 1088 1538 ejus
1121 1463 1297 1536 (Rom.
1330 1481 1382 1528 v,
1414 1463 1525 1533 10).
1569 1460 1668 1516 Ubi
1706 1469 1783 1514 est
1809 1461 2042 1513 voluntas

469 1557 736 1616 hominis?
766 1558 977 1614 exclusa
1004 1567 1099 1611 est.
1133 1553 1256 1609 Non
1285 1571 1408 1626 ergo
1439 1552 1605 1607 omnis
1632 1552 1717 1622 qui
1739 1550 1843 1604 vult
1874 1549 2044 1602 salva-

465 1659 550 1705 ωι-
565 1668 583 1717 ;
605 1649 724 1721 quia
745 1649 792 1702 si
820 1647 986 1702 omnis
1007 1647 1093 1719 qui
1132 1646 1280 1700 uellet
1307 1644 1614 1705 salvaretur,
1645 1641 1818 1694 nullus
1845 1645 2044 1710 poterat

467 1757 502 1797 α
529 1740 694 1796 salute
721 1739 852 1810 efﬁci
881 1739 1097 1792 alienus.
1125 1735 1308 1790 Omnis
1329 1737 1499 1806 itaque
1528 1734 1678 1787 homo
1707 1733 1897 1786 salvari
1918 1730 2040 1795 vult,

463 1829 558 1884 sed
580 1845 684 1882 non
714 1828 879 1882 omnis
914 1826 1148 1881 solvatur
1172 1825 1343 1879 homo.
1377 1823 1620 1878 Salvatur
1647 1823 1782 1876 enim
1818 1822 1863 1874 is
1897 1835 2047 1899 quem

465 1920 683 1975 noluerit
707 1917 867 1971 Deus.
903 1915 1109 1989 Utique,
1141 1915 1430 1987 inquam,is
1459 1930 1606 1985 quem
1643 1913 1861 1966 voluerit
1887 1913 2044 1974 Deus;

458 2021 522 2065 ut
543 2011 753 2065 exclusa
783 2009 1008 2063 hominis
1036 2007 1318 2069 voluntate,
1342 2021 1490 2059 suam
1525 2004 1734 2075 plenam
1759 2019 1824 2057 ea:
1843 2003 2046 2074 integro

467 2101 690 2174 gratiam
716 2099 1028 2170 manifestet.
1055 2097 1081 2136 ι)
1109 2098 1304 2152 Beatos
1323 2095 1443 2150 dico
1471 2095 1678 2165 priores
1701 2102 1932 2159 nostros,
1955 2093 2046 2161 qui

468 2199 676 2245 tantum
717 2189 970 2245 facinoris
1017 2203 1171 2244 usum
1212 2186 1442 2251 minime
1489 2191 1872 2253 cognoverunt.
1917 2182 2048 2250 Quis

467 2295 705 2351 unquam
733 2279 1097 2349 su=picaretur
1125 2277 1192 2332 de
1232 2275 1394 2330 rebus
1421 2275 1579 2332 bonis
1619 2283 1806 2329 contra
1836 2274 2047 2328 bonita-

469 2383 574 2428 tem
605 2371 888 2441 agendum,
913 2379 968 2426 et
996 2377 1184 2425 contra
1212 2366 1486 2437 justitiam,
1513 2365 1678 2420 armis
1713 2364 1930 2434 justitire
1965 2365 2047 2420 di-

467 2466 808 2524 micandum?
830 2465 944 2520 Non
975 2471 1258 2528 vocantur,
1292 2461 1483 2530 inquit,
1517 2459 1620 2514 nisi
1660 2460 2042 2530 prmdestinati.

467 2557 537 2612 Et
557 2573 654 2613 nos
681 2557 958 2611 vobiscum
981 2554 1208 2609 dicimus
1233 2571 1244 2605 :
1278 2551 1394 2606 Non
1427 2561 1687 2610 vocantur
1712 2551 1814 2606 nisi
1842 2551 2047 2621 praede-

468 2647 671 2703 stinati.
701 2646 830 2701 Nam
861 2646 954 2716 qui
983 2658 1172 2700 omnes
1205 2652 1394 2711 gentes
1436 2642 1596 2711 jussit
1635 2641 1909 2712 discipulis
1937 2640 2048 2695 suis

468 2743 528 2794 ut
550 2745 819 2816 vocarent,
865 2737 1048 2818 dicpns
1081 2754 1093 2788 :
1133 2734 1329 2790 Euntes
1369 2734 1628 2807 baptizate
1653 2749 1830 2789 omnes
1869 2745 2048 2804 gentes

472 2825 687 2899 (Matth.
720 2828 1232 2896 xxvui,19),omnes
1271 2826 1384 2895 ipse
1406 2836 1538 2882 ante
1566 2825 1854 2880 adventum
1892 2839 2047 2880 suum

450 2917 888 2990 pratdestinavit.
922 2916 1120 2970 Omnes
1148 2931 1276 2984 ergo
1311 2925 1498 2985 gentes
1531 2916 1931 2986 prmdestinavit
1979 2915 2048 2970 ad

454 3010 655 3074 ~ivitam,
687 3009 812 3078 quia
843 3023 1029 3063 omnes
1056 3015 1244 3075 gentes
1268 3008 1482 3062 vocavit
1509 3006 1574 3061 ad
1605 3007 1786 3061 vitam.
1823 3007 1924 3074 Qui
1949 3022 2046 3062 ve-

2142 461 2432 515 luctantem
2460 458 2653 513 videtis
2679 456 2847 510 Deum
2883 462 2938 509 et
2966 455 3254 519 hominem,
3284 461 3344 508 ut
3370 455 3464 508 ista
3485 454 3678 512 dicatis?

2142 552 2198 606 Si
2222 552 2510 606 luctantem
2532 547 2806 611 videretis,
2839 553 2984 601 recte
3012 545 3100 599 uni
3125 543 3262 614 parti
3293 543 3555 598 victoriam
3587 555 3676 600 tra-

2142 640 2358 696 deretis.
2405 640 2557 694 Nunc
2599 645 2780 692 autem
2826 637 2950 705 quia
3003 636 3193 692 medici
3238 650 3477 690 normam
3521 645 3680 692 tenens

2143 731 2391 787 Salvator
2416 730 2713 794 hominum,
2744 726 2836 781 dat
2865 727 3086 790 monita,
3116 742 3222 781 non
3253 740 3361 782 sua:
3387 725 3584 780 utilitati
3611 742 3682 782 ne-

2144 824 2395 888 cessaria,
2420 823 2514 877 sed
2542 829 2738 876 nostrae
2775 820 2932 876 saluti
2963 820 3129 884 utilia,
3158 819 3399 888 quaidam
3427 817 3532 874 ﬁeri
3553 819 3684 888 jubet

2145 923 2205 969 ut
2231 914 2394 969 vitam
2432 913 2695 977 obtineas,
2727 910 2967 980 quaedam
2996 912 3244 980 prohibet
3272 909 3387 964 ﬁeri
3406 919 3461 964 ut
3486 920 3684 966 mortem

2145 1004 2358 1069 evadas,
2390 1004 2436 1058 si
2463 1003 2710 1066 audieris,
2755 1000 3041 1070 imputabis
3077 999 3344 1054 Salvatori
3370 999 3507 1070 quod
3531 1000 3682 1065 vives;

2145 1096 2191 1151 si
2220 1093 2628 1164 contempseris,
2653 1099 2757 1146 tuae
2783 1091 3057 1160 reputabis
3082 1090 3325 1158 ignaviae,
3347 1090 3470 1145 dum
3491 1091 3687 1160 (imperis

2145 1185 2334 1240 mortis
2361 1184 2559 1238 sentire
2599 1189 2888 1236 tormenta.
2920 1180 3075 1247 Quod
3115 1179 3162 1235 si
3206 1189 3266 1234 tu
3309 1181 3452 1237 dicas
3489 1190 3687 1236 mortem

2145 1275 2332 1344 aegroti
2358 1273 2550 1328 medici
2572 1272 2836 1342 imperitia
2866 1273 3125 1336 evenisse,
3156 1286 3256 1325 nos
3278 1269 3522 1326 docemus
3545 1270 3688 1326 medio

2146 1378 2269 1418 cum
2298 1377 2366 1416 ex
2391 1362 2536 1416 omni
2565 1370 2717 1430 parte
2746 1360 3060 1430 perfectum.
3090 1359 3147 1414 Si
3177 1368 3357 1414 autem
3385 1359 3570 1413 dixeris
3593 1359 3689 1428 ejus

2145 1453 2423 1522 voluntate
2455 1452 2644 1507 mortis
2691 1451 2964 1505 interitum
3000 1450 3330 1515 devolutum,
3368 1451 3477 1520 ipse
3501 1450 3586 1506 tibi
3608 1466 3687 1506 el-

2146 1547 2374 1612 clamat,
2423 1546 2606 1601 dicens
2654 1563 2666 1598 :
2708 1542 2848 1599 Nolo
2893 1553 3108 1598 mortem
3159 1546 3440 1614 peccatoris
3488 1544 3687 1614 (Exest.

2148 1654 2332 1706 χχχιιι,
2366 1637 2474 1709 ll).
2508 1637 2678 1704 Quem
2706 1638 2751 1692 si
2790 1638 3122 1705 interrogare
3149 1637 3426 1702 merearis,
3455 1646 3507 1692 et
3531 1635 3688 1692 dicas:

2077 1734 2122 1794 B
2148 1729 2205 1784 Si
2227 1731 2331 1785 hoc
2350 1745 2458 1784 non
2477 1730 2576 1796 vis,
2606 1729 2828 1784 ostende
2848 1728 2976 1796 quid
2996 1729 3158 1794 velis;
3189 1730 3526 1799 respondebit
3547 1748 3558 1782 :
3578 1729 3692 1784 Volo

2148 1829 2206 1875 ut
2227 1827 2571 1875 convertatur
2597 1827 2653 1874 et.
2678 1820 2840 1874 vivat.
2882 1818 3034 1874 Unde
3063 1818 3288 1874 facimus
3316 1828 3370 1874 et
3396 1835 3490 1873 nos
3514 1819 3692 1875 clausu-

2148 1911 2253 1966 lam
2281 1911 2599 1966 catholicam
2640 1911 2832 1966 vestris
2869 1912 3080 1966 astutiis
3109 1911 3435 1966 obviantem.
3467 1910 3517 1966 Si
3544 1918 3693 1982 potest

2129 2000 2311 2054 .homo
2350 2001 2462 2055 Deo
2490 2001 2709 2055 nolente
2752 2001 3063 2071 delinquere
3080 2043 3096 2068 ,
3120 2010 3328 2070 quanto
3357 2002 3516 2070 magis
3543 2009 3693 2073 potest

2149 2093 2260 2148 Deo
2289 2095 2502 2149 volente
2528 2093 2736 2149 delictis
2755 2092 2914 2148 linem
2943 2095 3260 2164 imponere?
3289 2093 3344 2148 Si
3371 2101 3538 2164 potest
3559 2094 3694 2149 homo

2147 2183 2285 2238 velle
2311 2184 2454 2252 quod
2482 2185 2622 2239 Deus
2648 2201 2756 2239 non
2778 2185 2912 2249 vult,
2941 2194 3142 2254 quanto
3165 2186 3338 2253 magis
3364 2193 3535 2255 potest
3558 2185 3694 2239 homo

2146 2276 2287 2331 velle
2315 2275 2459 2345 quod
2489 2273 2628 2330 Deus
2664 2276 2815 2330 vult?
2857 2276 2915 2330 Si
2960 2284 3138 2347 potest
3167 2277 3334 2331 homo
3371 2275 3478 2330 Deo
3510 2275 3694 2330 nolente

2148 2365 2345 2434 perire,
2377 2373 2577 2434 quanto
2607 2367 2775 2434 magis
2805 2373 2982 2436 potest
3020 2366 3129 2422 Deo
3157 2367 3377 2422 volente
3415 2365 3623 2420 salvari?
3649 2364 3695 2421 Si

2148 2457 2324 2527 potuit
2371 2457 2533 2512 homo
2581 2457 2693 2528 Deo
2730 2458 2951 2518 nolente
2992 2449 3218 2529 implere
3257 2459 3574 2514 voluntatem
3599 2458 3694 2513 ἀίει

2148 2546 2276 2609 boli,
2309 2554 2512 2615 quanto
2558 2548 2727 2616 magis
2771 2557 2952 2618 potest
2995 2549 3106 2604 Deo
3135 2551 3355 2605 volente
3389 2550 3592 2620 implere
3614 2562 3695 2603 vo.

2150 2636 2408 2690 luntatem
2438 2637 2566 2692 Dei?
2594 2636 2650 2692 Si
2676 2639 2852 2708 potuit
2889 2639 3052 2694 homo
3082 2641 3592 2710 prmdestinationem
3618 2638 3696 2694 Dei

2148 2745 2246 2784 sua
2291 2731 2628 2784 aversatione
2671 2738 3038 2798 c0ntemnere,
3083 2739 3292 2801 quanto
3345 2732 3508 2800 magis
3544 2737 3696 2800 potest

2149 2820 2671 2890 przedestinationem
2723 2821 2818 2876 Dei
2868 2837 2963 2880 sua
3015 2825 3374 2878 conversione
3424 2820 3696 2892 complere?

2149 2910 2293 2965 Dixit
2318 2911 2500 2978 itaque
2529 2910 2667 2966 Deus
2692 2929 2705 2964 :
2728 2910 2844 2967 Hoc
2863 2912 3007 2977 nolo,
3034 2911 3163 2967 illud
3185 2913 3342 2978 volo;
3368 2913 3418 2968 id
3438 2920 3534 2976 est,
3556 2911 3694 2965 dixit:

2148 2999 2285 3055 Nolo
2310 3009 2535 3058 mortem
2565 3001 2862 3068 morientis,
2886 3003 3010 3058 volo
3030 3010 3090 3056 ut
3115 3012 3466 3059 convertatur
3484 3011 3534 3058 et
3559 3001 3694 3056 vivat.

467 3098 610 3153 nerit
633 3137 646 3162 ,
681 3097 962 3168 imputabit
989 3097 1180 3151 divina:
1204 3097 1501 3151 clementia:
1535 3096 1931 3166 prmdestinanti
1953 3111 2048 3167 pa-
2077 3099 2121 3160 C
2153 3091 2309 3158 Quod
2337 3091 2472 3146 dixit
2509 3093 2653 3158 volo,
2686 3093 2790 3148 hoc
2816 3094 3233 3164 praedestinavit,
3271 3097 3402 3150 nihil
3427 3096 3560 3150 enim
3581 3107 3695 3164 pne-

466 3189 600 3244 riter
623 3195 676 3242 et
698 3187 908 3242 vocanti
936 3205 948 3240 :
973 3187 1062 3257 qui
1092 3195 1272 3242 autem
1301 3203 1406 3242 non
1429 3187 1656 3252 venerit,
1688 3189 1914 3257 imputet
1941 3201 2050 3241 suae

458 3279 806 3348 negligentia:
835 3279 1200 3333 contemnenti
1231 3279 1434 3349 pariter
1472 3287 1527 3335 et
1556 3279 1777 3334 nolenti.
1824 3279 1939 3334 Non
1967 3287 2050 3334 est

467 3371 613 3424 enim
661 3368 853 3424 divinae
900 3370 1384 3439 prcedestinationis
1432 3377 1492 3424 ut
1543 3369 1776 3425 hominis
1818 3369 2048 3440 perditio

469 3459 655 3526 fieret;
685 3474 784 3515 nec
806 3460 1052 3516 veluutas
1074 3460 1170 3516 Dei
1195 3470 1296 3525 est,
1345 3461 1557 3531 quando
1581 3460 1780 3517 diaboli
1803 3461 2048 3517 voluntas

468 3549 739 3619 impletur.
768 3548 1172 3632 inimicmen'im
1218 3550 1317 3616 sibi
1348 3557 1474 3605 sunt
1518 3550 1633 3606 istae
1671 3558 1726 3605 et
1765 3552 2048 3606 contraria:

465 3641 788 3706 voluntates,
819 3648 874 3696 et
903 3657 1009 3698 non
1032 3647 1212 3712 potest
1240 3657 1345 3696 una
1369 3639 1484 3697 ﬁeri
1513 3643 1716 3712 absque
1735 3651 2047 3712 contemptu

460 3733 705 3788 alterius.
756 3721 911 3798 Quod
941 3733 996 3786 si
1039 3747 1146 3788 non
1172 3735 1435 3787 vocantur
1463 3732 1627 3801 aliqui
1666 3731 1734 3786 ad
1759 3733 1942 3799 vitam,
1993 3735 2046 3788 in

465 3821 572 3876 illis
592 3821 683 3890 qui
724 3837 830 3876 non
859 3829 1132 3882 vocantur,
1158 3822 1357 3878 diaboli
1375 3811 1635 3878 voluntas
1675 3823 1946 3893 impletur.
1980 3823 2048 3878 Et

465 3911 638 3967 miror
656 3906 762 3981 qua
789 3911 965 3968 fronte
994 3911 1110 3981 ejus
1138 3910 1669 3978 intretisEcclesiam
1684 3929 1840 3982 quem
1867 3914 2048 3971 dicere

465 4016 576 4057 non
601 4002 798 4058 timetis
819 4002 1016 4057 diaboli
1041 4003 1305 4058 voluntati
1332 4004 1660 4073 subjectum;
1685 4005 1883 4061 diaboli
1903 4008 2046 4062 enim

464 4093 1043 4163 voluntatem'implere
1064 4092 1340 4163 probatur,
1361 4095 1452 4164 qui
1475 4111 1582 4150 non
1606 4095 1716 4150 vult
1742 4111 1930 4152 omnes
1943 4097 2044 4152 ho-

464 4183 637 4239 mines
665 4185 970 4254 pertingere
999 4184 1066 4239 ad
1092 4186 1342 4240 salutem.
1374 4186 1525 4243 Sicut
1553 4189 1695 4242 enim
1726 4189 1779 4243 in
1806 4189 1890 4244 his
1909 4205 2044 4258 quos

463 4275 580 4330 vult
627 4276 836 4331 salvare
896 4291 1046 4330 suam
1102 4277 1344 4332 creditur
1396 4277 1727 4335 voluntatem
1779 4280 2041 4350 implere,

403 4356 413 4365 “
462 4367 542 4422 sic
566 4366 619 4420 in
650 4366 764 4421 istis
791 4379 927 4435 quos
955 4382 1062 4421 non
1091 4367 1224 4432 vult,
1265 4365 1464 4422 diaboli
1491 4368 1740 4423 voluntas
1767 4369 2040 4439 impletur.

2149 3183 2439 3240 destinavit
2477 3184 2704 3252 invitus;
2735 3186 2880 3254 quod
2913 3187 3046 3242 dixit
3075 3189 3221 3253 nolo,
3251 3187 3516 3244 destituit.
3544 3187 3593 3241 Si
3617 3199 3697 3256 po-

2150 3283 2255 3333 test
2280 3277 2443 3332 homo
2469 3277 2607 3333 velle
2635 3285 2690 3332 et
2718 3276 2894 3334 facere
2913 3279 3055 3348 quod
3079 3279 3218 3334 Deus
3238 3295 3354 3335 non
3378 3279 3514 3342 vult,
3527 3283 3698 3347 quanto

2149 3369 2318 3438 magis
2346 3375 2526 3438 potest
2565 3376 2620 3424 et
2661 3370 2800 3424 velle
2827 3378 2883 3424 et
2925 3369 3103 3426 facere
3130 3370 3278 3440 quod
3320 3371 3457 3426 Deus
3479 3369 3614 3424 vult?
3639 3367 3698 3420 De

2147 3461 2450 3531 perditione
2478 3461 2566 3515 hic
2593 3461 2769 3529 agitur
2795 3461 3026 3516 hominis
3051 3469 3106 3516 et
3131 3462 3329 3518 salute.
3361 3462 3496 3517 Deus
3524 3460 3619 3514 vult
3654 3464 3698 3511 ut

2148 3551 2433 3616 salvemur,
2467 3550 2708 3608 diabolus
2734 3551 2848 3606 vult
2876 3560 2934 3606 ut
2961 3567 3259 3623 pereamus.
3313 3552 3369 3608 Si
3416 3560 3583 3623 potest
3606 3548 3699 3604 ﬁeri

2148 3641 2380 3710 perditio
2423 3642 2658 3698 hominis
2691 3657 2852 3712 quam
2890 3643 3004 3697 vult
3047 3642 3316 3710 diabolus,
3362 3659 3458 3714 per
3492 3650 3697 3696 nostram

2149 3733 2558 3802 negligentiam;
2613 3741 2816 3802 quanto
2865 3735 3034 3803 magis
3087 3743 3267 3804 potest
3319 3733 3432 3790 ﬁeri
3485 3730 3697 3788 liberatio

2147 3823 2382 3878 hominis
2423 3838 2583 3894 quam
2629 3823 2744 3878 vult
2784 3822 2945 3890 Deus,
2977 3838 3074 3894 per
3117 3823 3451 3893 diligentiam
3486 3823 3623 3878 bonas
3651 3825 3696 3873 et

2149 3913 2472 3969 ﬁdelissima:
2501 3914 2834 3969 voluntatis?
2913 3973 2918 3980 ,

2218 4001 2378 4057 XVII.
2424 4012 2447 4040 °
2491 4001 2597 4058 Sed
2651 4003 2781 4058 dicit
2833 4003 2968 4058 liber
3011 4010 3190 4059 vester
3229 4023 3244 4058 :
3292 4003 3548 4059 Antecetltt
3593 4015 3694 4072 gra—

2147 4095 2221 4148 tia
2259 4093 2360 4148 Dei
2409 4093 2720 4149 voluntatem
2773 4095 3015 4149 hominis.
3071 4093 3089 4132 ί
3132 4094 3242 4150 Nos
3293 4096 3559 4151 dicimus:
3599 4089 3696 4144 Non

2145 4184 2319 4238 solum
2349 4184 2636 4249 antecedit,
2681 4183 2774 4239 sed
2811 4185 2972 4238 etiam
3017 4186 3261 4254 sequitur
3287 4187 3382 4240 Dei
3423 4186 3581 4254 gratia
3616 4182 3696 4236 bo-

2145 4276 2305 4331 minis
2357 4277 2705 4331 voluntatem.
2757 4275 2910 4332 Prius
2949 4286 3126 4333 tamen
3179 4294 3341 4348 quam
3388 4277 3698 4334 ostendamus

2148 4365 2419 4436 quomodo
2448 4367 2733 4422 antecedat
2755 4375 2812 4422 et
2839 4369 3110 4438 quomodo
3135 4380 3409 4438 sequatur,
3440 4385 3530 4424 vos
3555 4380 3696 4435 expo-

463 4455 570 4512 Sed
609 4455 781 4509 honus
807 4454 950 4509 Deus
989 4456 1162 4511 bonos
1200 4471 1318 4510 esse
1349 4457 1460 4511 vult
1485 4471 1699 4524 omnes;
1725 4466 1780 4512 et
1807 4459 1930 4512 hinc
1955 4473 2044 4512 er-
2073 4461 2125 4521 Β
2149 4456 2325 4511 nimus
2349 4457 2474 4527 quid
2503 4457 2675 4511 velitis
2701 4458 3004 4513 ostendere.
3049 4459 3232 4514 Dicitis
3259 4461 3440 4529 itaque
3464 4478 3475 4512 :
3497 4459 3696 4511 Antece-

463 4561 640 4603 rorem
667 4545 931 4618 patimini,
975 4546 1098 4615 quia
1145 4560 1334 4600 omnes
1375 4562 1509 4617 quos
1552 4546 1724 4602 bonos
1762 4562 1881 4602 esse
1912 4549 2046 4614 vult,

462 4637 590 4692 boni
637 4652 744 4691 non
795 4643 937 4690 sunt.
989 4633 1188 4690 Soletis
1220 4637 1363 4690 enim
1390 4637 1568 4692 dicere
1601 4655 1613 4690 :
1647 4636 1748 4703 Qui
1786 4653 1893 4692 non
1923 4647 2047 4693 sunt

463 4729 611 4794 boni,
649 4727 762 4783 Deo
805 4739 898 4782 eos
938 4742 967 4780 a
1011 4742 1070 4782 se
1113 4727 1426 4798 repellente,
1457 4727 1583 4783 mali
1624 4737 1765 4794 sunt,
1793 4737 1850 4784 ut
1878 4730 1930 4784 hi
1955 4731 2046 4802 qui

463 4827 688 4890 peccant
726 4818 1010 4872 vidcantur
1051 4833 1158 4873 non
1202 4833 1300 4874 suo
1337 4819 1469 4874 vitio
1507 4835 1626 4874 esse
1654 4830 1956 4890 peccantes.
1991 4821 2048 4878 Si

463 4921 594 4976 ergo
634 4907 758 4962 hinc
786 4922 1022 4962 errorem
1053 4909 1314 4979 patimini,
1345 4909 1489 4980 quod
1531 4909 1625 4964 Dci
1662 4910 1909 4968 voluntas
1935 4928 2044 4967 non

465 4995 770 5066 impleatur,
803 5012 905 5051 cur
925 5012 1034 5051 non
1064 4999 1234 5066 magis
1276 4985 1405 5053 hian
1440 4999 1698 5068 judicium
1739 5002 1876 5057 detis
1919 5017 2046 5073 pec-

463 5085 730 5151 cantibus,
750 5101 856 5155 quo
879 5086 1134 5142 laudetur
1145 5088 1286 5144 Deus
1313 5089 1379 5144 de
1400 5106 1510 5145 suae
1531 5092 1785 5161 patientia
1811 5094 2042 5164 pictatis,

463 5188 518 5233 et
541 5179 789 5248 culpetur
817 5179 980 5232 homo
1009 5179 1075 5232 de
1096 5179 1436 5249 impatientia
1464 5184 1694 5253 propria:
1719 5185 2045 5240 voluntatis?

540 5267 676 5323 XVI.
708 5271 931 5326 'Dicitis
949 5271 1128 5326 cn'im:
1157 5267 1291 5341 Ergo
1320 5272 1470 5325 homo
1493 5275 1648 5326 vincit
1673 5271 1849 5327 Deum.
1879 5275 2045 5330 Vincit

465 5366 602 5418 enim
631 5363 816 5429 Deum,
843 5365 886 5417 si
909 5362 1045 5418 Deus
1073 5383 1188 5418 eum
1212 5367 1312 5419 vult
1331 5383 1439 5420 esse
1465 5366 1668 5431 bonum,
1693 5377 1743 5420 et
1761 5367 1920 5421 bonus
1942 5385 2042 5422 non

542 5508 565 5533 ι·
597 5496 690 5552 Ms.
726 5498 989 5564 Augiense
1023 5500 1258 5551 :nutrire
1277 5499 1516 5551 hominis.

540 5567 565 5604 ιι
598 5567 689 5620 .lls.
724 5567 862 5621 idem
890 5587 900 5621 :
934 5568 1244 5622 Cnnoucr.
1273 5566 1457 5621 Beatos
1486 5569 1620 5626 diro.
1654 5577 1756 5621 etc.

539 5647 565 5674 ⁸
599 5636 693 5690 Hs.
721 5639 868 5692 idem
900 5657 908 5690 :
935 5637 1096 5691 X\'.lll
1119 5637 1416 5693 llaznenct.
1441 5634 1622 5690 Dicitis
1637 5639 1790 5702 enim,
1815 5646 1918 5692 etc.

2147 4548 2225 4630 dit
2260 4549 2431 4617 gratia
2479 4549 2573 4602 Dei
2616 4549 2845 4605 hominis
2872 4551 3222 4618 voluntatem,
3255 4562 3316 4608 ut
3345 4553 3466 4608 dum
3495 4549 3696 4606 audierit

2147 4638 2310 4694 homo
2351 4646 2459 4696 tam
2495 4639 2706 4706 dignam
2753 4648 2973 4709 tamque
3002 4657 3182 4697 veram
3219 4645 3556 4706 sententiam,
3586 4637 3695 4694 illud

2147 4730 2292 4800 quod
2318 4732 2558 4799 sequitur
2597 4746 2703 4785 non
2742 4731 3002 4794 attendat,
3035 4733 3129 4788 sed
3157 4735 3310 4790 vobis
3337 4732 3696 4806 cit-ponentibus

2149 4821 2387 4878 discatur
2415 4829 2473 4876 ut
2515 4830 2690 4876 cesset
2727 4822 2976 4878 voluntas
3001 4823 3260 4892 hominis;
3287 4825 3474 4882 nedum
3501 4821 3697 4892 creperi!

2148 4911 2306 4976 velle,
2340 4910 2508 4965 Deum
2536 4912 2772 4966 excitare
2798 4912 3043 4968 videatur
3070 4915 3122 4968 in
3147 4915 3350 4981 zelum;
3374 4919 3631 4984 exspectet
3650 4917 3697 4962 ut

2149 5003 2298 5071 prius
2321 5000 2491 5068 gratia
2530 5001 2711 5055 veniat
2739 5015 2858 5070 quae
2898 5004 3168 5058 nolentem
3200 5005 3394 5071 trahat,
3425 5018 3537 5073 qua!
3561 5005 3697 5068 cogat

2150 5091 2528 5155 fastidientem,
2563 5104 2681 5160 qua:
2705 5097 2885 5146 teneat
2921 5090 3228 5160 fugientem.
3259 5093 3533 5148 Volutetur
3557 5091 3696 5145 homo

2151 5184 2204 5236 in
2227 5195 2403 5249 emno,
2434 5178 2694 5235 efﬁciatur
2721 5181 2821 5236 fmx
2859 5183 3182 5248 cloacarum,
3211 5194 3265 5239 et
3293 5186 3563 5240 criminum
3590 5195 3696 5248 gur-

2151 5273 2347 5340 gitibus
2372 5270 2730 5338 demergatur,
2760 5281 2815 5326 et
2856 5273 2926 5326 sit
2966 5289 3186 5328 securus
3218 5290 3284 5329 ex
3321 5275 3464 5328 vitio.
3495 5271 3548 5326 Si
3574 5267 3694 5324 enim

2154 5362 2362 5418 venerit
2390 5360 2559 5430 gratia
2588 5362 2928 5427 antecedens,
2959 5365 3062 5418 erit
3090 5365 3251 5419 homo
3283 5364 3527 5419 recedens
3550 5376 3578 5416 a
3602 5355 3694 5412 cri-

2225 5496 2250 5534 δ
2283 5495 2381 5567 Ms.
2413 5493 2552 5567 idem
2587 5511 2598 5546 :
2626 5491 2936 5567 Egnatia.
2974 5474 3111 5559 Quid
3137 5513 3277 5567 ergo.
3303 5506 3402 5548 rte.

2229 5576 2252 5603 ε
2283 5565 2378 5618 Ms.
2413 5563 2550 5616 idem
2587 5581 2597 5615 :
2626 5563 2762 5617 XIX.
2797 5565 3089 5622 Ηιειιετιει.
3123 5563 3230 5622 Sed
3257 5569 3396 5624 dicit,
3428 5573 3526 5617 etc.

2231 5635 2247 5672 ί
2281 5635 2424 5689 Idem
2454 5653 2463 5685 :
2493 5634 2802 5690 Cnnoua.
2840 5634 2952 5690 Nos
2985 5637 3221 5702 dicimus,
3250 5648 3348 5692 etc.
