3926 6176
235 354 332 408 657

669 347 1252 407 ΡῐωῐῡεετιΝΑτυδ
1288 349 1438 407 SIYE
1479 352 1807 408 PRJSDEST

1910 354 2169 412 lTORUM
2211 356 2537 426 HAERESIS,
2579 359 2729 416 ETC.
2774 358 2897 416 LIB.
2941 361 3026 416 Ill.

3379 361 3481 417 €58

238 467 392 522 mine.
443 462 558 518 Non
605 462 746 518 enim
788 463 933 533 prior
977 463 1080 518 erit
1126 465 1288 519 homo
1334 465 1425 520 Dei
1467 467 1669 536 gratiae,
1711 465 1804 522 sed
1833 482 1874 527 Α
1909 485 2014 524 non
2057 471 2228 527 solum
2279 482 2403 528 tunc
2449 473 2622 528 dicam
2675 475 3026 528 antecessisse
3067 473 3313 542 gr-agiam,
3360 471 3482 528 cum

236 558 400 626 gratia
431 555 524 610 Dei
560 555 707 624 prior
750 555 851 608 erit
895 555 1126 610 hominis
1168 556 1448 611 voluntati.
1498 557 1806 613 Deteximus

236 647 335 701 hoc
358 653 590 699 vestrum
621 643 874 698 studium.
902 644 1052 700 Nunc
1079 653 1264 699 contra
1288 645 1392 701 hoc
1411 647 1538 716 quid
1559 647 1807 704 catholici

237 746 528 800 teneamus,
561 748 775 788 necesse
804 741 886 788 est
912 742 971 787 ut
991 733 1148 802 justis
1176 735 1558 789 assertionibus
1579 736 1805 790 demon-

235 836 481 880 stremus.
523 823 787 878 Memores
835 833 1007 878 estote
1050 825 1174 894 quia
1221 826 1492 880 vobiscum
1536 825 1804 881 dicimus:

237 917 510 974 Antecedit
546 917 714 985 gratia
762 915 860 970 Dei
906 917 1139 971 hominis
1176 918 1524 972 voluntatem.
1570 919 1808 973 Dicimus

237 1009 412 1077 itaque
445 1026 460 1061 :
491 1007 557 1060 Et
599 1007 886 1072 antecedit,
932 1015 987 1061 et
1032 1009 1288 1075 sequitur.
1342 1009 1642 1075 Antecedit,
1680 1011 1806 1080 quia

239 1114 340 1154 non
381 1097 704 1167 petentibus,
737 1111 843 1150 non
882 1098 1212 1164 rogantibus,
1264 1115 1369 1153 non
1414 1100 1578 1153 etiam
1619 1101 1807 1154 volen-

239 1190 373 1244 tibus
401 1188 576 1252 nobis,
612 1187 759 1242 venit
803 1187 969 1242 Filius
1004 1188 1098 1243 Dei
1137 1191 1439 1246 universum
1485 1191 1736 1246 mundum
1777 1206 1808 1246 a

239 1285 407 1332 morte
451 1278 694 1346 eripere;
743 1285 798 1331 et
841 1284 902 1330 ut
939 1277 1252 1332 ascenderet
1297 1281 1364 1332 ad
1408 1281 1575 1334 Deum
1612 1281 1804 1346 homo,

239 1369 367 1423 sicut
389 1367 501 1436 jam
531 1367 779 1433 diximus,
813 1367 954 1423 Deus
982 1368 1256 1426 descendit
1285 1369 1348 1424 ad
1387 1372 1675 1425 hominem.
1705 1370 1812 1426 Ve-

241 1463 313 1516 nit
333 1462 560 1516 invitare
587 1461 884 1516 esurientes
911 1460 978 1515 ad
998 1462 1201 1531 epulas,
1233 1462 1474 1516 sitientes
1495 1462 1560 1515 ad
1584 1462 1806 1529 fontem,

240 1554 458 1607 miseros
486 1550 556 1606 ad
583 1549 964 1617 fortitudinem,
989 1551 1263 1606 mendicos
1287 1553 1353 1606 ad
1379 1552 1606 1617 divitias,
1632 1554 1811 1608 tristes

241 1642 302 1698 ad
345 1642 604 1708 laetitiam,
641 1643 887 1697 venditus
925 1643 990 1697 ad
1034 1643 1474 1712 redemptionem,
1523 1658 1707 1698 servos
1742 1643 1810 1698 ad

242 1736 557 1798 libertatem,
588 1733 828 1802 captivos
857 1733 922 1787 ad
951 1734 1209 1804 requiem.
1257 1732 1394 1788 Ecce
1423 1733 1524 1788 hoc
1564 1733 1684 1788 loco
1710 1733 1808 1789 do-

1910 563 2066 629 Deus,
2091 563 2303 633 adjungi
2325 564 2525 620 homini
2546 582 2652 620 non
2680 565 3012 636 dedignatus,
3045 581 3152 620 non
3182 566 3487 635 petentibus

1907 654 2062 708 nobis
2088 653 2269 708 venire
2295 653 2543 722 dignatus
2572 664 2681 720 est;
2713 655 2808 710 sed
2852 663 2907 710 et
2941 670 3104 724 usque
3133 655 3292 710 hodie
3329 665 3485 710 ante-

1908 725 2052 799 cedit
2093 745 2340 800 voluntas
2381 745 2477 800 Dei
2521 747 2851 801 voluntatem
2900 748 3150 803 hominis.
3181 746 3306 802 Vult
3343 747 3486 802 enim

1909 845 1967 890 ut
1992 836 2276 903 salvemur,
2304 845 2360 891 et
2387 853 2486 892 nos
2528 839 2793 893 nolumus.
2825 839 2917 894 Va:
2943 848 3118 896 autem
3143 840 3272 894 mihi
3298 847 3353 896 et
3381 839 3486 895 mel

1908 929 2186 994 similibus,
2215 931 2339 998 quia
2369 931 2604 999 quotidie
2645 932 2910 985 antecedit
2941 932 3240 986 voluntates
3276 939 3488 987 nostras
3566 942 3576 1004 ᾖ

1909 1030 1964 1075 et
2003 1023 2193 1088 gratia,
2240 1029 2294 1076 et
2340 1022 2602 1087 invitatio,
2636 1032 2691 1079 et
2717 1023 2962 1078 voluntas
2989 1024 3106 1089 Dei,
3136 1033 3191 1079 et
3222 1040 3484 1095 compun-
3530 1025 3540 1033 ’
3569 1009 3574 1022 ’

1908 1113 2036 1178 etio,
2065 1120 2119 1168 et
2144 1114 2426 1182 promissio
2454 1115 2630 1183 gaudii
2658 1116 2989 1185 sempiterni,
3019 1123 3074 1170 et
3103 1123 3275 1170 terror
3301 1115 3486 1169 aiterni

1908 1204 2171 1274 supplicii.
2203 1201 2453 1270 Quotidie
2481 1220 2608 1274 ergo
2654 1206 2908 1277 pnecedit
2949 1207 3252 1262 voluntates
3278 1215 3489 1262 nostras

1909 1296 2078 1364 gratia
2106 1295 2220 1359 Dei,
2244 1297 2718 1352 innumerabilibus
2747 1298 2903 1368 plena
2932 1297 3194 1365 suffragiis
3226 1315 3238 1350 :
3270 1297 3364 1353 sed
3390 1313 3490 1352 no-

1909 1393 2020 1440 stra
2065 1385 2311 1440 voluntas
2351 1387 2596 1443 universa
2637 1388 2737 1443 ista
2777 1387 2872 1442 Dei
2896 1387 3035 1443 dona
3074 1404 3182 1443 non
3225 1389 3483 1458 sequitur.

1912 1489 1938 1518 ι
1952 1478 2090 1546 Quid
2107 1495 2232 1553 ergo
2253 1482 2381 1539 dicit
2401 1481 2529 1536 liber
2545 1482 2760 1536 vester?
2779 1481 3031 1538 Prtecedit
3059 1485 3370 1539 voluntatem
3395 1483 3488 1537 ho-

1912 1571 2066 1625 minis
2104 1573 2339 1626 uoluntas
2374 1571 2486 1627 Dei.
2521 1571 2548 1611 δ
2578 1571 2642 1627 Et
2670 1589 2767 1643 nos
2793 1575 2919 1644 quid
2949 1575 3215 1630 diximus?
3252 1582 3308 1630 et
3352 1589 3490 1644 prte-

1911 1662 2069 1726 cedit,
2096 1670 2151 1716 et
2179 1664 2436 1732 sequitur.
2470 1663 2604 1731 Quid
2635 1679 2763 1734 ergo
2801 1665 3159 1722 laboravimus
3186 1666 3486 1735 loquentes,

1913 1752 2036 1820 quia
2057 1767 2152 1806 vos
2183 1739 2550 1809 tantummodo
2580 1756 2824 1825 pra-cedit
2851 1755 3049 1823 dicitis,
3077 1758 3308 1828 sequitur
3335 1755 3494 1814 deno-

241 1843 412 1882 cemus
431 1825 579 1894 quod
600 1827 868 1880 antecedit
889 1827 1059 1894 gratia
1087 1826 1180 1880 Dei
1203 1826 1528 1880 voluntatem
1556 1825 1807 1906 hominis.
1840 1831 1884 1890 B
1912 1843 2066 1910 galis,
2091 1842 2269 1912 [psum
2292 1852 2468 1918 amem
2490 1845 2632 1916 quod
2654 1845 2830 1900 dicitis
2849 1847 2974 1916 quia
2996 1825 3267 1919 praecedit,
3293 1846 3492 1902 idcirco

240 1917 383 1972 Nunc
424 1915 701 1972 videamus
742 1917 1012 1984 quomodo
1051 1917 1243 1970 iterum
1272 1916 1384 1986 ipsa
1414 1924 1665 1984 sequatur
1693 1931 1811 1985 qua:

240 2017 596 2064 antecesserat
616 2007 1012 2076 subsequendo.
1039 2006 1220 2063 Gratia
1251 2009 1393 2063 enim
1422 2021 1540 2077 quae
1569 2016 1822 2061 antecesq

241 2100 321 2163 sit,
352 2097 586 2153 ostendit
611 2098 736 2166 quid
766 2107 936 2168 petas,
967 2113 1124 2169 quem
1153 2107 1322 2169 petas,
1355 2107 1411 2153 et
1447 2098 1675 2168 qualiter
1713 2113 1810 2168 pe-

241 2199 345 2250 tas;
377 2191 612 2254 ostendit
633 2191 758 2260 quid
786 2205 1012 2260 qumras,
1045 2191 1271 2258 qualiter
1297 2207 1524 2261 quaeras,
1550 2191 1637 2245 ubi
1666 2206 1806 2260 qua:-

243 2296 351 2344 ras;
380 2281 620 2336 ostendit
639 2282 762 2352 quid
785 2283 982 2352 pulses,
1010 2282 1096 2336 ubi
1128 2283 1326 2353 pulses,
1349 2284 1580 2352 qualiter
1601 2285 1807 2354 pulses;

243 2378 290 2424 ct
314 2371 373 2424 ab
399 2372 498 2424 hac
525 2371 774 2440 indagine
795 2372 995 2426 nullum
1017 2372 1260 2441 exclusit.
1280 2372 1393 2427 Non
1413 2373 1586 2427 solum
1609 2375 1811 2429 nullum

242 2462 474 2526 exclusit,
521 2463 619 2517 sed
665 2465 828 2517 etiam
863 2472 1087 2519 cunctos
1125 2466 1492 2520 univerSaliter
1520 2467 1762 2521 invitavit
1795 2487 1806 2522 :

245 2549 419 2604 Omnis
450 2554 592 2605 enim
630 2554 713 2624 qui
738 2555 862 2623 petit
902 2555 1106 2624 accipit,
1131 2564 1178 2608 et
1206 2556 1291 2626 qui
1319 2557 1500 2625 quwrit
1521 2557 1730 2618 interiit,
1763 2565 1812 2610 et

245 2641 457 2713 pulsanti
499 2647 760 2712 aperietur
800 2645 1013 2716 (Matth.
1047 2663 1136 2709 vn,
1172 2647 1256 2717 8).
1297 2647 1362 2700 Et
1402 2649 1592 2703 iterum
1633 2649 1807 2703 dixit:

246 2730 481 2804 Nunquid
512 2735 654 2798 (ilius
698 2737 744 2789 si
779 2739 904 2806 petit
944 2755 1128 2808 panem
1167 2747 1364 2809 patrem
1392 2756 1557 2806 suum,
1591 2742 1813 2812 lapidem

243 2825 456 2894 porriget
478 2823 526 2875 ei
548 2827 571 2874 ?
599 2834 685 2878 aut
714 2829 760 2880 si
794 2829 986 2897 piscem
1023 2831 1243 2898 petierit,
1272 2832 1500 2904 nunquid
1527 2825 1813 2904 serpentem

243 2915 459 2984 porriget
491 2915 582 2972 ei?
615 2914 690 2970 Si.
711 2933 830 2988 ergo
873 2934 976 2984 vos,
1020 2936 1133 2973 cum
1162 2922 1274 2974 sitis
1306 2913 1448 2987 mali,
1480 2925 1640 2978 nostis
1678 2924 1814 2978 bona

245 3002 359 3055 data
389 3004 514 3058 dare
538 3006 668 3075 ﬁliis
699 3008 900 3072 vestris,
933 3021 1124 3080 quan:o
1163 3013 1326 3082 magis
1363 3013 1522 3066 Pater
1549 3023 1708 3068 vester
1727 3017 1813 3086 qui

245 3091 294 3144 in
335 3094 468 3148 caelis
511 3107 614 3163 est,
653 3096 796 3151 dabit
835 3098 970 3152 bona
997 3101 1277 3170 petentibus
1305 3118 1360 3155 se
1400 3101 1582 3172 (Ibid,
1616 3105 1812 3175 θείην

1912 1931 2106 1997 dicitis,
2150 1941 2207 1987 ut
2246 1934 2408 1989 homo
2455 1935 2508 1989 in
2553 1935 2864 1990 criminibus
2911 1937 3116 2006 positus
3159 1936 3297 1991 velle
3335 1952 3492 1992 suum

1911 2022 2074 2077 faciat
2093 2023 2386 2092 quiescere,
2416 2033 2470 2080 et
2508 2033 2783 2096 exspectet
2812 2035 2869 2080 ut
2897 2027 3076 2081 veniat
3099 2026 3166 2081 ad
3195 2042 3316 2082 eum
3345 2027 3495 2098 prior

1912 2115 2103 2183 gratia,
2127 2131 2196 2170 ne
2225 2115 2443 2185 incipiat
2465 2116 2601 2172 velle
2627 2133 2781 2172 suum
2811 2127 3138 2188 anteponere
3165 2119 3349 2188 gratiae
3373 2117 3490 2176 Dei.

1913 2203 2022 2259 Nos
2060 2213 2239 2259 autem
2286 2206 2534 2260 catholici
2582 2207 2694 2262 haec
2737 2223 3095 2273 exsecramur,
3135 2218 3190 2264 et
3219 2209 3442 2264 dicimus
3474 2229 3492 2265 ε

1912 2294 2193 2351 Antecedit
2233 2297 2403 2366 gratia
2452 2299 2783 2354 voluntatem
2833 2301 3129 2362 hominum,
3162 2299 3493 2358 ostendendo

1913 2389 2077 2442 vitam
2104 2397 2358 2444 aeternam
2401 2389 2454 2444 in
2499 2407 2603 2464 qua
2649 2390 3000 2468 delectentur,
3039 2393 3368 2449 ostendendo
3407 2393 3492 2450 inv

1913 2480 2158 2536 cendium
2187 2482 2568 2552 sempiternum
2598 2485 2651 2539 in
2674 2499 2781 2554 quo
2813 2494 3217 2550 terreantur,.ut
3244 2502 3276 2541 a
3301 2501 3494 2558 pecca:

1915 2580 2092 2626 torum
2145 2572 2588 2628 delectationibus
2640 2584 2980 2630 revocentur.
3038 2575 3373 2642 Autecedit,.
3408 2577 3494 2632 itL-

1913 2678 2093 2732 quam,
2116 2664 2353 2732 quotidie
2376 2665 2544 2733 gratia
2574 2666 2878 2721 voluntates
2906 2675 3146 2722 nostras:
3169 2666 3264 2722 sed
3279 2674 3503 2733 nostra,

1913 2754 2055 2824 quod
2083 2762 2164 2808 est
2191 2753 2363 2822 pejus,
2387 2755 2634 2810 voluntas
2663 2772 2769 2811 non
2798 2758 3056 2829 sequitur.
3090 2757 3326 2814 lndeest
3349 2757 3504 2828 quod.

1913 2844 2100 2900 flemus
2147 2853 2384 2910 orantes,
2425 2847 3074 2918 gemimuspmnitentcs,
3103 2849 3231 2918 quia
3278 2855 3494 2903 antecea

1915 2935 2128 2990 dentem
2167 2952 2274 2991 non
2315 2939 2606 3006 sequimur,
2638 2939 2954 2994 invitantem
2998 2926 3408 3006 contemnimus,
3434 2947 3498 2997 et

1915 3043 2088 3097 neque
2117 3028 2476 3083 blandientem
2507 3038 2712 3099 patrem
2734 3038 2792 3084 ut
2821 3031 2914 3085 lilii
2941 3031 3495 3102 honoramus,.neque

1915 3128 2204 3174 terrentem
2242 3119 2518 3174 dominum
2560 3123 2807 3178 timemus
2835 3131 2895 3176 ut
2934 3124 3094 3178 servi.
3142 3121 3292 3178 Unde
3331 3124 3492 3179 etiam

247 3179 547 3282 Pc‘enublls
573 3187 956 3282 "liquc-_Si0|1l
981 3205 1110 3282 (περ
1133 3199 1308 3247 tecum
1337 3193 1445 3247 ἀίΧῘ
1471 3194 1524 3247 in
1550 3196 1814 3264 superiori
1837 3191 1884 3255 Ο
1917 3209 2030 3280 ipse
2058 3209 2123 3263 ad
2155 3225 2252 3264 nos
2281 3211 2518 3279 loquitur
2558 3227 2654 3281 per
2686 3214 3002 3282 prophetam
3035 3233 3047 3266 :
3081 3212 3250 3269 Filius
3276 3215 3495 3270 honorat

245 3271 376 3334 loco,
407 3277 530 3344 quia
571 3279 839 3333 antecedit
879 3282 1048 3349 gratia
1076 3281 1172 3336 Dei
1200 3283 1530 3338 voluntatem
1561 3286 1809 3353 hominis,

245 3364 311 3419 lla
338 3382 476 3422 nunc
503 3383 716 3423 mecum
744 3371 828 3425 dic
859 3373 910 3425 in
942 3373 1045 3428 isto
1083 3373 1225 3442 loco,
1269 3365 1537 3431 antecedit
1565 3378 1812 3434 voluntas

244 3454 461 3512 hominis
483 3461 712 3528 gratiam
741 3460 863 3528 Dei;
891 3479 996 3518 non
1018 3465 1394 3534 superbiendo,
1421 3469 1514 3523 sed
1543 3469 1808 3538 petendo;

244 3559 342 3597 non
384 3548 716 3622 extollendo,
755 3551 849 3606 sed
887 3555 1209 3620 quaerendo;
1258 3572 1366 3611 non
1415 3558 1689 3624 luctando,
1717 3559 1811 3614 sed

244 3635 510 3702 pulsando.
565 3637 674 3695 Nisi
718 3641 861 3695 enim
902 3660 969 3697 ex
1009 3643 1109 3700 fide
1142 3647 1390 3714 voluerit,
1427 3651 1604 3704 nullus
1633 3652 1682 3706 ei
1710 3652 1809 3706 ba-

246 3727 494 3793 ptismatis
540 3731 743 3786 donum
788 3734 974 3801 gratiae
1022 3736 1212 3792 divinae
1251 3739 1516 3810 impertit;
1562 3743 1682 3808 nisi,
1731 3743 1812 3798 in-

243 3829 411 3882 quam,
450 3834 516 3874 ex
564 3819 668 3875 fide
717 3823 942 3878 voluerit
971 3826 1208 3894 credere,
1256 3845 1367 3883 non
1406 3831 1508 3885 erit
1542 3833 1810 3903 particeps

243 3903 598 3976 indulgentias;
629 3912 730 3966 nisi
750 3928 816 3967 ex
841 3914 940 3969 lide
966 3917 1366 3984 desideraverit,
1399 3920 1466 3974 ad
1493 3923 1691 3977 donum
1714 3924 1809 3979 Dei

243 4000 510 4065 pervenire
538 4017 652 4056 non
677 4006 893 4072 poterit.
926 4006 982 4061 Si
1013 4009 1152 4062 enim
1183 4011 1250 4064 ad
1284 4009 1552 4067 Christum
1589 4016 1809 4072 veniens

242 4085 424 4176 dixerit
450 4091 668 4158 gentilis
699 4111 712 4145 :
744 4093 878 4150 Nolo
906 4096 1196 4167 baptizari,
1223 4100 1484 4170 baptizari
1515 4119 1621 4158 non
1650 4115 1806 4176 pote-

242 4174 322 4228 rit.
347 4176 403 4232 Si
430 4181 495 4234 ad
525 4182 856 4251 pmnitentite
885 4186 1111 4242 fructum
1140 4188 1452 4258 delinquens
1477 4174 1695 4248 veniens
1723 4197 1806 4250 di-

243 4267 369 4354 xerit
409 4286 422 4320 :
464 4269 604 4326 Nolo
651 4276 1002 4343 reconciliari,
1057 4281 1388 4335 reconciliari
1430 4291 1537 4338 non
1586 4288 1801 4354 poterit.

244 4351 496 4428 Utrosque
524 4363 873 4420 sacerdotalis
901 4382 1125 4422 censura
1151 4372 1438 4437 examinat,
1463 4351 1654 4442 quibus
1674 4376 1807 4431 nihil

242 4450 409 4512 gratia:
446 4453 694 4509 conferre
736 4459 1010 4526 praevalet,
1055 4461 1156 4516 nisi
1197 4464 1592 4532 integerrimam
1621 4481 1687 4521 ex
1712 4483 1807 4523 ore

243 4552 412 4595 eorum
433 4544 678 4600 didicerit
697 4536 1023 4606 voluntatem
1050 4572 1062 4606 :
1086 4562 1178 4607 aut
1203 4555 1248 4610 si
1275 4571 1435 4611 ausus
1457 4568 1555 4626 est,
1589 4575 1683 4615 vos
1706 4561 1805 4630 ipsi
1835 4555 1883 4614 D

243 4635 553 4698 cognoscite.
587 4635 756 4707 Majas
783 4641 982 4710 aliquid
1013 4644 1361 4700 dicamus..Si
1389 4649 1549 4702 etiam
1577 4650 1802 4704 infirmi-

243 4721 354 4775 tatis
379 4724 456 4779 vis
494 4732 755 4785 sermonis
783 4732 986 4788 auferat
1013 4735 1337 4804 facultatem,
1373 4740 1673 4798 nullatenus
1707 4760 1804 4813 po-

246 4813 356 4865 terit
383 4820 578 4873 tacenti
600 4823 782 4890 gratia:
811 4823 906 4879 Dei
933 4829 1087 4895 copia
1110 4831 1417 4884 ministrari.
1444 4833 1635 4888 Mentis
1660 4837 1803 4890 enim

242 4912 494 4961 secretum
534 4911 634 4964 nisi
674 4912 863 4981 lingua:
899 4916 1226 4973 internuntio
1270 4921 1426 4976 fuerit
1453 4923 1798 4992 declaratum,

245 4999 481 5063 consequi
514 5016 619 5054 non
649 5003 844 5057 valebit
871 5008 1304 5073 gratiarmCorde
1329 5013 1464 5066 enim
1492 5016 1714 5070 creditur
1735 5020 1803 5071 ad

234 5079 501 5176 justitiam,
543 5107 628 5144 ore
665 5103 830 5148 autem
859 5097 948 5165 ﬁet
991 5101 1242 5170 confessio
1279 5103 1348 5154 ad
1375 5104 1592 5158 salutem
1623 5106 1801 5176 (Rom.

247 5173 429 5269 x110).
459 5179 676 5237 Dicente
704 5199 832 5252 ergo
865 5188 1087 5243 Domino
1114 5209 1124 5242 :
1155 5190 1335 5247 Omnis
1361 5197 1445 5266 qui
1473 5199 1597 5266 petit
1618 5173 1805 5269 accipit

249 5261 445 5330 (Matth.
469 5289 556 5339 vn,
583 5277 662 5346 8),
696 5281 1011 5335 antecedere
1039 5283 1250 5338 videtur
1278 5261 1521 5343 voluntas
1549 5261 1800 5360 petentis,

250 5361 301 5406 ut
335 5363 497 5426 possit
532 5369 751 5423 concedi
791 5373 1093 5440 petentibus
1132 5378 1302 5444 gratia
1343 5381 1705 5438 retribu‘entis.
1740 5385 1806 5440 Et

252 5456 310 5496 ne
336 5446 467 5505 forte
490 5452 833 5513 fluctuantem
863 5471 912 5518 te
942 5463 994 5516 in
1025 5465 1128 5520 hoc
1149 5467 1267 5521 loco
1295 5469 1475 5524 videar
1500 5472 1801 5542 reliquisse,

250 5541 332 5607 cui
352 5557 500 5604 omne
520 5551 716 5609 bonum
737 5558 921 5625 gratia:
951 5559 1524 5627 tribuis,,non.mccum
1556 5541 1801 5624 laboras

319 5721 340 5749 ι
367 5707 457 5768 Ms.
482 5715 1370 5797 Augiense:XX.ll.£nsnc1.Quid
1388 5753 1510 5810 ergo
1538 5737 1685 5790 di":-
1719 5753 1735 5775 μ’
1761 5756 1772 5766 κ

1913 3309 2130 3370 patrem,
2155 3310 2203 3353 et
2227 3317 2399 3356 servus
2420 3301 2558 3354 timet
2580 3303 2860 3356 dominum.
2887 3303 2950 3358 Si
2968 3303 3221 3359 Dominus
3242 3322 3334 3377 ego
3358 3322 3492 3370 sum,

1912 3391 1998 3443 ubi
2025 3401 2102 3443 est
2128 3391 2279 3444 timor
2307 3391 2487 3444 meus?
2515 3389 2577 3444 Si
2605 3400 2770 3460 pater,
2799 3390 2887 3445 ubi
2908 3401 2982 3445 est
3003 3394 3169 3447 honor
3191 3411 3329 3449 meus
3355 3392 3495 3465 (Ma-

1913 3480 2050 3534 lach.
2082 3497 2117 3547 ι,
2149 3479 2239 3551 6)?
2269 3479 2665 3550 lnterrogamus
2705 3496 2866 3536 nunc.
2899 3479 3114 3551 Aliquid
3145 3481 3306 3550 exigit
3335 3498 3366 3536 a
3394 3499 3494 3538 [.0-

1910 3565 1993 3625 bi's
2022 3570 2345 3626 antecedens
2373 3571 2666 3639 gratia,.an
2710 3587 2818 3626 non
2861 3571 3058 3638 exigit?
3097 3572 3285 3642 procul
3331 3571 3494 3628 dubio

1912 3663 2094 3730 exigit.
2126 3661 2261 3729 Quid
2292 3663 2491 3731 exigit?
2529 3664 2639 3719 hoc
2661 3664 2842 3731 utique
2871 3662 3015 3734 quod
3043 3662 3143 3733 ipsi
3171 3661 3360 3729 dicitis,
3391 3679 3491 3720 vo-

1912 3751 2170 3806 luntatem
2193 3754 2380 3822 ipsam.
2415 3753 2558 3824 Ergo
2581 3755 2849 3810 antecedit
2876 3754 3066 3823 gratia.
3099 3753 3234 3821 Quid
3263 3765 3343 3809 est
3370 3769 3494 3823 sta.-

1912 3843 2023 3896 tia?
2060 3851 2118 3897 ut
2154 3845 2297 3913 quod
2341 3846 2577 3915 petieris,
2625 3847 2792 3916 gratis
2829 3845 3078 3916 accipias.
3122 3843 3186 3898 Et
3231 3845 3352 3901 ideo
3383 3863 3492 3903 non

1911 3934 2044 3988 dixit
2076 3953 2087 3988 :
2121 3935 2292 3990 Emite
2317 3945 2372 3990 et
2394 3937 2609 3992 dabitur
2636 3937 2806 4004 vobis,
2837 3937 2931 3993 sed
2965 3955 2978 3990 :
3009 3935 3180 3992 Petite
3207 3946 3260 3994 et
3281 3937 3493 3992 dabitur

1910 4025 2080 4079 vobis.
2123 4025 2189 4079 Et
2231 4026 2374 4082 unde
2420 4030 2657 4097 apertius
2706 4028 2929 4084 fratrum
2985 4029 3298 4098 simplicitas
3347 4029 3491 4083 hunc

1909 4133 2123 4171 sensum
2161 4126 2450 4185 agnoscat,
2477 4120 2709 4189 aliquam
2743 4119 3141 4175 similitudinem
3181 4119 3486 4176 offeramus.

1909 4208 2133 4265 Ostensa
2174 4217 2256 4264 est
2297 4209 2574 4266 Salomoni
2618 4213 2880 4282 sapientia
2911 4229 2923 4264 :
2955 4226 3082 4267 ecce
3121 4212 3321 4280 gratia;
3360 4213 3490 4282 quid

1907 4315 2050 4354 nunc
2069 4300 2210 4354 dicat
2230 4300 2315 4356 cui
2336 4309 2547 4356 ostensa
2570 4309 2681 4368 est,
2702 4302 2877 4372 ipsum
2898 4299 3242 4356 Sal‘omonem
3265 4301 3490 4371 loquen—

1909 4405 2018 4451 tem
2047 4393 2306 4448 ausculta.
2335 4393 2570 4461 Amator,
2602 4394 2788 4465 inquit,
2814 4395 2984 4465 factus
3012 4411 3124 4448 sum
3150 4390 3332 4468 (anna:
3352 4395 3486 4467 ejus,

1908 4494 1956 4538 et
1984 4485 2116 4538 hanc
2142 4485 2352 4555 quasivi
2381 4501 2643 4540 assumere
2665 4485 2808 4549 mihi,
2833 4493 2882 4540 et
2909 4485 3176 4540 currebam
3203 4493 3317 4558 post
3341 4503 3487 4552 eam;

1909 4595 1967 4632 eo
1997 4578 2164 4648 magis
2211 4577 2302 4631 illa
2338 4578 2614 4649 elongabat
2651 4597 2683 4633 a
2723 4595 2801 4632 me
2832 4578 2985 4651 (Sap.
3015 4595 3121 4644 vin,
3152 4579 3228 4651 ἢ).
3255 4578 3371 4634 Non
3395 4580 3489 4636 tibi

1910 4669 2120 4724 videtur
2159 4669 2388 4738 puellam
2425 4668 2834 4740 pulcherrimam
2879 4669 3184 4724 illicientem
3211 4679 3264 4726 et
3292 4686 3490 4740 provo-

1909 4768 2120 4814 cantem
2145 4767 2436 4814 amatorem
2460 4761 2512 4814 in
2534 4761 2730 4816 cursu?
2755 4759 2820 4814 Ut
2845 4760 2971 4828 quid
3001 4777 3142 4816 nunc
3162 4762 3494 4818 voluerimus

1907 4847 2067 4916 hujus
2105 4850 2331 4919 exempli
2385 4848 2561 4904 facere
2608 4850 2966 4905 mentionem?
3015 4850 3209 4909 Audite
3261 4854 3484 4922 gratiam

1910 4941 2023 4994 Dei.
2055 4940 2319 4996 Ponamus
2346 4941 2504 4996 filiam
2531 4943 2717 5013 patris.
2748 4940 2898 4998 Hanc
2931 4943 3113 5008 tibi,.o
3143 4945 3489 5010 homo,.sctas

1907 5032 2242 5086 evidentibus
2271 5031 2476 5086 indiciis
2508 5046 2538 5085 a
2570 5047 2668 5086 suo
2693 5041 2848 5102 patre
2877 5033 3292 5100 manifestatum,
3323 5043 3382 5088 ut
3407 5034 3492 5090 vi-

1909 5123 2038 5175 deas
2066 5129 2119 5175 ct
2147 5131 2355 5177 amator
2380 5122 2636 5177 efﬁciaris.
2657 5124 3064 5192 pulchritudinis
3087 5124 3134 5194 ej
3159 5142 3218 5179 ιδ.
3246 5125 3493 5180 Ostendit

1910 5213 2071 5266 etiam
2119 5220 2333 5280 quantm
2383 5212 2488 5266 sint
2543 5213 2659 5280 ejus
2709 5212 2942 5279 divitiae,
2993 5225 3189 5286 quanta
3240 5215 3485 5282 dilectio,

1909 5313 2107 5373 quanta
2129 5304 2429 5371 alfabilitas,
2461 5313 2656 5374 quanta
2687 5303 2837 5362 fides.
2861 5304 2956 5361 Est
2984 5321 3110 5374 ergo
3135 5308 3375 5381 pulchra,
3403 5313 3486 5361 est

1909 5397 2076 5459 dives,
2106 5405 2187 5450 est
2215 5397 2406 5462 fidelis,
2427 5406 2509 5451 est
2535 5398 2767 5468 sapiens,
2798 5407 2881 5453 est
2918 5400 3079 5454 etiam
3118 5398 3309 5451 summi
3348 5398 3490 5465 regis

1911 5487 2034 5542 filia.
2060 5488 2210 5544 Hanc
2237 5489 2350 5554 tibi,
2378 5506 2410 5545 o
2434 5489 2706 5554 homo,.ad
2737 5490 2840 5546 hoc
2881 5497 3007 5544 ante
3033 5489 3216 5544 oculos
3246 5497 3365 5541 tuos
3391 5504 3487 5558 pa-

1909 5586 1991 5634 ter
2030 5583 2289 5648 exhibuit,
2319 5591 2373 5635 ut
2398 5591 2604 5638 amator
2633 5583 2750 5652 ejus
2784 5581 2952 5637 factus
2979 5588 3128 5650 petas
3157 5594 3274 5634 eam
3306 5579 3398 5634 tibi
3431 5580 3484 5635 in

1977 5728 2003 5769 ι’
2038 5732 2128 5784 ‘L.
2159 5735 2296 5787 Ucm
2333 5756 2343 5787 :
2371 5736 2676 5791 Carnomcr.
2711 5735 2777 5789 Et
2809 5752 2900 5791 nos
2925 5737 3044 5790 maid
3074 5736 3318 5802 diximus,
3343 5749 3448 5796 etc.
