3926 6176
499 305 605 370 ‘59
1485 305 1759 366 AUCTOR
1797 306 2165 366 ANOSYMUS’
2201 309 2740 377 PRAEDESTINATI.
3601 341 3689 402 σω.

493 424 854 490 matrimonio,
886 429 941 478 et
968 436 1032 477 ex
1061 437 1125 479 ea
1155 418 1265 478 Deo
1288 422 1424 479 lllios
1451 423 1632 489 facias,
1661 409 1800 480 sicut
1826 423 1951 479 fecit
1979 422 2067 476 ille
2095 421 2142 478 A
2171 423 2387 484 dentem
2405 439 2458 486 et
2481 444 2798 503 sequentem
2814 439 3158 496 ostendimus.
3185 441 3471 510 Antecedit,
3491 447 3596 516 quia
3617 468 3685 505 νο.

492 515 585 590 qui
617 514 826 573 dicebat
858 532 870 567 :
903 512 967 568 Si
1003 512 1176 568 decem
1217 513 1381 572 millia
1409 515 1808 587 pedagogorum
1835 514 2068 572 habeatis
2171 525 2276 585 cat,
2302 519 2425 588 quia
2464 535 2741 594 provocat,
2759 529 2887 597 quia
2915 531 3102 586 invitat
3135 541 3194 586 ut
3219 536 3396 590 venias
3426 555 3438 590 :
3466 512 3686 609 sequitur,

492 604 547 662 in
569 604 790 670 Christo,
817 621 919 659 non
949 611 1120 658 tamen
1141 603 1391 668 habebitis
1417 606 1603 682 multos
1631 615 1835 678 patres;
1866 625 1990 662 nam
2013 608 2068 662 in
2171 608 2295 675 quia
2336 609 2460 673 dum
2498 617 2728 683 veneris,
2779 627 2834 673 et
2877 621 3129 686 volueris,
3180 631 3235 678 et
3272 625 3495 694 petieris,
3532 603 3687 686 donat.

494 694 698 756 Christo
711 694 838 750 Jesu
877 710 969 765 per
994 692 1335 767 Evangelium
1362 714 1455 768 ego
1482 714 1570 752 vos
1592 698 1746 768 genui
1775 695 1820 767 (ῐ
1847 697 1967 754 Cor.
1994 715 2066 764 iv,
2170 699 2457 759 Videamus
2479 721 2621 763 nunc
2639 723 2745 777 quo
2765 720 2940 770 vestra
2963 723 3144 783 pergat
3173 692 3412 770 intentio.
3433 716 3556 772 Dicit
3573 722 3691 778 enim

2170 792 2578 855 anatltemabilis
2605 797 2740 854 liber
2767 817 2797 855 a
2825 789 3002 858 vestra
3035 815 3056 844 ο
3087 807 3318 861 vanitate
3346 810 3682 880 conscriptus:

2240 879 2419 940 XVI".
2449 887 2473 923 ά
2503 886 2626 944 Non
2655 892 2793 945 enim
2819 911 2937 947 cum
2966 913 3259 966 rogaremus
3288 915 3438 968 neque
3461 917 3563 954 cum
3586 911 3693 972 pete-

2169 989 2360 1042 remus,
2403 977 2500 1031 θεά
2537 996 2652 1034 cum
2701 983 2896 1037 inimici
2941 991 3510 1062 essemusneconciliati
3549 1010 3694 1050 sumus

2169 1060 2298 1127 Dea,
2331 1081 2436 1118 non
2482 1085 2572 1138 per
2608 1080 2839 1126 nostram
2889 1060 3226 1142 voluntatem,
3263 1077 3352 1132 sed
3393 1097 3476 1150 per
3513 1092 3696 1138 mortem

2168 1149 2299 1206 Filii
2342 1155 2472 1224 ejus.
2527 1167 2550 1194 θ
2597 1157 2802 1215 Jubetis
2844 1177 2972 1232 ergo
3018 1172 3078 1220 ut
3123 1182 3232 1222 non
3275 1149 3457 1235 rogent
3489 1169 3696 1228 homines

2168 1239 2335 1298 Deum
2389 1254 2448 1300 ut
2500 1251 2913 1308 reconcilientur
2972 1255 3054 1322 ei,
3123 1257 3218 1314 sed
3283 1243 3564 1315 elliciantur
3616 1263 3696 1317 ini-

2168 1331 2291 1387 mici
2331 1333 2467 1402 ejus,
2500 1345 2558 1390 ut
2603 1340 2772 1408 possit
2813 1351 2957 1404 stare
2996 1346 3223 1415 apostoli
3264 1345 3410 1402 Pauli
3442 1353 3696 1418 sententia;

2168 1437 2344 1492 neque
2375 1426 2708 1484 voluntatem
2745 1447 2892 1486 suam
2924 1435 3083 1491 bonis
3120 1437 3324 1492 nisibus
3357 1438 3572 1504 tradant,
3596 1442 3697 1508 quia

492 785 599 856 t5).
631 783 708 848 De
735 799 839 854 qua
869 783 1097 860 conjuge
1125 800 1224 846 nos
1251 788 1436 853 genuit
1473 787 1667 852 Paulus
1693 787 1844 844 Deo?
1884 790 2068 859 utique

488 873 557 932 de
581 875 752 944 gratia
779 871 1009 940 Christi,
1041 875 1192 944 cujus
1229 885 1440 943 amator
1467 876 1661 943 factus,
1693 879 1940 936 universa
1970 897 2068 956 pro

488 980 672 1022 amore
707 967 823 1034 ejus
867 965 1053 1026 suavia
1106 966 1306 1026 habere
1353 981 1414 1022 se
1461 969 1733 1024 asserebat
1785 971 2063 1040 supplicia.

486 1054 633 1126 Cape
674 1071 804 1124 ergo
831 1070 864 1110 a
892 1056 1068 1111 carnis
1096 1056 1341 1126 exemplo
1373 1060 1833 1130 comparationem
1856 1063 2063 1133 puella),

489 1154 547 1200 at
571 1145 639 1202 ad
663 1159 880 1202 sensum
900 1146 1091 1211 melius
1116 1147 1408 1217 spiritalem
1435 1151 1682 1218 attingas.
1709 1149 1849 1220 Ergo
1871 1159 1952 1206 est
1974 1153 2066 1208 tibi

486 1250 699 1294 ostensa
733 1230 910 1316 puella
946 1254 976 1292 a
1006 1247 1158 1308 patre
1190 1256 1203 1293 :
1234 1255 1360 1296 ecce
1387 1242 1556 1309 gratia
1585 1244 1751 1312 patris
1778 1246 2069 1304 antecessit

487 1321 836 1387 voluntatem.
867 1329 984 1384 Jam
1015 1338 1070 1386 tu
1096 1331 1271 1401 incipe
1300 1333 1455 1388 velle.
1481 1331 1707 1390 Ostensa
1731 1337 1914 1407 utique
1940 1351 2064 1405 gra-

485 1423 555 1477 tia
585 1422 701 1492 ejus
727 1422 819 1490 qui
850 1421 1104 1487 ostendit,
1134 1431 1190 1484 ut
1217 1432 1472 1493 quantum
1507 1434 1558 1478 to
1587 1440 1766 1488 amare
1795 1427 1939 1481 credi
1968 1428 2066 1482 de-

484 1516 607 1569 beat
649 1529 718 1568 ex
763 1513 868 1568 hoc
905 1513 1236 1580 consideres,
1281 1516 1403 1585 quia
1455 1524 1522 1569 ut
1558 1524 1611 1570 te
1651 1532 1805 1571 suum
1843 1518 2062 1587 faceret,
2169 1510 2274 1566 hoc
2323 1515 2466 1582 quod
2520 1521 2935 1576 reconciliantur
2997 1524 3244 1581 homines
3294 1526 3434 1594 Deo,
3486 1527 3643 1584 dicitis
3685 1549 3696 1583 :

484 1602 645 1658 tiliam
675 1618 824 1668 suam
848 1603 943 1657 tibi
971 1602 1225 1671 ostendit,
1253 1605 1549 1675 pulchram,
1575 1606 1814 1674 divitem,
1849 1611 2057 1679 sapien-
2168 1598 2313 1664 Dixit
2356 1619 2456 1660 nos
2520 1606 2809 1677 Apostolus
2871 1617 3209 1672 reconciliari
3271 1616 3418 1685 Deo,
3475 1635 3568 1674 non
3622 1638 3697 1692 per

482 1701 611 1762 tem,
635 1694 702 1749 ad
739 1695 845 1750 hoc
882 1703 942 1749 ut
969 1705 1176 1750 amator
1194 1697 1310 1765 ejus
1331 1695 1550 1752 effectus
1571 1700 1742 1768 possis
1767 1716 1884 1755 eam
1914 1717 2065 1756 assu-
2168 1694 2499 1752 νοιιιηιαῑθῐη
2561 1711 2818 1770 "05mm.
2867 1706 2961 1762 Sed
3002 1722 3101 1777 Per
3153 1717 3384 1768 mortem
3433 1711 3542 1767 Filii
3586 1712 3697 1780 eius.

484 1798 630 1842 mere
677 1787 770 1842 tibi
815 1787 872 1842 in
915 1788 1282 1843 matrimonio.
1333 1788 1470 1843 Ecce
1522 1792 1693 1859 gratia
1744 1795 2066 1851 antecedens
2099 1785 2142 1846 Β
2170 1783 2310 1854 Ergo
2349 1789 2441 1857 qui
2489 1790 2734 1848 inimicus
2773 1795 2932 1852 fuerit
2978 1796 3112 1865 Deo,
3162 1801 3278 1870 ipse
3322 1803 3698 1865 reconcilianda:

483 1878 832 1942 voluntatem,
855 1893 983 1934 ecce
1010 1880 1181 1949 gratia
1209 1880 1488 1935 stimulans
1509 1889 1714 1950 pectus,
1737 1896 1864 1938 ecce
1892 1886 2063 1952 gratia
2167 1885 2249 1931 est
2276 1877 2406 1944 Deo,
2449 1881 2564 1950 ipse
2592 1884 2882 1942 salvandus
2909 1891 3198 1945 secundum
3224 1894 3356 1948 vos?
3383 1892 3445 1948 Hi
3467 1895 3550 1963 qui
3573 1893 3700 1949 Chri-

482 1963 709 2023 illiciens
745 1974 1001 2032 mentem,
1033 1982 1160 2023 ecce
1198 1970 1365 2037 gratia
1407 1970 1649 2026 excitans
1685 1971 2058 2031 dormientem,
2164 1977 2306 2023 stum
2333 1971 2727 2040 cruciﬁxerunt,
2749 1976 2804 2031 hi
2824 1979 3062 2034 salvandi
3089 1989 3236 2047 sunt,
3262 1990 3317 2037 et
3335 1983 3423 2053 qui
3443 1983 3694 2038 dixerunt:

481 2056 619 2126 Quid
659 2072 804 2114 nunc
843 2056 1043 2128 jubetis
1084 2067 1143 2114 ut
1188 2059 1346 2115 faciat
1373 2069 1527 2131 pater
1562 2077 1670 2117 non
1700 2065 1924 2132 petenti,
1956 2082 2064 2120 non
2165 2059 2420 2118 Nolumus
2447 2063 2605 2130 hunc,
2631 2067 2731 2136 ipsi
2756 2077 2881 2123 sunt
2902 2069 3195 2126 liberandi?
3224 2072 3289 2126 Hi
3318 2083 3488 2128 autem
3515 2075 3595 2143 qui
3621 2076 3700 2130 ini-

480 2149 710 2218 roganti,
751 2163 862 2204 non
909 2149 1330 2218 concupiscenti,
1377 2159 1431 2205 et
1469 2152 1703 2207 calorem
1751 2155 1949 2211 amoris
1987 2157 2065 2212 tui
2165 2152 2291 2207 mici
2337 2169 2445 2208 non
2474 2154 2720 2223 fuerunt,
2753 2159 2846 2213 sed
2888 2162 3070 2225 amici,
3115 2170 3171 2216 et
3199 2163 3479 2221 valuerunt
3505 2165 3699 2228 animam

479 2255 586 2297 non
616 2240 957 2297 ostendenti?
985 2239 1148 2296 Tollit
1172 2240 1331 2295 tiliam
1360 2258 1531 2310 suam,
1555 2251 1608 2298 et
1632 2244 1808 2314 jungit
1827 2262 1945 2301 eam
1969 2249 2062 2303 tibi
2163 2257 2312 2296 suam
2342 2243 2396 2298 ίιι
2419 2260 2602 2301 amore
2630 2247 2744 2316 eius
2772 2265 2994 2319 Ροηθτθ,
3028 2252 3080 2306 lli
3111 2261 3272 2307 εΐιιηι
3299 2254 3352 2308 in
3377 2254 3700 2312 exsecratione

479 2330 702 2397 fastidiis
748 2338 1035 2402 occupato,
1082 2338 1175 2387 aut
1221 2332 1339 2388 aliis
1385 2335 1654 2389 amoribus
1701 2337 2062 2394 circumdato?
2163 2333 2474 2392 Altissimo?
2522 2335 2766 2412 Probatis
2811 2356 2908 2396 vos
2954 2343 3204 2398 omnibus
3259 2344 3515 2399 haereticis
3556 2345 3702 2399 aerius

480 2422 594 2478 Non
624 2424 730 2478 hoc
772 2421 917 2479 facit.
962 2420 1068 2477 Sed
1097 2423 1197 2478 nisi
1225 2425 1498 2492 Quaesieris
1527 2442 1646 2481 eam
1675 2436 1733 2482 ut
1761 2433 2057 2497 argentum,
2162 2426 2554 2498 blasphemare,
2587 2433 2677 2502 qui
2705 2433 2948 2488 nolentes
2971 2445 3181 2490 rectum
3211 2437 3472 2491 tramitem
3508 2436 3699 2503 ingredi,

478 2523 533 2572 et
557 2515 659 2570 nisi
689 2523 748 2569 ut
776 2515 1086 2569 thesaurum
1111 2517 1457 2584 vestigaveris
1484 2531 1626 2584 eam,
1654 2525 1708 2573 et
1735 2519 1835 2574 nisi
1865 2535 1932 2574 ex
1961 2519 2062 2577 fide
2163 2516 2486 2576 anfractibus
2507 2538 2602 2577 vos
2622 2522 2793 2592 plenis
2814 2525 3088 2579 erroribus
3114 2525 3424 2579 tradidistis.
3449 2525 3555 2580 Non
3581 2526 3699 2580 enim

481 2607 728 2672 volueris,
762 2619 816 2661 et
840 2607 945 2662 nisi
984 2623 1051 2663 ex
1098 2607 1202 2663 fide
1229 2610 1544 2675 cucurreris,
1578 2619 1632 2665 et
1663 2612 1766 2669 niSi
1795 2619 1941 2668 tuam
1969 2631 2062 2671 ve-
2163 2609 2467 2676 inimicitias
2495 2621 2705 2669 nostras
2732 2615 2796 2670 ad
2827 2615 2993 2670 Deum
3021 2616 3340 2687 Apostolus,
3386 2617 3474 2673 sed
3499 2617 3697 2672 charita-

480 2701 592 2752 ra'm
621 2697 966 2752 dilectionem
993 2685 1313 2765 ostenderis,
1341 2716 1448 2756 non
1477 2715 1595 2756 eam
1635 2705 1854 2760 omnino
1883 2708 2058 2775 ρει·ρὶ-
2163 2708 2271 2756 tem
2292 2703 2500 2757 invitat.
2526 2704 2663 2760 Dicit
2684 2721 2943 2775 namque:
2965 2706 3302 2766 Commendat
3328 2711 3489 2782 itaque
3508 2709 3697 2762 Charita-

479 2787 612 2857 pies.
639 2785 882 2842 Sufﬁciat
921 2788 1039 2853 tibi,
1065 2789 1189 2858 quia
1219 2806 1341 2844 cum
1371 2799 1429 2845 tu
1468 2793 1742 2849 mendicus
1771 2797 1865 2863 sis,
1887 2805 1941 2851 et
1970 2798 2059 2854 illa
2162 2803 2262 2848 tem
2288 2812 2436 2849 suam
2463 2796 2604 2852 Deus
2631 2800 2684 2852 in
2714 2799 2893 2864 nobis;
2915 2803 3155 2872 quoniam
3182 2803 3231 2856 si
3254 2820 3368 2856 cum
3386 2802 3566 2856 inimici
3587 2815 3694 2854 esse-

479 2877 549 2932 tit
587 2876 756 2943 dives,
787 2877 898 2931 suis
928 2885 984 2931 te
1010 2877 1210 2932 divitiis
1253 2879 1573 2950 locupletat;
1601 2883 1834 2953 degener
1863 2895 1938 2951 tu,
1971 2889 2060 2944 illa
2162 2903 2294 2948 mus,
2338 2889 2658 2944 reconciliati
2704 2907 2880 2946 sumus
2925 2891 3035 2948 Deo
3075 2910 3166 2964 per
3210 2903 3423 2969 mortem
3449 2892 3563 2946 Filii
3586 2890 3694 2961 ejus.

476 2967 670 3022 smmi
694 2967 903 3036 imperii
933 2964 1058 3033 lilia,
1089 2975 1146 3022 et
1180 2984 1277 3024 sua
1318 2976 1372 3026 te
1406 2973 1764 3040 generositate
1790 2976 2056 3036 nobilitat.
2161 2979 2320 3034 multo
2348 2984 2512 3053 magis
2541 2983 2858 3038 reconciliati
2883 2985 3012 3040 salvi
3038 2988 3229 3040 erimus
3258 2964 3321 3040 ab
3343 2988 3426 3041 ira
3453 3003 3534 3057 per
3557 2986 3694 3053 ipsum

477 3060 616 3129 Quid
659 3068 838 3124 autem
886 3059 1029 3115 dicat
1067 3069 1221 3134 pater
1265 3061 1379 3130 ejus
1419 3065 1749 3122 amatoribus
1790 3065 1908 3122 lilia:
1951 3085 2059 3124 sua:
2105 3144 2127 3146 _
2163 3068 2340 3140 (Rom.
2366 3087 2416 3131 v,
2440 3071 2516 3141 8).
2560 3071 2909 3128 Commendat
2937 3089 3064 3144 ergo
3095 3077 3198 3132 hoc
3230 3091 3392 3146 opere
3419 3074 3692 3130 cbaritatem

476 3153 734 3209 sollicitus
762 3150 1046 3220 diligenter
1073 3154 1314 3217 ausculta
1348 3172 1359 3207 :
1387 3152 1490 3219 Qui
1516 3156 1706 3230 diligit,
1737 3159 1925 3228 inquit,
1957 3180 2056 3233 pa-
2084 3144 2132 3206 ο
2161 3176 2312 3213 suam
2342 3161 2393 3214 in
2417 3162 2590 3226 nobis,
2615 3170 2674 3216 ut
2693 3163 2778 3218 vel
2804 3165 2882 3219 sic
2909 3181 3148 3222 amorem
3170 3144 3411 3222 nos-trum
3441 3165 3486 3219 ei
3504 3180 3562 3218 ex
3584 3164 3692 3216 inte~

477 3253 608 3298 trem
654 3250 704 3298 et
753 3248 972 3296 matrem
1010 3244 1124 3314 plus
1169 3261 1325 3317 quam
1365 3263 1464 3310 me,
1497 3264 1600 3302 non
1646 3258 1721 3304 est
1757 3267 1838 3305 me
1871 3252 2058 3324 dignus
2161 3260 2257 3320 gro
2281 3251 2623 3317 conferendo,
2649 3254 2926 3310 videamur
2955 3256 3142 3311 saltent
3171 3256 3370 3311 amoris
3395 3263 3514 3310 voto
3535 3267 3692 3321 repen-

478 3333 694 3404 (Matth.
727 3349 779 3398 ι,
813 3333 923 3404 57).
954 3333 1072 3388 Non
1100 3333 1233 3390 dixit
1265 3353 1277 3388 :
1308 3336 1411 3403 Qui
1448 3347 1653 3408 pauper
1689 3353 1788 3405 est,
1833 3351 1923 3396 aut
1965 3346 2056 3412 qui
2159 3343 2286 3397 dere
2314 3344 2458 3413 quod
2485 3345 2686 3401 viribus
2707 3362 2814 3401 non
2837 3347 3094 3402 valemus.
3117 3346 3252 3401 Nam
3274 3345 3413 3417 quod
3441 3359 3530 3400 nos
3554 3339 3693 3409 diligit

475 3427 730 3497 degener,
773 3427 867 3482 aut
913 3425 1004 3497 qui
1050 3425 1214 3482 miser
1259 3436 1340 3482 est
1374 3447 1386 3481 :
1418 3429 1512 3484 sed
1541 3431 1630 3500 qui
1659 3423 1828 3501 diligit
1858 3434 2057 3504 aliquid
2159 3428 2319 3498 Deus,
2351 3436 2505 3490 nobis
2533 3435 2780 3506 prodest;
2811 3454 2910 3493 nos
2929 3439 2974 3493 si
2995 3437 3263 3506 diligimus
3291 3439 3472 3498 Deum,
3502 3435 3570 3491 illi
3592 3447 3693 3502 pro-

476 3514 597 3586 plus
623 3530 786 3586 quam
815 3523 921 3582 me,
955 3531 1060 3570 non
1083 3523 1165 3571 est
1183 3528 1270 3572 ine
1297 3518 1508 3586 dignus.
1526 3529 1548 3554 κ
1568 3519 1612 3574 Ο
1638 3523 1807 3589 g‘ratia
1839 3533 2056 3582 antece-
2157 3523 2314 3579 desse
2342 3541 2449 3580 non
2479 3542 2780 3597 possumus.
2829 3527 2970 3583 Deus
3007 3529 3150 3584 enim
3178 3529 3377 3583 nullius
3403 3534 3544 3596 eget,
3572 3520 3694 3577 nullo

477 3608 609 3662 dens
636 3605 999 3673 voluntatem,
1023 3621 1260 3662 amorem
1291 3609 1463 3670 solum
1493 3608 1766 3679 flagitans!
1799 3614 1842 3668 O
1869 3617 2052 3683 homo,
2156 3617 2457 3674 honorante
2503 3620 2837 3685 sublimatur,
2869 3620 3014 3674 nullo
3053 3627 3430 3675 contemnente
3457 3615 3687 3686 dejicitur.

477 3711 597 3750 ama
644 3703 698 3750 et
742 3696 957 3766 ace-ipe;
987 3696 1078 3751 sed
1120 3697 1165 3762 si
1203 3711 1369 3764 amas,
1401 3697 1555 3757 factis
1600 3705 1840 3761 ostende.
1871 3704 2055 3764 Omnis
2155 3705 2293 3777 Ergo
2324 3719 2382 3764 ut
2408 3711 2534 3780 quid
2564 3711 2905 3766 commendat
2932 3711 3248 3766 charitatem
3279 3719 3426 3766 suam
3455 3709 3504 3764 in
3531 3701 3693 3760 nobis?

477 3786 567 3856 qui
595 3794 756 3848 amat,
799 3787 930 3852 vult,
963 3789 1126 3865 cupit,
1159 3799 1331 3859 rogat,
1365 3792 1560 3860 vigilat,
1591 3797 1775 3862 currit,
1819 3797 2055 3869 festinat,
2159 3798 2229 3856 Ut
2257 3802 2494 3858 dicamus
2534 3803 2716 3872 utique
2755 3821 2768 3856 :
2801 3802 2856 3858 Si
2885 3819 3006 3858 cum
3037 3803 3238 3861 inimici
3268 3815 3498 3857 essemus
3523 3799 3586 3851 ita
3611 3806 3690 3846 nos

478 3875 673 3943 satagit
709 3890 805 3954 per
832 3876 1054 3943 amicos,
1081 3876 1107 3914 δ
1135 3894 1234 3947 per
1280 3889 1452 3947 natos,
1498 3899 1596 3954 per
1623 3883 1927 3955 familiares,
1959 3907 2057 3960 per
2155 3894 2370 3959 dilexit,
2403 3896 2648 3950 utetiam
2679 3897 2893 3951 unicum
2935 3911 3090 3952 suum
3119 3911 3217 3965 pro
3264 3902 3444 3950 nostra
3488 3886 3689 3945 omnium

477 3981 679 4033 servos,
716 3982 815 4038 per
849 3981 910 4022 se
956 3966 1127 4037 ipsum
1174 3980 1493 4039 opportune,
1536 3974 1859 4044 importune,
1899 3980 2056 4037 obse-
2155 3994 2430 4057 pateretur
2473 3988 2644 4043 salute
2680 3988 2937 4054 interﬁci;
2985 3997 3186 4058 quanto
3226 3988 3394 4056 magis
3438 3997 3565 4038 nunc
3597 3977 3688 4046 jam

476 4054 825 4122 orationibus,
863 4056 1327 4126 promissionibus,
1372 4059 1478 4116 lito
1520 4073 1697 4133 pacto,
1741 4067 2054 4144 integroque
2155 4054 2530 4133 reconciliatos
2551 4079 2649 4133 sibi
2673 4081 2849 4135 salvos
2877 4054 3036 4135 faciet
3064 4081 3114 4134 in
3157 4054 3336 4138 vitam
3352 4074 3538 4148 ipsius?
3566 4067 3690 4124 Unde

477 4146 677 4200 amoris
704 4146 918 4202 indicio.
962 4145 1030 4202 Et
1070 4156 1128 4204 ut
1166 4153 1402 4222 aperiam
1435 4156 1528 4210 tibi
1562 4159 1763 4223 oculos,
1798 4169 1852 4214 tu
1881 4164 1970 4232 qui
2003 4172 2054 4222 te
2155 4169 2445 4225 excludens
2489 4178 2721 4226 vestram
2779 4172 3065 4241 specialem
3111 4145 3507 4231 defensionem,
3551 4174 3686 4232 gene-

477 4242 633 4305 putas
660 4237 885 4292 invitum
915 4247 971 4312 et
1007 4240 1277 4303 nolentem
1317 4245 1499 4312 gratia:
1539 4247 1729 4302 divina:
1769 4268 1926 4319 posse
1961 4269 2051 4308 so—
2155 4258 2320 4312 ralem
2351 4260 2575 4326 gratiam
2606 4237 2916 4322 introduxit,
2947 4261 3166 4316 dicens:
3194 4251 3683 4314 Consideranteslmc.

477 4327 627 4395 ciari,
656 4328 785 4399 quid
809 4336 891 4386 est
914 4331 1059 4399 quod
1085 4334 1298 4403 quando
1327 4352 1445 4390 eam
1474 4337 1564 4392 dat
1583 4350 1752 4409 pater,
1787 4359 1883 4413 per
1909 4345 2056 4400 fami.
2153 4348 2290 4418 quod
2326 4366 2455 4402 unus
2481 4365 2574 4419 pro
2601 4352 2835 4405 omnibus
2868 4360 3097 4405 mortuus
3124 4359 3218 4404 est.
3253 4349 3319 4403 Et
3343 4347 3548 4416 adjecit:
3572 4341 3688 4410 Ergo

477 4415 636 4474 lianes
662 4435 790 4476 suos
815 4422 987 4488 gratia
1028 4423 1352 4489 antecedens
1391 4428 1740 4498 exprimitur?
1767 4432 2054 4504 lnquiritur
2087 4503 2121 4510 _
2155 4415 2330 4492 omnes
2362 4415 2547 4492 mortui
2575 4450 2722 4505 sunt;
2752 4441 2868 4509 quia
2900 4458 2992 4510 pro
3025 4440 3261 4494 omnibus
3295 4446 3513 4493 mortuus
3537 4434 3689 4493 est.“

476 4508 544 4564 ab
573 4523 639 4564 eo
666 4510 758 4581 qui
786 4525 906 4564 eam
935 4511 1147 4581 accipit,
1177 4516 1449 4582 quomodo
1478 4519 1675 4585 veniat,
1707 4523 1751 4575 si
1785 4503 2052 4582 abrenun-
2085 4503 2130 4561 Ῑ)
2154 4535 2202 4580 et
2230 4529 2314 4602 qui
2345 4529 2534 4594 vivunt,
2556 4529 2671 4600 jam
2697 4547 2798 4584 non
2819 4529 2915 4584 sibi
2943 4531 3131 4592 vivant,
3154 4529 3247 4582 sed
3267 4530 3312 4582 ei
3339 4528 3422 4599 qui
3440 4541 3525 4596 pro
3545 4518 3685 4574 omni-

471 4600 572 4654 tiet
607 4601 854 4656 omnibus
883 4603 1154 4658 amoribus
1182 4606 1384 4670 mundi,
1418 4609 1664 4665 omnibus
1709 4617 1918 4684 pompis
1951 4618 2051 4673 ini-
2157 4600 2252 4672 bus
2271 4628 2498 4674 mortuus
2519 4629 2594 4674 est
2617 4620 2687 4690 (ll
2715 4619 2836 4674 Cor.
2859 4637 2909 4684 γ,
2938 4619 3019 4684 ll,
3051 4618 3156 4683 l5).
3184 4610 3423 4674 Occurrit
3442 4611 3582 4668 nobis
3605 4607 3688 4661 hoc

477 4691 630 4756 inici;
662 4694 751 4763 qui
777 4694 880 4749 nisi
910 4695 1046 4750 velle
1069 4712 1221 4750 suum
1251 4702 1576 4767 expresserit
1597 4703 1789 4771 verbis,
1814 4711 2050 4780 nunquid
2157 4709 2277 4763 loco
2308 4710 2524 4764 insanus
2553 4710 2685 4765 liber
2713 4719 2908 4775 vester,
2930 4718 2984 4764 et
3011 4710 3137 4764 dicit
3162 4727 3174 4763 :
3638 4785 3662 4795 η

473 4783 630 4836 datur
655 4781 705 4836 ei
734 4783 899 4850 gratia
929 4797 1090 4853 quam
1118 4788 1401 4856 poposcit?
1439 4788 1573 4855 Quid
1611 4806 1738 4860 ergo
1769 4797 1896 4863 vult,
1923 4801 2049 4868 quid
2215 4803 2516 4870 XlX.‘Vos,
2536 4803 2727 4873 inquit,
2754 4803 3042 4874 ubicunque
3063 4817 3239 4855 omnes
3263 4799 3444 4870 ιεςὶιὶε,
3462 4785 3678 4887 genera-1f

476 4871 735 4937 cucurrit,
763 4873 889 4940 quid
917 4875 1239 4932 desideravit
1283 4878 1482 4934 homo?
1510 4883 1734 4949 gratiam
1757 4891 2011 4956 consequi
2033 4909 2046 4954 ;
2151 4905 2228 4950 ter
2243 4913 2417 4950 omne;
2437 4894 2592 4949 υιιιείε
2609 4871 2848 4965 intelligi,
2867 4871 2981 4946 cuni
2999 4909 3173 4946 omnes
3192 4908 3328 4961 sape
3347 4905 3436 4959 pro
3455 4893 3588 4956 parte
3608 4877 3676 4931 di-

475 4964 532 5010 εῑ
557 4959 684 5026 (ιιιίά
713 4963 1012 5029 ΡΓοηιίίιίιῗ
1041 4965 1361 5033 abrenuntio
1401 4971 1648 5025 omnibus
1694 4977 1902 5046 ροιηρῖε
1939 4980 2054 5032 ἀὶξι-
2151 4998 2356 5042 cantur.
2379 4986 2512 5042 Nam
2535 5002 2657 5040 cuin
2681 4959 2878 5041 dicitur
2901 5002 2914 5038 :
2942 4983 3129 5038 Omnes
3148 4959 3675 5066 declinaverunt

477 5047 587 5101 lnoli
625 5055 682 5102 et
725 5050 1084 5120 voluptatibus
1110 5055 1243 5124 ejus.
1269 5055 1514 5114 Ostendit
1541 5075 1599 5115 se
1626 5063 1769 5119 nolle
1797 5067 1938 5134 quod
1969 5087 2059 5122 νο-
2151 5091 2272 5140 xm,
2293 5074 2383 5145 5);
2409 5091 2510 5128 non
2536 5083 2707 5128 tanien
2739 5091 2913 5127 omnes
2950 5072 3354 5125 declinaverunt.
3392 5069 3453 5121 Et
3481 5080 3497 5116 :
3528 5058 3678 5117 Omnis

476 5137 595 5201 lu",
628 5145 683 5192 ⁸⁸
715 5139 900 5210 indi)“
928 5143 1065 5198 vene
1091 5147 1233 5214 (ἰυοά
1260 5148 1454 5214 ηοίυίῑὲ
1491 5159 1545 5203 ει
1588 5160 1714 5207 ῑυῠθ
1737 5154 1844 5221 jam
1869 5161 2052 5225 gratia:
2152 5137 2304 5221 homo
2330 5137 2559 5221 mendax
2585 5164 2695 5234 (Ps.
2726 5181 2846 5219 ειν.
2883 5165 2966 5232 Η)
2993 5181 3007 5229 ;
3037 5181 3137 5216 non
3163 5172 3333 5215 tamen
3373 5157 3526 5212 omnis
3554 5153 3679 5203 homo

475 5229 759 5300 participio
781 5230 965 5302 incipit
991 5234 1264 5304 delectari,
1297 5253 1393 5308 per
1419 5255 1578 5308 quam
1601 5251 1655 5296 et
1673 5245 1818 5300 dives
1839 5255 1893 5301 et
1914 5252 2052 5318 regis
2157 5260 2399 5322 mendax,
2423 5259 2546 5328 quia
2572 5229 2791 5327 legimus
2817 5257 2880 5309 de
2908 5229 3132 5325 quodam
3166 5270 3184 5306 :
3207 5253 3339 5307 Erat
3366 5251 3506 5303 homo
3530 5254 3676 5338 verat-

479 5319 617 5375 lilius
643 5331 997 5394 nuncupetur.
1031 5325 1169 5384 Ecce
1196 5332 1418 5398 gratiam
1448 5333 1546 5391 Dei
1573 5334 1725 5389 vobis
1758 5348 1809 5393 et
1839 5352 2051 5398 antccc-
2157 5350 2290 5405 Par;
2321 5365 2440 5421 ergo
2470 5349 2701 5402 maxima
2726 5364 2899 5402 omnes
2915 5349 3114 5400 videtur
3143 5344 3453 5415 signiﬁcare,
3479 5351 3582 5390 cum
3602 5329 3681 5383 uti-

546 5491 569 5560 ξ
596 5481 699 5560 θέε.
734 5482 998 5560 Αιιείθιιςθ
1031 5503 1042 5538 :
1069 5486 1150 5542 En
1176 5489 1346 5560 gratia
1371 5494 1695 5550 antecedens.

546 5550 573 5590 ι’
602 5551 701 5624 bis.
733 5552 872 5624 idem
901 5572 991 5624 per
1012 5550 1179 5612 notos.

549 5631 570 5698 ξ
598 5619 695 5698 his.
727 5619 909 5698 idem,'
929 5628 1186 5698 __vgnitate
1213 5630 1483 5698 conﬁctas.

543 5683 567 5720 "
602 5689 698 5745 Ms.
725 5683 901 5748 idem:
929 5694 1064 5750 XXI.
1098 5683 1391 5754 ll.£ﬂETiCl.
1430 5700 1547 5756 Non
1567 5704 1723 5764 enim.
1751 5716 1854 5760 ulc.

2224 5507 2252 5578 ξ
2281 5499 2377 5578 his.
2409 5501 2546 5578 idem
2581 5499 2922 5578 τρέψομαι.
2947 5501 3310 5578 Jubatisergo,
3334 5512 3430 5578 etc.
3533 5567 3571 5578 η

2228 5569 2248 5607 τ
2279 5570 2376 5624 Ms.
2410 5572 2546 5628 idem
2582 5592 2591 5625 :
2620 5571 2779 5628 XXII.
2805 5573 3101 5630 Ιιλειιετιει.
3136 5567 3255 5638 νοεῖ
3289 5567 3463 5642 inquit,
3496 5567 3679 5622 ubicun-

2154 5656 2268 5710 que,
2293 5650 2396 5696 etc.
