3926 6176
330 199 445 264 σοι
812 199 1398 259 PMDESTINATUS
1436 201 1585 258 SIV'E
1621 199 2314 259 PREDESTINATORUM
2351 203 2695 276 IIrERESIS,
2736 207 2888 267 ETC.
2934 210 3064 268 LIB."
3090 214 3181 270 III.
3501 224 3608 290 blig’.

323 328 438 382 que
476 319 664 369 constet
680 327 780 366 non
795 313 970 369 debere
983 329 1155 368 omnes
1170 311 1403 383 intelligi.
1421 307 1661 362 'Nullnm
1679 310 1730 368 in
1784 313 1920 369 libro
1949 318 1992 376 Α
2023 315 2106 368 sui
2131 315 2328 373 virtute
2355 332 2456 372 nos
2483 320 2655 386 unxit,
2686 327 2745 378 ut
2770 320 3062 380 luctantem
3087 333 3272 384 contra
3298 344 3398 385 nos
3424 307 3604 390 diabo-

322 411 524 458 vestro
552 403 729 458 locum
752 403 866 457 sine
886 402 1231 473 blasphemiis
1251 403 1567 458 invenimus.
1592 401 1718 458 limo
1745 418 1921 458 asser-
2023 405 2131 460 lum
2159 408 2513 466 vinceremus.
2538 411 2705 468 Scuto
2730 413 2886 471 bona:
2906 416 3201 474 voluntatis
3219 436 3327 476 sua:
3354 438 3453 479 nos
3481 440 3602 484 sese

321 492 411 548 tio
445 493 534 550 ubi
562 493 820 550 attendit?
850 491 920 548 Ut
950 493 1346 562 consentientes
1373 493 1526 548 vobis
1551 493 1735 549 dicant
1759 493 1919 548 Chri-

319 595 479 642 stum
507 604 614 643 non
651 603 751 658 pro
779 589 1025 644 omnibus
1068 605 1306 658 passum.
1355 588 1415 644 Si
1457 590 1562 645 hoc
1607 606 1717 645 non
1759 589 1920 644 vultis

319 679 562 749 intelligi
579 720 592 745 ,
626 695 756 749 ergo
784 695 891 736 non
920 696 1021 752 pro
1047 690 1200 751 parte
1223 682 1329 737 hoc
1361 681 1484 738 loco
1504 681 1798 752 Apostolus
1819 697 1920 737 no-

317 771 568 825 minavit
606 786 812 837 omnes,
853 771 950 826 sed
978 787 1164 827 omnes
1210 773 1534 840 generaliter
1577 773 1916 828 memoravit.

314 860 600 931 Corrigite
628 877 758 931 ergo
803 863 997 918 librum
1041 872 1310 933 vestrum,
1361 865 1485 936 quia
1531 862 1778 920 Christus
1818 879 1916 936 pro

312 953 580 1009 omnibus
608 969 800 1026 passus
829 961 942 1021 est,
984 954 1233 1009 omnibus
1279 955 1584 1011 hominibus
1631 956 1917 1014 subvenire

311 1042 569 1098 festinat.
603 1043 804 1099 Omnes
830 1052 1024 1110 vocat,
1051 1061 1240 1102 omnes
1264 1045 1457 1101 invitat
1498 1063 1512 1099 :
1559 1047 1650 1116 qui
1679 1046 1918 1101 salvatus

310 1130 508 1202 fuerit,
531 1135 814 1205 imputabit
833 1135 1016 1204 gratias
1036 1135 1132 1190 Dei
1150 1136 1676 1201 vocanti,invitanti,
1698 1151 1916 1192 succur-

313 1223 500 1291 renti;
544 1225 633 1294 qui
663 1241 771 1278 non
799 1225 1034 1284 salvatus
1057 1224 1247 1290 fuerit,
1279 1226 1564 1296 imputabit
1601 1212 1702 1281 sibi
1743 1226 1914 1296 negli-

311 1317 495 1391 genti,
525 1317 891 1372 contemnenti
923 1317 1124 1385 pariter
1148 1325 1204 1372 et
1229 1317 1518 1373 deserenti.
1552 1317 1742 1372 Omnia
1771 1318 1914 1372 enim

313 1407 468 1462 bona
500 1409 658 1464 nobis
685 1425 716 1463 a
756 1407 970 1464 Domini
997 1409 1167 1479 gratia
1198 1409 1548 1464 conferuntur
1575 1411 1910 1480 petentibus;

314 1499 507 1552 omnia
539 1507 717 1554 autem
742 1501 882 1554 mala
905 1515 934 1554 a
956 1499 1172 1555 diabolo
1199 1500 1353 1557 nobis
1375 1501 1540 1555 Deum
1562 1509 1913 1555 contemnen-

314 1589 468 1644 tibus
492 1591 816 1659 irrogantur.
860 1590 976 1646 Non
1007 1593 1148 1646 enim
1178 1593 1378 1662 poterit
1404 1601 1729 1662 potestatem
1757 1609 1912 1648 suam

2021 510 2304 570 protegere
2325 503 2650 572 repromittit
2678 521 2690 556 :
2725 501 2828 568 Qui
2851 515 3046 577 sperat,
3078 509 3269 581 inquit,
3303 513 3356 566 in
3385 529 3486 581 me,
3509 531 3602 586 ego

2037 598 2261 654 liberabo
2289 617 2425 665 eum,
2460 611 2728 672 protegam
2780 619 2918 667 eum,
2975 607 3099 675 quia
3141 608 3376 677 cognovit
3414 625 3603 664 nomen

2032 706 2202 743 meum
2225 689 2414 760 -(Psal.
2453 707 2535 754 xc,
2568 692 2676 762 14).
2702 692 2856 748 Unde
2880 703 2934 750 et
2963 698 3210 767 superius
3234 700 3308 754 ait
3337 701 3601 770 propheta

2031 776 2098 832 de
2127 792 2192 832 eo
2224 797 2238 834 :
2275 777 2376 844 Qui
2412 780 2615 834 habitat
2645 783 2700 836 in
2741 783 3008 852 adjutorio
3036 786 3289 842 Altissimi
3317 790 3495 862 (lbid.,
3521 790 3595 863 i),

2028 869 2172 939 quod
2189 887 2298 926 non
2329 887 2454 927 cum
2481 875 2651 944 possit
2670 874 2947 944 invadere,
2977 891 3080 933 nec
3099 880 3290 950 sagitta
3319 898 3438 952 qua:
3456 883 3600 938 volat

2028 977 2127 1032 per
2147 962 2308 1027 diem,
2335 980 2438 1020 nec
2455 967 2729 1037 negotium
2749 970 2888 1039 quod
2908 971 3242 1040 perambulat
3262 973 3312 1026 in
3337 975 3613 1042 tenebris,.

2027 1064 2129 1107 nec
2155 1052 2310 1108 ruina
2343 1061 2438 1109 aut
2485 1055 2811 1112 damonium
2855 1059 3233 1127 meridianum,
3278 1071 3333 1118 et
3384 1073 3598 1121 caetera.

2028 1138 2182 1199 Unde
2225 1143 2311 1202 his
2355 1145 2568 1209 indiciis
2615 1147 2916 1204 declaratur
2955 1149 3198 1205 diabolus
3242 1160 3369 1208 tunc
3399 1153 3602 1211 habere

2015 1225 2295 1296 virtutem,
2341 1243 2462 1283 cum
2505 1245 2606 1285 nos
2651 1231 2917 1286 invenerit
2960 1233 3311 1303 negligentes,
3345 1249 3465 1290 cum
3494 1250 3596 1291 nos

2012 1315 2278 1374 invenerit
2303 1319 2632 1376 dormientes
2659 1322 2714 1376 in
2744 1321 2864 1377 lide.
2895 1319 3080 1378 Omnis
3105 1325 3247 1390 enim
3278 1327 3366 1397 qui
3394 1340 3462 1381 ex
3491 1326 3608 1384 tida;

2011 1407 2317 1463 inrocaverit
2343 1427 2530 1465 nomen
2570 1411 2814 1480 Domini,
2858 1413 2940 1468 hic
2968 1415 3307 1484 salvus.erit(
3326 1416 3479 1471 Rom.
3523 1433 3622 1483 ι,-

2011 1498 2130 1571 l3).
2179 1498 2375 1556 Verum
2421 1501 2548 1572 quid
2592 1504 2846 1574 prodest,
2897 1503 3040 1573 quod
3087 1505 3377 1561 humanum
3427 1521 3597 1576 genus

2011 1591 2342 1648 ostendimus
2369 1607 2468 1663 per
2493 1593 2590 1648 Dei
2616 1594 2898 1650 victoriam
2926 1611 2957 1650 a
3000 1595 3216 1652 diabolo
3261 1598 3508 1667 liberari,
3540 1606 3598 1655 et

313 1697 580 1739 exercere
625 1683 868 1741 diabolus
912 1685 966 1738 in
1011 1684 1095 1739 his
1137 1686 1229 1753 qui
1276 1685 1467 1742 divinis
1511 1685 1911 1741 defensionibus
1940 1677 1987 1738 Β
2013 1699 2110 1740 suo
2139 1685 2268 1740 vitio
2295 1686 2542 1742 homines
2568 1688 2723 1757 capi?
2751 1687 2979 1742 Additur
3007 1689 3162 1744 nobis
3207 1689 3344 1745 alter
3379 1691 3592 1762 opposi-

314 1772 530 1829 vivunt.
556 1773 804 1843 Nunquid
831 1784 1010 1846 potest
1036 1776 1137 1830 sibi
1157 1775 1420 1846 subjicere
1440 1776 1659 1831 victoris
1678 1777 1759 1831 sui
1781 1791 1910 1831 vasa

312 1863 605 1933 captivus?
634 1863 830 1932 Nemo,
884 1866 1054 1936 inquit
1101 1866 1390 1932 Dominus,
1421 1867 1582 1920 intrat
1623 1868 1678 1920 in
1707 1867 1915 1927 domum

313 1958 496 2029 (ortis.
525 1966 574 2012 et
603 1977 726 2014 vasa
755 1960 868 2032 ejus
897 1961 1124 2030 diripiet,
1149 1961 1252 2014 nisi
1271 1960 1416 2031 prius
1439 1963 1627 2032 fortem
1656 1961 1910 2032 ligaverit,

313 2059 364 2109 et
397 2060 524 2104 tunc
555 2070 678 2107 uasa
707 2053 820 2123 ejus
842 2054 1051 2124 diripiet
1074 2052 1290 2124 (Matth.
1316 2069 1407 2119 xu,
1431 2052 1543 2124 29).
1573 2052 1792 2107 Fortem
1817 2067 1914 2108 vos

314 2142 524 2212 ponitis
552 2142 852 2210 inimicum;
883 2143 978 2200 sed
1010 2160 1107 2198 nos
1128 2143 1411 2212 religatum
1433 2152 1487 2197 et
1512 2144 1684 2198 crucis
1709 2151 1913 2212 tropaeo

314 2230 595 2287 credimus
642 2247 760 2287 esse
806 2233 1134 2302 subjectum;
1185 2232 1525 2297 insidiosum,
1557 2231 1652 2286 sed
1699 2232 1917 2286 insidias

314 2320 443 2391 ejus
488 2323 731 2380 detectas
778 2325 1130 2382 ostendimus.
1178 2323 1425 2394 Nunquid
1477 2323 1630 2391 signo
1676 2323 1915 2378 victoria

315 2415 593 2474 munitum
621 2417 932 2484 contingere
977 2416 1235 2486 praevalet
1261 2416 1467 2472 victus?
1496 2414 1734 2483 nunquid
1762 2423 1920 2469 scuto

314 2504 543 2562 Domini
563 2509 970 2576 circumdatum,
990 2517 1044 2563 et
1070 2509 1236 2564 lorica
1259 2507 1379 2562 ﬁdei
1407 2507 1672 2572 indutum,
1688 2515 1742 2560 et
1761 2505 1917 2575 galea

316 2598 441 2667 spei
471 2606 526 2652 et
553 2598 739 2652 salutis
759 2599 1050 2664 munitum,
1068 2598 1205 2663 ictus
1224 2605 1449 2669 possunt
1472 2597 1725 2651 invadere
1752 2597 1916 2662 sagit-

317 2695 504 2742 tarum
537 2687 762 2760 (Ephes.
795 2705 873 2756 vi,
907 2688 1003 2755 I6,
1029 2689 1167 2761 l7)?
1214 2688 1330 2744 Non
1382 2689 1611 2744 vincitur
1639 2703 1670 2742 a
1700 2687 1919 2742 diabolo

317 2777 514 2846 homo,
539 2781 639 2834 nisi
659 2781 874 2850 quando
899 2797 927 2834 a
951 2797 1051 2836 suo
1071 2782 1354 2836 recesserit
1375 2781 1677 2848 defensore,
1706 2780 1918 2839 dicente

317 2866 589 2938 Apostolo
617 2887 629 2922 :
661 2868 867 2924 Subditi
893 2879 1052 2925 estote
1071 2870 1182 2926 Deo
1197 2889 1214 2937 ;
1236 2873 1459 2926 resistite
1485 2879 1658 2926 autem
1684 2870 1911 2938 diabolo,

2017 1776 2178 1831 tionis
2204 1777 2481 1833 articulus.
2514 1776 2533 1815 ί
2565 1777 2701 1832 Dicit
2731 1779 2872 1832 enim
2902 1779 3038 1833 liber
3064 1794 3251 1834 eorum
3277 1798 3290 1832 :

2094 1873 2231 1927 XXI.
2273 1873 2376 1927 Per
2398 1872 2887 1943 prcevaricationem
2916 1871 3074 1940 primi
3097 1869 3319 1923 hominis
3346 1869 3502 1937 periit
3528 1869 3604 1922 ab

2021 1966 2309 2020 hominibus
2334 1965 2544 2018 libertas
2567 1963 2796 2018 arbitrii.
2820 1962 2974 2017 ‘Nos
2998 1970 3179 2016 autem
3209 1959 3468 2014 dicimus:
3492 1957 3616 2014 Per

2022 2055 2524 2127 przevaricationem
2545 2054 2703 2124 primi
2723 2053 2958 2108 hominis
2974 2050 3315 2106 manifestata
3331 2050 3596 2106 estliber-
3622 2084 3626 2087 -

2026 2158 2109 2203 tas
2133 2146 2364 2210 arbitrii,
2405 2161 2526 2215 quae
2556 2144 2732 2214 potuit
2765 2142 3042 2198 hominem
3079 2140 3256 2196 facere
3284 2140 3422 2194 velle
3451 2138 3595 2210 quod
3624 2169 3629 2173 τ

2028 2229 2167 2294 Deus
2202 2254 2312 2294 non
2342 2238 2476 2292 vult.
2518 2236 2574 2292 Si
2605 2251 2735 2307 ergo
2761 2233 2920 2305 periit
2945 2233 3166 2288 libertas
3192 2230 3422 2295 arbitrii,
3454 2229 3628 2284 unde-~~

2022 2341 2214 2382 sumus
2234 2326 2482 2383 homines
2503 2323 2856 2396 peccatores?
2876 2321 3108 2377 Aliunde
3127 2335 3236 2375 non
3265 2333 3451 2375 sumus
3470 2333 3612 2388 peco-

2024 2429 2254 2486 catores,
2289 2419 2392 2473 nisi
2423 2418 2549 2488 quia
2579 2417 2831 2472 volumus
2853 2414 2994 2485 quod
3026 2413 3169 2468 Dens
3207 2426 3319 2467 non
3353 2411 3488 2475 vult,
3544 2419 3602 2466 et

2023 2511 2276 2564 nolumus
2320 2508 2467 2578 quod
2508 2508 2650 2562 Deus
2689 2507 2836 2573 vult;
2872 2504 3260 2561 committimus
3289 2503 3433 2575 quod
3480 2502 3612 2558 ﬁeri-

2024 2599 2293 2668 prohibet,
2317 2607 2372 2652 et
2393 2597 2570 2651 facere
2588 2597 2840 2651 nolumus
2856 2595 3000 2664 quod
3016 2593 3272 2665 praecepit
3293 2592 3603 2664 adimpleri.

2025 2688 2131 2744 Per
2150 2689 2278 2759 quid
2317 2689 2420 2743 hoc
2452 2695 2662 2746 tantum
2693 2685 2817 2740 mali
2849 2685 3098 2748 facimus.
3131 2685 3175 2741 si
3205 2685 3454 2742 nolentes
3484 2686 3601 2741 haec
3673 2721 3678 2725 η

2029 2776 2300 2834 facimus?
2333 2777 2485 2832 Alius
2508 2785 2591 2831 est
2622 2775 2710 2846 qui
2740 2790 2838 2845 per
2877 2790 2978 2831 nos
3007 2785 3290 2846 operatur;
3329 2775 3433 2847 ipsi
3473 2793 3632 2848 ergo..-

2028 2869 2216 2925 debuit
2244 2869 2330 2924 lex
2361 2868 2498 2936 dari,
2524 2883 2637 2924 non
2667 2865 2826 2923 mihi.
2861 2865 2981 2922 Non
3005 2866 3088 2922 lex
3117 2866 3308 2940 gladio.
3323 2869 3502 2932 datur,
3533 2883 3630 2925 nev

319 2967 370 3013 et
400 2960 569 3031 fugiet
594 2977 626 3014 a
647 2961 787 3015 vobis
817 2960 954 3030 (Jac.
980 2978 1051 3026 IV,
1078 2963 1161 3032 7).
1195 2962 1477 3018 Invisibilis
1504 2963 1676 3020 hostis
1703 2972 1815 3028 est,
1847 2966 1914 3024 ab
1954 3039 1978 3042 _
2018 2960 2230 3042 occidat
2254 2959 2557 3023 hominem;
2587 2955 2682 3011 sed
2704 2955 2782 3009 illi
2802 2953 2962 3008 datur
2988 2955 3093 3020 lex,
3125 2954 3218 3022 qui
3247 2967 3345 3023 per
3365 2951 3625 3042 gladium:-

320 3050 584 3108 invisibili
614 3051 896 3108 defensore
923 3056 1299 3125 prosternitur.
1330 3055 1435 3111 Sed
1477 3057 1800 3113 contradicit
1827 3059 1914 3114 hic

2028 3039 2240 3123 iugulat.
2273 3049 2492 3106 Gladius
2520 3047 2681 3112 enim,
2706 3046 2820 3100 sive
2848 3043 3077 3110 occidat,
3101 3043 3215 3098 sive
3238 3057 3346 3097 non
3368 3040 3600 3110 occidat,

322 3142 496 3214 etiam
517 3143 652 3197 liber
672 3152 850 3199 vester
871 3145 1107 3211 insanus,
1128 3155 1183 3201 et
1202 3161 1364 3201 ausus
1392 3154 1475 3202 est
1501 3147 1682 3204 dicere
1708 3157 1912 3204 tantum

323 3234 603 3290 diabolum
651 3252 840 3306 posse,
881 3245 943 3306 ut
979 3238 1223 3292 homines
1268 3239 1446 3293 trahat
1493 3239 1710 3305 invitos,
1753 3241 1915 3295 etiam

324 3326 432 3382 hos
475 3343 612 3398 quos
639 3327 881 3384 Christus
925 3345 1024 3385 suo
1071 3345 1262 3386 cruore
1305 3331 1577 3387 redimens
1621 3318 1733 3387 Deo
1779 3330 1916 3387 illius

323 3412 476 3470 fecit.

400 3504 521 3560 XX.
557 3506 586 3546 δ
624 3507 839 3563 Dicitis:
869 3508 1072 3564 Clausis
1099 3509 1261 3564 oculis
1290 3511 1555 3566 transistis
1581 3512 1744 3566 hostis
1787 3513 1916 3566 insi-

325 3599 450 3654 dias
479 3616 566 3656 vos
594 3601 681 3672 qui
709 3601 880 3655 dicitis
909 3601 1222 3656 voluntatem
1261 3603 1484 3658 hominis
1525 3603 1724 3675 aliquid
1767 3621 1916 3674 posse

327 3690 536 3744 uirtutis
566 3691 853 3761 acquirere,
874 3709 978 3746 non
1001 3693 1320 3746 attendentes
1345 3701 1541 3764 quanta
1563 3693 1754 3746 damna
1779 3693 1918 3748 Deus

2018 3137 2161 3198 idem
2189 3148 2298 3208 est;
2328 3154 2430 3194 nec
2457 3137 2667 3192 Iaudem
2692 3135 2834 3190 enim
2863 3132 3190 3204 quiescendo
3215 3131 3472 3201 acquirit,
3502 3144 3616 3187 neua

2017 3229 2312 3288 occidendo
2336 3228 2545 3298 culpam
2567 3225 2810 3281 incurrit.
2829 3221 2886 3279 Si
2904 3237 3032 3292 ergo
3048 3229 3104 3278 et
3124 3238 3223 3277 nos
3247 3223 3474 3292 agimur,
3493 3236 3602 3277 non

2015 3324 2240 3392 agimus;
2259 3319 2461 3376 exclusi
2475 3331 2656 3373 sumus
2677 3331 2707 3370 a
2721 3316 2956 3386 peccatis
2972 3313 3098 3368 dum
3119 3313 3498 3381 delinquimus,
3515 3325 3620 3366 ex--

2016 3413 2150 3468 clusi
2168 3427 2350 3468 sumus
2364 3425 2394 3464 a
2411 3409 2514 3463 lide
2547 3407 2673 3464 dum
2689 3406 2974 3462 credimus.
2994 3404 3130 3460 Hinc
3162 3405 3344 3472 itaque
3361 3402 3626 3474 superati.

2018 3505 2085 3559 ad
2112 3502 2432 3560 calumniam
2459 3504 2864 3556 convertuntur.
2897 3495 2985 3549 Ait
3007 3494 3148 3550 enim
3189 3494 3325 3549 liber
3365 3507 3553 3548 eorum
3581 3509 3619 3546 :-

2019 3593 2045 3632 h
2068 3593 2339 3650 Hceresem
2379 3591 2725 3662 Pelagianam
2763 3588 2950 3643 iterum
2977 3584 3255 3650 renovatis,
3285 3599 3401 3637 cum
3428 3581 3626 3638 dicitis,

2018 3703 2109 3757 per
2135 3683 2423 3739 libertatem
2445 3680 2648 3735 arbitrii
2671 3679 2903 3734 homines
2922 3677 3081 3748 finem
3103 3690 3292 3746 ponere
3311 3689 3461 3745 posse
3482 3687 3603 3743 pes-

326 3782 562 3856 quotidie
595 3793 614 3819 °
642 3759 896 3852 patiatur,
927 3791 1132 3854 quantae
1159 3784 1327 3837 ruinw
1354 3759 1608 3837 castitatis
1627 3801 1719 3853 per
1737 3781 1916 3838 diabo-

2028 3773 2163 3825 tatis.
2213 3768 2488 3838 Pelagium
2525 3767 2542 3805 ί
2579 3779 2686 3819 non
2741 3763 2869 3818 hinc
2895 3759 3583 3818 condemnavit-Ecclesia.

329 3852 442 3929 lum
483 3875 614 3945 ﬁant
633 3913 650 3938 ,
692 3852 992 3945 quantaeque
1016 3873 1288 3926 criminum
1315 3852 1754 3943 concupiscentiae.
1791 3871 1919 3936 Quae
2006 3862 2206 3933 Objicit
2233 3860 2379 3915 enim
2419 3857 2467 3913 ei
2498 3855 2646 3928 quod
2676 3856 2732 3911 in
2761 3863 2969 3910 tantum
2999 3861 3383 3924 exaggerasset
3408 3852 3582 3909 libet--

329 3965 509 4037 utique
536 3965 582 4017 si
629 3964 896 4028 videretis,
931 3981 1034 4017 non
1063 3963 1420 4017 laboraremus
1465 3962 1606 4018 vobis
1649 3963 1920 4018 ostendere
2008 3963 2174 4010 talem
2201 3951 2440 4018 θτδίιτίί,
2468 3959 2529 4004 Ill
2559 3948 2654 4003 Dei
2679 3946 3349 4037 3d10l0ri0m_l‘0¢tl§a|‘¢lo

331 4056 528 4111 damna
556 4057 824 4121 virtutum,
849 4063 897 4109 et
925 4054 1167 4109 victorias
1195 4055 1456 4108 vitiorum.
1483 4050 1510 4090 ἀ
1541 4054 1728 4119 Dicite,
1758 4055 1918 4110 obse-

333 4163 451 4214 cro,
483 4147 676 4202 damna
705 4163 824 4217 qua:
868 4146 1008 4201 Deus
1035 4145 1275 4214 quotidie
1303 4146 1534 4215 patitur;
1564 4145 1778 4202 diabolo
1807 4147 1923 4204 vin-

2080 4042 2252 4098 XXII.
2277 4041 2388 4097 Nos
2431 4047 2613 4094 autem
2659 4037 2894 4093 dicimus
2937 4053 2950 4091 :
2998 4035 3105 4090 Per
3144 4035 3454 4090 libertatem
3499 4047 3600 4088 sr-

2011 4131 2160 4187 bitrii
2205 4139 2492 4200 peccatum
2540 4142 2706 4182 omne
2745 4125 3185 4189 committimus;
3215 4122 3286 4178 ab
3307 4121 3459 4178 omni
3484 4136 3603 4176 λιιι

332 4248 493 4297 ccate
523 4239 638 4294 hmc
678 4216 900 4309 patitur,
930 4253 998 4291 an
1026 4236 1245 4290 homine
1273 4236 1684 4291 contemnente?
1722 4234 1781 4291 Si
1807 4237 1922 4292 dia-
2013 4236 2123 4280 lem
2169 4232 2393 4294 P800810
2429 4236 2526 4292 ρετ
2572 4219 2664 4274 Dei
2711 4217 2942 4318 gratiam
2989 4216 3298 4271 liberamur
3319 4228 3592 4318 confictis.“

333 4332 462 4388 bolo
503 4331 751 4386 vincente
797 4330 1004 4393 dicatis,
1037 4338 1058 4365 ε
1088 4327 1419 4398 blasphemia
1447 4335 1624 4383 vestra
1661 4328 1716 4382 in
1761 4334 1923 4398 caput
2015 4316 2252 4373 arbitrii.
2299 4315 2467 4370 Deum
2503 4321 2685 4368 autem
2720 4310 2948 4379 gratiam
2996 4324 3156 4364 suam
3206 4323 3314 4363 non
3357 4310 3601 4378 petenti-
3656 4375 3661 4382 _

339 4431 575 4478 vestrum
607 4420 964 4486 relundimus;
995 4420 1039 4475 si
1069 4420 1287 4475 homine
1310 4426 1713 4483 contemnente,
1741 4435 1919 4475 asser-
1948 4405 2001 4466 Ι)
2023 4408 2126 4464 bus
2151 4423 2258 4462 ιιοῐι
2279 4407 2433 4472 dare.
2463 4406 2662 4462 €X~i310
2696 4404 2818 4458 10εο
2847 4401 3137 4457 docuimus
3157 4401 3299 4469 (1⁸³υά
3328 4399 3444 4469 ip“
3473 4400 3600 4455 ³⁵ίά

337 4514 412 4567 tio
440 4521 628 4568 nostra
656 4513 936 4566 victoriam
965 4511 1142 4581 cepit-
1159 4510 1414 4566 Diabolus
1442 4511 1584 4565 enim
1614 4526 1716 4566 nec
1742 4511 1918 4566 domi-

337 4621 457 4669 nus,
491 4620 593 4660 nec
621 4613 852 4669 creator,
881 4617 983 4658 nec
1025 4610 1179 4674 pater
1222 4609 1325 4658 est.
1357 4602 1500 4658 Deus
1546 4611 1726 4660 autem
1765 4602 1921 4658 nobis

335 4704 394 4754 et
413 4697 682 4762 dominus,
707 4705 762 4752 et
781 4706 1016 4761 creator,
1037 4703 1090 4750 et
1110 4704 1264 4766 pater
1283 4711 1403 4752 esse
1423 4696 1688 4764 dignatur.
1712 4693 1921 4767 Corpus

336 4806 494 4846 suum
540 4789 1034 4845 victoriosissimum
1083 4796 1268 4843 nostro
1315 4787 1530 4858 corpori
1570 4788 1814 4854 sociavit,
1863 4796 1922 4842 ut

339 4881 581 4951 corporis
626 4880 795 4935 nostri
835 4878 1174 4948 fragilitatem
1218 4878 1544 4933 excluderet.
1596 4878 1933 4946 Sanguinem.

337 4987 494 5026 suum
524 4979 708 5026 nostro
729 4970 970 5036 sanguini
997 4970 1226 5035 miscuit,
1250 4979 1308 5023 ut
1336 4968 1513 5024 fervor
1535 4969 1750 5038 genuini
1777 4970 1923 5024 calo-

339 5061 413 5117 ris
441 5062 742 5132 quiesceret
761 5061 939 5116 divino
964 5061 1218 5129 sanguine
1242 5068 1590 5131 temperatus.
1605 5058 1925 5115 Chrismatis

415 5267 440 5295 ⁸
471 5257 564 5313 Ms.
598 5257 862 5326 Augicnse
895 5254 1253 5326 λβλῃιοιιει.
1292 5251 1507 5326 Nullum
1534 5256 1586 5308 in
1618 5254 1770 5319 libro,
1806 5263 1912 5310 etc.

376 5400 386 5410 .
413 5329 437 5366 δ
470 5329 567 5410 Ms.
597 5323 739 5383 idem
770 5347 783 5380 :
815 5325 998 5379 XXIII.
1036 5323 1330 5380 Hancne].
1378 5324 1563 5379 Dicitis
1601 5326 1738 5381 enim
1776 5326 1919 5381 clau-

345 5417 438 5539 ωξ
599 5467 758 5539 idem.
790 5469 1018 5539 patiatur
1037 5465 1101 5518 ab
1123 5467 1411 5539 animarum
1433 5481 1572 5529 casu,
1596 5476 1809 5539 quanta.

411 5537 438 5576 ἀ
470 5538 563 5592 Ms.
599 5537 735 5592 idem
763 5535 1108 5593 :Cnnoucx.
1143 5535 1311 5589 Dicite
1339 5537 1564 5601 obsecro,
1596 5535 1713 5592 etc.

419 5619 442 5648 ⁸
472 5609 569 5664 ωδ.
600 5607 763 5677 idem,
792 5607 1162 5676 blasphemiam
1183 5617 1428 5662 vestram.

2023 4499 2192 4555 Petita
2244 4509 2293 4553 et
2354 4497 2621 4564 accipietis
2657 4493 2875 4565 (Matth.
2914 4507 3009 4558 vn,
3039 4489 3297 4559 7,;'.l-oan.
3331 4505 3446 4556 xvi,
3479 4487 3600 4556 1b).

2020 4591 2316 4650 Ostensum
2373 4599 2456 4646 est
2519 4589 2673 4644 nobis
2728 4603 2836 4642 non
2898 4583 3211 4654 petentibus
3263 4581 3396 4652 quid
3446 4592 3604 4651 peta-

2023 4837 2314 4944 pulsemus.
2346 4866 2402 4921 Si
2431 4850 2758 4919 uoluerimus
2782 4861 3002 4926 petere,
3031 4865 3140 4906 non
3170 4845 3524 4944 accipiemus;
3553 4837 3604 4897 sl

2027 4934 2355 5020 noluerimus
2382 4968 2648 5027 qumrere,
2673 4965 2779 5006 non
2807 4945 3170 5008 inveniemus;
3201 4941 3248 4995 si
3272 4934 3608 5027 uoluerimus

2026 5058 2259 5129 pulsare,
2291 5023 2413 5108 non—
2425 5047 2696 5120 aperietur
2733 5040 2908 5097 nobis.
2942 5035 3132 5092 Omnis
3173 5033 3311 5088 enim
3354 5028 3441 5101 qui
3477 5023 3610 5097 petit

2098 5252 2116 5292 ί
2150 5251 2247 5306 Ms.
2273 5251 2410 5304 idem
2440 5266 2452 5301 :
2477 5244 2658 5300 XXIV.
2683 5241 2980 5298 Hisne-net.
3007 5238 3149 5294 Dicit
3167 5236 3303 5291 enim
3323 5231 3472 5296 liber,
3490 5233 3603 5286 αι

2096 5334 2121 5371 s
2154 5323 2249 5377 Ms.
2282 5321 2418 5382 idem
2445 5336 2456 5372 :
2481 5317 2790 5386 CATIIOLIOI.
2815 5311 2928 5368 Nos
2961 5320 3151 5386 autem.
3175 5316 3280 5386 θιεέ·
3365 5369 3401 5386 ,,
3438 5368 3474 5386 ,ί
3510 5367 3536 5386 ν,

2447 5368 2662 5442 ξ’)ῐὶίνζ
2705 5368 3003 5438 Hancne].
3043 5368 3313 5432 illai’resim
3354 5368 3610 5440 Pelagia.

2025 5480 2165 5526 nam,
2199 5472 2301 5520 etc.
2509 5527 2532 5530 ,ί
2847 5521 2882 5530 ,
2924 5522 2935 5530 .
3010 5520 3020 5530 .

2105 5516 2422 5588 illaille"?
2452 5549 2462 5559 '
2496 5527 2804 5578 Γιτηηιληι.
2838 5520 3110 5592 Pelagium
3135 5529 3264 5574 nant
3281 5516 3394 5567 ets.
3489 5559 3499 5570 χ
