3884 6184
137 348 225 412 665

529 340 1113 400 PRAEDBSTINATUS
1149 340 1299 399 SIVE
1340 335 2040 397 PRJEDESTINATORUM
2080 336 2414 405 H.£RES[S,
2456 336 2607 396 ETC.
2654 339 2775 395 LI'B.
2816 337 2903 394 Ill.

3238 338 3344 395 666

135 466 220 521 nisi
244 477 294 518 se
317 458 654 515 voluntarium
682 456 1134 527 comprobaverit.
1169 455 1221 510 Ν
1225 474 1289 512 οη
1319 457 1457 511 enim
1486 473 1550 510 ea:
1573 458 1661 511 tri-
1687 461 1735 517 Α
1764 457 1854 511 bra
1883 459 2034 527 ﬁunt,
2067 457 2160 511 sed
2187 473 2309 511 mox
2329 457 2513 511 iterum
2534 456 2774 527 pudenda
2794 457 3082 540 efficiuntur
3106 472 3172 511 ex
3199 474 3349 512 mem-

132 555 271 621 stitia,
292 552 449 623 inquit
485 548 799 620 Apostolus,
848 564 941 601 nec
973 564 1037 601 ex
1066 549 1399 613 necessitate;
1445 546 1662 600 hilarem

134 646 249 700 enim
290 641 502 697 datorem
553 638 721 710 diligit
764 637 905 691 Deus
932 635 1009 706 (ll
1040 635 1159 691 Cor.
1192 653 1264 700 ιι,
1297 637 1384 706 ⁸1).
1428 631 1582 690 Unde
1610 646 1665 690 et

134 735 356 807 propheta
379 733 501 788 dicit
531 731 682 786 Deo:
722 728 1033 784 Voluntarie
1063 729 1370 800 sacriﬁcabo
1413 729 1505 782 tibi
1544 722 1661 798 (Ps.

135 842 224 890 un,
251 823 320 895 8).
348 822 411 876 Et
448 825 637 876 iterum
664 839 677 873 :
711 814 963 883 Reﬂoruit
982 835 1103 873 caro
1130 836 1244 873 mea
1263 860 1278 884 ,
1304 818 1494 888 inquit,
1524 826 1575 871 et
1599 833 1665 872 ex

132 916 355 970 uoluntate
379 929 486 967 mea
525 909 806 981 conﬁtebor
831 910 909 964 illi
952 909 1069 982 (Ps.
1095 922 1270 982 xxvii,
1302 909 1379 979 7).
1415 908 1492 964 De
1521 908 1664 977 inju-

132 1012 201 1057 sto
225 1011 387 1057 autem
426 979 685 1069 legimus:
720 998 904 1053 Noluit
946 979 1231 1069 intelligei'e
1255 1006 1310 1052 ut
1346 997 1469 1051 bene
1492 1005 1668 1069 egeret

132 1092 227 1165 (Ps.
250 1108 397 1156 xxxv,
424 1089 497 1161 4).
548 1088 702 1144 Unde
747 1098 801 1144 et
844 1090 1034 1143 beatus
1081 1086 1282 1143 Jacob:
1324 1087 1555 1150 Simeon,
1586 1086 1670 1139 in-

130 1183 252 1252 quit,
278 1191 324 1235 et
360 1180 475 1234 Levi
503 1183 691 1252 fratres
732 1187 1211 1234 consummaverunt
1244 1178 1566 1249 iniquitatem
1603 1191 1669 1229 ea:

130 1276 355 1328 uoluntate
373 1289 464 1326 sua
494 1270 646 1343 (Gen.
679 1287 824 1335 χιιι,
860 1269 909 1335 5,
943 1266 1019 1340 6).
1099 1268 1155 1323 Si
1202 1282 1330 1337 ergo
1378 1277 1666 1337 antequam

133 1376 236 1417 vera
260 1370 309 1416 et
336 1361 533 1429 integra
565 1361 782 1416 libertas
811 1367 995 1414 nostra
1023 1357 1260 1422 veniret,
1293 1357 1550 1411 Dominus
1576 1354 1669 1410 Je-

129 1466 203 1508 sus
225 1451 477 1516 Christus,
512 1462 535 1487 κ
563 1451 742 1521 justus
768 1450 1071 1505 voluntarie
1097 1447 1416 1504 sacriﬁcavit
1444 1449 1582 1509 Deo,
1612 1455 1668 1502 et

128 1559 181 1599 es
200 1543 449 1598 voluntate
492 1557 590 1597 sua
619 1540 896 1597 confessus
924 1546 1035 1606 est,
1085 1548 1338 1610 peccator
1382 1554 1446 1593 ex
1477 1537 1665 1593 volun-

127 1643 217 1689 tate
239 1634 481 1706 deliquit;
531 1641 734 1704 quanto
760 1633 933 1701 magis
982 1648 1158 1698 nunc,
1189 1632 1481 1686 instaurata
1511 1630 1667 1695 nobis

126 1726 339 1781 libertate
383 1742 479 1796 per
525 1725 833 1791 Christum,
880 1720 1130 1781 universa
1176 1731 1361 1779 nostro
1395 1724 1515 1793 jure
1542 1727 1668 1778 sunt

1765 548 1893 601 bris.
1930 546 2054 602 Non
2094 547 2232 602 enim
2271 564 2346 609 re,
2377 548 2467 601 sed
2495 562 2585 616 spe
2620 548 2901 601 instaurati
2929 557 3063 601 sunt.
3089 546 3346 617 Concupi-

1764 639 1961 690 scentia
2014 638 2152 691 enim
2203 636 2380 691 carnis
2431 652 2546 709 qua:
2598 654 2689 708 per
2716 638 3193 707 praevaricationem
3222 639 3346 693 Adts

1764 733 1944 796 regnat
2032 728 2088 781 in
2117 745 2337 798 corpore
2358 737 2603 795 tanquam
2643 729 2728 782 lea:
2754 729 2979 799 peccati,
3022 730 3210 783 iterum
3242 731 3345 784 sibi

1766 819 1990 873 uindicat
2027 819 2376 888 baptizatum,
2419 827 2679 889 totumque
2722 820 2954 871 animum
2981 821 3093 889 ejus
3130 829 3347 874 conatur

1764 919 2003 966 euertere.
2053 910 2186 966 ch
2211 920 2288 965 est
2308 911 2447 964 enim
2470 910 2627 963 radix
2647 910 2789 964 illius
2810 911 2998 980 plaga,
3027 927 3179 981 quam
3199 911 3346 965 Chri-

1766 1010 1875 1055 stus
1890 1001 2141 1065 saluauit;
2170 1001 2387 1055 saluauit
2408 1009 2577 1054 autem
2599 1001 2672 1053 sic
2690 1041 2705 1065 ,
2740 1001 2869 1054 sicut
2886 1001 3163 1068 Apostolus
3184 1003 3307 1056 dicit
3330 1021 3342 1055 :

1768 1090 1875 1159 Spe
1888 1091 2019 1144 salui
2042 1090 2170 1160 facti
2191 1105 2387 1143 sumus.
2407 1088 2473 1141 Et
2488 1087 2632 1159 jubet
2653 1105 2751 1143 nos
2771 1090 3001 1143 animum
3023 1090 3092 1142 ad
3115 1090 3347 1144 inuisibi-

1766 1182 1841 1235 lia
1871 1181 2275 1252 contemplanda
2305 1182 2624 1251 transferre:
2654 1196 2746 1233 nec
2764 1180 2827 1234 de
2854 1182 2933 1234 his
2962 1197 3075 1253 quc
3094 1181 3344 1243 uidentur,

1766 1272 2124 1343 praesttme‘ndo
2154 1288 2409 1327 corruere.
2441 1271 2513 1325 Et
2531 1270 2651 1327 ideo
2681 1272 2848 1326 dicit:
2872 1273 3006 1342 Spes
3045 1282 3217 1327 autem
3236 1291 3349 1345 qua:

1766 1361 1986 1424 uidetur,
2011 1378 2113 1416 non
2138 1371 2214 1415 est
2234 1377 2384 1432 spes;
2415 1378 2481 1416 ne
2508 1364 2641 1433 forte
2671 1364 3056 1418 aestimarentur
3078 1380 3167 1435 per
3188 1363 3350 1435 bapti-

1767 1468 1935 1505 smum
1958 1454 2031 1506 ita
2057 1453 2171 1507 tolli
2193 1462 2403 1523 peccata
2421 1461 2508 1518 ,ut
2531 1455 2688 1507 etiam
2715 1454 2921 1508 radices
2944 1455 3084 1524 ipsa!
3112 1464 3348 1525 peccato-

1766 1558 1883 1595 rum
1912 1543 2067 1597 simul
2095 1551 2413 1613 putarentur
2440 1543 2654 1615 auferri.
2708 1545 2885 1600 Motus
2904 1544 3041 1597 enim
3070 1545 3158 1598 ille
3182 1546 3349 1615 pollu-

1767 1634 2040 1705 tionis'qui
2085 1650 2177 1705 per
2209 1636 2691 1704 prmuaricationem
2734 1643 2980 1689 naturam
3013 1636 3227 1701 inuasit,
3274 1638 3350 1690 ita

1767 1733 1997 1778 remanet
2025 1726 2082 1778 in
2111 1724 2403 1794 baptizata,
2446 1726 2579 1779 sicut
2621 1725 2779 1778 radis:
2822 1725 3001 1795 capilli
3047 1742 3165 1780 cum
3192 1728 3349 1797 fuerit

124 1816 298 1871 reddita
319 1857 335 1883 ,
369 1832 473 1873 non
501 1824 694 1872 natura
723 1817 1033 1872 dominante
1055 1857 1069 1880 ,
1101 1824 1160 1871 ut
1189 1814 1435 1884 Pelagius
1461 1823 1516 1870 et
1541 1812 1667 1870 (203'-
1702 1823 1746 1882 Β
1772 1814 2020 1869 nouacula
2046 1815 2101 1868 in
2124 1816 2392 1885 superﬁcie
2409 1814 2718 1868 emundatus
2742 1823 2791 1868 et
2812 1831 2983 1869 rasus.
3026 1814 3197 1870 Rasus
3215 1817 3351 1870 enim

123 1907 280 1963 lcstius
304 1909 559 1976 deﬁnivit,
590 1924 698 1964 non
729 1918 918 1963 natura
942 1908 1175 1963 hominis
1202 1908 1545 1972 dominante,
1574 1905 1668 1961 sed

122 1996 291 2054 Christi
335 2001 501 2069 gratia
551 1999 930 2055 contionante?
979 1995 1096 2053 Non
1126 1998 1236 2054 suis
1278 1998 1480 2052 viribus
1506 1998 1672 2066 impu-

124 2089 279 2152 tanda,
324 2091 414 2145 sed
459 2090 527 2145 de
578 2089 674 2143 Dei
724 2088 1057 2144 adminiculis
1101 2088 1508 2158 prtesumendo;
1560 2103 1668 2141 non

122 2177 204 2233 sibi
226 2180 408 2249 aliquid
439 2179 785 2253 usurpando,
816 2178 910 2234 sed
952 2185 1122 2233 totum
1165 2178 1258 2232 Dei
1285 2178 1467 2246 gratim
1494 2178 1669 2247 impu-

123 2270 291 2324 tando?
335 2270 562 2336 Totum,
596 2273 812 2342 inquam
832 2310 846 2334 ,
889 2277 1058 2325 totum
1088 2269 1227 2336 dixi;
1260 2277 1431 2324 totum
1459 2277 1667 2338 repeto,

124 2366 298 2423 totum,
345 2362 436 2416 sed
464 2362 702 2427 bonum;
751 2361 952 2416 malum
989 2367 1169 2415 autem
1210 2373 1277 2412 ex
1304 2364 1490 2412 nostro
1518 2357 1668 2419 vitio,

126 2463 179 2503 ex
203 2458 367 2505 nostra
398 2452 722 2522 negligentia
746 2492 760 2516 ,
813 2458 869 2505 et
908 2465 976 2505 ex
1016 2458 1198 2505 nostra
1228 2448 1545 2504 incurrimus
1574 2463 1672 2503 vo-

126 2540 318 2595 luntate.
348 2541 482 2608 Quid
519 2541 835 2599 convertitis
866 2547 1027 2609 caput
1054 2539 1121 2594 ad
1145 2539 1458 2601 calumnias,
1490 2547 1541 2592 et
1572 2537 1674 2593 Pe-

126 2630 228 2700 lagii
254 2633 400 2689 nobis
439 2634 637 2703 dogma
678 2632 945 2701 objicitis?
973 2631 1000 2669 δ
1029 2630 1453 2685 Anathemamus
1487 2644 1674 2685 omnes

122 2724 198 2789 qui
222 2724 390 2780 dicunt
411 2767 425 2791 ,
477 2725 751 2794 adjutorio
781 2724 875 2780 Dei
912 2722 1121 2779 sublato
1143 2763 1158 2786 ,
1200 2737 1364 2793 posse
1398 2722 1672 2777 hominem

121 2814 216 2869 sine
237 2826 447 2886 peccato
475 2833 597 2873 esse
619 2816 666 2871 si
694 2817 857 2882 velit;
898 2817 1305 2871 anathemamus
1333 2815 1424 2883 qui
1468 2813 1671 2879 dicunt,

122 2919 205 2961 nec
227 2922 313 2977 per
337 2908 503 2963 Adam
525 2923 696 2974 mors,
727 2922 828 2963 nec
858 2921 955 2977 per
981 2907 1251 2962 Christum
1281 2906 1415 2972 vita;
1443 2906 1667 2960 anathe-

120 3010 299 3052 mamus
325 2999 410 3070 qui
443 3000 634 3056 dicunt
661 2999 728 3054 de
754 2998 963 3053 duobus
997 2998 1281 3073 baptizatis
1314 2999 1405 3068 qui
1433 2998 1675 3054 nascitur

119 3085 405 3156 baptismum
430 3092 673 3161 indigere
699 3082 805 3144 [ιοῆ
825 3104 1016 3160 posse;
1047 3090 1451 3144 anathemamus
1476 3089 1568 3159 qui
1595 3088 1676 3144 di-

1769 1916 1848 1962 est
1871 1916 1929 1960 ut
1945 1907 2317 1962 emundaretur
2346 1908 2520 1973 locus;
2556 1911 2660 1962 non
2691 1917 2766 1962 est
2783 1910 3107 1975 eradicatus,
3137 1918 3195 1963 ut
3218 1912 3353 1965 ulte-

1766 2000 1877 2054 rius
1905 2014 2013 2052 non
2037 1988 2352 2051 nasceretur.
2384 1998 2447 2052 Si
2464 1999 2602 2051 enim
2623 2014 2689 2052 ea:
2707 1998 2906 2067 integro
2933 2016 3023 2069 per
3045 1997 3352 2070 baptismum

1769 2089 1937 2145 omnis
1973 2088 2424 2157 prwuaricationis
2466 2087 2598 2142 Adae
2644 2088 2913 2161 fragilitas
2951 2088 3238 2152 tolleretur,
3272 2089 3353 2143 ba-

1767 2178 1952 2251 ptiuti
1966 2195 2149 2232 omnes
2170 2177 2314 2232 nullo
2344 2177 2535 2232 caloris
2566 2186 2707 2233 motu
2734 2178 3063 2232 traherentur
3089 2181 3160 2232 ad
3185 2182 3353 2233 crimi-

1769 2284 1857 2333 na,
1884 2267 2057 2322 nullus
2077 2266 2320 2322 sordibus
2347 2268 2706 2337 inquinaretur
2740 2269 3001 2330 humanis,
3029 2270 3201 2324 nullus
3229 2287 3353 2324 con-

1770 2358 2098 2428 cupiscentia:
2145 2357 2354 2411 stimulo
2404 2366 2751 2428 pungeretur;
2800 2358 2891 2412 sed
2931 2361 3050 2432 quia
3095 2376 3186 2431 spe
3224 2360 3354 2415 salui

1771 2452 1899 2522 facti
1926 2466 2106 2504 sumus
2129 2489 2143 2515 ,
2192 2450 2329 2522 quod
2354 2450 2522 2503 adhuc
2572 2467 2677 2504 non
2715 2451 2966 2517 uidemus,
3016 2470 3109 2522 per
3148 2455 3353 2523 patien-

1771 2544 1900 2596 tiam
1926 2551 2301 2613 exspectamus.
2358 2542 2539 2597 Veniet
2581 2551 2806 2613 tempus,
2848 2544 2901 2597 in
2939 2562 3038 2616 quo
3074 2562 3233 2616 neque
3260 2560 3353 2599 nu-

1758 2632 1895 2687 bant
1922 2634 2152 2705 fcmintc,
2185 2651 2345 2705 neque
2369 2635 2466 2689 uiri
2492 2651 2685 2688 uirores
2711 2634 2936 2697 ducant,
2981 2636 3074 2690 sed
3095 2637 3199 2690 sint
3224 2638 3354 2690 sicut

1773 2727 1945 2797 angeli
1969 2727 2023 2781 in
2047 2726 2186 2781 caelis
2210 2726 2422 2795 (Matth.
2457 2743 2586 2789 xm,
2621 2726 2730 2795 30).
2776 2726 2905 2781 Cum
2933 2729 3068 2782 enim
3097 2730 3355 2798 corrupti-

1773 2815 1875 2871 bile
1896 2817 1991 2871 hoc
2011 2816 2238 2871 induerit
2259 2818 2719 2887 incorruptionem,
2744 2825 2793 2871 et
2822 2819 3041 2872 mortale
3070 2820 3165 2873 hoc
3182 2820 3356 2873 indice.

1772 2910 1842 2964 rit
1863 2910 2307 2964 immortalitatem
2330 2947 2343 2972 ,
2393 2917 2517 2963 tunc
2555 2911 2643 2980 ﬁet
2671 2925 2841 2964 sermo
2867 2910 2954 2979 qui
2984 2911 3208 2981 scriptus
3243 2919 3316 2964 est
3341 2926 3355 2964 :

1777 2999 2040 3071 Absorpta
2066 3008 2144 3054 est
2173 3015 2314 3054 mors
2343 2997 2369 3036 ἀ
2405 3001 2461 3053 in
2483 2991 2786 3062 uictoriam;
2814 2999 2903 3053 ubi
2931 3006 3037 3065 est,
3078 3015 3238 3063 mors,
3281 3000 3356 3052 vi-

1784 3092 1950 3146 ctoria
1996 3091 2123 3143 tua?
2166 3088 2255 3143 ubi
2296 3098 2373 3144 est
2418 3089 2655 3144 stimulus
2700 3091 2852 3143 tuus?
2891 3089 3147 3144 Stimulus
3190 3098 3359 3145 autem

120 3184 228 3229 sunt
262 3177 484 3236 infantes
529 3197 645 3236 non
690 3180 887 3236 debere
924 3179 978 3233 in
1018 3178 1388 3234 remissionem
1415 3186 1671 3248 peccato-
1696 3178 1741 3243 C
1776 3183 1960 3235 mortis
1982 3189 2246 3252 peccatum
2269 3189 2376 3246 est,
2421 3181 2583 3234 uirtus
2611 3197 2727 3234 vero
2749 3181 2948 3249 peccati
2974 3180 3078 3234 lex.
3123 3179 3264 3233 Tunc
3288 3180 3358 3233 di-

119 3276 216 3320 rum
249 3269 580 3340 baptismatis
625 3256 1050 3326 Sanctiﬁcatione
1073 3269 1308 3334 censeri;
1363 3269 1675 3323 anathema-

120 3364 219 3411 mus
242 3359 410 3413 omnia
439 3376 560 3430 qua:
592 3361 649 3414 in
678 3359 924 3415 omnibus
952 3358 1218 3413 btereticis
1245 3357 1465 3412 damnat
1490 3357 1675 3413 Eccle-

119 3445 216 3512 sia;
243 3450 651 3505 anathemamus
678 3456 733 3505 et
760 3448 951 3504 librum
978 3455 1217 3504 vestrum
1243 3448 1521 3503 vobiscum
1539 3488 1554 3515 ,
1583 3450 1675 3518 qui

119 3532 231 3589 dicit
251 3554 265 3590 :
884 3604 885 3611 κ
1078 3530 1097 3545 ³

171 3623 319 3681 XXV.
354 3640 375 3668 ε
410 3627 477 3684 In
520 3637 729 3685 tantum
776 3629 1013 3684 uitiatum
1070 3645 1161 3700 per
1199 3630 1676 3701 prevaricationem

118 3710 225 3768 Ade
245 3717 459 3775 hominis
500 3732 750 3775 naturam
792 3722 1094 3791 agnouimus
1115 3761 1130 3786 ,
1161 3727 1218 3773 ut
1250 3720 1678 3774 instaurationem

116 3819 240 3860 suam
275 3826 360 3878 per
396 3809 669 3866 Christum
696 3828 800 3865 non
827 3813 881 3865 in
902 3828 960 3865 re
982 3811 1074 3865 sed
1091 3814 1147 3866 in
1179 3829 1271 3882 spe
1299 3812 1456 3883 fuerit
1494 3828 1677 3867 conse-

117 3905 246 3961 cuta,
276 3899 472 3956 dicente
509 3902 803 3973 Apostolo:
846 3902 953 3973 Spe
982 3903 1113 3957 salui
1147 3905 1278 3975 facti
1314 3920 1523 3970 sumus;
1561 3920 1677 3974 spes

114 3995 261 4042 autem
295 4009 407 4062 quin
438 3994 667 4059 videtur,
710 4010 814 4048 non
853 4002 930 4048 est
967 4010 1082 4066 spes
1114 3993 1288 4067 (Rom.
1316 4011 1424 4060 vm,
1456 3994 1567 4067 24).
1615 3993 1678 4050 Si

116 4089 218 4143 ergo
243 4094 327 4148 spe
353 4083 482 4137 salui
503 4084 640 4156 facti
666 4099 872 4146 sumus,
897 4084 1064 4137 adhuc
1087 4101 1196 4138 rem
1227 4086 1281 4138 in
1314 4086 1553 4154 prasenti
1576 4101 1677 4140 sat-

114 4165 211 4220 αιίο
233 4188 330 4226 non
358 4183 615 4231 tenemus.
662 4172 789 4229 Ideo
820 4176 1036 4247 denique
1066 4176 1317 4248 baptizati
1343 4179 1529 4232 iterum
1562 4194 1679 4231 car-

114 4256 277 4314 naliter
300 4267 694 4336 concupiscunt,
722 4275 771 4319 et
794 4266 913 4320 illos
941 4275 1110 4321 motus
1143 4268 1371 4337 corporis
1393 4269 1675 4338 patiuntur,

113 4351 213 4417 quia
229 4368 329 4423 spe,
352 4372 453 4410 non
481 4373 538 4411 re
559 4356 824 4411 consecuti
845 4366 964 4411 sunt
982 4359 1377 4412 instaurationis
1400 4359 1676 4412 auxilium.

117 4437 165 4491 Si
184 4447 307 4496 enim
352 4463 409 4500 re
455 4449 724 4503 consecuti
766 4449 1017 4520 fuissent,
1049 4458 1167 4520 post
1200 4447 1526 4519 baptismatis
1558 4468 1681 4521 gra-

1775 3289 1946 3326 cemns
1973 3288 1991 3325 :
2016 3270 2127 3326 Deo
2147 3273 2368 3342 gratias,
2392 3272 2479 3342 qui
2493 3270 2632 3324 dedit
2662 3269 2810 3324 nobis
2838 3271 3106 3324 uictoriam
3132 3287 3223 3341 per
3244 3269 3355 3324 Do-

1774 3364 1971 3417 minum
2010 3369 2244 3416 nostrum
2267 3359 2449 3415 Iesum
2477 3359 2735 3414 Christum
2775 3359 2815 3427 (ι
2836 3358 2955 3413 Car.
2983 3376 3072 3424 xv,
3105 3358 3172 3411 5-4
3207 3390 3223 3401 -
3245 3358 3356 3427 57).

1780 3461 1801 3490 ε
1833 3445 1934 3509 llic
1957 3461 2039 3508 est
2068 3453 2278 3507 libellus
2304 3459 2513 3516 vester,
2557 3466 2716 3521 quem
2744 3452 2874 3506 nulli
2903 3451 3044 3506 datis
3072 3451 3354 3519 legendum

1777 3546 1883 3601 nisi
1911 3546 2009 3600 sub
2036 3552 2393 3599 sacramento.
2436 3542 2570 3597 Vide
2616 3557 2682 3596 ne
2708 3542 2921 3612 prodas,
2956 3557 3024 3597 ne
3051 3541 3146 3595 des
3173 3542 3357 3609 legeti-

1776 3634 1904 3689 dum
1951 3633 2241 3704 imperitis;
2297 3646 2518 3701 regnum
2568 3632 2659 3686 Dei
2698 3647 2989 3702 paucorum
3021 3640 3123 3687 est.
3171 3632 3228 3685 In
3256 3633 3359 3688 hoc

1776 3730 2000 3793 apparet
2022 3722 2147 3792 quia
2174 3730 2226 3776 te
2246 3721 2386 3777 Deus
2407 3720 2804 3790 praedestinavit
2829 3720 2891 3774 ad
2920 3721 3081 3776 vitam
3100 3759 3119 3787 ,
3145 3722 3188 3776 si
3220 3722 3360 3778 hunc

1776 3814 2015 3869 libellum
2041 3821 2100 3868 tu
2125 3813 2264 3869 sicut
2291 3820 2437 3866 tuam
2469 3812 2702 3866 animam
2730 3827 2931 3868 serves.
2985 3811 3208 3866 Maxima
3239 3827 3361 3882 pars

1775 3905 2208 3962 muliercularum
2247 3918 2277 3957 a
2316 3903 2466 3959 vobis
2493 3904 2635 3958 hunc
2681 3911 2919 3958 meretur
2948 3901 3185 3957 libellum
3214 3903 3357 3956 acri-

1777 4010 1926 4066 pere.
1959 3995 2198 4064 Denique
2224 4008 2340 4062 qua:
2368 4008 2489 4047 eum
2520 3991 2984 4062 prodidit,femina
3014 4007 3239 4063 corpore
3267 3992 3361 4047 sed

1776 4087 1862 4141 vir
1877 4086 2075 4148 animo,
2100 4084 2225 4138 dum
2244 4083 2403 4136 istum
2420 4096 2449 4136 a
2463 4083 2617 4136 vobis
2637 4082 2872 4135 libellum
2899 4082 2999 4136 sub
3025 4090 3362 4136 sacramento

1778 4178 2139 4249 suscepisset,
2188 4175 2446 4244 scriptum
2475 4174 2658 4241 legens
2686 4172 2991 4237 exhorruit,
3033 4180 3090 4226 et
3118 4171 3199 4226 his
3225 4185 3361 4240 quos

1778 4270 2073 4327 catholicos
2137 4275 2360 4322 noverat
2425 4262 2842 4321 examinandum
2885 4264 3048 4319 dedit.
3113 4261 3362 4332 Legimus

1779 4376 1901 4417 eum
1928 4369 1983 4416 et
2013 4376 2128 4426 nos,
2161 4359 2305 4428 quod
2344 4373 2558 4427 semper
2600 4355 2888 4419 timuistis;
2917 4363 2991 4421 et,
3014 4354 3236 4424 juvante
3264 4355 3363 4409 Do-

1779 4454 1946 4516 mino,
1978 4451 2343 4522 blaspltemias
2371 4450 2489 4518 ejus
2515 4449 2791 4504 exidenter
2817 4448 3153 4517 detegentes;
3174 4462 3362 4502 omnes

115 4528 220 4584 tiam
245 4549 342 4589 non
369 4547 512 4592 esset
539 4540 745 4610 peccati
774 4555 866 4593 nec
894 4538 1212 4609 possibilitas
1236 4579 1252 4604 ,
1292 4555 1384 4593 nec
1419 4541 1676 4597 uoluntas.
1707 4536 1757 4598 D
1781 4544 2076 4600 catholicos
2104 4542 2453 4599 admouemus
2481 4550 2542 4595 ut
2569 4541 2712 4595 hunc
2739 4540 2973 4595 libellum
3005 4539 3237 4606 lugiaut,
3267 4554 3363 4592 cx-

124 4619 285 4679 Verum
313 4631 431 4700 quia
468 4627 642 4685 uirtus
682 4629 1005 4700 baptismatis
1040 4639 1188 4685 tanta
1218 4638 1325 4695 est,
1359 4640 1416 4684 ut
1440 4633 1679 4687 uniuersa

115 4724 298 4775 peccata
325 4718 522 4784 deleat,
551 4720 830 4791 pullulatio
852 4729 1027 4774 tamen
1049 4729 1379 4791 peccatorum
1404 4718 1684 4792 baptisma-

117 4802 167 4853 tis
186 4807 315 4862 unda
353 4827 459 4864 non
504 4810 771 4876 abluitur;
801 4813 969 4865 inesse
994 4812 1133 4865 enim
1158 4827 1250 4882 per
1265 4811 1436 4866 Adam
1462 4822 1679 4867 natura-

116 4890 212 4948 liter
231 4901 554 4967 perdocetur.
602 4900 749 4955 Nam
764 4902 858 4956 illa
887 4903 1113 4957 membra
1140 4919 1255 4975 qua:
1274 4903 1328 4957 in
1358 4901 1682 4975 baptismatis

115 4982 219 5040 liora
245 4994 556 5061 confusione
581 5001 795 5058 carent,
816 5002 995 5063 postea
1024 4993 1380 5064 confusionem
1408 4994 1678 5064 recipiunt,

113 5087 193 5141 ητα
222 5078 381 5137 citant
401 5082 594 5153 ubique
625 5091 980 5153 conspectum,
1003 5091 1053 5136 et
1072 5092 1308 5153 quierunt
1337 5083 1573 5154 pudendo
1604 5100 1684 5137 se-

111 5175 300 5222 cretum.
339 5168 473 5235 Quae
497 5172 646 5225 enim
677 5171 811 5225 Deus
832 5171 1059 5225 membra
1089 5174 1303 5243 fecerat,
1323 5172 1682 5243 prwraricatio

107 5251 153 5302 in
171 5257 398 5323 pudenda
418 5261 708 5325 convertit;
737 5271 785 5316 et
813 5279 915 5317 non
939 5261 1179 5315 dicuntur
1206 5263 1456 5325 membra,
1481 5263 1574 5317 sed
1592 5279 1684 5331 pu-

107 5348 276 5405 denda.
316 5350 446 5417 Qua:
465 5354 716 5425 pudenda
747 5356 800 5409 in
828 5364 1017 5425 puncto
1039 5354 1129 5409 illo
1158 5351 1483 5426 baptismatis
1523 5371 1683 5409 mem-

106 5509 204 5622 ”:u
227 5501 320 5627 itis;
357 5506 653 5577 Augiense,
684 5505 970 5562 uoluntarie
987 5507 1260 5578 confessus
1294 5514 1371 5562 est
1394 5516 1604 5579 peccato
1629 5514 1679 5561 et

159 5600 174 5621 ι
209 5589 239 5624 ll
265 5592 294 5626 α
320 5593 367 5627 ϐ.

159 5589 367 5629 εωηαια.

102 5640 530 5770 uallem,
556 5646 1092 5705 :tnatlzematizamus.
1125 5646 1232 5704 Sed
1265 5656 1551 5718 utrumque
1589 5662 1675 5704 re-

1274 5785 1313 5803 οη
1336 5790 1349 5801 α

1781 4642 2088 4698 secrentur,
2122 4641 2178 4687 et
2210 4641 2412 4687 aeterno
2444 4632 2790 4686 anathemate
2825 4628 3036 4684 feriant.
3076 4628 3362 4683 Damnabi~

1784 4725 1908 4779 litas
1934 4724 2077 4778 enim
2108 4724 2225 4793 ejus
2260 4738 2325 4778 eo
2354 4738 2522 4791 usque
2549 4721 2830 4791 pervenit,
2874 4730 2930 4773 ut
2960 4720 3222 4773 universa.
3245 4733 3363 4792 my-

1782 4815 1945 4869 steria
1998 4813 2293 4868 Saluatoris
2336 4818 2575 4867 evacuet.
2619 4810 2755 4864 Dicit
2801 4809 3121 4879 baptismum
3165 4808 3363 4865 ChriSti

1783 4903 2011 4960 fructum
2059 4904 2225 4957 ullum
2270 4902 2511 4972 penitus,
2553 4900 2678 4956 dum
2728 4900 2973 4965 traditur,
3003 4916 3110 4955 non
3139 4901 3359 4958 habere.

1784 4991 1948 5062 Spes,
1979 4993 2185 5063 inquit,
2227 5007 2346 5061 quae
2374 4990 2581 5045 videtur
2622 5005 2727 5044 non
2762 4998 2844 5044 est
2870 5005 3024 5060 spes,
3053 4990 3104 5045 id
3133 4998 3247 5056 est,
3279 5007 3365 5047 re-

1784 5084 1970 5139 missio
2000 5091 2339 5153 peccatorum
2366 5099 2378 5133 :
2422 5088 2476 5135 et
2500 5080 2754 5149 quidquid
2783 5081 2835 5135 in
2862 5080 3114 5150 praesenti
3142 5085 3366 5153 promit-

1786 5174 1934 5235 titur,
1968 5189 2075 5227 non
2118 5181 2231 5236 est,
2275 5171 2401 5240 quia
2436 5171 2490 5224 in
2533 5170 2710 5235 futuro
2745 5180 3016 5237 servatur;
3046 5172 3135 5228 bie
3161 5181 3360 5236 tamen,

1786 5263 1837 5317 id
1862 5271 1943 5317 est
1969 5263 2021 5316 in
2051 5263 2156 5315 hoc
2184 5261 2405 5323 mundo,
2438 5277 2545 5315 non
2576 5262 2853 5331 accipitur.
2896 5260 3032 5317 Dicit
3059 5264 3201 5317 enim
3228 5263 3365 5330 Apo-

1784 5354 1954 5409 stolas
2001 5352 2176 5424 :Spes
2199 5369 2313 5423 qua:
2341 5352 2538 5406 videtur
2575 5369 2685 5407 non
2707 5361 2783 5407 est
2811 5370 2947 5424 spes.
2995 5351 3207 5420 Ergone
3261 5352 3364 5406 hoc

1863 5515 1885 5544 ε
1928 5503 2027 5559 his.
2059 5503 2236 5559 idem:
2268 5501 2502 5558 XXVIII.
2536 5502 2831 5560 ligneum.
2873 5502 2940 5557 In
2975 5510 3178 5556 tantum
3216 5505 3369 5559 uitia-

1785 5585 1916 5633 tam.
1940 5584 2046 5629 etc.

1854 5647 1881 5683 ά
1925 5644 2019 5699 Ms.
2054 5643 2212 5708 idem,
2243 5644 2298 5698 in
2328 5643 2561 5698 uictoria.

1858 5725 1881 5754 ⁸
1920 5714 2025 5771 iis.
2056 5715 2194 5770 idem
2220 5733 2231 5769 :
2263 5713 2575 5772 Cnuoua.
2609 5712 2711 5767 llic
2739 5720 2814 5767 cst
2837 5710 3060 5781 libellus,
3093 5721 3198 5770 etc.
