3884 6184
550 295 667 352 εὖτ

1530 292 1815 350 A’UCTOR‘
1845 293 2121 351 ANONYM

2249 294 2791 354 PRJEDESTINATI.
3619 310 3698 368 068

548 410 835 481 Apostolus
881 410 948 464 ad
995 410 1156 465 istum
1204 418 1454 465 vestrum
1486 425 1702 465 sensum
1746 410 1915 465 dixit?
1967 409 2120 466 Prius
2149 413 2198 471 Α
2225 413 2390 478 estis,
2442 413 2570 484 quid
2616 414 2895 470 nobiscum
2942 411 3183 473 clanculo
3215 419 3595 478 communicatis?
3618 421 3697 476 Ex.

542 498 726 570 itaque
752 501 896 555 beati
926 501 1076 555 Pauli
1099 517 1220 555 cum
1248 500 1426 554 debita
1455 502 1754 556 reverentia
1782 516 1998 556 sensum
2032 516 2127 555 ex-

433 585 451 602 ⁸
545 606 841 662 ponemus;
880 600 936 646 et
977 593 1050 645 ita
1085 591 1300 646 demum
1328 608 1423 663 per
1450 604 1630 663 partes
1655 595 2000 650 concidemus
2027 610 2126 666 pe-

545 684 643 738 des
667 684 788 738 libri
815 686 1017 748 vestri,
1061 686 1114 740 in
1151 687 1234 741 his
1273 701 1391 754 qua:
1419 687 1690 742 conclusio
1720 689 1835 757 ejus
1858 689 1998 742 circa
2028 703 2134 742 nos-

547 776 709 831 tinem
749 793 808 833 sc
856 786 1100 832 autumat
1149 780 1416 834 invenisse
1461 778 1774 849 perfectum.
1817 780 2138 849 Apostolus,

545 869 974 924 consolationem
1022 868 1143 922 ﬁliis
1189 868 1284 923 Dei
1331 868 1596 934 efferens,
1641 869 1799 936 dicit,
1851 877 1912 924 ut
1939 871 1991 924 in
2021 869 2138 924 isto-

546 958 908 1013 mundo-nihil
935 967 1205 1026 quaerant,
1236 975 1305 1014 ne
1333 958 1471 1014 forte
1499 960 1903 1014 considerantes
1931 960 2127 1030 impios

548 1055 606 1104 et
629 1049 930 1105 incredulos
952 1051 1221 1119 prosperis
1240 1050 1574 1106 successibus
1600 1053 1876 1119 gratulari,
1908 1067 1967 1107 se
1996 1066 2126 1106 vero

547 1137 1037 1206 aflligi,dicerent,
1088 1139 1227 1196 Ecce
1268 1141 1323 1195 hi
1362 1149 1674 1210 peceatores
1714 1150 1768 1196 et
1793 1142 2126 1200 abundantes

546 1230 602 1284 in
632 1230 828 1285 sacculo
874 1231 1226 1285 obtinuerunt
1269 1231 1480 1286 divitias
1530 1231 1644 1304 (Ps.
1677 1249 1838 1298 nxxn,
1873 1232 2000 1302 12);
2029 1249 2128 1289 nos

546 1329 729 1378 autem
759 1335 926 1388 usque
955 1322 1008 1375 in
1040 1321 1140 1376 hac
1167 1322 1297 1376 hora
1323 1360 1350 1384 ,ν
1384 1330 1444 1375 et
1479 1325 1768 1387 esurimus,
1803 1332 1858 1377 et
1897 1323 2122 1390 sitimus,

545 1417 601 1468 et
629 1410 757 1465 nudi
786 1426 968 1466 sumus
991 1450 1021 1476 ,.
1063 1420 1117 1466 et
1143 1413 1384 1482 colaphis
1411 1413 1664 1468 caedimur
1692 1413 1733 1482 (Ι
1756 1413 1875 1469 Cor.
1908 1432 1978 1479 IV,
2013 1414 2140 1486 II)...

545 1500 766 1560 Tollens
793 1516 921 1570 ergo
950 1503 1230 1571 prmsentis
1257 1505 1438 1559 saaculi
1465 1505 1968 1572 considerationem,
1997 1521 2132 1575 gau-

543 1592 631 1648 dia
671 1593 847 1647 futura
895 1595 1180 1662 promittit.
1239 1594 1307 1648 Et
1351 1598 1594 1666 quamvis
1647 1598 1888 1666 magnis,
1935 1599 2123 1668 inquit,

545 1685 886 1754 passionibus
931 1685 1262 1754 fatigemini,
1313 1703 1420 1741 non
1467 1697 1591 1747 sunt
1635 1697 1810 1744 tamen
1850 1691 2127 1759 condigna:

2227 511 2468 573 spectate
2514 503 2744 558 alterum
2799 501 2997 560 Christi
3044 521 3231 577 corpus
3253 549 3268 574 ,
3314 508 3512 564 alterum
3549 508 3700 567 Christi

2227 595 2570 663 sanguinem;
2603 596 2763 650 istum
2804 597 2948 651 enim
2989 612 3098 652 non
3133 599 3185 652 in
3211 614 3267 654 re
3287 638 3302 664 ,
3345 600 3430 656 sed
3451 601 3498 654 in
3517 616 3595 668 spe
3616 618 3705 658 esse

2220 683 2454 754 jactatis.

2297 775 2506 831 XXVII.
2545 775 2571 816 δ
2603 777 2826 832 8ἰ“εηὶιη
2853 796 2937 847 re,
2968 781 3239 849 inquiunt,
3263 782 3493 836 consecuti
3507 784 3704 845 essemus,

2225 877 2340 938 post
2361 865 2686 937 baptismatis
2705 869 2931 939 gratiam
2957 887 3060 925 non
3089 880 3216 926 esset
3242 872 3420 942 peccati
3441 888 3519 925 nec
3540 870 3708 943 possibi-

2219 957 2346 1012 litas
2364 996 2378 1019 ,
2420 971 2514 1008 nec
2546 955 2801 1012 voluntas.
2841 968 2866 997 ο
2899 957 3026 1014 Ideo
3055 974 3181 1028 ergo
3207 961 3355 1016 vultis
3380 961 3620 1016 ostendere
3637 961 3710 1014 ba-

2225 1047 2490 1116 ptismatis
2527 1047 2756 1115 gratiam
2784 1063 2893 1102 non
2921 1063 3038 1102 rem
3078 1050 3383 1117 contulisse,
3413 1049 3521 1119 quia
3562 1049 3709 1104 iterum

2225 1147 2352 1206 post
2377 1136 2640 1206 baptisma
2686 1151 2972 1206 possumus
2999 1148 3057 1194 et
3080 1139 3216 1194 velle
3241 1140 3423 1194 malum
3439 1179 3452 1203 ,
3479 1149 3533 1194 et
3549 1139 3711 1209 operati

2226 1229 2447 1284 malum.
2497 1227 2566 1283 Et
2603 1230 2691 1284 cui
2731 1230 2964 1286 habebat
2997 1231 3111 1286 dari
3140 1232 3227 1287 lex
3252 1232 3371 1298 Dei,
3397 1232 3438 1289 si
3457 1231 3712 1302 possibilitas

2227 1322 2354 1384 mali
2385 1321 2570 1377 luisset
2597 1323 2812 1378 ablata?
2862 1323 2970 1379 Aut
3009 1325 3129 1394 quis
3154 1325 3221 1380 de
3246 1324 3470 1379 custodia
3491 1322 3713 1378 mandato-

2227 1427 2343 1466 rum
2374 1412 2468 1468 Dei
2496 1414 2773 1482 przemium
2815 1423 3062 1484 peteret,
3100 1416 3146 1469 si
3175 1414 3490 1485 pracvaricari
3514 1429 3602 1468 non
3626 1428 3714 1485 pos-

2226 1502 2346 1556 set?
2374 1502 2512 1558 sicut
2541 1518 2638 1558 nec
2679 1511 2858 1558 mutus
2885 1503 2952 1558 de
2980 1505 3366 1567 taciturnitate,
3400 1520 3490 1558 nec
3513 1502 3648 1572 spado
3668 1502 3716 1556 de

2227 1591 2532 1659 virginitate
2579 1591 2846 1646 laudatur.
2903 1591 3102 1647 Carent
3149 1593 3292 1648 enim
3335 1592 3478 1646 laude
3509 1593 3555 1645 in
3593 1591 3716 1655 bono,

2228 1682 2420 1751 quibus
2447 1681 2514 1735 ad
2552 1683 2751 1736 malum
2796 1683 3049 1738 transitus
3075 1683 3381 1752 denegatur.
3419 1682 3515 1737 Nos
3538 1694 3641 1749 ergo
3663 1680 3718 1734 di-

543 1775 820 1845 passiones
848 1775 1006 1844 hujus
1051 1778 1308 1847 temporis
1353 1777 1419 1832 ad
1457 1778 1688 1834 futuram
1733 1781 1960 1849 gloriam
2006 1798 2124 1850 qua:
2152 1769 2198 1829 Β
2227 1775 2397 1830 cimus
2439 1774 2846 1843 possibilitatem
2892 1776 3018 1829 mali
3065 1776 3260 1830 bonam
3303 1791 3416 1831 esse
3439 1775 3512 1829 his
3535 1775 3611 1842 qui
3633 1787 3718 1826 eam

544 1866 872 1922 revelabitur
920 1867 971 1920 in
1021 1869 1175 1922 nobis
1223 1867 1399 1938 (Rom.
1433 1886 1542 1935 vm,
1578 1869 1685 1941 I8).
1745 1871 1811 1926 Et
1840 1871 1981 1939 ideo,
2014 1890 2123 1944 spe,

546 1958 738 2027 inquit,
771 1958 902 2013 salvi
950 1961 1076 2031 facti
1111 1976 1290 2013 sumus
1321 1959 1508 2031 (Ibid.,
1540 1961 1651 2031 2i).
1704 1963 1841 2018 Nota
1873 1965 1968 2019 tibi
1995 1965 2135 2019 salvi

546 2053 710 2123 facti:
741 2067 847 2106 non
878 2051 1011 2106 dixit
1039 2052 1308 2114 salvandi,
1331 2052 1424 2108 sed
1452 2054 1582 2108 salvi
1611 2057 1754 2126 facti.
1790 2054 2124 2112 Prmteritum

544 2141 673 2196 fecit
719 2142 932 2207 salutis;
981 2142 1106 2197 dum
1158 2143 1516 2208 credidimus,
1569 2145 1702 2199 salvi
1749 2146 1877 2202 facti
1921 2163 2123 2203 sumus.

543 2229 722 2298 Quare
749 2233 880 2302 spe?
908 2232 1196 2302 Speramus
1225 2234 1366 2288 enim
1399 2250 1496 2290 nos
1518 2251 1818 2306 resurgere,
1851 2254 1958 2293 non
1981 2239 2126 2294 enim

495 2321 502 2328 ”
543 2323 653 2394 jam
682 2326 1092 2378 resurreximus.
1140 2325 1275 2391 Quia
1315 2341 1443 2394 ergo
1472 2342 1751 2396 speramus
1779 2344 1878 2384 nos
1903 2345 2002 2400 pro
2029 2329 2126 2384 boo

543 2415 628 2469 nis
657 2416 871 2484 praemia
916 2424 1231 2485 accepturos
1253 2457 1268 2482 ,
1300 2401 1360 2471 et
1382 2432 1479 2487 pro
1510 2419 1663 2473 malis
1690 2419 1948 2488 gehennae
1967 2435 2126 2490 posse

545 2505 820 2561 incurrere
847 2506 1140 2576 supplicia;
1184 2515 1464 2576 sperantes
1492 2507 1632 2574 bona
1662 2518 1716 2563 et
1743 2509 1993 2564 timentes
2020 2526 2130 2565 ma~

548 2597 600 2650 Ia
625 2639 639 2664 ,
692 2598 825 2652 salvi
865 2597 989 2653 facti
1019 2614 1201 2654 sumus
1227 2617 1238 2652 :
1288 2608 1342 2654 et
1369 2600 1462 2670 qui
1490 2616 1704 2658 eramus
1735 2602 1827 2658 ﬁlii
1857 2604 1967 2668 irae,
2000 2603 2125 2660 facti

545 2705 729 2744 sumus
759 2689 858 2744 ﬁlii.
882 2689 973 2744 Dei
1009 2688 1225 2760 (Ephes.
1255 2708 1321 2756 ιι,
1351 2691 1426 2759 ⁸5).
1471 2689 1623 2758 Unde
1651 2701 1706 2747 et
1731 2694 1867 2748 alius
1895 2693 2128 2764 Aposto—

543 2779 625 2834 lus
650 2780 876 2834 clamat:
911 2777 1235 2844 Charissimi,
1285 2783 1386 2851 ﬁlii
1428 2781 1528 2836 Dei
1573 2800 1752 2837 sumus
1783 2784 1835 2854 (Ι
1856 2784 2015 2839 Joan.
2047 2803 2122 2852 Ill,

543 2871 622 2940 2).
665 2871 781 2926 Non
831 2887 960 2940 ergo
1001 2873 1218 2942 adOptio
1251 2873 1476 2927 ﬁliorum
1509 2875 1839 2943 promittitur
1867 2877 1918 2930 in
1947 2876 2126 2946 bapti-

544 2977 700 3024 smo.
748 2963 842 3018 sed
891 2963 1184 3017 confertur.
1251 2962 1358 3017 Vos
1405 2973 1584 3018 autem
1627 2964 1692 3020 de
1720 2965 1824 3020 hoc
1851 2966 1994 3034 quod
2014 2965 2126 3035 jam

545 3052 866 3123 accepimus,
899 3053 1110 3108 dicitis:
1143 3052 1277 3124 Spes
1307 3070 1426 3123 qua:
1454 3055 1680 3117 videtur,
1713 3072 1820 3110 non
1855 3065 1937 3111 est
1979 3073 2123 3126 spes.

545 3141 708 3198 Nobis
734 3159 858 3214 spes
884 3152 994 3200 tota
1023 3145 1231 3200 videtur
1257 3147 1309 3201 in
1339 3147 1673 3217 baptismatis
1701 3149 2123 3206 sanctiﬁcatione

545 3243 823 3300 constare;
881 3251 1008 3304 ergo
1059 3236 1201 3303 quod
1253 3238 1405 3292 nobis
1454 3239 1662 3293 videtur
1707 3254 1858 3308 spes,
1908 3256 2012 3295 non
2039 3249 2124 3296 est

546 3340 703 3396 spes;
729 3326 787 3382 In
816 3327 1122 3383 chrismatis
1147 3328 1345 3383 Christi
1374 3331 1626 3386 unctione
1653 3332 1766 3402 spei
1795 3332 1990 3388 nostra:
2005 3349 2123 3389 cer-

546 3420 721 3473 nimus
750 3419 1175 3485 lirmamentum;
1208 3435 1334 3489 ergo
1365 3437 1488 3490 spes
1527 3437 1646 3490 quae
1675 3423 1884 3480 videtur
1906 3439 2011 3478 non
2041 3434 2125 3480 est

546 3525 687 3581 spes.
739 3507 946 3582 Corpus
993 3510 1186 3564 Christi
1217 3527 1365 3580 spem
1400 3520 1640 3566 nostram
1672 3513 1940 3580 videmus;
1995 3529 2123 3583 ergo

546 3616 668 3672 spes
694 3617 812 3670 qum
856 3602 1066 3656 videtur
1111 3616 1219 3655 non
1265 3611 1348 3655 est
1392 3618 1534 3671 spes.
1583 3602 1905 3671 Sanguinem
1927 3603 2124 3659 Christi

546 3691 971 3761 redemptionem
1015 3699 1254 3746 nostram
1293 3693 1652 3757 attendimus;
1688 3708 1815 3761 ergo
1855 3709 1979 3764 spes
2007 3710 2124 3764 qua:

546 3783 760 3837 videtur
789 3799 893 3838 non
924 3792 1006 3838 est
1034 3799 1174 3854 spes.
1217 3783 1530 3840 Evacuastis
1559 3788 1738 3841 omnia
1766 3799 2122 3856 sacramenta,

547 3874 863 3930 exinanistis
902 3875 1188 3945 mysteria,
1219 3885 1274 3929 et
1312 3877 1463 3945 quasi
1495 3875 1582 3931 ﬁdi
1613 3884 1667 3932 et
1694 3878 1870 3934 idonei
1901 3889 2127 3936 metato-

547 3982 637 4022 res
661 3967 994 4029 Antichristi,
1027 3967 1202 4021 locum
1231 3967 1282 4022 ei
1313 3969 1401 4023 ubi
1433 3970 1600 4038 possit
1627 3970 1911 4025 succedere
1941 3971 2128 4041 ejectis

549 4058 706 4114 nobis
734 4057 802 4112 ab
831 4058 1094 4128 aliquibus
1134 4061 1468 4130 praeparatis.
1528 4061 1660 4116 Nam
1703 4063 1817 4117 haec
1844 4079 1962 4134 quae
1992 4064 2132 4132 Apo-

554 4150 726 4205 stolus
750 4150 817 4204 de
845 4149 1027 4204 mundi
1055 4150 1206 4206 istius
1234 4153 1440 4220 gaudiis
1454 4153 1580 4208 dicit
1607 4173 1617 4206 :
1647 4153 1777 4224 Spes
1799 4172 1912 4226 qua:
1933 4155 2129 4209 videtur

550 4235 656 4296 non
682 4247 758 4293 est
800 4256 943 4310 spes,
971 4257 1067 4295 vos
1094 4256 1158 4295 ea
1192 4241 1260 4296 ad
1283 4242 1462 4297 divina
1491 4245 1748 4313 mysteria
1777 4245 2126 4311 transmigra-

480 4403 483 4405 _
551 4331 670 4387 stis.
709 4330 859 4398 Quod
889 4331 978 4385 ille
1006 4332 1072 4386 de
1098 4333 1312 4388 caducis
1341 4335 1500 4388 rebus
1527 4344 1580 4388 et
1609 4335 1908 4389 labentibus
1931 4351 2132 4391 memo-

551 4432 653 4487 rat,
687 4422 787 4477 hoc
816 4437 913 4476 vos
941 4423 1101 4476 etiam
1133 4422 1234 4490 ipsi
1263 4438 1416 4478 sacro
1445 4423 1751 4492 haptismati
1782 4426 2122 4495 ascripsistis.

2227 1871 2595 1918 contemnunt.
2651 1864 2797 1919 Dabo
2825 1865 2909 1918 bis
2935 1865 3158 1932 singulis
3189 1866 3350 1921 titulis
3373 1865 3519 1920 breve
3551 1878 3720 1932 respon-

2226 1968 2362 2012 sum.
2405 1952 2586 2008 Potuit
2630 1954 2750 2022 quis
2795 1940 3116 2024 exspoliare
3143 1957 3397 2012 vestitos:
3426 1971 3537 2011 ecce
3571 1955 3721 2008 malum

2226 2048 2432 2117 potuit;
2481 2047 2576 2102 sed
2614 2047 2741 2116 quia
2781 2048 2978 2112 noluit,
3031 2047 3171 2104 facta
3211 2057 3292 2104 est
3316 2047 3606 2118 possibilitas
3633 2046 3724 2101 mali

2226 2138 2389 2204 bona,
2421 2139 2512 2208 qui
2537 2153 2656 2192 eam
2684 2138 2910 2192 consilio
2938 2137 3287 2208 prudentiore
3313 2137 3617 2208 contempsit.
3657 2134 3726 2188 Po-

2229 2231 2333 2285 tuit
2360 2232 2482 2299 quis
2505 2231 2765 2286 creditam
2795 2231 2894 2284 sibi
2916 2232 3198 2301 pecuniam
3226 2245 3430 2301 rapere,
3450 2229 3601 2301 potuit
3623 2225 3726 2282 adui

2228 2323 2364 2378 teria
2392 2332 2704 2393 perpetrare
2729 2340 2740 2374 :
2774 2336 2900 2377 ecce
2936 2321 3266 2392 possibilitas
3293 2322 3444 2386 mali;
3473 2329 3523 2376 ct
3545 2320 3620 2388 qui
3642 2331 3727 2371 eam

2227 2417 2581 2486 contempsit,
2612 2416 2727 2484 ipsa
2754 2413 3079 2485 possibilitas
3106 2430 3231 2468 eum
3257 2412 3380 2469 fecit
3407 2422 3507 2467 tam
3528 2412 3585 2466 de
3607 2423 3728 2480 pecu-

2227 2511 2313 2565 nia
2342 2524 2448 2562 non
2479 2507 2652 2562 furata
2679 2505 2922 2570 laudari,
2972 2519 3132 2574 quam
3171 2505 3416 2560 coronari
3454 2503 3514 2557 de
3541 2501 3730 2555 castitate

2227 2608 2458 2659 servata.
2501 2599 2742 2653 Diximus
2770 2612 2930 2652 unum
2959 2596 3169 2651 titulum
3195 2637 3211 2662 ,
3262 2595 3315 2650 id
3334 2602 3414 2650 est
3437 2593 3498 2648 de
3522 2589 3732 2662 possibili-

2227 2703 2336 2749 tate
2365 2693 2512 2757 mali,
2543 2690 2689 2760 quod
2716 2691 2858 2745 bona
2887 2689 2962 2744 sit
2985 2688 3067 2743 his
3094 2689 3184 2758 qui
3216 2704 3333 2744 eam
3361 2685 3730 2755 contempserint.

2226 2787 2377 2848 Nunc
2435 2785 2712 2839 videamus
2761 2781 3029 2853 quomodo
3087 2797 3119 2836 e
3163 2781 3434 2836 contrario
3472 2775 3734 2848 possibilitas

2225 2879 2390 2942 boni,
2443 2877 2585 2932 mala
2630 2876 2682 2930 in
2731 2876 2814 2930 his
2850 2875 2941 2943 qui
2981 2888 3102 2929 eam
3147 2871 3571 2943 contempserint.
3603 2865 3737 2920 Habet

2226 2968 2490 3038 quispiam
2537 2969 2794 3039 pecunias
2839 2966 3084 3036 positas:
3134 2980 3264 3021 ecce
3309 2961 3606 3036 possibilitas
3621 2954 3736 3017 boni,

2226 3069 2405 3132 potest
2433 3061 2574 3114 enim
2603 3059 2809 3114 cunctis
2840 3057 3216 3112 necessitatem
3259 3055 3567 3127 patientibus
3588 3049 3736 3105 subve-

2229 3153 2362 3207 nire.
2404 3150 2556 3205 Hanc
2584 3156 2764 3204 autem
2803 3147 3211 3218 possibilitatem
3241 3147 3370 3202 boni
3406 3145 3522 3200 dum
3545 3147 3736 3196 contem-

2227 3220 2424 3314 pserii,
2473 3237 2704 3294 efficitur
2748 3237 3072 3309 possibilitas
3117 3236 3280 3302 mala,
3312 3244 3366 3291 et
3407 3242 3510 3287 tam
3554 3227 3667 3284 mala
3690 3227 3738 3314 qui

2226 3333 2377 3389 radix
2407 3331 2672 3386 malorum
2699 3329 2935 3383 omnium
2957 3327 3340 3396 comprobetur
3369 3325 3409 3396 (Ι
3431 3323 3551 3377 Tim.
3578 3313 3738 3382 v1.10).

2227 3424 2426 3480 Verum
2472 3419 2890 3490 quid-agimus?
2942 3417 3291 3487 Baptismatis
3337 3415 3488 3471 nobis
3523 3417 3668 3467 status
3701 3404 3745 3457 in.

2229 3515 2467 3586 periculo
2488 3513 2725 3583 ponitur,
2745 3520 2799 3565 et
2811 3526 2908 3566 nos
2921 3510 2986 3565 de
3002 3510 3242 3564 avaritiae
3256 3523 3464 3564 veneno
3490 3511 3738 3559 tractamus.

2229 3606 2485 3663 Omnibus
2529 3613 2715 3660 notum
2763 3611 2846 3658 est
2889 3602 3125 3656 avaritias
3154 3601 3362 3656 crimen
3396 3599 3518 3653 satis
3542 3607 3642 3650 esse
3663 3601 3743 3657 gn

2231 3698 2538 3764 vissimum;
2587 3694 2922 3765 baptismatis
2968 3701 3149 3748 autem
3189 3693 3419 3761 gratiam
3446 3682 3675 3744 exinaniri
3696 3677 3748 3731 ab

2230 3791 2536 3846 hominibus
2563 3787 2782 3858 perﬁdis
2808 3830 2822 3855 ,
2857 3800 3028 3855 nuper
3051 3785 3214 3854 coepit
3241 3784 3594 3840 innotescere,
3621 3782 3748 3840 nuper

2229 3883 2394 3952 erepit
2421 3881 2701 3936 catholicis
2727 3877 3023 3949 propalari.

2301 3950 2532 4030 XXVIII.
2572 3972 2598 4011 ά
2629 3973 2788 4027 Aiunt
2831 3985 3053 4041 namque
3100 3985 3191 4040 per
3231 3968 3540 4039 baptismum
3572 3963 3635 4014 ita
3669 3950 3751 4009 tolli

2229 4077 2513 4142 peccatum,
2540 4075 2598 4119 ut
2625 4064 2870 4134 capillum
2903 4059 3155 4116 novacula
3196 4075 3428 4113 erasum.
3472 4045 3751 4142 Battus-enim

2228 4139 2323 4225 est,
2357 4159 2622 4228 inquiunt,
2655 4163 2710 4208 ut
2736 4151 3102 4207 emundaretur
3131 4151 3309 4212 locus,
3339 4158 3361 4186 ο
3393 4163 3494 4201 non
3517 4139 3754 4233 erudiunt!

2227 4262 2323 4315 est,
2356 4269 2421 4305 ne
2441 4248 2657 4303 ulterius
2682 4251 2998 4300 nasceretur.
3034 4239 3096 4296 Si
3133 4241 3276 4294 enim
3303 4256 3370 4293 ea:
3409 4238 3596 4305 integro
3625 4237 3754 4320 ριιιηιξ

2229 4336 2675 4412 praevaricationis
2735 4332 2864 4388 Addi
2907 4329 3166 4402 fragilitas
3226 4329 3514 4387 tolleretur,
3560 4317 3757 4412 baptizatt

2233 4400 2410 4485 omnes
2440 4428 2584 4482 nullo
2614 4425 2804 4480 caloris
2831 4429 2972 4477 motu
2997 4419 3330 4474 traherentur
3349 4417 3420 4471 ad
3439 4413 3658 4472 crimina,
3678 4400 3754 4456 nul-

551 4514 668 4570 Non
715 4515 1006 4569 habeamus
1053 4522 1258 4584 partem
1308 4515 1589 4569 vobiscum
1635 4515 1686 4569 in
1717 4524 1996 4583 aeternum,
2027 4533 2127 4575 nec
2152 4496 2202 4556 D
2229 4523 2280 4577 lo
2310 4517 2742 4589 concupiscentia:
2785 4512 2991 4568 stimulo
3042 4518 3417 4582 pungerentur.
3459 4507 3474 4546 ί
3508 4505 3630 4559 IIinc
3662 4506 3755 4589 ergo

549 4623 741 4663 sensus
769 4617 952 4662 noster
973 4607 1109 4660 ultra
1140 4606 1221 4660 his
1246 4605 1592 4675 blasphemiis
1619 4606 1948 4674 inquinetur.

593 4698 806 4761 —,XXVI.
848 4679 996 4764 Ideo,
1029 4697 1291 4766 inquiunt,
1324 4695 1569 4766 baptizati
1602 4697 1786 4750 iterum
1805 4698 2122 4767 polluuntur,

549 4800 600 4844 et
621 4793 903 4846 carnaliter
932 4791 1314 4862 concupiscunt,
1364 4789 1484 4860 quia
1527 4806 1616 4858 spe
1653 4805 1757 4842 non
1787 4806 1844 4843 re
1869 4793 2128 4847 consecuti

552 4891 671 4935 sunt
699 4884 1096 4941 instaurationis
1137 4883 1409 4938 auxilium.
1463 4881 1571 4936 Nos
1606 4890 1784 4937 autem
1814 4883 1891 4937 sic
1920 4894 1945 4921 ³
1975 4900 2126 4953 spem

553 4973 821 5028 tendimus
849 4975 915 5029 ad
945 4976 1119 5030 futura
1151 4976 1386 5046 praemia,
1420 4983 1480 5028 ut
1508 4974 1559 5029 in
1589 4975 1840 5045 praesenti
1867 4976 2011 5044 quod
2042 4992 2130 5032 ac-

553 5063 792 5133 cepimus
821 5081 928 5119 non
965 5081 1239 5134 negemus.
1282 5067 1389 5122 Nos
1429 5069 1570 5122 enim
1609 5076 1846 5122 meretur
1874 5070 2130 5138 consequi

552 5153 840 5222 beneﬁcia,
871 5158 963 5224 qui
993 5175 1099 5212 non
1127 5159 1412 5214 conﬁtetur
1435 5170 1675 5230 accepta.
1724 5158 1949 5229 Siquod
1977 5177 2132 5216 acce—

553 5249 675 5321 pisti
700 5247 810 5317 jam
856 5249 1116 5317 deneges,
1161 5252 1453 5305 confutaris
1495 5253 1750 5319 ingratus.
1801 5251 1942 5320 Ergo
1971 5253 2014 5306 si
2045 5254 2134 5307 ad-

553 5348 659 5404 huc
705 5361 812 5401 non
859 5343 987 5400 estis
1033 5345 1258 5412 gratiam
1298 5346 1601 5411 consecuti,
1657 5346 1750 5401 sed
1795 5348 2132 5402 consecuturi

627 5513 651 5540 ἰ
691 5501 789 5556 Ms.
815 5500 1099 5569 Augiensc.
1133 5516 1222 5569 spe
1252 5499 1509 5553 tendimus
1540 5501 1624 5554 ad.

625 5573 652 5611 δ
693 5573 787 5628 Ms.
821 5568 959 5626 idem
986 5589 997 5624 :
1027 5568 1214 5624 XXIX.
1247 5570 1540 5625 Ιίτειιητιαι.
1577 5572 1636 5624 Si
1664 5572 1800 5624 enim
1832 5588 1902 5633 re,
1941 5579 2049 5624 etc.

628 5655 648 5679 ε
691 5643 790 5697 Ms.
817 5643 954 5698 idem
981 5661 992 5694 :
1025 5641 1332 5696 CATIIOLICI.
1373 5638 1494 5693 Idm
1526 5658 1644 5708 ergo
1676 5642 1846 5701 uultis,
1879 5651 2000 5693 etc:

625 5711 650 5751 ἀ
691 5713 786 5769 Ms.
823 5714 962 5770 idem
990 5733 1000 5767 :
1033 5711 1195 5767 XXX.
1239 5712 1528 5766 ".ERE‘I'ICI.
1574 5712 1726 5765 Aiunt
1759 5727 1993 5781 namque,
2021 5721 2128 5762 etc.

2231 4581 2518 4668 exinanitis
2547 4606 2883 4677 baptismatis
2944 4606 3290 4658 sacrosancta
3349 4595 3624 4669 mysteria,
3666 4581 3755 4677 qui?

2231 4675 2710 4773 concupiscentia,
2757 4703 2817 4752 ut
2862 4694 2962 4765 ipsi
3013 4692 3189 4748 dicitis
3215 4731 3230 4754 ,
3274 4691 3365 4744 lex
3393 4682 3594 4758 peccati
3617 4684 3699 4738 est,
3719 4675 3757 4722 ει

2231 4799 2348 4870 ipsa
2397 4794 2498 4850 sibi
2545 4795 2739 4847 iterum
2789 4783 3026 4843 vindicat
3057 4784 3411 4872 baptizatum.
3454 4780 3527 4834 De
3665 4777 3761 4875 ergo.

2231 4859 2665 4958 concupiscentia
2693 4885 2736 4939 si
2768 4881 2975 4936 fueritis
3001 4869 3234 4942 exclusi,
3265 4877 3474 4942 integra
3503 4869 3599 4926 erit
3623 4859 3759 4958 iub?"

2231 4954 2428 5056 ptismo
2473 4987 2529 5035 et
2565 4983 2908 5048 peccatorum
2937 4969 3184 5026 remissio
3213 4975 3269 5023 et
3296 4981 3428 5021 vera
3460 4975 3483 5011 ς
3516 4954 3762 5056 consolatio

2232 5052 2551 5143 gratiarum.
2590 5065 2893 5122 Gratiarum
2938 5069 3118 5116 autem
3158 5057 3279 5112 ideo
3328 5053 3601 5143 pluraliter
3625 5052 3760 5143 positu

2232 5130 2356 5233 quia
2387 5177 2507 5217 cum
2533 5175 2639 5215 una
2667 5159 2736 5214 sit
2759 5155 2960 5225 gratia,
2993 5161 3054 5206 ut
3082 5150 3208 5206 vitis
3235 5163 3344 5203 una
3371 5139 3662 5233 palmitibus
3684 5130 3766 5233 vi“:

2235 5223 2363 5310 ralis
2409 5252 2660 5316 efﬁcitur,
2708 5223 2781 5303 et
2808 5254 2890 5302 tot
2938 5245 3074 5299 vites
3119 5241 3394 5302 dicuntur,
3444 5239 3570 5303 quot
3614 5223 3766 5279 fuerim

2235 5346 2560 5417 propagines
2607 5343 2674 5398 de
2720 5355 2825 5396 una
2869 5338 2975 5393 vite
3020 5345 3362 5405 compressae.
3409 5328 3569 5382 Datur
3589 5328 3697 5384 ergo
3721 5322 3768 5361 ει

2308 5510 2331 5535 θ
2373 5499 2469 5553 Ms.
2505 5496 2666 5558 idem,
2697 5511 2801 5548 non
2823 5500 2994 5546 autem
3015 5489 3332 5560 eradicatur.
3451 5552 3460 5560 .

2307 5569 2325 5607 τ
2372 5570 2466 5621 Ms.
2502 5567 2637 5621 idem
2654 5553 2678 5618 ’ί
2709 5565 3019 5618 (Iunoniet.
3059 5559 3194 5612 Hinc
3223 5572 3341 5626 ergo
3375 5553 3668 5608 cxiiwnittt.

2305 5651 2326 5685 ς
2371 5639 2465 5693 .lls.
2495 5637 2658 5698 idem,
2688 5634 2897 5689 collatio
2927 5631 3230 5703 gratiarum.

3689 5539 3770 5588 εις.
