  <div class='ocr_page' id='page_1' title='image "/cluster/home/n/w/nwhite01/storage/ocr_20150623/53/hvd.32044073505091/342.png"; bbox 0 0 3926 6176; ppageno 0'>
   <div class='ocr_carea' id='block_1_1' title="bbox 217 408 331 464">
    <p class='ocr_par' dir='ltr' id='par_1_1' title="bbox 217 408 331 464">
     <span class='ocr_line' id='line_1_1' title="bbox 217 408 331 464; baseline 0 -49"><span class='ocrx_word' id='word_1_1' title='bbox 217 408 331 464; x_wconf 50' lang='lat' dir='ltr'><strong>om.</strong></span> 
     </span>
    </p>
   </div>
   <div class='ocr_carea' id='block_1_2' title="bbox 682 402 3048 482">
    <p class='ocr_par' dir='ltr' id='par_1_2' title="bbox 682 402 3048 482">
     <span class='ocr_line' id='line_1_2' title="bbox 682 402 3048 482; baseline 0.003 -21"><span class='ocrx_word' id='word_1_2' title='bbox 682 402 1273 462; x_wconf 60' lang='lat' dir='ltr'><strong>PREDESTINATUS</strong></span> <span class='ocrx_word' id='word_1_3' title='bbox 1305 407 1458 463; x_wconf 82' lang='lat' dir='ltr'><strong>SIVE</strong></span> <span class='ocrx_word' id='word_1_4' title='bbox 1496 406 2189 468; x_wconf 65' lang='lat' dir='ltr'><strong>PRJEDESTINATORUM</strong></span> <span class='ocrx_word' id='word_1_5' title='bbox 2227 411 2566 482; x_wconf 61' lang='lat' dir='ltr'><strong>HERESIS,</strong></span> <span class='ocrx_word' id='word_1_6' title='bbox 2607 412 2753 469; x_wconf 71' lang='lat' dir='ltr'><strong>ETC.</strong></span> <span class='ocrx_word' id='word_1_7' title='bbox 2799 413 2924 469; x_wconf 82' lang='lat' dir='ltr'><strong>LIB.</strong></span> <span class='ocrx_word' id='word_1_8' title='bbox 2964 413 3048 469; x_wconf 81' lang='lat' dir='ltr'><strong>III.</strong></span> 
     </span>
    </p>
   </div>
   <div class='ocr_carea' id='block_1_3' title="bbox 3376 415 3493 469">
    <p class='ocr_par' dir='ltr' id='par_1_3' title="bbox 3376 415 3493 469">
     <span class='ocr_line' id='line_1_3' title="bbox 3376 415 3493 469; baseline 0 0"><span class='ocrx_word' id='word_1_9' title='bbox 3376 415 3493 469; x_wconf 63' lang='lat'><strong>670‘</strong></span> 
     </span>
    </p>
   </div>
   <div class='ocr_carea' id='block_1_4' title="bbox 217 504 3482 600">
    <p class='ocr_par' dir='ltr' id='par_1_4' title="bbox 217 504 3482 600">
     <span class='ocr_line' id='line_1_4' title="bbox 217 504 3482 600; baseline 0.003 -24"><span class='ocrx_word' id='word_1_10' title='bbox 217 534 329 577; x_wconf 85' lang='lat' dir='ltr'><strong>uno</strong></span> <span class='ocrx_word' id='word_1_11' title='bbox 373 516 709 588; x_wconf 71' lang='lat' dir='ltr'><strong>baptismatis</strong></span> <span class='ocrx_word' id='word_1_12' title='bbox 758 515 904 570; x_wconf 82' lang='lat' dir='ltr'><strong>fonte</strong></span> <span class='ocrx_word' id='word_1_13' title='bbox 952 517 1008 573; x_wconf 82' lang='lat' dir='ltr'><strong>in</strong></span> <span class='ocrx_word' id='word_1_14' title='bbox 1055 519 1303 587; x_wconf 71' lang='lat' dir='ltr'><strong>pmsenti</strong></span> <span class='ocrx_word' id='word_1_15' title='bbox 1335 528 1674 588; x_wconf 81' lang='lat' dir='ltr'><strong>peccatorum</strong></span> <span class='ocrx_word' id='word_1_16' title='bbox 1704 533 1792 571; x_wconf 83' lang='lat' dir='ltr'><strong>re-</strong></span> <span class='ocrx_word' id='word_1_17' title='bbox 1819 518 1869 578; x_wconf 74' lang='grc' dir='ltr'>Α</span> <span class='ocrx_word' id='word_1_18' title='bbox 1896 537 2019 577; x_wconf 89' lang='lat' dir='ltr'><strong>nem</strong></span> <span class='ocrx_word' id='word_1_19' title='bbox 2047 527 2342 592; x_wconf 90' lang='lat' dir='ltr'><strong>continere,</strong></span> <span class='ocrx_word' id='word_1_20' title='bbox 2392 504 2498 584; x_wconf 75' lang='grc' dir='ltr'><strong>ηοῖι</strong></span> <span class='ocrx_word' id='word_1_21' title='bbox 2528 544 2684 599; x_wconf 87' lang='lat' dir='ltr'><strong>quem</strong></span> <span class='ocrx_word' id='word_1_22' title='bbox 2726 531 2841 600; x_wconf 84' lang='lat' dir='ltr'><strong>ipse</strong></span> <span class='ocrx_word' id='word_1_23' title='bbox 2887 531 3133 595; x_wconf 73' lang='lat' dir='ltr'><strong>instituit,</strong></span> <span class='ocrx_word' id='word_1_24' title='bbox 3184 530 3482 586; x_wconf 66' lang='lat' dir='ltr'><strong>maleditite</strong></span> 
     </span>
    </p>
   </div>
   <div class='ocr_carea' id='block_1_5' title="bbox 216 607 1797 678">
    <p class='ocr_par' dir='ltr' id='par_1_5' title="bbox 216 607 1797 678">
     <span class='ocr_line' id='line_1_5' title="bbox 216 607 1797 678; baseline -0.004 -11"><span class='ocrx_word' id='word_1_25' title='bbox 216 611 426 675; x_wconf 83' lang='lat' dir='ltr'><strong>missio,</strong></span> <span class='ocrx_word' id='word_1_26' title='bbox 456 616 512 665; x_wconf 87' lang='lat' dir='ltr'><strong>et</strong></span> <span class='ocrx_word' id='word_1_27' title='bbox 537 622 759 676; x_wconf 84' lang='lat' dir='ltr'><strong>regnum</strong></span> <span class='ocrx_word' id='word_1_28' title='bbox 788 608 1116 678; x_wconf 72' lang='lat' dir='ltr'><strong>promittitur</strong></span> <span class='ocrx_word' id='word_1_29' title='bbox 1150 609 1202 662; x_wconf 89' lang='lat' dir='ltr'><strong>in</strong></span> <span class='ocrx_word' id='word_1_30' title='bbox 1239 607 1446 674; x_wconf 81' lang='lat' dir='ltr'><strong>futuro;</strong></span> <span class='ocrx_word' id='word_1_31' title='bbox 1486 608 1716 667; x_wconf 82' lang='lat' dir='ltr'><strong>eilicitur</strong></span> <span class='ocrx_word' id='word_1_32' title='bbox 1741 607 1797 661; x_wconf 78' lang='lat' dir='ltr'><strong>il-</strong></span> 
     </span>
    </p>
   </div>
   <div class='ocr_carea' id='block_1_6' title="bbox 214 695 1796 777">
    <p class='ocr_par' dir='ltr' id='par_1_6' title="bbox 214 695 1796 777">
     <span class='ocr_line' id='line_1_6' title="bbox 214 695 1796 777; baseline -0.001 -23"><span class='ocrx_word' id='word_1_33' title='bbox 214 700 323 759; x_wconf 84' lang='lat' dir='ltr'><strong>lius</strong></span> <span class='ocrx_word' id='word_1_34' title='bbox 349 696 766 775; x_wconf 85' lang='lat' dir='ltr'><strong>hominislilius</strong></span> <span class='ocrx_word' id='word_1_35' title='bbox 814 695 940 762; x_wconf 86' lang='lat' dir='ltr'><strong>Dei;</strong></span> <span class='ocrx_word' id='word_1_36' title='bbox 975 695 1031 750; x_wconf 85' lang='lat' dir='ltr'><strong>lit</strong></span> <span class='ocrx_word' id='word_1_37' title='bbox 1057 696 1347 777; x_wconf 85' lang='lat' dir='ltr'><strong>adoptione</strong></span> <span class='ocrx_word' id='word_1_38' title='bbox 1386 697 1551 764; x_wconf 83' lang='lat' dir='ltr'><strong>ﬁlius;</strong></span> <span class='ocrx_word' id='word_1_39' title='bbox 1594 696 1796 752; x_wconf 84' lang='lat' dir='ltr'><strong>fitcon-</strong></span> 
     </span>
    </p>
   </div>
   <div class='ocr_carea' id='block_1_7' title="bbox 213 786 1792 863">
    <p class='ocr_par' dir='ltr' id='par_1_7' title="bbox 213 786 1792 863">
     <span class='ocr_line' id='line_1_7' title="bbox 213 786 1792 863; baseline -0.002 -17"><span class='ocrx_word' id='word_1_40' title='bbox 213 806 338 846; x_wconf 75' lang='lat' dir='ltr'><strong>sors</strong></span> <span class='ocrx_word' id='word_1_41' title='bbox 386 787 570 863; x_wconf 82' lang='lat' dir='ltr'><strong>regni;</strong></span> <span class='ocrx_word' id='word_1_42' title='bbox 621 786 681 841; x_wconf 85' lang='lat' dir='ltr'><strong>lit</strong></span> <span class='ocrx_word' id='word_1_43' title='bbox 724 786 858 841; x_wconf 83' lang='lat' dir='ltr'><strong>civis</strong></span> <span class='ocrx_word' id='word_1_44' title='bbox 905 802 971 848; x_wconf 81' lang='lat' dir='ltr'><strong>ex</strong></span> <span class='ocrx_word' id='word_1_45' title='bbox 1008 788 1249 854; x_wconf 79' lang='lat' dir='ltr'><strong>advena;</strong></span> <span class='ocrx_word' id='word_1_46' title='bbox 1307 787 1365 842; x_wconf 82' lang='lat' dir='ltr'><strong>fit</strong></span> <span class='ocrx_word' id='word_1_47' title='bbox 1404 790 1665 856; x_wconf 75' lang='lat' dir='ltr'><strong>ingenuus</strong></span> <span class='ocrx_word' id='word_1_48' title='bbox 1701 790 1792 859; x_wconf 89' lang='lat' dir='ltr'><strong>qui</strong></span> 
     </span>
    </p>
   </div>
   <div class='ocr_carea' id='block_1_8' title="bbox 211 876 1817 951">
    <p class='ocr_par' dir='ltr' id='par_1_8' title="bbox 211 876 1817 951">
     <span class='ocr_line' id='line_1_8' title="bbox 211 876 1817 951; baseline -0.001 -16"><span class='ocrx_word' id='word_1_49' title='bbox 211 894 406 939; x_wconf 62' lang='lat' dir='ltr'><strong>servus</strong></span> <span class='ocrx_word' id='word_1_50' title='bbox 432 877 712 934; x_wconf 86' lang='lat' dir='ltr'><strong>exstiterat</strong></span> <span class='ocrx_word' id='word_1_51' title='bbox 739 876 940 932; x_wconf 88' lang='lat' dir='ltr'><strong>inimici</strong></span> <span class='ocrx_word' id='word_1_52' title='bbox 965 894 978 951; x_wconf 91' lang='lat'><strong>;</strong></span> <span class='ocrx_word' id='word_1_53' title='bbox 1004 876 1060 937; x_wconf 83' lang='lat' dir='ltr'><strong>fit</strong></span> <span class='ocrx_word' id='word_1_54' title='bbox 1080 877 1321 948; x_wconf 82' lang='lat' dir='ltr'><strong>locuples</strong></span> <span class='ocrx_word' id='word_1_55' title='bbox 1349 880 1441 948; x_wconf 89' lang='lat' dir='ltr'><strong>qui</strong></span> <span class='ocrx_word' id='word_1_56' title='bbox 1471 879 1643 934; x_wconf 78' lang='lat' dir='ltr'><strong>fuerat</strong></span> <span class='ocrx_word' id='word_1_57' title='bbox 1669 880 1817 935; x_wconf 76' lang='lat' dir='ltr'><strong>ante’</strong></span> 
     </span>
    </p>
   </div>
   <div class='ocr_carea' id='block_1_9' title="bbox 211 966 1793 1040">
    <p class='ocr_par' dir='ltr' id='par_1_9' title="bbox 211 966 1793 1040">
     <span class='ocr_line' id='line_1_9' title="bbox 211 966 1793 1040; baseline -0.002 -13"><span class='ocrx_word' id='word_1_58' title='bbox 211 971 526 1036; x_wconf 84' lang='lat' dir='ltr'><strong>mendicus;</strong></span> <span class='ocrx_word' id='word_1_59' title='bbox 571 977 626 1024; x_wconf 86' lang='lat' dir='ltr'><strong>et</strong></span> <span class='ocrx_word' id='word_1_60' title='bbox 671 968 765 1040; x_wconf 88' lang='lat' dir='ltr'><strong>qui</strong></span> <span class='ocrx_word' id='word_1_61' title='bbox 809 966 980 1023; x_wconf 81' lang='lat' dir='ltr'><strong>fuerat</strong></span> <span class='ocrx_word' id='word_1_62' title='bbox 1025 967 1226 1023; x_wconf 90' lang='lat' dir='ltr'><strong>dudum</strong></span> <span class='ocrx_word' id='word_1_63' title='bbox 1272 971 1553 1039; x_wconf 77' lang='lat' dir='ltr'><strong>ignobilis,</strong></span> <span class='ocrx_word' id='word_1_64' title='bbox 1606 971 1793 1040; x_wconf 82' lang='lat' dir='ltr'><strong>incipit</strong></span> 
     </span>
    </p>
   </div>
   <div class='ocr_carea' id='block_1_10' title="bbox 208 1056 1793 1127">
    <p class='ocr_par' dir='ltr' id='par_1_10' title="bbox 208 1056 1793 1127">
     <span class='ocr_line' id='line_1_10' title="bbox 208 1056 1793 1127; baseline -0.001 -12"><span class='ocrx_word' id='word_1_65' title='bbox 208 1075 335 1115; x_wconf 81' lang='lat' dir='ltr'><strong>esse</strong></span> <span class='ocrx_word' id='word_1_66' title='bbox 364 1067 419 1114; x_wconf 88' lang='lat' dir='ltr'><strong>et</strong></span> <span class='ocrx_word' id='word_1_67' title='bbox 462 1058 684 1114; x_wconf 88' lang='lat' dir='ltr'><strong>illustris</strong></span> <span class='ocrx_word' id='word_1_68' title='bbox 721 1064 777 1113; x_wconf 90' lang='lat' dir='ltr'><strong>et</strong></span> <span class='ocrx_word' id='word_1_69' title='bbox 820 1072 1069 1127; x_wconf 80' lang='lat' dir='ltr'><strong>magnus.</strong></span> <span class='ocrx_word' id='word_1_70' title='bbox 1093 1056 1200 1114; x_wconf 89' lang='lat' dir='ltr'><strong>Sed</strong></span> <span class='ocrx_word' id='word_1_71' title='bbox 1228 1060 1536 1115; x_wconf 83' lang='lat' dir='ltr'><strong>ista&#39;omnia</strong></span> <span class='ocrx_word' id='word_1_72' title='bbox 1566 1069 1793 1116; x_wconf 88' lang='lat' dir='ltr'><strong>evacuat</strong></span> 
     </span>
    </p>
   </div>
   <div class='ocr_carea' id='block_1_11' title="bbox 208 1149 1452 1232">
    <p class='ocr_par' dir='ltr' id='par_1_11' title="bbox 208 1149 1452 1232">
     <span class='ocr_line' id='line_1_11' title="bbox 208 1149 1452 1232; baseline -0.005 -26"><span class='ocrx_word' id='word_1_73' title='bbox 208 1151 355 1215; x_wconf 59' lang='lat' dir='ltr'><strong>iber</strong></span> <span class='ocrx_word' id='word_1_74' title='bbox 378 1158 578 1215; x_wconf 79' lang='lat' dir='ltr'><strong>vester,</strong></span> <span class='ocrx_word' id='word_1_75' title='bbox 610 1157 665 1207; x_wconf 89' lang='lat' dir='ltr'><strong>et</strong></span> <span class='ocrx_word' id='word_1_76' title='bbox 691 1149 870 1205; x_wconf 83' lang='lat' dir='ltr'><strong>dicitis</strong></span> <span class='ocrx_word' id='word_1_77' title='bbox 896 1166 917 1203; x_wconf 77' lang='grc' dir='ltr'><em>τ</em></span> <span class='ocrx_word' id='word_1_78' title='bbox 1422 1204 1452 1232; x_wconf 60' lang='lat'><strong>.</strong></span> 
     </span>
    </p>
   </div>
   <div class='ocr_carea' id='block_1_12' title="bbox 278 1240 1786 1316">
    <p class='ocr_par' dir='ltr' id='par_1_12' title="bbox 278 1240 1786 1316">
     <span class='ocr_line' id='line_1_12' title="bbox 278 1240 1786 1316; baseline 0.001 -19"><span class='ocrx_word' id='word_1_79' title='bbox 278 1240 472 1308; x_wconf 62' lang='lat' dir='ltr'><strong>XXIX.</strong></span> <span class='ocrx_word' id='word_1_80' title='bbox 497 1252 522 1280; x_wconf 73' lang='grc'><strong>⁸</strong></span> <span class='ocrx_word' id='word_1_81' title='bbox 553 1242 620 1299; x_wconf 89' lang='lat' dir='ltr'><strong>Si</strong></span> <span class='ocrx_word' id='word_1_82' title='bbox 636 1243 884 1299; x_wconf 83' lang='lat' dir='ltr'><strong>darentur</strong></span> <span class='ocrx_word' id='word_1_83' title='bbox 902 1259 1016 1316; x_wconf 74' lang='lat' dir='ltr'><strong>qua:</strong></span> <span class='ocrx_word' id='word_1_84' title='bbox 1034 1244 1405 1315; x_wconf 69' lang='lat' dir='ltr'><strong>promittuntur</strong></span> <span class='ocrx_word' id='word_1_85' title='bbox 1426 1244 1480 1298; x_wconf 85' lang='lat' dir='ltr'><strong>in</strong></span> <span class='ocrx_word' id='word_1_86' title='bbox 1511 1242 1786 1314; x_wconf 82' lang='lat' dir='ltr'><strong>baptismo,</strong></span> 
     </span>
    </p>
   </div>
   <div class='ocr_carea' id='block_1_13' title="bbox 204 1333 1795 1407">
    <p class='ocr_par' dir='ltr' id='par_1_13' title="bbox 204 1333 1795 1407">
     <span class='ocr_line' id='line_1_13' title="bbox 204 1333 1795 1407; baseline -0.005 -12"><span class='ocrx_word' id='word_1_87' title='bbox 204 1337 387 1395; x_wconf 71' lang='lat' dir='ltr'><strong>nullus</strong></span> <span class='ocrx_word' id='word_1_88' title='bbox 409 1342 527 1406; x_wconf 82' lang='lat' dir='ltr'><strong>post</strong></span> <span class='ocrx_word' id='word_1_89' title='bbox 551 1333 877 1405; x_wconf 81' lang='lat' dir='ltr'><strong>baptismatis</strong></span> <span class='ocrx_word' id='word_1_90' title='bbox 903 1334 1099 1389; x_wconf 84' lang='lat' dir='ltr'><strong>undam</strong></span> <span class='ocrx_word' id='word_1_91' title='bbox 1125 1334 1553 1407; x_wconf 68' lang='lat' dir='ltr'><strong>concupiscentia</strong></span> <span class='ocrx_word' id='word_1_92' title='bbox 1579 1333 1795 1388; x_wconf 78' lang='lat' dir='ltr'><strong>stimulo</strong></span> 
     </span>
    </p>
   </div>
   <div class='ocr_carea' id='block_1_14' title="bbox 205 1422 1789 1499">
    <p class='ocr_par' dir='ltr' id='par_1_14' title="bbox 205 1422 1789 1499">
     <span class='ocr_line' id='line_1_14' title="bbox 205 1422 1789 1499; baseline 0 -18"><span class='ocrx_word' id='word_1_93' title='bbox 205 1435 539 1499; x_wconf 66' lang='lat' dir='ltr'><strong>perageretur.</strong></span> <span class='ocrx_word' id='word_1_94' title='bbox 568 1424 594 1463; x_wconf 75' lang='grc' dir='ltr'>δ</span> <span class='ocrx_word' id='word_1_95' title='bbox 623 1422 912 1480; x_wconf 75' lang='lat' dir='ltr'><strong>Videamus</strong></span> <span class='ocrx_word' id='word_1_96' title='bbox 945 1438 1074 1493; x_wconf 87' lang='lat' dir='ltr'><strong>ergo</strong></span> <span class='ocrx_word' id='word_1_97' title='bbox 1114 1433 1420 1480; x_wconf 76' lang='lat' dir='ltr'><strong>utrumnam</strong></span> <span class='ocrx_word' id='word_1_98' title='bbox 1449 1426 1563 1482; x_wconf 70' lang='lat' dir='ltr'><strong>hzec</strong></span> <span class='ocrx_word' id='word_1_99' title='bbox 1589 1441 1789 1481; x_wconf 88' lang='lat' dir='ltr'><strong>concu-</strong></span> 
     </span>
    </p>
   </div>
   <div class='ocr_carea' id='block_1_15' title="bbox 203 1516 1787 1591">
    <p class='ocr_par' dir='ltr' id='par_1_15' title="bbox 203 1516 1787 1591">
     <span class='ocr_line' id='line_1_15' title="bbox 203 1516 1787 1591; baseline -0.002 -16"><span class='ocrx_word' id='word_1_100' title='bbox 203 1518 496 1591; x_wconf 79' lang='lat' dir='ltr'><strong>piscentia,</strong></span> <span class='ocrx_word' id='word_1_101' title='bbox 527 1518 666 1575; x_wconf 83' lang='lat' dir='ltr'><strong>sicut</strong></span> <span class='ocrx_word' id='word_1_102' title='bbox 694 1517 871 1572; x_wconf 87' lang='lat' dir='ltr'><strong>dicitis</strong></span> <span class='ocrx_word' id='word_1_103' title='bbox 892 1558 907 1584; x_wconf 91' lang='lat'><strong>,</strong></span> <span class='ocrx_word' id='word_1_104' title='bbox 939 1517 1025 1572; x_wconf 80' lang='lat' dir='ltr'><strong>lex</strong></span> <span class='ocrx_word' id='word_1_105' title='bbox 1054 1519 1260 1588; x_wconf 84' lang='lat' dir='ltr'><strong>peccati</strong></span> <span class='ocrx_word' id='word_1_106' title='bbox 1280 1516 1365 1575; x_wconf 86' lang='lat' dir='ltr'><strong>sit.</strong></span> <span class='ocrx_word' id='word_1_107' title='bbox 1405 1517 1515 1573; x_wconf 84' lang='lat' dir='ltr'><strong>Nos</strong></span> <span class='ocrx_word' id='word_1_108' title='bbox 1543 1518 1787 1588; x_wconf 78' lang='lat' dir='ltr'><strong>concupi—</strong></span> 
     </span>
    </p>
   </div>
   <div class='ocr_carea' id='block_1_16' title="bbox 201 1606 1789 1674">
    <p class='ocr_par' dir='ltr' id='par_1_16' title="bbox 201 1606 1789 1674">
     <span class='ocr_line' id='line_1_16' title="bbox 201 1606 1789 1674; baseline -0.003 -7"><span class='ocrx_word' id='word_1_109' title='bbox 201 1608 468 1667; x_wconf 76' lang='lat' dir='ltr'><strong>scentiam</strong></span> <span class='ocrx_word' id='word_1_110' title='bbox 513 1606 741 1663; x_wconf 84' lang='lat' dir='ltr'><strong>dicimus</strong></span> <span class='ocrx_word' id='word_1_111' title='bbox 785 1622 904 1662; x_wconf 87' lang='lat' dir='ltr'><strong>esse</strong></span> <span class='ocrx_word' id='word_1_112' title='bbox 931 1622 1044 1661; x_wconf 87' lang='lat' dir='ltr'><strong>rem</strong></span> <span class='ocrx_word' id='word_1_113' title='bbox 1083 1607 1343 1663; x_wconf 85' lang='lat' dir='ltr'><strong>naturalis</strong></span> <span class='ocrx_word' id='word_1_114' title='bbox 1368 1607 1702 1674; x_wconf 85' lang='lat' dir='ltr'><strong>certaminis,</strong></span> <span class='ocrx_word' id='word_1_115' title='bbox 1733 1614 1789 1663; x_wconf 91' lang='lat' dir='ltr'><strong>et</strong></span> 
     </span>
    </p>
   </div>
   <div class='ocr_carea' id='block_1_17' title="bbox 200 1697 1786 1769">
    <p class='ocr_par' dir='ltr' id='par_1_17' title="bbox 200 1697 1786 1769">
     <span class='ocr_line' id='line_1_17' title="bbox 200 1697 1786 1769; baseline -0.001 -13"><span class='ocrx_word' id='word_1_116' title='bbox 200 1700 353 1756; x_wconf 82' lang='lat' dir='ltr'><strong>hanc</strong></span> <span class='ocrx_word' id='word_1_117' title='bbox 397 1697 627 1754; x_wconf 88' lang='lat' dir='ltr'><strong>dicimus</strong></span> <span class='ocrx_word' id='word_1_118' title='bbox 673 1697 741 1752; x_wconf 89' lang='lat' dir='ltr'><strong>ad</strong></span> <span class='ocrx_word' id='word_1_119' title='bbox 789 1698 1231 1769; x_wconf 87' lang='lat' dir='ltr'><strong>propagationem</strong></span> <span class='ocrx_word' id='word_1_120' title='bbox 1279 1698 1555 1753; x_wconf 84' lang='lat' dir='ltr'><strong>hominum</strong></span> <span class='ocrx_word' id='word_1_121' title='bbox 1603 1713 1635 1753; x_wconf 88' lang='lat' dir='ltr'><strong>a</strong></span> <span class='ocrx_word' id='word_1_122' title='bbox 1674 1697 1786 1754; x_wconf 90' lang='lat' dir='ltr'><strong>Deo</strong></span> 
     </span>
    </p>
   </div>
   <div class='ocr_carea' id='block_1_18' title="bbox 196 1788 1784 1851">
    <p class='ocr_par' dir='ltr' id='par_1_18' title="bbox 196 1788 1784 1851">
     <span class='ocr_line' id='line_1_18' title="bbox 196 1788 1784 1851; baseline -0.001 -4"><span class='ocrx_word' id='word_1_123' title='bbox 196 1797 457 1848; x_wconf 88' lang='lat' dir='ltr'><strong>creatore</strong></span> <span class='ocrx_word' id='word_1_124' title='bbox 501 1789 835 1844; x_wconf 88' lang='lat' dir='ltr'><strong>visceraliter</strong></span> <span class='ocrx_word' id='word_1_125' title='bbox 877 1804 997 1844; x_wconf 88' lang='lat' dir='ltr'><strong>esse</strong></span> <span class='ocrx_word' id='word_1_126' title='bbox 1054 1788 1339 1851; x_wconf 69' lang='lat' dir='ltr'><strong>ﬁrmatam.</strong></span> <span class='ocrx_word' id='word_1_127' title='bbox 1407 1790 1595 1846; x_wconf 86' lang='lat' dir='ltr'><strong>Adhuc</strong></span> <span class='ocrx_word' id='word_1_128' title='bbox 1639 1791 1784 1846; x_wconf 87' lang='lat' dir='ltr'><strong>enim</strong></span> 
     </span>
    </p>
   </div>
   <div class='ocr_carea' id='block_1_19' title="bbox 1894 618 3477 687">
    <p class='ocr_par' dir='ltr' id='par_1_19' title="bbox 1894 618 3477 687">
     <span class='ocr_line' id='line_1_19' title="bbox 1894 618 3477 687; baseline 0.005 -19"><span class='ocrx_word' id='word_1_129' title='bbox 1894 623 2023 669; x_wconf 88' lang='lat' dir='ltr'><strong>sunt</strong></span> <span class='ocrx_word' id='word_1_130' title='bbox 2050 618 2268 687; x_wconf 67' lang='lat' dir='ltr'><strong>nuptiae,</strong></span> <span class='ocrx_word' id='word_1_131' title='bbox 2318 626 2374 673; x_wconf 90' lang='lat' dir='ltr'><strong>et</strong></span> <span class='ocrx_word' id='word_1_132' title='bbox 2420 634 2489 673; x_wconf 91' lang='lat' dir='ltr'><strong>ex</strong></span> <span class='ocrx_word' id='word_1_133' title='bbox 2532 620 2907 678; x_wconf 82' lang='lat' dir='ltr'><strong>maledictione</strong></span> <span class='ocrx_word' id='word_1_134' title='bbox 2958 621 3206 676; x_wconf 80' lang='lat' dir='ltr'><strong>universa</strong></span> <span class='ocrx_word' id='word_1_135' title='bbox 3260 622 3477 676; x_wconf 83' lang='lat' dir='ltr'><strong>humani</strong></span> 
     </span>
    </p>
   </div>
   <div class='ocr_carea' id='block_1_20' title="bbox 1891 706 3476 773">
    <p class='ocr_par' dir='ltr' id='par_1_20' title="bbox 1891 706 3476 773">
     <span class='ocr_line' id='line_1_20' title="bbox 1891 706 3476 773; baseline 0.004 -14"><span class='ocrx_word' id='word_1_136' title='bbox 1891 706 2105 773; x_wconf 77' lang='lat' dir='ltr'><strong>generis</strong></span> <span class='ocrx_word' id='word_1_137' title='bbox 2129 722 2303 762; x_wconf 85' lang='lat' dir='ltr'><strong>massa</strong></span> <span class='ocrx_word' id='word_1_138' title='bbox 2317 710 2539 764; x_wconf 87' lang='lat' dir='ltr'><strong>veniens</strong></span> <span class='ocrx_word' id='word_1_139' title='bbox 2558 710 2771 766; x_wconf 88' lang='lat' dir='ltr'><strong>diabolo</strong></span> <span class='ocrx_word' id='word_1_140' title='bbox 2787 718 3004 767; x_wconf 83' lang='lat' dir='ltr'><strong>auctore</strong></span> <span class='ocrx_word' id='word_1_141' title='bbox 3022 712 3279 765; x_wconf 86' lang='lat' dir='ltr'><strong>subsistit.</strong></span> <span class='ocrx_word' id='word_1_142' title='bbox 3301 708 3476 766; x_wconf 85' lang='lat' dir='ltr'><strong>Unum</strong></span> 
     </span>
    </p>
   </div>
   <div class='ocr_carea' id='block_1_21' title="bbox 1889 795 3473 871">
    <p class='ocr_par' dir='ltr' id='par_1_21' title="bbox 1889 795 3473 871">
     <span class='ocr_line' id='line_1_21' title="bbox 1889 795 3473 871; baseline 0.004 -23"><span class='ocrx_word' id='word_1_143' title='bbox 1889 795 2043 850; x_wconf 88' lang='lat' dir='ltr'><strong>vobis</strong></span> <span class='ocrx_word' id='word_1_144' title='bbox 2064 797 2244 865; x_wconf 81' lang='lat' dir='ltr'><strong>eligite</strong></span> <span class='ocrx_word' id='word_1_145' title='bbox 2272 814 2303 853; x_wconf 90' lang='lat' dir='ltr'><strong>e</strong></span> <span class='ocrx_word' id='word_1_146' title='bbox 2329 798 2558 854; x_wconf 89' lang='lat' dir='ltr'><strong>duobus.</strong></span> <span class='ocrx_word' id='word_1_147' title='bbox 2582 800 2688 854; x_wconf 88' lang='lat' dir='ltr'><strong>Aut</strong></span> <span class='ocrx_word' id='word_1_148' title='bbox 2714 802 2855 856; x_wconf 90' lang='lat' dir='ltr'><strong>bona</strong></span> <span class='ocrx_word' id='word_1_149' title='bbox 2884 810 2965 856; x_wconf 88' lang='lat' dir='ltr'><strong>est</strong></span> <span class='ocrx_word' id='word_1_150' title='bbox 2994 802 3268 871; x_wconf 76' lang='lat' dir='ltr'><strong>generatio</strong></span> <span class='ocrx_word' id='word_1_151' title='bbox 3299 801 3473 856; x_wconf 88' lang='lat' dir='ltr'><strong>homi-</strong></span> 
     </span>
    </p>
   </div>
   <div class='ocr_carea' id='block_1_22' title="bbox 1890 887 3473 960">
    <p class='ocr_par' dir='ltr' id='par_1_22' title="bbox 1890 887 3473 960">
     <span class='ocr_line' id='line_1_22' title="bbox 1890 887 3473 960; baseline 0.003 -20"><span class='ocrx_word' id='word_1_152' title='bbox 1890 887 2005 951; x_wconf 87' lang='lat' dir='ltr'><strong>nis,</strong></span> <span class='ocrx_word' id='word_1_153' title='bbox 2038 894 2091 942; x_wconf 92' lang='lat' dir='ltr'><strong>et</strong></span> <span class='ocrx_word' id='word_1_154' title='bbox 2117 888 2257 942; x_wconf 89' lang='lat' dir='ltr'><strong>bona</strong></span> <span class='ocrx_word' id='word_1_155' title='bbox 2287 896 2369 944; x_wconf 90' lang='lat' dir='ltr'><strong>est</strong></span> <span class='ocrx_word' id='word_1_156' title='bbox 2396 891 2824 960; x_wconf 82' lang='lat' dir='ltr'><strong>concupiscentia</strong></span> <span class='ocrx_word' id='word_1_157' title='bbox 2845 909 2866 957; x_wconf 66' lang='grc' dir='ltr'><strong>ς,</strong></span> <span class='ocrx_word' id='word_1_158' title='bbox 2885 900 2980 946; x_wconf 87' lang='lat' dir='ltr'><strong>aut</strong></span> <span class='ocrx_word' id='word_1_159' title='bbox 3018 893 3172 946; x_wconf 64' lang='lat' dir='ltr'><strong>malae</strong></span> <span class='ocrx_word' id='word_1_160' title='bbox 3206 900 3333 946; x_wconf 88' lang='lat' dir='ltr'><strong>sunt</strong></span> <span class='ocrx_word' id='word_1_161' title='bbox 3372 909 3473 945; x_wconf 80' lang='lat' dir='ltr'><strong>nu-</strong></span> 
     </span>
    </p>
   </div>
   <div class='ocr_carea' id='block_1_23' title="bbox 1887 975 3468 1050">
    <p class='ocr_par' dir='ltr' id='par_1_23' title="bbox 1887 975 3468 1050">
     <span class='ocr_line' id='line_1_23' title="bbox 1887 975 3468 1050; baseline 0.004 -22"><span class='ocrx_word' id='word_1_162' title='bbox 1887 975 2035 1046; x_wconf 83' lang='lat' dir='ltr'><strong>ptiae,</strong></span> <span class='ocrx_word' id='word_1_163' title='bbox 2053 986 2108 1031; x_wconf 91' lang='lat' dir='ltr'><strong>et</strong></span> <span class='ocrx_word' id='word_1_164' title='bbox 2136 977 2314 1047; x_wconf 86' lang='lat' dir='ltr'><strong>iniqua</strong></span> <span class='ocrx_word' id='word_1_165' title='bbox 2340 980 2788 1050; x_wconf 85' lang='lat' dir='ltr'><strong>concupiscentia.</strong></span> <span class='ocrx_word' id='word_1_166' title='bbox 2810 979 3102 1035; x_wconf 84' lang='lat' dir='ltr'><strong>Emendate</strong></span> <span class='ocrx_word' id='word_1_167' title='bbox 3129 994 3257 1049; x_wconf 88' lang='lat' dir='ltr'><strong>ergo</strong></span> <span class='ocrx_word' id='word_1_168' title='bbox 3282 980 3468 1035; x_wconf 86' lang='lat' dir='ltr'><strong>Eccle-</strong></span> 
     </span>
    </p>
   </div>
   <div class='ocr_carea' id='block_1_24' title="bbox 1889 1062 3471 1144">
    <p class='ocr_par' dir='ltr' id='par_1_24' title="bbox 1889 1062 3471 1144">
     <span class='ocr_line' id='line_1_24' title="bbox 1889 1062 3471 1144; baseline 0.003 -23"><span class='ocrx_word' id='word_1_169' title='bbox 1889 1065 1982 1121; x_wconf 71' lang='lat' dir='ltr'><strong>sia:</strong></span> <span class='ocrx_word' id='word_1_170' title='bbox 2007 1067 2276 1136; x_wconf 84' lang='lat' dir='ltr'><strong>regulam;</strong></span> <span class='ocrx_word' id='word_1_171' title='bbox 2303 1068 2553 1124; x_wconf 83' lang='lat' dir='ltr'><strong>damnate</strong></span> <span class='ocrx_word' id='word_1_172' title='bbox 2580 1071 2720 1144; x_wconf 89' lang='lat' dir='ltr'><strong>quod</strong></span> <span class='ocrx_word' id='word_1_173' title='bbox 2740 1071 2802 1126; x_wconf 86' lang='lat' dir='ltr'><strong>in</strong></span> <span class='ocrx_word' id='word_1_174' title='bbox 2817 1078 2933 1128; x_wconf 81' lang='lat' dir='ltr'><strong>toto</strong></span> <span class='ocrx_word' id='word_1_175' title='bbox 2945 1070 3074 1126; x_wconf 86' lang='lat' dir='ltr'><strong>orbe</strong></span> <span class='ocrx_word' id='word_1_176' title='bbox 3093 1069 3193 1125; x_wconf 90' lang='lat' dir='ltr'><strong>fuit</strong></span> <span class='ocrx_word' id='word_1_177' title='bbox 3220 1062 3471 1126; x_wconf 76' lang='lat' dir='ltr'><strong>sacerdo-</strong></span> 
     </span>
    </p>
   </div>
   <div class='ocr_carea' id='block_1_25' title="bbox 1889 1159 3470 1229">
    <p class='ocr_par' dir='ltr' id='par_1_25' title="bbox 1889 1159 3470 1229">
     <span class='ocr_line' id='line_1_25' title="bbox 1889 1159 3470 1229; baseline 0.003 -18"><span class='ocrx_word' id='word_1_178' title='bbox 1889 1164 1973 1212; x_wconf 86' lang='lat' dir='ltr'><strong>tes</strong></span> <span class='ocrx_word' id='word_1_179' title='bbox 1993 1198 2008 1222; x_wconf 92' lang='lat'><strong>,</strong></span> <span class='ocrx_word' id='word_1_180' title='bbox 2037 1159 2341 1229; x_wconf 90' lang='lat' dir='ltr'><strong>nuptiarum</strong></span> <span class='ocrx_word' id='word_1_181' title='bbox 2389 1160 2539 1215; x_wconf 87' lang='lat' dir='ltr'><strong>initia</strong></span> <span class='ocrx_word' id='word_1_182' title='bbox 2574 1162 2982 1228; x_wconf 89' lang='lat' dir='ltr'><strong>benedicentes,</strong></span> <span class='ocrx_word' id='word_1_183' title='bbox 3010 1170 3390 1218; x_wconf 86' lang='lat' dir='ltr'><strong>consecrantes</strong></span> <span class='ocrx_word' id='word_1_184' title='bbox 3415 1170 3470 1215; x_wconf 89' lang='lat' dir='ltr'><strong>et</strong></span> 
     </span>
    </p>
   </div>
   <div class='ocr_carea' id='block_1_26' title="bbox 1888 1245 3472 1321">
    <p class='ocr_par' dir='ltr' id='par_1_26' title="bbox 1888 1245 3472 1321">
     <span class='ocr_line' id='line_1_26' title="bbox 1888 1245 3472 1321; baseline 0.004 -20"><span class='ocrx_word' id='word_1_185' title='bbox 1888 1247 1942 1301; x_wconf 89' lang='lat' dir='ltr'><strong>in</strong></span> <span class='ocrx_word' id='word_1_186' title='bbox 1971 1245 2066 1302; x_wconf 90' lang='lat' dir='ltr'><strong>Dei</strong></span> <span class='ocrx_word' id='word_1_187' title='bbox 2090 1251 2358 1320; x_wconf 82' lang='lat' dir='ltr'><strong>mysteriis</strong></span> <span class='ocrx_word' id='word_1_188' title='bbox 2395 1252 2683 1307; x_wconf 88' lang='lat' dir='ltr'><strong>sociantes.</strong></span> <span class='ocrx_word' id='word_1_189' title='bbox 2709 1252 2875 1307; x_wconf 78' lang='lat' dir='ltr'><strong>Miror</strong></span> <span class='ocrx_word' id='word_1_190' title='bbox 2904 1267 3007 1321; x_wconf 87' lang='lat' dir='ltr'><strong>qua</strong></span> <span class='ocrx_word' id='word_1_191' title='bbox 3048 1252 3223 1308; x_wconf 85' lang='lat' dir='ltr'><strong>fronte</strong></span> <span class='ocrx_word' id='word_1_192' title='bbox 3260 1253 3472 1307; x_wconf 86' lang='lat' dir='ltr'><strong>intratis</strong></span> 
     </span>
    </p>
   </div>
   <div class='ocr_carea' id='block_1_27' title="bbox 1890 1339 3471 1413">
    <p class='ocr_par' dir='ltr' id='par_1_27' title="bbox 1890 1339 3471 1413">
     <span class='ocr_line' id='line_1_27' title="bbox 1890 1339 3471 1413; baseline 0.003 -20"><span class='ocrx_word' id='word_1_193' title='bbox 1890 1339 2188 1406; x_wconf 87' lang='lat' dir='ltr'><strong>ecclesiam,</strong></span> <span class='ocrx_word' id='word_1_194' title='bbox 2218 1342 2308 1397; x_wconf 91' lang='lat' dir='ltr'><strong>ubi</strong></span> <span class='ocrx_word' id='word_1_195' title='bbox 2337 1343 2595 1412; x_wconf 87' lang='lat' dir='ltr'><strong>quidquid</strong></span> <span class='ocrx_word' id='word_1_196' title='bbox 2622 1345 2798 1413; x_wconf 88' lang='lat' dir='ltr'><strong>agitur</strong></span> <span class='ocrx_word' id='word_1_197' title='bbox 2840 1352 3027 1400; x_wconf 88' lang='lat' dir='ltr'><strong>contra</strong></span> <span class='ocrx_word' id='word_1_198' title='bbox 3052 1353 3257 1401; x_wconf 86' lang='lat' dir='ltr'><strong>vestras</strong></span> <span class='ocrx_word' id='word_1_199' title='bbox 3295 1353 3471 1399; x_wconf 85' lang='lat' dir='ltr'><strong>sectas</strong></span> 
     </span>
    </p>
   </div>
   <div class='ocr_carea' id='block_1_28' title="bbox 1889 1430 3472 1506">
    <p class='ocr_par' dir='ltr' id='par_1_28' title="bbox 1889 1430 3472 1506">
     <span class='ocr_line' id='line_1_28' title="bbox 1889 1430 3472 1506; baseline 0.004 -23"><span class='ocrx_word' id='word_1_200' title='bbox 1889 1430 2077 1485; x_wconf 89' lang='lat' dir='ltr'><strong>venire</strong></span> <span class='ocrx_word' id='word_1_201' title='bbox 2114 1433 2455 1498; x_wconf 81' lang='lat' dir='ltr'><strong>cognoscitis.</strong></span> <span class='ocrx_word' id='word_1_202' title='bbox 2485 1434 2702 1502; x_wconf 76' lang='lat' dir='ltr'><strong>Negatis</strong></span> <span class='ocrx_word' id='word_1_203' title='bbox 2729 1435 2912 1506; x_wconf 87' lang='lat' dir='ltr'><strong>itaque</strong></span> <span class='ocrx_word' id='word_1_204' title='bbox 2944 1435 3112 1490; x_wconf 90' lang='lat' dir='ltr'><strong>Deum</strong></span> <span class='ocrx_word' id='word_1_205' title='bbox 3140 1435 3296 1501; x_wconf 89' lang='lat' dir='ltr'><strong>hanc,</strong></span> <span class='ocrx_word' id='word_1_206' title='bbox 3327 1434 3472 1491; x_wconf 85' lang='lat' dir='ltr'><strong>unde</strong></span> 
     </span>
    </p>
   </div>
   <div class='ocr_carea' id='block_1_29' title="bbox 1889 1517 3470 1595">
    <p class='ocr_par' dir='ltr' id='par_1_29' title="bbox 1889 1517 3470 1595">
     <span class='ocr_line' id='line_1_29' title="bbox 1889 1517 3470 1595; baseline 0.002 -20"><span class='ocrx_word' id='word_1_207' title='bbox 1889 1522 2177 1586; x_wconf 88' lang='lat' dir='ltr'><strong>nascimur,</strong></span> <span class='ocrx_word' id='word_1_208' title='bbox 2207 1517 2415 1579; x_wconf 89' lang='lat' dir='ltr'><strong>dedisse</strong></span> <span class='ocrx_word' id='word_1_209' title='bbox 2435 1527 2943 1595; x_wconf 86' lang='lat' dir='ltr'><strong>concupiscentiam.</strong></span> <span class='ocrx_word' id='word_1_210' title='bbox 2976 1525 3115 1595; x_wconf 87' lang='lat' dir='ltr'><strong>Ergo</strong></span> <span class='ocrx_word' id='word_1_211' title='bbox 3143 1542 3251 1582; x_wconf 92' lang='lat' dir='ltr'><strong>non</strong></span> <span class='ocrx_word' id='word_1_212' title='bbox 3285 1540 3470 1581; x_wconf 89' lang='lat' dir='ltr'><strong>sumus</strong></span> 
     </span>
    </p>
   </div>
   <div class='ocr_carea' id='block_1_30' title="bbox 1887 1613 3467 1686">
    <p class='ocr_par' dir='ltr' id='par_1_30' title="bbox 1887 1613 3467 1686">
     <span class='ocr_line' id='line_1_30' title="bbox 1887 1613 3467 1686; baseline 0.003 -21"><span class='ocrx_word' id='word_1_213' title='bbox 1887 1620 2133 1667; x_wconf 84' lang='lat' dir='ltr'><strong>creatura</strong></span> <span class='ocrx_word' id='word_1_214' title='bbox 2161 1613 2302 1683; x_wconf 87' lang='lat' dir='ltr'><strong>ejus,</strong></span> <span class='ocrx_word' id='word_1_215' title='bbox 2320 1615 2364 1669; x_wconf 91' lang='lat' dir='ltr'><strong>si</strong></span> <span class='ocrx_word' id='word_1_216' title='bbox 2389 1631 2496 1671; x_wconf 91' lang='lat' dir='ltr'><strong>non</strong></span> <span class='ocrx_word' id='word_1_217' title='bbox 2519 1626 2601 1671; x_wconf 90' lang='lat' dir='ltr'><strong>est</strong></span> <span class='ocrx_word' id='word_1_218' title='bbox 2628 1617 2744 1685; x_wconf 88' lang='lat' dir='ltr'><strong>ejus</strong></span> <span class='ocrx_word' id='word_1_219' title='bbox 2765 1625 3009 1671; x_wconf 88' lang='lat' dir='ltr'><strong>creatura</strong></span> <span class='ocrx_word' id='word_1_220' title='bbox 3038 1616 3467 1686; x_wconf 85' lang='lat' dir='ltr'><strong>concupiscentia</strong></span> 
     </span>
    </p>
   </div>
   <div class='ocr_carea' id='block_1_31' title="bbox 1887 1699 3467 1774">
    <p class='ocr_par' dir='ltr' id='par_1_31' title="bbox 1887 1699 3467 1774">
     <span class='ocr_line' id='line_1_31' title="bbox 1887 1699 3467 1774; baseline 0.003 -20"><span class='ocrx_word' id='word_1_221' title='bbox 1887 1699 2204 1769; x_wconf 85' lang='lat' dir='ltr'><strong>conjugalis.</strong></span> <span class='ocrx_word' id='word_1_222' title='bbox 2237 1701 2434 1758; x_wconf 90' lang='lat' dir='ltr'><strong>Tollite</strong></span> <span class='ocrx_word' id='word_1_223' title='bbox 2461 1705 2603 1759; x_wconf 89' lang='lat' dir='ltr'><strong>enim</strong></span> <span class='ocrx_word' id='word_1_224' title='bbox 2624 1705 2785 1772; x_wconf 89' lang='lat' dir='ltr'><strong>hanc,</strong></span> <span class='ocrx_word' id='word_1_225' title='bbox 2810 1720 2971 1774; x_wconf 88' lang='lat' dir='ltr'><strong>quam</strong></span> <span class='ocrx_word' id='word_1_226' title='bbox 2994 1720 3089 1760; x_wconf 77' lang='lat' dir='ltr'><strong>vos</strong></span> <span class='ocrx_word' id='word_1_227' title='bbox 3101 1704 3277 1762; x_wconf 89' lang='lat' dir='ltr'><strong>dicitis</strong></span> <span class='ocrx_word' id='word_1_228' title='bbox 3295 1705 3467 1773; x_wconf 89' lang='lat' dir='ltr'><strong>legem</strong></span> 
     </span>
    </p>
   </div>
   <div class='ocr_carea' id='block_1_32' title="bbox 1888 1792 3464 1873">
    <p class='ocr_par' dir='ltr' id='par_1_32' title="bbox 1888 1792 3464 1873">
     <span class='ocr_line' id='line_1_32' title="bbox 1888 1792 3464 1873; baseline 0.002 -29"><span class='ocrx_word' id='word_1_229' title='bbox 1888 1804 2008 1844; x_wconf 90' lang='lat' dir='ltr'><strong>esse</strong></span> <span class='ocrx_word' id='word_1_230' title='bbox 2034 1792 2262 1860; x_wconf 88' lang='lat' dir='ltr'><strong>peccati,</strong></span> <span class='ocrx_word' id='word_1_231' title='bbox 2291 1800 2346 1848; x_wconf 91' lang='lat' dir='ltr'><strong>et</strong></span> <span class='ocrx_word' id='word_1_232' title='bbox 2364 1794 2642 1849; x_wconf 80' lang='lat' dir='ltr'><strong>videamus</strong></span> <span class='ocrx_word' id='word_1_233' title='bbox 2664 1796 2784 1863; x_wconf 83' lang='lat' dir='ltr'><strong>quis</strong></span> <span class='ocrx_word' id='word_1_234' title='bbox 2805 1795 3075 1850; x_wconf 62' lang='lat' dir='ltr'><strong>adhaerere</strong></span> <span class='ocrx_word' id='word_1_235' title='bbox 3094 1795 3263 1873; x_wconf 78' lang='lat' dir='ltr'><strong>possit</strong></span> <span class='ocrx_word' id='word_1_236' title='bbox 3288 1795 3464 1849; x_wconf 86' lang='lat' dir='ltr'><strong>uxori.</strong></span> 
     </span>
    </p>
   </div>
   <div class='ocr_carea' id='block_1_33' title="bbox 197 1876 3465 1956">
    <p class='ocr_par' dir='ltr' id='par_1_33' title="bbox 197 1876 3465 1956">
     <span class='ocr_line' id='line_1_33' title="bbox 197 1876 3465 1956; baseline -0.001 -16"><span class='ocrx_word' id='word_1_237' title='bbox 197 1885 370 1956; x_wconf 85' lang='lat' dir='ltr'><strong>primi</strong></span> <span class='ocrx_word' id='word_1_238' title='bbox 440 1884 686 1941; x_wconf 84' lang='lat' dir='ltr'><strong>homines</strong></span> <span class='ocrx_word' id='word_1_239' title='bbox 736 1883 972 1951; x_wconf 67' lang='lat' dir='ltr'><strong>nondum</strong></span> <span class='ocrx_word' id='word_1_240' title='bbox 1018 1883 1086 1938; x_wconf 90' lang='lat' dir='ltr'><strong>de</strong></span> <span class='ocrx_word' id='word_1_241' title='bbox 1138 1884 1596 1954; x_wconf 66' lang='lat' dir='ltr'><strong>prtevaricationis</strong></span> <span class='ocrx_word' id='word_1_242' title='bbox 1644 1885 1788 1954; x_wconf 87' lang='lat' dir='ltr'><strong>ligno</strong></span> <span class='ocrx_word' id='word_1_243' title='bbox 1819 1876 1864 1936; x_wconf 85' lang='grc' dir='ltr'><strong>Β</strong></span> <span class='ocrx_word' id='word_1_244' title='bbox 1890 1878 1996 1935; x_wconf 89' lang='lat' dir='ltr'><strong>Sed</strong></span> <span class='ocrx_word' id='word_1_245' title='bbox 2016 1883 2111 1950; x_wconf 89' lang='lat' dir='ltr'><strong>qui</strong></span> <span class='ocrx_word' id='word_1_246' title='bbox 2137 1882 2360 1938; x_wconf 89' lang='lat' dir='ltr'><strong>dederat</strong></span> <span class='ocrx_word' id='word_1_247' title='bbox 2388 1884 2643 1940; x_wconf 88' lang='lat' dir='ltr'><strong>virtutem</strong></span> <span class='ocrx_word' id='word_1_248' title='bbox 2689 1886 2912 1940; x_wconf 88' lang='lat' dir='ltr'><strong>seminis</strong></span> <span class='ocrx_word' id='word_1_249' title='bbox 2937 1885 2992 1939; x_wconf 90' lang='lat' dir='ltr'><strong>in</strong></span> <span class='ocrx_word' id='word_1_250' title='bbox 3014 1885 3465 1947; x_wconf 87' lang='lat' dir='ltr'><strong>benedictionem,</strong></span> 
     </span>
    </p>
   </div>
   <div class='ocr_carea' id='block_1_34' title="bbox 196 1974 1781 2047">
    <p class='ocr_par' dir='ltr' id='par_1_34' title="bbox 196 1974 1781 2047">
     <span class='ocr_line' id='line_1_34' title="bbox 196 1974 1781 2047; baseline -0.001 -16"><span class='ocrx_word' id='word_1_251' title='bbox 196 1983 588 2047; x_wconf 76' lang='lat' dir='ltr'><strong>gustaverant,</strong></span> <span class='ocrx_word' id='word_1_252' title='bbox 638 1974 854 2045; x_wconf 86' lang='lat' dir='ltr'><strong>quando</strong></span> <span class='ocrx_word' id='word_1_253' title='bbox 900 1989 995 2030; x_wconf 91' lang='lat' dir='ltr'><strong>eos</strong></span> <span class='ocrx_word' id='word_1_254' title='bbox 1040 1976 1316 2032; x_wconf 79' lang='lat' dir='ltr'><strong>benedixit</strong></span> <span class='ocrx_word' id='word_1_255' title='bbox 1364 1975 1507 2031; x_wconf 89' lang='lat' dir='ltr'><strong>Deus</strong></span> <span class='ocrx_word' id='word_1_256' title='bbox 1557 1976 1781 2031; x_wconf 88' lang='lat' dir='ltr'><strong>dicens:</strong></span> 
     </span>
    </p>
   </div>
   <div class='ocr_carea' id='block_1_35' title="bbox 196 2065 1784 2139">
    <p class='ocr_par' dir='ltr' id='par_1_35' title="bbox 196 2065 1784 2139">
     <span class='ocr_line' id='line_1_35' title="bbox 196 2065 1784 2139; baseline -0.003 -14"><span class='ocrx_word' id='word_1_257' title='bbox 196 2069 435 2125; x_wconf 77' lang='lat' dir='ltr'><strong>Crescite</strong></span> <span class='ocrx_word' id='word_1_258' title='bbox 456 2076 508 2124; x_wconf 85' lang='lat' dir='ltr'><strong>et</strong></span> <span class='ocrx_word' id='word_1_259' title='bbox 533 2065 956 2139; x_wconf 68' lang='lat' dir='ltr'><strong>multiplicamini</strong></span> <span class='ocrx_word' id='word_1_260' title='bbox 972 2107 986 2129; x_wconf 92' lang='lat'><strong>,</strong></span> <span class='ocrx_word' id='word_1_261' title='bbox 1036 2075 1086 2120; x_wconf 85' lang='lat' dir='ltr'><strong>et</strong></span> <span class='ocrx_word' id='word_1_262' title='bbox 1126 2067 1317 2138; x_wconf 82' lang='lat' dir='ltr'><strong>replete</strong></span> <span class='ocrx_word' id='word_1_263' title='bbox 1342 2075 1534 2121; x_wconf 86' lang='lat' dir='ltr'><strong>terram</strong></span> <span class='ocrx_word' id='word_1_264' title='bbox 1560 2066 1713 2139; x_wconf 81' lang='lat' dir='ltr'><strong>(Gen.</strong></span> <span class='ocrx_word' id='word_1_265' title='bbox 1743 2083 1784 2133; x_wconf 84' lang='grc' dir='ltr'>ι,</span> 
     </span>
    </p>
   </div>
   <div class='ocr_carea' id='block_1_36' title="bbox 195 2157 1786 2235">
    <p class='ocr_par' dir='ltr' id='par_1_36' title="bbox 195 2157 1786 2235">
     <span class='ocr_line' id='line_1_36' title="bbox 195 2157 1786 2235; baseline 0.001 -21"><span class='ocrx_word' id='word_1_266' title='bbox 195 2158 317 2232; x_wconf 79' lang='lat'><strong>28).</strong></span> <span class='ocrx_word' id='word_1_267' title='bbox 379 2157 483 2225; x_wconf 85' lang='lat' dir='ltr'><strong>Qui</strong></span> <span class='ocrx_word' id='word_1_268' title='bbox 524 2172 654 2235; x_wconf 82' lang='lat' dir='ltr'><strong>ergo</strong></span> <span class='ocrx_word' id='word_1_269' title='bbox 712 2164 838 2213; x_wconf 83' lang='lat' dir='ltr'><strong>ante</strong></span> <span class='ocrx_word' id='word_1_270' title='bbox 884 2165 1165 2229; x_wconf 86' lang='lat' dir='ltr'><strong>peccatum</strong></span> <span class='ocrx_word' id='word_1_271' title='bbox 1203 2158 1570 2215; x_wconf 89' lang='lat' dir='ltr'><strong>benedicendo</strong></span> <span class='ocrx_word' id='word_1_272' title='bbox 1616 2174 1786 2229; x_wconf 87' lang='lat' dir='ltr'><strong>genus</strong></span> 
     </span>
    </p>
   </div>
   <div class='ocr_carea' id='block_1_37' title="bbox 195 2250 1787 2322">
    <p class='ocr_par' dir='ltr' id='par_1_37' title="bbox 195 2250 1787 2322">
     <span class='ocr_line' id='line_1_37' title="bbox 195 2250 1787 2322; baseline 0 -14"><span class='ocrx_word' id='word_1_273' title='bbox 195 2250 486 2309; x_wconf 85' lang='lat' dir='ltr'><strong>hominum</strong></span> <span class='ocrx_word' id='word_1_274' title='bbox 532 2250 877 2322; x_wconf 88' lang='lat' dir='ltr'><strong>multiplicari</strong></span> <span class='ocrx_word' id='word_1_275' title='bbox 917 2250 1115 2320; x_wconf 82' lang='lat' dir='ltr'><strong>jussit,</strong></span> <span class='ocrx_word' id='word_1_276' title='bbox 1168 2251 1282 2321; x_wconf 88' lang='lat' dir='ltr'><strong>ipse</strong></span> <span class='ocrx_word' id='word_1_277' title='bbox 1331 2251 1447 2306; x_wconf 88' lang='lat' dir='ltr'><strong>sine</strong></span> <span class='ocrx_word' id='word_1_278' title='bbox 1471 2251 1636 2307; x_wconf 89' lang='lat' dir='ltr'><strong>dubio</strong></span> <span class='ocrx_word' id='word_1_279' title='bbox 1662 2252 1787 2308; x_wconf 84' lang='lat' dir='ltr'><strong>huic</strong></span> 
     </span>
    </p>
   </div>
   <div class='ocr_carea' id='block_1_38' title="bbox 195 2341 1787 2414">
    <p class='ocr_par' dir='ltr' id='par_1_38' title="bbox 195 2341 1787 2414">
     <span class='ocr_line' id='line_1_38' title="bbox 195 2341 1787 2414; baseline 0.001 -17"><span class='ocrx_word' id='word_1_280' title='bbox 195 2351 414 2403; x_wconf 60' lang='lat' dir='ltr'><strong>natura!</strong></span> <span class='ocrx_word' id='word_1_281' title='bbox 449 2358 547 2413; x_wconf 88' lang='lat' dir='ltr'><strong>per</strong></span> <span class='ocrx_word' id='word_1_282' title='bbox 585 2341 730 2412; x_wconf 91' lang='lat' dir='ltr'><strong>quod</strong></span> <span class='ocrx_word' id='word_1_283' title='bbox 767 2343 1054 2412; x_wconf 83' lang='lat' dir='ltr'><strong>propagari</strong></span> <span class='ocrx_word' id='word_1_284' title='bbox 1096 2346 1283 2413; x_wconf 86' lang='lat' dir='ltr'><strong>posset</strong></span> <span class='ocrx_word' id='word_1_285' title='bbox 1312 2343 1556 2398; x_wconf 79' lang='lat' dir='ltr'><strong>inseruit.</strong></span> <span class='ocrx_word' id='word_1_286' title='bbox 1595 2344 1787 2414; x_wconf 89' lang='lat' dir='ltr'><strong>Dlspar</strong></span> 
     </span>
    </p>
   </div>
   <div class='ocr_carea' id='block_1_39' title="bbox 194 2432 1783 2504">
    <p class='ocr_par' dir='ltr' id='par_1_39' title="bbox 194 2432 1783 2504">
     <span class='ocr_line' id='line_1_39' title="bbox 194 2432 1783 2504; baseline 0.002 -16"><span class='ocrx_word' id='word_1_287' title='bbox 194 2434 410 2499; x_wconf 82' lang='lat' dir='ltr'><strong>etenim</strong></span> <span class='ocrx_word' id='word_1_288' title='bbox 457 2447 617 2489; x_wconf 87' lang='lat' dir='ltr'><strong>sexus</strong></span> <span class='ocrx_word' id='word_1_289' title='bbox 654 2432 1004 2504; x_wconf 88' lang='lat' dir='ltr'><strong>multiplicari</strong></span> <span class='ocrx_word' id='word_1_290' title='bbox 1047 2434 1267 2489; x_wconf 89' lang='lat' dir='ltr'><strong>minime</strong></span> <span class='ocrx_word' id='word_1_291' title='bbox 1312 2435 1592 2504; x_wconf 87' lang='lat' dir='ltr'><strong>potuisset,</strong></span> <span class='ocrx_word' id='word_1_292' title='bbox 1624 2436 1668 2488; x_wconf 87' lang='lat' dir='ltr'><strong>si</strong></span> <span class='ocrx_word' id='word_1_293' title='bbox 1698 2436 1783 2492; x_wconf 89' lang='lat' dir='ltr'><strong>in—</strong></span> 
     </span>
    </p>
   </div>
   <div class='ocr_carea' id='block_1_40' title="bbox 193 2526 1785 2603">
    <p class='ocr_par' dir='ltr' id='par_1_40' title="bbox 193 2526 1785 2603">
     <span class='ocr_line' id='line_1_40' title="bbox 193 2526 1785 2603; baseline -0.003 -16"><span class='ocrx_word' id='word_1_294' title='bbox 193 2535 484 2587; x_wconf 84' lang='lat' dir='ltr'><strong>crementa</strong></span> <span class='ocrx_word' id='word_1_295' title='bbox 547 2526 807 2581; x_wconf 86' lang='lat' dir='ltr'><strong>naturalis</strong></span> <span class='ocrx_word' id='word_1_296' title='bbox 870 2526 1323 2597; x_wconf 71' lang='lat' dir='ltr'><strong>conicupiscentize</strong></span> <span class='ocrx_word' id='word_1_297' title='bbox 1383 2543 1491 2603; x_wconf 89' lang='lat' dir='ltr'><strong>non</strong></span> <span class='ocrx_word' id='word_1_298' title='bbox 1538 2528 1785 2584; x_wconf 84' lang='lat' dir='ltr'><strong>haberet.</strong></span> 
     </span>
    </p>
   </div>
   <div class='ocr_carea' id='block_1_41' title="bbox 191 2614 1781 2685">
    <p class='ocr_par' dir='ltr' id='par_1_41' title="bbox 191 2614 1781 2685">
     <span class='ocr_line' id='line_1_41' title="bbox 191 2614 1781 2685; baseline 0 -11"><span class='ocrx_word' id='word_1_299' title='bbox 191 2616 329 2679; x_wconf 77' lang='lat' dir='ltr'><strong>Non</strong></span> <span class='ocrx_word' id='word_1_300' title='bbox 357 2614 454 2673; x_wconf 73' lang='lat' dir='ltr'><strong>est&#39;</strong></span> <span class='ocrx_word' id='word_1_301' title='bbox 473 2617 689 2683; x_wconf 73' lang='lat' dir='ltr'><strong>bonum,</strong></span> <span class='ocrx_word' id='word_1_302' title='bbox 718 2617 794 2673; x_wconf 88' lang='lat' dir='ltr'><strong>ait</strong></span> <span class='ocrx_word' id='word_1_303' title='bbox 821 2617 1097 2683; x_wconf 87' lang='lat' dir='ltr'><strong>Dominus,</strong></span> <span class='ocrx_word' id='word_1_304' title='bbox 1146 2634 1259 2672; x_wconf 81' lang='lat' dir='ltr'><strong>esse</strong></span> <span class='ocrx_word' id='word_1_305' title='bbox 1286 2618 1548 2674; x_wconf 85' lang='lat' dir='ltr'><strong>hominem</strong></span> <span class='ocrx_word' id='word_1_306' title='bbox 1581 2620 1781 2685; x_wconf 86' lang='lat' dir='ltr'><strong>solum;</strong></span> 
     </span>
    </p>
   </div>
   <div class='ocr_carea' id='block_1_42' title="bbox 190 2704 1781 2783">
    <p class='ocr_par' dir='ltr' id='par_1_42' title="bbox 190 2704 1781 2783">
     <span class='ocr_line' id='line_1_42' title="bbox 190 2704 1781 2783; baseline 0.001 -19"><span class='ocrx_word' id='word_1_307' title='bbox 190 2709 465 2783; x_wconf 73' lang='lat' dir='ltr'><strong>faciamus</strong></span> <span class='ocrx_word' id='word_1_308' title='bbox 492 2709 539 2762; x_wconf 85' lang='lat' dir='ltr'><strong>ci</strong></span> <span class='ocrx_word' id='word_1_309' title='bbox 558 2708 879 2781; x_wconf 64' lang='lat' dir='ltr'><strong>adjutorium</strong></span> <span class='ocrx_word' id='word_1_310' title='bbox 909 2704 1063 2778; x_wconf 81' lang='lat' dir='ltr'><strong>(Gen.</strong></span> <span class='ocrx_word' id='word_1_311' title='bbox 1097 2724 1154 2775; x_wconf 83' lang='lat' dir='ltr'><strong>tt,</strong></span> <span class='ocrx_word' id='word_1_312' title='bbox 1188 2709 1297 2779; x_wconf 72' lang='lat'><strong>18).</strong></span> <span class='ocrx_word' id='word_1_313' title='bbox 1322 2708 1437 2765; x_wconf 85' lang='lat' dir='ltr'><strong>Iloc</strong></span> <span class='ocrx_word' id='word_1_314' title='bbox 1456 2709 1781 2780; x_wconf 88' lang='lat' dir='ltr'><strong>adjutorium</strong></span> 
     </span>
    </p>
   </div>
   <div class='ocr_carea' id='block_1_43' title="bbox 189 2796 1780 2871">
    <p class='ocr_par' dir='ltr' id='par_1_43' title="bbox 189 2796 1780 2871">
     <span class='ocr_line' id='line_1_43' title="bbox 189 2796 1780 2871; baseline 0.002 -14"><span class='ocrx_word' id='word_1_315' title='bbox 189 2800 437 2871; x_wconf 80' lang='lat' dir='ltr'><strong>disparis</strong></span> <span class='ocrx_word' id='word_1_316' title='bbox 462 2814 622 2855; x_wconf 83' lang='lat' dir='ltr'><strong>sexus</strong></span> <span class='ocrx_word' id='word_1_317' title='bbox 649 2798 721 2861; x_wconf 87' lang='lat' dir='ltr'><strong>ad</strong></span> <span class='ocrx_word' id='word_1_318' title='bbox 748 2796 1135 2855; x_wconf 87' lang='lat' dir='ltr'><strong>consolandum</strong></span> <span class='ocrx_word' id='word_1_319' title='bbox 1160 2800 1323 2855; x_wconf 83' lang='lat' dir='ltr'><strong>vultis</strong></span> <span class='ocrx_word' id='word_1_320' title='bbox 1370 2816 1489 2856; x_wconf 91' lang='lat' dir='ltr'><strong>esse</strong></span> <span class='ocrx_word' id='word_1_321' title='bbox 1523 2801 1719 2858; x_wconf 85' lang='lat' dir='ltr'><strong>factum</strong></span> <span class='ocrx_word' id='word_1_322' title='bbox 1749 2820 1780 2860; x_wconf 89' lang='lat' dir='ltr'><strong>a</strong></span> 
     </span>
    </p>
   </div>
   <div class='ocr_carea' id='block_1_44' title="bbox 187 2880 1784 2966">
    <p class='ocr_par' dir='ltr' id='par_1_44' title="bbox 187 2880 1784 2966">
     <span class='ocr_line' id='line_1_44' title="bbox 187 2880 1784 2966; baseline 0.002 -18"><span class='ocrx_word' id='word_1_323' title='bbox 187 2891 435 2948; x_wconf 86' lang='lat' dir='ltr'><strong>Domino</strong></span> <span class='ocrx_word' id='word_1_324' title='bbox 456 2930 474 2958; x_wconf 88' lang='lat'><strong>,</strong></span> <span class='ocrx_word' id='word_1_325' title='bbox 519 2906 587 2946; x_wconf 89' lang='lat' dir='ltr'><strong>an</strong></span> <span class='ocrx_word' id='word_1_326' title='bbox 616 2892 684 2947; x_wconf 88' lang='lat' dir='ltr'><strong>ad</strong></span> <span class='ocrx_word' id='word_1_327' title='bbox 710 2880 1113 2959; x_wconf 65' lang='lat' dir='ltr'><strong>generandum‘l</strong></span> <span class='ocrx_word' id='word_1_328' title='bbox 1149 2892 1207 2951; x_wconf 89' lang='lat' dir='ltr'><strong>Si</strong></span> <span class='ocrx_word' id='word_1_329' title='bbox 1236 2892 1378 2949; x_wconf 89' lang='lat' dir='ltr'><strong>enim</strong></span> <span class='ocrx_word' id='word_1_330' title='bbox 1405 2895 1784 2966; x_wconf 88' lang='lat' dir='ltr'><strong>concupiscen-</strong></span> 
     </span>
    </p>
   </div>
   <div class='ocr_carea' id='block_1_45' title="bbox 187 2983 1776 3054">
    <p class='ocr_par' dir='ltr' id='par_1_45' title="bbox 187 2983 1776 3054">
     <span class='ocr_line' id='line_1_45' title="bbox 187 2983 1776 3054; baseline 0.002 -15"><span class='ocrx_word' id='word_1_331' title='bbox 187 2983 265 3039; x_wconf 85' lang='lat' dir='ltr'><strong>tia</strong></span> <span class='ocrx_word' id='word_1_332' title='bbox 296 2983 451 3045; x_wconf 69' lang='lat' dir='ltr'><strong>male</strong></span> <span class='ocrx_word' id='word_1_333' title='bbox 496 2990 578 3039; x_wconf 87' lang='lat' dir='ltr'><strong>est</strong></span> <span class='ocrx_word' id='word_1_334' title='bbox 625 2997 745 3052; x_wconf 71' lang='lat' dir='ltr'><strong>quae</strong></span> <span class='ocrx_word' id='word_1_335' title='bbox 790 2983 1014 3038; x_wconf 89' lang='lat' dir='ltr'><strong>materia</strong></span> <span class='ocrx_word' id='word_1_336' title='bbox 1060 2986 1426 3053; x_wconf 84' lang='lat' dir='ltr'><strong>generationis</strong></span> <span class='ocrx_word' id='word_1_337' title='bbox 1455 2987 1776 3054; x_wconf 88' lang='lat' dir='ltr'><strong>ostenditur,</strong></span> 
     </span>
    </p>
   </div>
   <div class='ocr_carea' id='block_1_46' title="bbox 183 3073 1781 3155">
    <p class='ocr_par' dir='ltr' id='par_1_46' title="bbox 183 3073 1781 3155">
     <span class='ocr_line' id='line_1_46' title="bbox 183 3073 1781 3155; baseline 0.005 -27"><span class='ocrx_word' id='word_1_338' title='bbox 183 3081 415 3129; x_wconf 85' lang='lat' dir='ltr'><strong>constat</strong></span> <span class='ocrx_word' id='word_1_339' title='bbox 460 3073 755 3155; x_wconf 83' lang='lat' dir='ltr'><strong>secundum</strong></span> <span class='ocrx_word' id='word_1_340' title='bbox 802 3089 902 3130; x_wconf 87' lang='lat' dir='ltr'><strong>vos</strong></span> <span class='ocrx_word' id='word_1_341' title='bbox 944 3090 975 3130; x_wconf 88' lang='lat' dir='ltr'><strong>a</strong></span> <span class='ocrx_word' id='word_1_342' title='bbox 1004 3075 1116 3131; x_wconf 89' lang='lat' dir='ltr'><strong>Deo</strong></span> <span class='ocrx_word' id='word_1_343' title='bbox 1145 3077 1429 3133; x_wconf 88' lang='lat' dir='ltr'><strong>mulierem</strong></span> <span class='ocrx_word' id='word_1_344' title='bbox 1460 3095 1567 3135; x_wconf 92' lang='lat' dir='ltr'><strong>non</strong></span> <span class='ocrx_word' id='word_1_345' title='bbox 1598 3080 1664 3135; x_wconf 90' lang='lat' dir='ltr'><strong>ad</strong></span> <span class='ocrx_word' id='word_1_346' title='bbox 1693 3080 1781 3136; x_wconf 87' lang='lat' dir='ltr'><strong>ad-</strong></span> 
     </span>
    </p>
   </div>
   <div class='ocr_carea' id='block_1_47' title="bbox 182 3164 1779 3240">
    <p class='ocr_par' dir='ltr' id='par_1_47' title="bbox 182 3164 1779 3240">
     <span class='ocr_line' id='line_1_47' title="bbox 182 3164 1779 3240; baseline 0.001 -17"><span class='ocrx_word' id='word_1_347' title='bbox 182 3165 461 3236; x_wconf 82' lang='lat' dir='ltr'><strong>iutorium</strong></span> <span class='ocrx_word' id='word_1_348' title='bbox 486 3165 644 3231; x_wconf 88' lang='lat' dir='ltr'><strong>boni,</strong></span> <span class='ocrx_word' id='word_1_349' title='bbox 693 3166 790 3234; x_wconf 79' lang='lat' dir='ltr'><strong>sed</strong></span> <span class='ocrx_word' id='word_1_350' title='bbox 829 3164 896 3220; x_wconf 87' lang='lat' dir='ltr'><strong>ad</strong></span> <span class='ocrx_word' id='word_1_351' title='bbox 926 3167 1269 3221; x_wconf 88' lang='lat' dir='ltr'><strong>occasionem</strong></span> <span class='ocrx_word' id='word_1_352' title='bbox 1299 3166 1493 3224; x_wconf 87' lang='lat' dir='ltr'><strong>factam</strong></span> <span class='ocrx_word' id='word_1_353' title='bbox 1518 3184 1636 3225; x_wconf 90' lang='lat' dir='ltr'><strong>esse</strong></span> <span class='ocrx_word' id='word_1_354' title='bbox 1660 3185 1779 3240; x_wconf 89' lang='lat' dir='ltr'><strong>pec-</strong></span> 
     </span>
    </p>
   </div>
   <div class='ocr_carea' id='block_1_48' title="bbox 1888 1972 3466 2049">
    <p class='ocr_par' dir='ltr' id='par_1_48' title="bbox 1888 1972 3466 2049">
     <span class='ocr_line' id='line_1_48' title="bbox 1888 1972 3466 2049; baseline 0.002 -22"><span class='ocrx_word' id='word_1_355' title='bbox 1888 1972 2004 2044; x_wconf 90' lang='lat' dir='ltr'><strong>ipse</strong></span> <span class='ocrx_word' id='word_1_356' title='bbox 2033 1974 2103 2029; x_wconf 91' lang='lat' dir='ltr'><strong>ob</strong></span> <span class='ocrx_word' id='word_1_357' title='bbox 2131 1975 2583 2045; x_wconf 81' lang='lat' dir='ltr'><strong>multiplicandam</strong></span> <span class='ocrx_word' id='word_1_358' title='bbox 2611 1978 2852 2033; x_wconf 90' lang='lat' dir='ltr'><strong>sobolem</strong></span> <span class='ocrx_word' id='word_1_359' title='bbox 2898 1978 3345 2049; x_wconf 67' lang='lat' dir='ltr'><strong>concupiscentiae</strong></span> <span class='ocrx_word' id='word_1_360' title='bbox 3388 1976 3466 2031; x_wconf 90' lang='lat' dir='ltr'><strong>in-</strong></span> 
     </span>
    </p>
   </div>
   <div class='ocr_carea' id='block_1_49' title="bbox 1887 2064 3471 2139">
    <p class='ocr_par' dir='ltr' id='par_1_49' title="bbox 1887 2064 3471 2139">
     <span class='ocr_line' id='line_1_49' title="bbox 1887 2064 3471 2139; baseline 0.003 -21"><span class='ocrx_word' id='word_1_361' title='bbox 1887 2064 2057 2119; x_wconf 88' lang='lat' dir='ltr'><strong>seruit</strong></span> <span class='ocrx_word' id='word_1_362' title='bbox 2079 2065 2417 2134; x_wconf 89' lang='lat' dir='ltr'><strong>cbaritatem,</strong></span> <span class='ocrx_word' id='word_1_363' title='bbox 2448 2076 2504 2123; x_wconf 91' lang='lat' dir='ltr'><strong>et</strong></span> <span class='ocrx_word' id='word_1_364' title='bbox 2528 2069 2696 2124; x_wconf 88' lang='lat' dir='ltr'><strong>amari</strong></span> <span class='ocrx_word' id='word_1_365' title='bbox 2723 2069 2892 2124; x_wconf 90' lang='lat' dir='ltr'><strong>voluit</strong></span> <span class='ocrx_word' id='word_1_366' title='bbox 2932 2069 3077 2138; x_wconf 92' lang='lat' dir='ltr'><strong>quod</strong></span> <span class='ocrx_word' id='word_1_367' title='bbox 3114 2068 3471 2139; x_wconf 78' lang='lat' dir='ltr'><strong>multiplicare</strong></span> 
     </span>
    </p>
   </div>
   <div class='ocr_carea' id='block_1_50' title="bbox 1885 2157 3466 2229">
    <p class='ocr_par' dir='ltr' id='par_1_50' title="bbox 1885 2157 3466 2229">
     <span class='ocr_line' id='line_1_50' title="bbox 1885 2157 3466 2229; baseline 0.002 -19"><span class='ocrx_word' id='word_1_368' title='bbox 1885 2157 2184 2211; x_wconf 88' lang='lat' dir='ltr'><strong>constituit.</strong></span> <span class='ocrx_word' id='word_1_369' title='bbox 2217 2157 2612 2215; x_wconf 89' lang='lat' dir='ltr'><strong>Incrementum</strong></span> <span class='ocrx_word' id='word_1_370' title='bbox 2647 2160 2791 2214; x_wconf 92' lang='lat' dir='ltr'><strong>enim</strong></span> <span class='ocrx_word' id='word_1_371' title='bbox 2828 2167 2912 2215; x_wconf 89' lang='lat' dir='ltr'><strong>est</strong></span> <span class='ocrx_word' id='word_1_372' title='bbox 2955 2160 3168 2228; x_wconf 84' lang='lat' dir='ltr'><strong>generis</strong></span> <span class='ocrx_word' id='word_1_373' title='bbox 3206 2159 3466 2229; x_wconf 87' lang='lat' dir='ltr'><strong>concupi-</strong></span> 
     </span>
    </p>
   </div>
   <div class='ocr_carea' id='block_1_51' title="bbox 1884 2249 3468 2320">
    <p class='ocr_par' dir='ltr' id='par_1_51' title="bbox 1884 2249 3468 2320">
     <span class='ocr_line' id='line_1_51' title="bbox 1884 2249 3468 2320; baseline 0.001 -17"><span class='ocrx_word' id='word_1_374' title='bbox 1884 2249 2087 2303; x_wconf 82' lang='lat' dir='ltr'><strong>scentia</strong></span> <span class='ocrx_word' id='word_1_375' title='bbox 2117 2251 2394 2304; x_wconf 89' lang='lat' dir='ltr'><strong>naturalis.</strong></span> <span class='ocrx_word' id='word_1_376' title='bbox 2424 2250 2578 2319; x_wconf 86' lang='lat' dir='ltr'><strong>Quod</strong></span> <span class='ocrx_word' id='word_1_377' title='bbox 2606 2251 2652 2305; x_wconf 91' lang='lat' dir='ltr'><strong>si</strong></span> <span class='ocrx_word' id='word_1_378' title='bbox 2679 2265 2776 2320; x_wconf 90' lang='lat' dir='ltr'><strong>per</strong></span> <span class='ocrx_word' id='word_1_379' title='bbox 2800 2251 2960 2315; x_wconf 88' lang='lat' dir='ltr'><strong>hanc,</strong></span> <span class='ocrx_word' id='word_1_380' title='bbox 2991 2257 3051 2304; x_wconf 92' lang='lat' dir='ltr'><strong>ut</strong></span> <span class='ocrx_word' id='word_1_381' title='bbox 3070 2250 3265 2316; x_wconf 87' lang='lat' dir='ltr'><strong>dicitis,</strong></span> <span class='ocrx_word' id='word_1_382' title='bbox 3294 2250 3468 2304; x_wconf 72' lang='lat' dir='ltr'><strong>omnis</strong></span> 
     </span>
    </p>
   </div>
   <div class='ocr_carea' id='block_1_52' title="bbox 1885 2342 3468 2412">
    <p class='ocr_par' dir='ltr' id='par_1_52' title="bbox 1885 2342 3468 2412">
     <span class='ocr_line' id='line_1_52' title="bbox 1885 2342 3468 2412; baseline 0.001 -18"><span class='ocrx_word' id='word_1_383' title='bbox 1885 2349 2097 2395; x_wconf 88' lang='lat' dir='ltr'><strong>constat</strong></span> <span class='ocrx_word' id='word_1_384' title='bbox 2117 2356 2237 2397; x_wconf 91' lang='lat' dir='ltr'><strong>esse</strong></span> <span class='ocrx_word' id='word_1_385' title='bbox 2258 2357 2416 2398; x_wconf 86' lang='lat' dir='ltr'><strong>causa</strong></span> <span class='ocrx_word' id='word_1_386' title='bbox 2444 2342 2671 2412; x_wconf 83' lang='lat' dir='ltr'><strong>peccati,</strong></span> <span class='ocrx_word' id='word_1_387' title='bbox 2703 2343 2818 2412; x_wconf 90' lang='lat' dir='ltr'><strong>ipse</strong></span> <span class='ocrx_word' id='word_1_388' title='bbox 2837 2342 3037 2397; x_wconf 87' lang='lat' dir='ltr'><strong>crimen</strong></span> <span class='ocrx_word' id='word_1_389' title='bbox 3068 2343 3269 2397; x_wconf 85' lang='lat' dir='ltr'><strong>creavit</strong></span> <span class='ocrx_word' id='word_1_390' title='bbox 3297 2342 3350 2396; x_wconf 93' lang='lat' dir='ltr'><strong>in</strong></span> <span class='ocrx_word' id='word_1_391' title='bbox 3377 2355 3468 2409; x_wconf 40' lang='lat' dir='ltr'><strong>ges</strong></span> 
     </span>
    </p>
   </div>
   <div class='ocr_carea' id='block_1_53' title="bbox 1886 2432 3465 2503">
    <p class='ocr_par' dir='ltr' id='par_1_53' title="bbox 1886 2432 3465 2503">
     <span class='ocr_line' id='line_1_53' title="bbox 1886 2432 3465 2503; baseline 0.001 -19"><span class='ocrx_word' id='word_1_392' title='bbox 1886 2446 2034 2496; x_wconf 88' lang='lat' dir='ltr'><strong>nere,</strong></span> <span class='ocrx_word' id='word_1_393' title='bbox 2053 2432 2145 2501; x_wconf 91' lang='lat' dir='ltr'><strong>qui</strong></span> <span class='ocrx_word' id='word_1_394' title='bbox 2166 2433 2533 2503; x_wconf 87' lang='lat' dir='ltr'><strong>posteritatem</strong></span> <span class='ocrx_word' id='word_1_395' title='bbox 2549 2433 2888 2503; x_wconf 88' lang='lat' dir='ltr'><strong>multiplicari</strong></span> <span class='ocrx_word' id='word_1_396' title='bbox 2903 2432 3068 2488; x_wconf 78' lang='lat' dir='ltr'><strong>voluit</strong></span> <span class='ocrx_word' id='word_1_397' title='bbox 3088 2447 3186 2503; x_wconf 90' lang='lat' dir='ltr'><strong>per</strong></span> <span class='ocrx_word' id='word_1_398' title='bbox 3206 2447 3465 2496; x_wconf 88' lang='lat' dir='ltr'><strong>amorem,</strong></span> 
     </span>
    </p>
   </div>
   <div class='ocr_carea' id='block_1_54' title="bbox 1884 2522 3465 2594">
    <p class='ocr_par' dir='ltr' id='par_1_54' title="bbox 1884 2522 3465 2594">
     <span class='ocr_line' id='line_1_54' title="bbox 1884 2522 3465 2594; baseline 0.001 -20"><span class='ocrx_word' id='word_1_399' title='bbox 1884 2529 1940 2574; x_wconf 83' lang='lat' dir='ltr'><strong>et</strong></span> <span class='ocrx_word' id='word_1_400' title='bbox 1965 2538 2127 2592; x_wconf 88' lang='lat' dir='ltr'><strong>super</strong></span> <span class='ocrx_word' id='word_1_401' title='bbox 2146 2531 2384 2592; x_wconf 63' lang='lat' dir='ltr'><strong>paternae</strong></span> <span class='ocrx_word' id='word_1_402' title='bbox 2403 2522 2747 2593; x_wconf 87' lang='lat' dir='ltr'><strong>pictatisjura</strong></span> <span class='ocrx_word' id='word_1_403' title='bbox 2778 2522 2922 2593; x_wconf 87' lang='lat' dir='ltr'><strong>diligi</strong></span> <span class='ocrx_word' id='word_1_404' title='bbox 2951 2524 3205 2594; x_wconf 63' lang='lat' dir='ltr'><strong>prmcepit</strong></span> <span class='ocrx_word' id='word_1_405' title='bbox 3223 2537 3465 2577; x_wconf 85' lang='lat' dir='ltr'><strong>uxorem.</strong></span> 
     </span>
    </p>
   </div>
   <div class='ocr_carea' id='block_1_55' title="bbox 1882 2608 3466 2691">
    <p class='ocr_par' dir='ltr' id='par_1_55' title="bbox 1882 2608 3466 2691">
     <span class='ocr_line' id='line_1_55' title="bbox 1882 2608 3466 2691; baseline 0.001 -27"><span class='ocrx_word' id='word_1_406' title='bbox 1882 2608 2123 2680; x_wconf 88' lang='lat' dir='ltr'><strong>Denique</strong></span> <span class='ocrx_word' id='word_1_407' title='bbox 2152 2613 2264 2682; x_wconf 90' lang='lat' dir='ltr'><strong>ipse</strong></span> <span class='ocrx_word' id='word_1_408' title='bbox 2289 2613 2546 2669; x_wconf 88' lang='lat' dir='ltr'><strong>Dominus</strong></span> <span class='ocrx_word' id='word_1_409' title='bbox 2575 2622 2757 2669; x_wconf 88' lang='lat' dir='ltr'><strong>noster</strong></span> <span class='ocrx_word' id='word_1_410' title='bbox 2783 2614 2936 2670; x_wconf 69' lang='lat' dir='ltr'><strong>Iesus</strong></span> <span class='ocrx_word' id='word_1_411' title='bbox 2974 2630 3096 2691; x_wconf 86' lang='lat' dir='ltr'><strong>cum</strong></span> <span class='ocrx_word' id='word_1_412' title='bbox 3122 2614 3250 2669; x_wconf 87' lang='lat' dir='ltr'><strong>dicit</strong></span> <span class='ocrx_word' id='word_1_413' title='bbox 3276 2632 3288 2666; x_wconf 89' lang='lat'><strong>:</strong></span> <span class='ocrx_word' id='word_1_414' title='bbox 3315 2611 3466 2675; x_wconf 81' lang='lat' dir='ltr'><strong>Quod</strong></span> 
     </span>
    </p>
   </div>
   <div class='ocr_carea' id='block_1_56' title="bbox 1882 2701 3467 2778">
    <p class='ocr_par' dir='ltr' id='par_1_56' title="bbox 1882 2701 3467 2778">
     <span class='ocr_line' id='line_1_56' title="bbox 1882 2701 3467 2778; baseline 0.003 -23"><span class='ocrx_word' id='word_1_415' title='bbox 1882 2701 2026 2757; x_wconf 85' lang='lat' dir='ltr'><strong>Deus</strong></span> <span class='ocrx_word' id='word_1_416' title='bbox 2040 2704 2337 2775; x_wconf 77' lang='lat' dir='ltr'><strong>conjunxit,</strong></span> <span class='ocrx_word' id='word_1_417' title='bbox 2369 2705 2521 2760; x_wconf 86' lang='lat' dir='ltr'><strong>homo</strong></span> <span class='ocrx_word' id='word_1_418' title='bbox 2544 2723 2649 2761; x_wconf 91' lang='lat' dir='ltr'><strong>non</strong></span> <span class='ocrx_word' id='word_1_419' title='bbox 2672 2716 2877 2778; x_wconf 86' lang='lat' dir='ltr'><strong>separet</strong></span> <span class='ocrx_word' id='word_1_420' title='bbox 2902 2705 3115 2778; x_wconf 82' lang='lat' dir='ltr'><strong>(Matth.</strong></span> <span class='ocrx_word' id='word_1_421' title='bbox 3138 2721 3247 2770; x_wconf 81' lang='lat' dir='ltr'><strong>xix,</strong></span> <span class='ocrx_word' id='word_1_422' title='bbox 3269 2703 3467 2774; x_wconf 82' lang='lat' dir='ltr'><strong>6),tale</strong></span> 
     </span>
    </p>
   </div>
   <div class='ocr_carea' id='block_1_57' title="bbox 1882 2795 3467 2877">
    <p class='ocr_par' dir='ltr' id='par_1_57' title="bbox 1882 2795 3467 2877">
     <span class='ocr_line' id='line_1_57' title="bbox 1882 2795 3467 2877; baseline -0.003 -24"><span class='ocrx_word' id='word_1_423' title='bbox 1882 2802 1965 2853; x_wconf 80' lang='lat' dir='ltr'><strong>est</strong></span> <span class='ocrx_word' id='word_1_424' title='bbox 1986 2797 2138 2865; x_wconf 88' lang='lat' dir='ltr'><strong>quasi</strong></span> <span class='ocrx_word' id='word_1_425' title='bbox 2182 2797 2273 2865; x_wconf 91' lang='lat' dir='ltr'><strong>qui</strong></span> <span class='ocrx_word' id='word_1_426' title='bbox 2301 2796 2505 2877; x_wconf 75' lang='lat' dir='ltr'><strong>diceret</strong></span> <span class='ocrx_word' id='word_1_427' title='bbox 2529 2815 2542 2851; x_wconf 89' lang='lat'>:</span> <span class='ocrx_word' id='word_1_428' title='bbox 2574 2795 2765 2853; x_wconf 89' lang='lat' dir='ltr'><strong>Odisse</strong></span> <span class='ocrx_word' id='word_1_429' title='bbox 2793 2798 2889 2853; x_wconf 87' lang='lat' dir='ltr'><strong>tibi</strong></span> <span class='ocrx_word' id='word_1_430' title='bbox 2927 2812 3153 2853; x_wconf 83' lang='lat' dir='ltr'><strong>uxorem</strong></span> <span class='ocrx_word' id='word_1_431' title='bbox 3183 2812 3289 2851; x_wconf 88' lang='lat' dir='ltr'><strong>non</strong></span> <span class='ocrx_word' id='word_1_432' title='bbox 3321 2796 3467 2860; x_wconf 76' lang='lat' dir='ltr'><strong>licet.</strong></span> 
     </span>
    </p>
   </div>
   <div class='ocr_carea' id='block_1_58' title="bbox 1882 2889 3468 2960">
    <p class='ocr_par' dir='ltr' id='par_1_58' title="bbox 1882 2889 3468 2960">
     <span class='ocr_line' id='line_1_58' title="bbox 1882 2889 3468 2960; baseline 0 -19"><span class='ocrx_word' id='word_1_433' title='bbox 1882 2902 2040 2958; x_wconf 86' lang='lat' dir='ltr'><strong>quam</strong></span> <span class='ocrx_word' id='word_1_434' title='bbox 2065 2901 2151 2943; x_wconf 90' lang='lat' dir='ltr'><strong>me</strong></span> <span class='ocrx_word' id='word_1_435' title='bbox 2179 2896 2401 2944; x_wconf 88' lang='lat' dir='ltr'><strong>auctore</strong></span> <span class='ocrx_word' id='word_1_436' title='bbox 2422 2904 2604 2945; x_wconf 90' lang='lat' dir='ltr'><strong>amare</strong></span> <span class='ocrx_word' id='word_1_437' title='bbox 2623 2890 2850 2960; x_wconf 72' lang='lat' dir='ltr'><strong>cwpisti.</strong></span> <span class='ocrx_word' id='word_1_438' title='bbox 2875 2890 3157 2944; x_wconf 87' lang='lat' dir='ltr'><strong>Zelabatur</strong></span> <span class='ocrx_word' id='word_1_439' title='bbox 3175 2889 3317 2943; x_wconf 84' lang='lat' dir='ltr'><strong>enim</strong></span> <span class='ocrx_word' id='word_1_440' title='bbox 3339 2903 3468 2943; x_wconf 71' lang='lat' dir='ltr'><strong>con~</strong></span> 
     </span>
    </p>
   </div>
   <div class='ocr_carea' id='block_1_59' title="bbox 1874 2970 3464 3049">
    <p class='ocr_par' dir='ltr' id='par_1_59' title="bbox 1874 2970 3464 3049">
     <span class='ocr_line' id='line_1_59' title="bbox 1874 2970 3464 3049; baseline -0.001 -19"><span class='ocrx_word' id='word_1_441' title='bbox 1874 2975 2205 3047; x_wconf 89' lang='lat' dir='ltr'><strong>junctionem</strong></span> <span class='ocrx_word' id='word_1_442' title='bbox 2230 2970 2266 3033; x_wconf 87' lang='lat' dir='ltr'><strong>a</strong></span> <span class='ocrx_word' id='word_1_443' title='bbox 2315 2993 2377 3034; x_wconf 90' lang='lat' dir='ltr'><strong>se</strong></span> <span class='ocrx_word' id='word_1_444' title='bbox 2428 2979 2623 3034; x_wconf 85' lang='lat' dir='ltr'><strong>factam</strong></span> <span class='ocrx_word' id='word_1_445' title='bbox 2664 2981 2801 3035; x_wconf 88' lang='lat' dir='ltr'><strong>odiis</strong></span> <span class='ocrx_word' id='word_1_446' title='bbox 2833 2990 2856 3018; x_wconf 84' lang='lat'><strong><em>°</em></strong></span> <span class='ocrx_word' id='word_1_447' title='bbox 2882 2979 3149 3049; x_wconf 77' lang='lat' dir='ltr'><strong>iugalibus</strong></span> <span class='ocrx_word' id='word_1_448' title='bbox 3185 2977 3464 3033; x_wconf 89' lang='lat' dir='ltr'><strong>maculari.</strong></span> 
     </span>
    </p>
   </div>
   <div class='ocr_carea' id='block_1_60' title="bbox 1881 3066 3467 3140">
    <p class='ocr_par' dir='ltr' id='par_1_60' title="bbox 1881 3066 3467 3140">
     <span class='ocr_line' id='line_1_60' title="bbox 1881 3066 3467 3140; baseline 0.002 -19"><span class='ocrx_word' id='word_1_449' title='bbox 1881 3066 2080 3123; x_wconf 77' lang='lat' dir='ltr'><strong>Rerum</strong></span> <span class='ocrx_word' id='word_1_450' title='bbox 2108 3084 2247 3124; x_wconf 89' lang='lat' dir='ltr'><strong>nova</strong></span> <span class='ocrx_word' id='word_1_451' title='bbox 2275 3071 2634 3139; x_wconf 80' lang='lat' dir='ltr'><strong>perversitas!</strong></span> <span class='ocrx_word' id='word_1_452' title='bbox 2667 3087 2787 3127; x_wconf 89' lang='lat' dir='ltr'><strong>cum</strong></span> <span class='ocrx_word' id='word_1_453' title='bbox 2810 3086 2839 3125; x_wconf 89' lang='lat' dir='ltr'><strong>a</strong></span> <span class='ocrx_word' id='word_1_454' title='bbox 2870 3071 2981 3126; x_wconf 90' lang='lat' dir='ltr'><strong>Deo</strong></span> <span class='ocrx_word' id='word_1_455' title='bbox 3008 3070 3260 3140; x_wconf 89' lang='lat' dir='ltr'><strong>puniatur</strong></span> <span class='ocrx_word' id='word_1_456' title='bbox 3283 3069 3467 3124; x_wconf 81' lang='lat' dir='ltr'><strong>uxoris</strong></span> 
     </span>
    </p>
   </div>
   <div class='ocr_carea' id='block_1_61' title="bbox 1882 3159 3467 3232">
    <p class='ocr_par' dir='ltr' id='par_1_61' title="bbox 1882 3159 3467 3232">
     <span class='ocr_line' id='line_1_61' title="bbox 1882 3159 3467 3232; baseline 0.003 -19"><span class='ocrx_word' id='word_1_457' title='bbox 1882 3159 2083 3227; x_wconf 89' lang='lat' dir='ltr'><strong>odium,</strong></span> <span class='ocrx_word' id='word_1_458' title='bbox 2115 3161 2400 3217; x_wconf 88' lang='lat' dir='ltr'><strong>damnatur</strong></span> <span class='ocrx_word' id='word_1_459' title='bbox 2427 3163 2494 3216; x_wconf 89' lang='lat' dir='ltr'><strong>ab</strong></span> <span class='ocrx_word' id='word_1_460' title='bbox 2521 3162 2825 3218; x_wconf 89' lang='lat' dir='ltr'><strong>hominibus</strong></span> <span class='ocrx_word' id='word_1_461' title='bbox 2849 3160 3283 3232; x_wconf 88' lang='lat' dir='ltr'><strong>concupiscentia</strong></span> <span class='ocrx_word' id='word_1_462' title='bbox 3305 3161 3467 3217; x_wconf 57' lang='lat' dir='ltr'><strong>maris</strong></span> 
     </span>
    </p>
   </div>
   <div class='ocr_carea' id='block_1_62' title="bbox 181 3235 3469 3331">
    <p class='ocr_par' dir='ltr' id='par_1_62' title="bbox 181 3235 3469 3331">
     <span class='ocr_line' id='line_1_62' title="bbox 181 3235 3469 3331; baseline 0 -24"><span class='ocrx_word' id='word_1_463' title='bbox 181 3257 319 3313; x_wconf 79' lang='lat' dir='ltr'><strong>cati.</strong></span> <span class='ocrx_word' id='word_1_464' title='bbox 365 3253 525 3323; x_wconf 84' lang='lat' dir='ltr'><strong>Quod</strong></span> <span class='ocrx_word' id='word_1_465' title='bbox 562 3256 609 3311; x_wconf 82' lang='lat' dir='ltr'><strong>si</strong></span> <span class='ocrx_word' id='word_1_466' title='bbox 647 3256 972 3325; x_wconf 85' lang='lat' dir='ltr'><strong>adjutorium</strong></span> <span class='ocrx_word' id='word_1_467' title='bbox 1012 3258 1279 3323; x_wconf 78' lang='lat' dir='ltr'><strong>mulieris,</strong></span> <span class='ocrx_word' id='word_1_468' title='bbox 1325 3275 1434 3314; x_wconf 79' lang='lat' dir='ltr'><strong>non</strong></span> <span class='ocrx_word' id='word_1_469' title='bbox 1463 3260 1530 3314; x_wconf 79' lang='lat' dir='ltr'><strong>ad</strong></span> <span class='ocrx_word' id='word_1_470' title='bbox 1557 3235 1776 3331; x_wconf 69' lang='grc' dir='ltr'><strong>τερξιηι-</strong></span> <span class='ocrx_word' id='word_1_471' title='bbox 1802 3235 1846 3295; x_wconf 80' lang='lat' dir='ltr'>C</span> <span class='ocrx_word' id='word_1_472' title='bbox 1881 3258 2078 3306; x_wconf 89' lang='lat' dir='ltr'><strong>torum.</strong></span> <span class='ocrx_word' id='word_1_473' title='bbox 2105 3252 2211 3307; x_wconf 89' lang='lat' dir='ltr'><strong>Sed</strong></span> <span class='ocrx_word' id='word_1_474' title='bbox 2236 3252 2412 3321; x_wconf 88' lang='lat' dir='ltr'><strong>justus</strong></span> <span class='ocrx_word' id='word_1_475' title='bbox 2433 3255 2601 3322; x_wconf 86' lang='lat' dir='ltr'><strong>judex</strong></span> <span class='ocrx_word' id='word_1_476' title='bbox 2639 3271 2745 3310; x_wconf 91' lang='lat' dir='ltr'><strong>non</strong></span> <span class='ocrx_word' id='word_1_477' title='bbox 2774 3254 2995 3309; x_wconf 83' lang='lat' dir='ltr'><strong>damnat</strong></span> <span class='ocrx_word' id='word_1_478' title='bbox 3019 3255 3339 3310; x_wconf 88' lang='lat' dir='ltr'><strong>desiderium</strong></span> <span class='ocrx_word' id='word_1_479' title='bbox 3367 3270 3469 3309; x_wconf 89' lang='lat' dir='ltr'><strong>na-</strong></span> 
     </span>
    </p>
   </div>
   <div class='ocr_carea' id='block_1_63' title="bbox 182 3344 1775 3418">
    <p class='ocr_par' dir='ltr' id='par_1_63' title="bbox 182 3344 1775 3418">
     <span class='ocr_line' id='line_1_63' title="bbox 182 3344 1775 3418; baseline 0.002 -15"><span class='ocrx_word' id='word_1_480' title='bbox 182 3347 399 3403; x_wconf 85' lang='lat' dir='ltr'><strong>tionem</strong></span> <span class='ocrx_word' id='word_1_481' title='bbox 423 3383 440 3410; x_wconf 87' lang='lat'><strong>,</strong></span> <span class='ocrx_word' id='word_1_482' title='bbox 487 3344 583 3400; x_wconf 86' lang='lat' dir='ltr'><strong>sed</strong></span> <span class='ocrx_word' id='word_1_483' title='bbox 630 3344 698 3400; x_wconf 90' lang='lat' dir='ltr'><strong>ad</strong></span> <span class='ocrx_word' id='word_1_484' title='bbox 727 3346 1157 3401; x_wconf 87' lang='lat' dir='ltr'><strong>consolationem</strong></span> <span class='ocrx_word' id='word_1_485' title='bbox 1184 3347 1368 3403; x_wconf 89' lang='lat' dir='ltr'><strong>nescio</strong></span> <span class='ocrx_word' id='word_1_486' title='bbox 1395 3363 1556 3418; x_wconf 88' lang='lat' dir='ltr'><strong>quam</strong></span> <span class='ocrx_word' id='word_1_487' title='bbox 1585 3349 1775 3406; x_wconf 91' lang='lat' dir='ltr'><strong>dicatis</strong></span> 
     </span>
    </p>
   </div>
   <div class='ocr_carea' id='block_1_64' title="bbox 179 3436 1775 3507">
    <p class='ocr_par' dir='ltr' id='par_1_64' title="bbox 179 3436 1775 3507">
     <span class='ocr_line' id='line_1_64' title="bbox 179 3436 1775 3507; baseline 0.004 -15"><span class='ocrx_word' id='word_1_488' title='bbox 179 3436 361 3492; x_wconf 76' lang='lat' dir='ltr'><strong>fuisse</strong></span> <span class='ocrx_word' id='word_1_489' title='bbox 388 3451 726 3503; x_wconf 86' lang='lat' dir='ltr'><strong>concessum,</strong></span> <span class='ocrx_word' id='word_1_490' title='bbox 755 3436 938 3507; x_wconf 87' lang='lat' dir='ltr'><strong>dispar</strong></span> <span class='ocrx_word' id='word_1_491' title='bbox 963 3452 1124 3493; x_wconf 86' lang='lat' dir='ltr'><strong>sexus</strong></span> <span class='ocrx_word' id='word_1_492' title='bbox 1153 3439 1271 3494; x_wconf 89' lang='lat' dir='ltr'><strong>sine</strong></span> <span class='ocrx_word' id='word_1_493' title='bbox 1297 3455 1461 3495; x_wconf 90' lang='lat' dir='ltr'><strong>causa</strong></span> <span class='ocrx_word' id='word_1_494' title='bbox 1487 3448 1570 3496; x_wconf 90' lang='lat' dir='ltr'><strong>est</strong></span> <span class='ocrx_word' id='word_1_495' title='bbox 1597 3443 1775 3498; x_wconf 88' lang='lat' dir='ltr'><strong>condi-</strong></span> 
     </span>
    </p>
   </div>
   <div class='ocr_carea' id='block_1_65' title="bbox 180 3528 1771 3605">
    <p class='ocr_par' dir='ltr' id='par_1_65' title="bbox 180 3528 1771 3605">
     <span class='ocr_line' id='line_1_65' title="bbox 180 3528 1771 3605; baseline 0.003 -20"><span class='ocrx_word' id='word_1_496' title='bbox 180 3538 270 3585; x_wconf 90' lang='lat' dir='ltr'><strong>tus</strong></span> <span class='ocrx_word' id='word_1_497' title='bbox 305 3529 381 3584; x_wconf 87' lang='lat' dir='ltr'><strong>ab</strong></span> <span class='ocrx_word' id='word_1_498' title='bbox 409 3544 505 3605; x_wconf 85' lang='lat' dir='ltr'><strong>eo,</strong></span> <span class='ocrx_word' id='word_1_499' title='bbox 520 3528 588 3584; x_wconf 89' lang='lat' dir='ltr'><strong>de</strong></span> <span class='ocrx_word' id='word_1_500' title='bbox 613 3545 719 3599; x_wconf 86' lang='lat' dir='ltr'><strong>quo</strong></span> <span class='ocrx_word' id='word_1_501' title='bbox 748 3530 976 3598; x_wconf 84' lang='lat' dir='ltr'><strong>legimus</strong></span> <span class='ocrx_word' id='word_1_502' title='bbox 1005 3530 1151 3601; x_wconf 91' lang='lat' dir='ltr'><strong>quod</strong></span> <span class='ocrx_word' id='word_1_503' title='bbox 1197 3532 1377 3586; x_wconf 88' lang='lat' dir='ltr'><strong>omnia</strong></span> <span class='ocrx_word' id='word_1_504' title='bbox 1425 3534 1479 3587; x_wconf 90' lang='lat' dir='ltr'><strong>in</strong></span> <span class='ocrx_word' id='word_1_505' title='bbox 1507 3534 1771 3605; x_wconf 90' lang='lat' dir='ltr'><strong>sapientia</strong></span> 
     </span>
    </p>
   </div>
   <div class='ocr_carea' id='block_1_66' title="bbox 179 3604 1774 3689">
    <p class='ocr_par' dir='ltr' id='par_1_66' title="bbox 179 3604 1774 3689">
     <span class='ocr_line' id='line_1_66' title="bbox 179 3604 1774 3689; baseline 0.005 -17"><span class='ocrx_word' id='word_1_506' title='bbox 179 3618 383 3674; x_wconf 82' lang='lat' dir='ltr'><strong>fecerit</strong></span> <span class='ocrx_word' id='word_1_507' title='bbox 411 3604 527 3689; x_wconf 74' lang='lat' dir='ltr'><strong>(Ps.</strong></span> <span class='ocrx_word' id='word_1_508' title='bbox 555 3633 664 3682; x_wconf 82' lang='lat' dir='ltr'><strong>CIII,</strong></span> <span class='ocrx_word' id='word_1_509' title='bbox 693 3616 807 3689; x_wconf 71' lang='lat'><strong>24).</strong></span> <span class='ocrx_word' id='word_1_510' title='bbox 838 3619 1037 3674; x_wconf 82' lang='lat' dir='ltr'><strong>Verum</strong></span> <span class='ocrx_word' id='word_1_511' title='bbox 1066 3622 1192 3689; x_wconf 89' lang='lat' dir='ltr'><strong>quia</strong></span> <span class='ocrx_word' id='word_1_512' title='bbox 1223 3621 1550 3678; x_wconf 88' lang='lat' dir='ltr'><strong>Testamenti</strong></span> <span class='ocrx_word' id='word_1_513' title='bbox 1570 3604 1774 3680; x_wconf 81' lang='lat' dir='ltr'><strong>veteris</strong></span> 
     </span>
    </p>
   </div>
   <div class='ocr_carea' id='block_1_67' title="bbox 177 3708 1772 3782">
    <p class='ocr_par' dir='ltr' id='par_1_67' title="bbox 177 3708 1772 3782">
     <span class='ocr_line' id='line_1_67' title="bbox 177 3708 1772 3782; baseline 0.004 -18"><span class='ocrx_word' id='word_1_514' title='bbox 177 3708 331 3765; x_wconf 87' lang='lat' dir='ltr'><strong>forte</strong></span> <span class='ocrx_word' id='word_1_515' title='bbox 359 3722 462 3765; x_wconf 84' lang='lat' dir='ltr'><strong>vos.</strong></span> <span class='ocrx_word' id='word_1_516' title='bbox 489 3709 781 3764; x_wconf 86' lang='lat' dir='ltr'><strong>auctoritas</strong></span> <span class='ocrx_word' id='word_1_517' title='bbox 811 3724 917 3763; x_wconf 92' lang='lat' dir='ltr'><strong>non</strong></span> <span class='ocrx_word' id='word_1_518' title='bbox 948 3717 1127 3776; x_wconf 90' lang='lat' dir='ltr'><strong>tenet,</strong></span> <span class='ocrx_word' id='word_1_519' title='bbox 1156 3712 1223 3766; x_wconf 90' lang='lat' dir='ltr'><strong>de</strong></span> <span class='ocrx_word' id='word_1_520' title='bbox 1251 3714 1435 3782; x_wconf 90' lang='lat' dir='ltr'><strong>primis</strong></span> <span class='ocrx_word' id='word_1_521' title='bbox 1466 3714 1772 3771; x_wconf 87' lang='lat' dir='ltr'><strong>hominibus</strong></span> 
     </span>
    </p>
   </div>
   <div class='ocr_carea' id='block_1_68' title="bbox 177 3798 1773 3871">
    <p class='ocr_par' dir='ltr' id='par_1_68' title="bbox 177 3798 1773 3871">
     <span class='ocr_line' id='line_1_68' title="bbox 177 3798 1773 3871; baseline 0.004 -16"><span class='ocrx_word' id='word_1_522' title='bbox 177 3800 315 3871; x_wconf 84' lang='lat' dir='ltr'><strong>quid</strong></span> <span class='ocrx_word' id='word_1_523' title='bbox 368 3800 488 3870; x_wconf 86' lang='lat' dir='ltr'><strong>ipse</strong></span> <span class='ocrx_word' id='word_1_524' title='bbox 531 3800 790 3856; x_wconf 90' lang='lat' dir='ltr'><strong>Dominus</strong></span> <span class='ocrx_word' id='word_1_525' title='bbox 856 3810 1040 3857; x_wconf 91' lang='lat' dir='ltr'><strong>noster</strong></span> <span class='ocrx_word' id='word_1_526' title='bbox 1086 3801 1238 3858; x_wconf 86' lang='lat' dir='ltr'><strong>Jesus</strong></span> <span class='ocrx_word' id='word_1_527' title='bbox 1284 3803 1527 3861; x_wconf 79' lang='lat' dir='ltr'><strong>Christus</strong></span> <span class='ocrx_word' id='word_1_528' title='bbox 1577 3798 1773 3862; x_wconf 82' lang='lat' dir='ltr'><strong>dixerit</strong></span> 
     </span>
    </p>
   </div>
   <div class='ocr_carea' id='block_1_69' title="bbox 177 3888 1773 3966">
    <p class='ocr_par' dir='ltr' id='par_1_69' title="bbox 177 3888 1773 3966">
     <span class='ocr_line' id='line_1_69' title="bbox 177 3888 1773 3966; baseline 0.004 -21"><span class='ocrx_word' id='word_1_529' title='bbox 177 3890 511 3947; x_wconf 80' lang='lat' dir='ltr'><strong>auscultate.</strong></span> <span class='ocrx_word' id='word_1_530' title='bbox 545 3888 647 3953; x_wconf 82' lang='lat' dir='ltr'><strong>Qui</strong></span> <span class='ocrx_word' id='word_1_531' title='bbox 666 3891 807 3961; x_wconf 75' lang='lat' dir='ltr'><strong>fecit,</strong></span> <span class='ocrx_word' id='word_1_532' title='bbox 832 3890 1021 3961; x_wconf 87' lang='lat' dir='ltr'><strong>inquit,</strong></span> <span class='ocrx_word' id='word_1_533' title='bbox 1046 3893 1336 3947; x_wconf 83' lang='lat' dir='ltr'><strong>masculum</strong></span> <span class='ocrx_word' id='word_1_534' title='bbox 1356 3903 1406 3948; x_wconf 86' lang='lat' dir='ltr'><strong>et</strong></span> <span class='ocrx_word' id='word_1_535' title='bbox 1427 3897 1674 3966; x_wconf 83' lang='lat' dir='ltr'><strong>feminam</strong></span> <span class='ocrx_word' id='word_1_536' title='bbox 1693 3895 1773 3951; x_wconf 85' lang='lat' dir='ltr'><strong>be-</strong></span> 
     </span>
    </p>
   </div>
   <div class='ocr_carea' id='block_1_70' title="bbox 176 3980 1771 4059">
    <p class='ocr_par' dir='ltr' id='par_1_70' title="bbox 176 3980 1771 4059">
     <span class='ocr_line' id='line_1_70' title="bbox 176 3980 1771 4059; baseline 0.004 -23"><span class='ocrx_word' id='word_1_537' title='bbox 176 3982 394 4036; x_wconf 76' lang='lat' dir='ltr'><strong>nedixit</strong></span> <span class='ocrx_word' id='word_1_538' title='bbox 432 3997 520 4035; x_wconf 82' lang='lat' dir='ltr'><strong>eos</strong></span> <span class='ocrx_word' id='word_1_539' title='bbox 549 3989 601 4035; x_wconf 91' lang='lat' dir='ltr'><strong>et</strong></span> <span class='ocrx_word' id='word_1_540' title='bbox 632 3981 766 4035; x_wconf 73' lang='lat' dir='ltr'><strong>dixit</strong></span> <span class='ocrx_word' id='word_1_541' title='bbox 786 3999 804 4035; x_wconf 92' lang='lat'><strong><em>:</em></strong></span> <span class='ocrx_word' id='word_1_542' title='bbox 835 3980 1058 4053; x_wconf 86' lang='lat' dir='ltr'><strong>Propter</strong></span> <span class='ocrx_word' id='word_1_543' title='bbox 1090 3984 1185 4038; x_wconf 81' lang='lat' dir='ltr'><strong>hoc</strong></span> <span class='ocrx_word' id='word_1_544' title='bbox 1217 3985 1467 4056; x_wconf 86' lang='lat' dir='ltr'><strong>relinquet</strong></span> <span class='ocrx_word' id='word_1_545' title='bbox 1501 3987 1654 4041; x_wconf 85' lang='lat' dir='ltr'><strong>homo</strong></span> <span class='ocrx_word' id='word_1_546' title='bbox 1676 4006 1771 4059; x_wconf 89' lang='lat' dir='ltr'><strong>pa-</strong></span> 
     </span>
    </p>
   </div>
   <div class='ocr_carea' id='block_1_71' title="bbox 176 4072 1770 4141">
    <p class='ocr_par' dir='ltr' id='par_1_71' title="bbox 176 4072 1770 4141">
     <span class='ocr_line' id='line_1_71' title="bbox 176 4072 1770 4141; baseline 0.002 -12"><span class='ocrx_word' id='word_1_547' title='bbox 176 4081 316 4129; x_wconf 81' lang='lat' dir='ltr'><strong>trem</strong></span> <span class='ocrx_word' id='word_1_548' title='bbox 336 4079 389 4127; x_wconf 84' lang='lat' dir='ltr'><strong>et</strong></span> <span class='ocrx_word' id='word_1_549' title='bbox 427 4079 674 4138; x_wconf 86' lang='lat' dir='ltr'><strong>matrem,</strong></span> <span class='ocrx_word' id='word_1_550' title='bbox 700 4079 749 4126; x_wconf 89' lang='lat' dir='ltr'><strong>et</strong></span> <span class='ocrx_word' id='word_1_551' title='bbox 781 4072 1064 4127; x_wconf 70' lang='lat' dir='ltr'><strong>adhaerebit</strong></span> <span class='ocrx_word' id='word_1_552' title='bbox 1094 4076 1247 4129; x_wconf 74' lang='lat' dir='ltr'><strong>uxori</strong></span> <span class='ocrx_word' id='word_1_553' title='bbox 1271 4092 1400 4141; x_wconf 68' lang='lat' dir='ltr'><strong>sum,</strong></span> <span class='ocrx_word' id='word_1_554' title='bbox 1429 4084 1479 4130; x_wconf 87' lang='lat' dir='ltr'><strong>et</strong></span> <span class='ocrx_word' id='word_1_555' title='bbox 1499 4086 1650 4131; x_wconf 88' lang='lat' dir='ltr'><strong>erunt</strong></span> <span class='ocrx_word' id='word_1_556' title='bbox 1669 4079 1770 4134; x_wconf 88' lang='lat' dir='ltr'><strong>duo</strong></span> 
     </span>
    </p>
   </div>
   <div class='ocr_carea' id='block_1_72' title="bbox 173 4162 1769 4240">
    <p class='ocr_par' dir='ltr' id='par_1_72' title="bbox 173 4162 1769 4240">
     <span class='ocr_line' id='line_1_72' title="bbox 173 4162 1769 4240; baseline 0.004 -21"><span class='ocrx_word' id='word_1_557' title='bbox 173 4165 232 4219; x_wconf 84' lang='lat' dir='ltr'><strong>in</strong></span> <span class='ocrx_word' id='word_1_558' title='bbox 253 4179 426 4217; x_wconf 84' lang='lat' dir='ltr'><strong>carne</strong></span> <span class='ocrx_word' id='word_1_559' title='bbox 442 4178 549 4216; x_wconf 82' lang='lat' dir='ltr'><strong>una</strong></span> <span class='ocrx_word' id='word_1_560' title='bbox 576 4162 791 4234; x_wconf 78' lang='lat' dir='ltr'><strong>(Matth.</strong></span> <span class='ocrx_word' id='word_1_561' title='bbox 822 4180 933 4227; x_wconf 83' lang='lat' dir='ltr'><strong>xix,</strong></span> <span class='ocrx_word' id='word_1_562' title='bbox 965 4164 1130 4236; x_wconf 76' lang='lat'><strong>4-6).</strong></span> <span class='ocrx_word' id='word_1_563' title='bbox 1177 4168 1244 4221; x_wconf 86' lang='lat' dir='ltr'><strong>Et</strong></span> <span class='ocrx_word' id='word_1_564' title='bbox 1273 4169 1357 4223; x_wconf 90' lang='lat' dir='ltr'><strong>his</strong></span> <span class='ocrx_word' id='word_1_565' title='bbox 1385 4169 1547 4225; x_wconf 90' lang='lat' dir='ltr'><strong>dictis</strong></span> <span class='ocrx_word' id='word_1_566' title='bbox 1577 4170 1769 4240; x_wconf 89' lang='lat' dir='ltr'><strong>adjun-</strong></span> 
     </span>
    </p>
   </div>
   <div class='ocr_carea' id='block_1_73' title="bbox 176 4248 1769 4335">
    <p class='ocr_par' dir='ltr' id='par_1_73' title="bbox 176 4248 1769 4335">
     <span class='ocr_line' id='line_1_73' title="bbox 176 4248 1769 4335; baseline 0.008 -29"><span class='ocrx_word' id='word_1_567' title='bbox 176 4253 298 4335; x_wconf 60' lang='lat' dir='ltr'><strong>xit‘:</strong></span> <span class='ocrx_word' id='word_1_568' title='bbox 337 4248 491 4315; x_wconf 83' lang='lat' dir='ltr'><strong>Quod</strong></span> <span class='ocrx_word' id='word_1_569' title='bbox 511 4268 631 4323; x_wconf 90' lang='lat' dir='ltr'><strong>ergo</strong></span> <span class='ocrx_word' id='word_1_570' title='bbox 653 4250 794 4307; x_wconf 85' lang='lat' dir='ltr'><strong>Deus</strong></span> <span class='ocrx_word' id='word_1_571' title='bbox 809 4253 1008 4324; x_wconf 75' lang='lat' dir='ltr'><strong>junxit,</strong></span> <span class='ocrx_word' id='word_1_572' title='bbox 1033 4255 1186 4311; x_wconf 78' lang='lat' dir='ltr'><strong>homo</strong></span> <span class='ocrx_word' id='word_1_573' title='bbox 1207 4274 1311 4312; x_wconf 88' lang='lat' dir='ltr'><strong>non</strong></span> <span class='ocrx_word' id='word_1_574' title='bbox 1336 4267 1557 4329; x_wconf 85' lang='lat' dir='ltr'><strong>separet.</strong></span> <span class='ocrx_word' id='word_1_575' title='bbox 1583 4260 1631 4315; x_wconf 81' lang='grc' dir='ltr'><strong>Δ</strong></span> <span class='ocrx_word' id='word_1_576' title='bbox 1656 4260 1769 4319; x_wconf 87' lang='lat' dir='ltr'><strong>Deo</strong></span> 
     </span>
    </p>
   </div>
   <div class='ocr_carea' id='block_1_74' title="bbox 174 4340 1769 4419">
    <p class='ocr_par' dir='ltr' id='par_1_74' title="bbox 174 4340 1769 4419">
     <span class='ocr_line' id='line_1_74' title="bbox 174 4340 1769 4419; baseline 0.009 -25"><span class='ocrx_word' id='word_1_577' title='bbox 174 4342 350 4410; x_wconf 83' lang='lat' dir='ltr'><strong>igitur</strong></span> <span class='ocrx_word' id='word_1_578' title='bbox 377 4340 569 4408; x_wconf 88' lang='lat' dir='ltr'><strong>factos,</strong></span> <span class='ocrx_word' id='word_1_579' title='bbox 612 4356 644 4397; x_wconf 87' lang='lat' dir='ltr'><strong>a</strong></span> <span class='ocrx_word' id='word_1_580' title='bbox 674 4341 785 4398; x_wconf 90' lang='lat' dir='ltr'><strong>Deo</strong></span> <span class='ocrx_word' id='word_1_581' title='bbox 814 4344 1155 4413; x_wconf 88' lang='lat' dir='ltr'><strong>benedictos,</strong></span> <span class='ocrx_word' id='word_1_582' title='bbox 1189 4362 1220 4401; x_wconf 91' lang='lat' dir='ltr'><strong>a</strong></span> <span class='ocrx_word' id='word_1_583' title='bbox 1245 4347 1359 4404; x_wconf 90' lang='lat' dir='ltr'><strong>Deo</strong></span> <span class='ocrx_word' id='word_1_584' title='bbox 1390 4349 1618 4419; x_wconf 83' lang='lat' dir='ltr'><strong>legimus</strong></span> <span class='ocrx_word' id='word_1_585' title='bbox 1645 4365 1769 4409; x_wconf 84' lang='lat' dir='ltr'><strong>esse</strong></span> 
     </span>
    </p>
   </div>
   <div class='ocr_carea' id='block_1_75' title="bbox 171 4432 524 4501">
    <p class='ocr_par' dir='ltr' id='par_1_75' title="bbox 171 4432 524 4501">
     <span class='ocr_line' id='line_1_75' title="bbox 171 4432 524 4501; baseline -0.008 -12"><span class='ocrx_word' id='word_1_586' title='bbox 171 4432 524 4501; x_wconf 76' lang='lat' dir='ltr'><strong>coniunctos.</strong></span> 
     </span>
    </p>
   </div>
   <div class='ocr_carea' id='block_1_76' title="bbox 245 4520 1763 4601">
    <p class='ocr_par' dir='ltr' id='par_1_76' title="bbox 245 4520 1763 4601">
     <span class='ocr_line' id='line_1_76' title="bbox 245 4520 1763 4601; baseline 0.009 -24"><span class='ocrx_word' id='word_1_587' title='bbox 245 4520 426 4578; x_wconf 78' lang='lat' dir='ltr'><strong>XXX.</strong></span> <span class='ocrx_word' id='word_1_588' title='bbox 458 4533 482 4563; x_wconf 72' lang='grc' dir='ltr'><strong>ο</strong></span> <span class='ocrx_word' id='word_1_589' title='bbox 503 4521 575 4577; x_wconf 84' lang='lat' dir='ltr'><strong>Et</strong></span> <span class='ocrx_word' id='word_1_590' title='bbox 598 4525 764 4581; x_wconf 88' lang='lat' dir='ltr'><strong>miror</strong></span> <span class='ocrx_word' id='word_1_591' title='bbox 787 4541 887 4598; x_wconf 87' lang='lat' dir='ltr'><strong>qua</strong></span> <span class='ocrx_word' id='word_1_592' title='bbox 908 4528 1080 4597; x_wconf 79' lang='lat' dir='ltr'><strong>fronte</strong></span> <span class='ocrx_word' id='word_1_593' title='bbox 1100 4531 1567 4601; x_wconf 83' lang='lat' dir='ltr'><strong>concupiscentiam</strong></span> <span class='ocrx_word' id='word_1_594' title='bbox 1588 4534 1763 4601; x_wconf 83' lang='lat' dir='ltr'><strong>istam,</strong></span> 
     </span>
    </p>
   </div>
   <div class='ocr_carea' id='block_1_77' title="bbox 171 4615 1765 4686">
    <p class='ocr_par' dir='ltr' id='par_1_77' title="bbox 171 4615 1765 4686">
     <span class='ocr_line' id='line_1_77' title="bbox 171 4615 1765 4686; baseline 0.011 -22"><span class='ocrx_word' id='word_1_595' title='bbox 171 4629 269 4684; x_wconf 81' lang='lat' dir='ltr'><strong>per</strong></span> <span class='ocrx_word' id='word_1_596' title='bbox 328 4629 487 4684; x_wconf 85' lang='lat' dir='ltr'><strong>quam</strong></span> <span class='ocrx_word' id='word_1_597' title='bbox 533 4615 780 4686; x_wconf 85' lang='lat' dir='ltr'><strong>conjugia</strong></span> <span class='ocrx_word' id='word_1_598' title='bbox 841 4615 1180 4682; x_wconf 81' lang='lat' dir='ltr'><strong>celebrantur,</strong></span> <span class='ocrx_word' id='word_1_599' title='bbox 1232 4621 1421 4676; x_wconf 86' lang='lat' dir='ltr'><strong>dicatis</strong></span> <span class='ocrx_word' id='word_1_600' title='bbox 1473 4640 1506 4677; x_wconf 82' lang='lat' dir='ltr'><strong>a</strong></span> <span class='ocrx_word' id='word_1_601' title='bbox 1557 4625 1765 4681; x_wconf 81' lang='lat' dir='ltr'><strong>diabolo</strong></span> 
     </span>
    </p>
   </div>
   <div class='ocr_carea' id='block_1_78' title="bbox 171 4704 1764 4777">
    <p class='ocr_par' dir='ltr' id='par_1_78' title="bbox 171 4704 1764 4777">
     <span class='ocr_line' id='line_1_78' title="bbox 171 4704 1764 4777; baseline 0.009 -20"><span class='ocrx_word' id='word_1_602' title='bbox 171 4720 289 4763; x_wconf 71' lang='lat' dir='ltr'><strong>esse</strong></span> <span class='ocrx_word' id='word_1_603' title='bbox 316 4704 547 4760; x_wconf 77' lang='lat' dir='ltr'><strong>humano</strong></span> <span class='ocrx_word' id='word_1_604' title='bbox 564 4707 734 4777; x_wconf 84' lang='lat' dir='ltr'><strong>generi</strong></span> <span class='ocrx_word' id='word_1_605' title='bbox 757 4707 1030 4777; x_wconf 81' lang='lat' dir='ltr'><strong>inﬂictam.</strong></span> <span class='ocrx_word' id='word_1_606' title='bbox 1055 4707 1079 4745; x_wconf 73' lang='grc' dir='ltr'>ἀ</span> <span class='ocrx_word' id='word_1_607' title='bbox 1097 4709 1228 4775; x_wconf 84' lang='lat' dir='ltr'><strong>Quis</strong></span> <span class='ocrx_word' id='word_1_608' title='bbox 1255 4713 1397 4766; x_wconf 67' lang='lat' dir='ltr'><strong>enim</strong></span> <span class='ocrx_word' id='word_1_609' title='bbox 1418 4713 1626 4770; x_wconf 90' lang='lat' dir='ltr'><strong>dubitet</strong></span> <span class='ocrx_word' id='word_1_610' title='bbox 1652 4731 1764 4771; x_wconf 91' lang='lat' dir='ltr'><strong>rem</strong></span> 
     </span>
    </p>
   </div>
   <div class='ocr_carea' id='block_1_79' title="bbox 171 4797 1765 4864">
    <p class='ocr_par' dir='ltr' id='par_1_79' title="bbox 171 4797 1765 4864">
     <span class='ocr_line' id='line_1_79' title="bbox 171 4797 1765 4864; baseline 0.007 -13"><span class='ocrx_word' id='word_1_611' title='bbox 171 4798 398 4864; x_wconf 80' lang='lat' dir='ltr'><strong>malam,</strong></span> <span class='ocrx_word' id='word_1_612' title='bbox 441 4797 489 4852; x_wconf 88' lang='lat' dir='ltr'><strong>si</strong></span> <span class='ocrx_word' id='word_1_613' title='bbox 519 4806 696 4853; x_wconf 87' lang='lat' dir='ltr'><strong>tamen</strong></span> <span class='ocrx_word' id='word_1_614' title='bbox 741 4799 882 4853; x_wconf 84' lang='lat' dir='ltr'><strong>mala</strong></span> <span class='ocrx_word' id='word_1_615' title='bbox 921 4807 1023 4862; x_wconf 87' lang='lat' dir='ltr'><strong>est,</strong></span> <span class='ocrx_word' id='word_1_616' title='bbox 1057 4815 1086 4855; x_wconf 90' lang='lat' dir='ltr'><strong>a</strong></span> <span class='ocrx_word' id='word_1_617' title='bbox 1116 4801 1228 4857; x_wconf 89' lang='lat' dir='ltr'><strong>Deo</strong></span> <span class='ocrx_word' id='word_1_618' title='bbox 1256 4804 1401 4859; x_wconf 88' lang='lat' dir='ltr'><strong>bono</strong></span> <span class='ocrx_word' id='word_1_619' title='bbox 1426 4806 1629 4862; x_wconf 91' lang='lat' dir='ltr'><strong>homini</strong></span> <span class='ocrx_word' id='word_1_620' title='bbox 1656 4823 1765 4863; x_wconf 90' lang='lat' dir='ltr'><strong>non</strong></span> 
     </span>
    </p>
   </div>
   <div class='ocr_carea' id='block_1_80' title="bbox 170 4887 1766 4965">
    <p class='ocr_par' dir='ltr' id='par_1_80' title="bbox 170 4887 1766 4965">
     <span class='ocr_line' id='line_1_80' title="bbox 170 4887 1766 4965; baseline 0.006 -20"><span class='ocrx_word' id='word_1_621' title='bbox 170 4891 422 4965; x_wconf 88' lang='lat' dir='ltr'><strong>potuisse</strong></span> <span class='ocrx_word' id='word_1_622' title='bbox 451 4887 721 4944; x_wconf 80' lang='lat' dir='ltr'><strong>conferri?</strong></span> <span class='ocrx_word' id='word_1_623' title='bbox 741 4888 799 4944; x_wconf 90' lang='lat' dir='ltr'><strong>Si</strong></span> <span class='ocrx_word' id='word_1_624' title='bbox 819 4890 963 4945; x_wconf 90' lang='lat' dir='ltr'><strong>enim</strong></span> <span class='ocrx_word' id='word_1_625' title='bbox 991 4906 1021 4945; x_wconf 90' lang='lat' dir='ltr'><strong>a</strong></span> <span class='ocrx_word' id='word_1_626' title='bbox 1047 4889 1161 4947; x_wconf 90' lang='lat' dir='ltr'><strong>Deo</strong></span> <span class='ocrx_word' id='word_1_627' title='bbox 1182 4902 1265 4947; x_wconf 88' lang='lat' dir='ltr'><strong>est</strong></span> <span class='ocrx_word' id='word_1_628' title='bbox 1294 4894 1439 4960; x_wconf 88' lang='lat' dir='ltr'><strong>data,</strong></span> <span class='ocrx_word' id='word_1_629' title='bbox 1470 4897 1610 4952; x_wconf 90' lang='lat' dir='ltr'><strong>bona</strong></span> <span class='ocrx_word' id='word_1_630' title='bbox 1646 4914 1766 4954; x_wconf 88' lang='lat' dir='ltr'><strong>esse</strong></span> 
     </span>
    </p>
   </div>
   <div class='ocr_carea' id='block_1_81' title="bbox 169 4980 1764 5051">
    <p class='ocr_par' dir='ltr' id='par_1_81' title="bbox 169 4980 1764 5051">
     <span class='ocr_line' id='line_1_81' title="bbox 169 4980 1764 5051; baseline 0.006 -15"><span class='ocrx_word' id='word_1_631' title='bbox 169 4980 544 5051; x_wconf 81' lang='lat' dir='ltr'><strong>dignoscitur;</strong></span> <span class='ocrx_word' id='word_1_632' title='bbox 573 4980 619 5037; x_wconf 92' lang='lat' dir='ltr'><strong>si</strong></span> <span class='ocrx_word' id='word_1_633' title='bbox 666 4990 846 5037; x_wconf 88' lang='lat' dir='ltr'><strong>autem</strong></span> <span class='ocrx_word' id='word_1_634' title='bbox 896 4983 1036 5037; x_wconf 90' lang='lat' dir='ltr'><strong>mala</strong></span> <span class='ocrx_word' id='word_1_635' title='bbox 1093 4993 1193 5050; x_wconf 90' lang='lat' dir='ltr'><strong>est,</strong></span> <span class='ocrx_word' id='word_1_636' title='bbox 1225 4995 1436 5042; x_wconf 87' lang='lat' dir='ltr'><strong>constat</strong></span> <span class='ocrx_word' id='word_1_637' title='bbox 1474 5003 1503 5042; x_wconf 91' lang='lat' dir='ltr'><strong>a</strong></span> <span class='ocrx_word' id='word_1_638' title='bbox 1550 4989 1764 5046; x_wconf 90' lang='lat' dir='ltr'><strong>diabolo</strong></span> 
     </span>
    </p>
   </div>
   <div class='ocr_carea' id='block_1_82' title="bbox 168 5070 1403 5131">
    <p class='ocr_par' dir='ltr' id='par_1_82' title="bbox 168 5070 1403 5131">
     <span class='ocr_line' id='line_1_82' title="bbox 168 5070 1403 5131; baseline 0.002 -3"><span class='ocrx_word' id='word_1_639' title='bbox 168 5086 298 5128; x_wconf 77' lang='lat' dir='ltr'><strong>csse</strong></span> <span class='ocrx_word' id='word_1_640' title='bbox 324 5070 575 5125; x_wconf 79' lang='lat' dir='ltr'><strong>infusam.</strong></span> <span class='ocrx_word' id='word_1_641' title='bbox 598 5070 689 5127; x_wconf 91' lang='lat' dir='ltr'><strong>Sic</strong></span> <span class='ocrx_word' id='word_1_642' title='bbox 715 5072 859 5127; x_wconf 91' lang='lat' dir='ltr'><strong>enim</strong></span> <span class='ocrx_word' id='word_1_643' title='bbox 885 5072 1014 5128; x_wconf 91' lang='lat' dir='ltr'><strong>dicit</strong></span> <span class='ocrx_word' id='word_1_644' title='bbox 1034 5074 1169 5130; x_wconf 91' lang='lat' dir='ltr'><strong>liber</strong></span> <span class='ocrx_word' id='word_1_645' title='bbox 1188 5086 1365 5131; x_wconf 86' lang='lat' dir='ltr'><strong>vester</strong></span> <span class='ocrx_word' id='word_1_646' title='bbox 1390 5096 1403 5130; x_wconf 86' lang='lat'>:</span> 
     </span>
    </p>
   </div>
   <div class='ocr_carea' id='block_1_83' title="bbox 241 5158 1759 5239">
    <p class='ocr_par' dir='ltr' id='par_1_83' title="bbox 241 5158 1759 5239">
     <span class='ocr_line' id='line_1_83' title="bbox 241 5158 1759 5239; baseline 0.007 -24"><span class='ocrx_word' id='word_1_647' title='bbox 241 5158 439 5216; x_wconf 78' lang='lat' dir='ltr'><strong>XXXI.</strong></span> <span class='ocrx_word' id='word_1_648' title='bbox 474 5160 603 5225; x_wconf 70' lang='lat' dir='ltr'><strong>Quae</strong></span> <span class='ocrx_word' id='word_1_649' title='bbox 628 5161 770 5217; x_wconf 87' lang='lat' dir='ltr'><strong>Deus</strong></span> <span class='ocrx_word' id='word_1_650' title='bbox 811 5163 1039 5219; x_wconf 85' lang='lat' dir='ltr'><strong>membra</strong></span> <span class='ocrx_word' id='word_1_651' title='bbox 1068 5168 1219 5236; x_wconf 79' lang='lat' dir='ltr'><strong>fecit,</strong></span> <span class='ocrx_word' id='word_1_652' title='bbox 1246 5167 1327 5223; x_wconf 85' lang='lat' dir='ltr'><strong>illi</strong></span> <span class='ocrx_word' id='word_1_653' title='bbox 1372 5172 1759 5239; x_wconf 64' lang='lat' dir='ltr'><strong>pravaricando</strong></span> 
     </span>
    </p>
   </div>
   <div class='ocr_carea' id='block_1_84' title="bbox 166 5254 1760 5332">
    <p class='ocr_par' dir='ltr' id='par_1_84' title="bbox 166 5254 1760 5332">
     <span class='ocr_line' id='line_1_84' title="bbox 166 5254 1760 5332; baseline 0.005 -23"><span class='ocrx_word' id='word_1_654' title='bbox 166 5254 419 5325; x_wconf 83' lang='lat' dir='ltr'><strong>pudenda</strong></span> <span class='ocrx_word' id='word_1_655' title='bbox 466 5257 717 5327; x_wconf 73' lang='lat' dir='ltr'><strong>fecerunt.</strong></span> <span class='ocrx_word' id='word_1_656' title='bbox 750 5255 805 5311; x_wconf 87' lang='lat' dir='ltr'><strong>Si</strong></span> <span class='ocrx_word' id='word_1_657' title='bbox 835 5257 940 5312; x_wconf 89' lang='lat' dir='ltr'><strong>hoc</strong></span> <span class='ocrx_word' id='word_1_658' title='bbox 971 5274 1078 5312; x_wconf 90' lang='lat' dir='ltr'><strong>non</strong></span> <span class='ocrx_word' id='word_1_659' title='bbox 1127 5267 1211 5313; x_wconf 88' lang='lat' dir='ltr'><strong>est</strong></span> <span class='ocrx_word' id='word_1_660' title='bbox 1255 5260 1308 5314; x_wconf 92' lang='lat' dir='ltr'><strong>in</strong></span> <span class='ocrx_word' id='word_1_661' title='bbox 1338 5262 1591 5317; x_wconf 88' lang='lat' dir='ltr'><strong>membris</strong></span> <span class='ocrx_word' id='word_1_662' title='bbox 1616 5263 1760 5332; x_wconf 91' lang='lat' dir='ltr'><strong>quod</strong></span> 
     </span>
    </p>
   </div>
   <div class='ocr_carea' id='block_1_85' title="bbox 166 5344 1760 5422">
    <p class='ocr_par' dir='ltr' id='par_1_85' title="bbox 166 5344 1760 5422">
     <span class='ocr_line' id='line_1_85' title="bbox 166 5344 1760 5422; baseline 0.004 -21"><span class='ocrx_word' id='word_1_663' title='bbox 166 5347 317 5401; x_wconf 88' lang='lat' dir='ltr'><strong>Deus</strong></span> <span class='ocrx_word' id='word_1_664' title='bbox 337 5344 593 5410; x_wconf 88' lang='lat' dir='ltr'><strong>condidit,</strong></span> <span class='ocrx_word' id='word_1_665' title='bbox 634 5353 690 5401; x_wconf 88' lang='lat' dir='ltr'><strong>et</strong></span> <span class='ocrx_word' id='word_1_666' title='bbox 715 5362 877 5416; x_wconf 88' lang='lat' dir='ltr'><strong>super</strong></span> <span class='ocrx_word' id='word_1_667' title='bbox 906 5347 1158 5404; x_wconf 82' lang='lat' dir='ltr'><strong>fabricam</strong></span> <span class='ocrx_word' id='word_1_668' title='bbox 1200 5348 1293 5405; x_wconf 92' lang='lat' dir='ltr'><strong>Dei</strong></span> <span class='ocrx_word' id='word_1_669' title='bbox 1323 5350 1568 5407; x_wconf 86' lang='lat' dir='ltr'><strong>inimicus</strong></span> <span class='ocrx_word' id='word_1_670' title='bbox 1595 5368 1760 5422; x_wconf 87' lang='lat' dir='ltr'><strong>appa-</strong></span> 
     </span>
    </p>
   </div>
   <div class='ocr_carea' id='block_1_86' title="bbox 168 5435 1756 5509">
    <p class='ocr_par' dir='ltr' id='par_1_86' title="bbox 168 5435 1756 5509">
     <span class='ocr_line' id='line_1_86' title="bbox 168 5435 1756 5509; baseline 0.006 -20"><span class='ocrx_word' id='word_1_671' title='bbox 168 5435 300 5503; x_wconf 90' lang='lat' dir='ltr'><strong>ruit,</strong></span> <span class='ocrx_word' id='word_1_672' title='bbox 325 5443 380 5491; x_wconf 90' lang='lat' dir='ltr'><strong>et</strong></span> <span class='ocrx_word' id='word_1_673' title='bbox 402 5435 515 5490; x_wconf 88' lang='lat' dir='ltr'><strong>Deo</strong></span> <span class='ocrx_word' id='word_1_674' title='bbox 542 5436 712 5492; x_wconf 90' lang='lat' dir='ltr'><strong>invito</strong></span> <span class='ocrx_word' id='word_1_675' title='bbox 731 5437 858 5493; x_wconf 75' lang='lat' dir='ltr'><strong>fecit</strong></span> <span class='ocrx_word' id='word_1_676' title='bbox 875 5447 1176 5494; x_wconf 84' lang='lat' dir='ltr'><strong>creaturam</strong></span> <span class='ocrx_word' id='word_1_677' title='bbox 1205 5440 1321 5509; x_wconf 87' lang='lat' dir='ltr'><strong>ejus</strong></span> <span class='ocrx_word' id='word_1_678' title='bbox 1362 5442 1588 5497; x_wconf 85' lang='lat' dir='ltr'><strong>alterum</strong></span> <span class='ocrx_word' id='word_1_679' title='bbox 1610 5444 1756 5507; x_wconf 77' lang='lat' dir='ltr'><strong>ordi-</strong></span> 
     </span>
    </p>
   </div>
   <div class='ocr_carea' id='block_1_87' title="bbox 1392 5600 1457 5620">
    <p class='ocr_par' dir='ltr' id='par_1_87' title="bbox 1392 5600 1457 5620">
     <span class='ocr_line' id='line_1_87' title="bbox 1392 5600 1457 5620; baseline 0 0"><span class='ocrx_word' id='word_1_680' title='bbox 1392 5600 1457 5620; x_wconf 57' lang='grc' dir='ltr'><strong>κ-</strong></span> 
     </span>
    </p>
   </div>
   <div class='ocr_carea' id='block_1_88' title="bbox 243 5632 1745 5706">
    <p class='ocr_par' dir='ltr' id='par_1_88' title="bbox 243 5632 1745 5706">
     <span class='ocr_line' id='line_1_88' title="bbox 243 5632 1745 5706; baseline 0.007 -21"><span class='ocrx_word' id='word_1_681' title='bbox 243 5632 384 5706; x_wconf 57' lang='grc' dir='ltr'><strong>ξῃξ.</strong></span> <span class='ocrx_word' id='word_1_682' title='bbox 410 5633 704 5706; x_wconf 80' lang='lat' dir='ltr'><strong>Augiense:</strong></span> <span class='ocrx_word' id='word_1_683' title='bbox 725 5633 916 5690; x_wconf 81' lang='lat' dir='ltr'><strong>XXXI.</strong></span> <span class='ocrx_word' id='word_1_684' title='bbox 941 5635 1238 5693; x_wconf 66' lang='lat' dir='ltr'><strong>HEBETICI.</strong></span> <span class='ocrx_word' id='word_1_685' title='bbox 1264 5637 1326 5694; x_wconf 89' lang='lat' dir='ltr'><strong>Si</strong></span> <span class='ocrx_word' id='word_1_686' title='bbox 1347 5639 1615 5706; x_wconf 84' lang='lat' dir='ltr'><strong>darentur,</strong></span> <span class='ocrx_word' id='word_1_687' title='bbox 1640 5650 1745 5698; x_wconf 89' lang='lat' dir='ltr'><strong>etc.</strong></span> 
     </span>
    </p>
   </div>
   <div class='ocr_carea' id='block_1_89' title="bbox 240 5700 1583 5776">
    <p class='ocr_par' dir='ltr' id='par_1_89' title="bbox 240 5700 1583 5776">
     <span class='ocr_line' id='line_1_89' title="bbox 240 5700 1583 5776; baseline 0.005 -21"><span class='ocrx_word' id='word_1_688' title='bbox 240 5700 273 5740; x_wconf 71' lang='grc' dir='ltr'>δ</span> <span class='ocrx_word' id='word_1_689' title='bbox 312 5701 407 5776; x_wconf 55' lang='grc' dir='ltr'><strong>με.</strong></span> <span class='ocrx_word' id='word_1_690' title='bbox 442 5700 580 5776; x_wconf 79' lang='lat' dir='ltr'><strong>idem</strong></span> <span class='ocrx_word' id='word_1_691' title='bbox 609 5723 621 5758; x_wconf 90' lang='lat'><strong>:</strong></span> <span class='ocrx_word' id='word_1_692' title='bbox 648 5706 966 5776; x_wconf 37' lang='lat' dir='ltr'><strong>(ignotior.</strong></span> <span class='ocrx_word' id='word_1_693' title='bbox 1007 5707 1285 5762; x_wconf 83' lang='lat' dir='ltr'><strong>Videamus</strong></span> <span class='ocrx_word' id='word_1_694' title='bbox 1310 5727 1450 5776; x_wconf 82' lang='lat' dir='ltr'><strong>ergo,</strong></span> <span class='ocrx_word' id='word_1_695' title='bbox 1480 5719 1583 5765; x_wconf 89' lang='lat' dir='ltr'><strong>etc.</strong></span> 
     </span>
    </p>
   </div>
   <div class='ocr_carea' id='block_1_90' title="bbox 251 5768 1749 5854">
    <p class='ocr_par' dir='ltr' id='par_1_90' title="bbox 251 5768 1749 5854">
     <span class='ocr_line' id='line_1_90' title="bbox 251 5768 1749 5854; baseline 0.007 -28"><span class='ocrx_word' id='word_1_696' title='bbox 251 5784 275 5809; x_wconf 71' lang='grc' dir='ltr'><strong>ε</strong></span> <span class='ocrx_word' id='word_1_697' title='bbox 310 5769 408 5827; x_wconf 74' lang='lat' dir='ltr'><strong>Ms.</strong></span> <span class='ocrx_word' id='word_1_698' title='bbox 440 5773 576 5829; x_wconf 88' lang='lat' dir='ltr'><strong>idem</strong></span> <span class='ocrx_word' id='word_1_699' title='bbox 602 5792 617 5829; x_wconf 68' lang='grc' dir='ltr'>ς</span> <span class='ocrx_word' id='word_1_700' title='bbox 646 5773 858 5831; x_wconf 74' lang='grc' dir='ltr'><strong>ΧΧΧΙΙ.</strong></span> <span class='ocrx_word' id='word_1_701' title='bbox 883 5776 1177 5834; x_wconf 70' lang='grc' dir='ltr'><strong>Ηειιετιω.</strong></span> <span class='ocrx_word' id='word_1_702' title='bbox 1212 5777 1281 5832; x_wconf 83' lang='lat' dir='ltr'><strong>Et</strong></span> <span class='ocrx_word' id='word_1_703' title='bbox 1310 5768 1469 5835; x_wconf 68' lang='lat' dir='ltr'><strong>miror</strong></span> <span class='ocrx_word' id='word_1_704' title='bbox 1489 5797 1586 5854; x_wconf 84' lang='lat' dir='ltr'><strong>qua</strong></span> <span class='ocrx_word' id='word_1_705' title='bbox 1609 5782 1749 5854; x_wconf 75' lang='lat' dir='ltr'><strong>fron-</strong></span> 
     </span>
    </p>
   </div>
   <div class='ocr_carea' id='block_1_91' title="bbox 1876 3342 3464 3416">
    <p class='ocr_par' dir='ltr' id='par_1_91' title="bbox 1876 3342 3464 3416">
     <span class='ocr_line' id='line_1_91' title="bbox 1876 3342 3464 3416; baseline 0.001 -18"><span class='ocrx_word' id='word_1_706' title='bbox 1876 3343 2068 3410; x_wconf 87' lang='lat' dir='ltr'><strong>turale,</strong></span> <span class='ocrx_word' id='word_1_707' title='bbox 2098 3342 2213 3413; x_wconf 91' lang='lat' dir='ltr'><strong>qui,</strong></span> <span class='ocrx_word' id='word_1_708' title='bbox 2236 3353 2295 3398; x_wconf 90' lang='lat' dir='ltr'><strong>ut</strong></span> <span class='ocrx_word' id='word_1_709' title='bbox 2311 3346 2688 3414; x_wconf 88' lang='lat' dir='ltr'><strong>multiplicaret</strong></span> <span class='ocrx_word' id='word_1_710' title='bbox 2706 3346 2935 3416; x_wconf 90' lang='lat' dir='ltr'><strong>prolem,</strong></span> <span class='ocrx_word' id='word_1_711' title='bbox 2952 3345 3073 3400; x_wconf 91' lang='lat' dir='ltr'><strong>ideo</strong></span> <span class='ocrx_word' id='word_1_712' title='bbox 3094 3345 3318 3400; x_wconf 88' lang='lat' dir='ltr'><strong>inseruit</strong></span> <span class='ocrx_word' id='word_1_713' title='bbox 3342 3346 3464 3401; x_wconf 54' lang='lat' dir='ltr'><strong>cha‘</strong></span> 
     </span>
    </p>
   </div>
   <div class='ocr_carea' id='block_1_92' title="bbox 1875 3435 3460 3506">
    <p class='ocr_par' dir='ltr' id='par_1_92' title="bbox 1875 3435 3460 3506">
     <span class='ocr_line' id='line_1_92' title="bbox 1875 3435 3460 3506; baseline 0.002 -17"><span class='ocrx_word' id='word_1_714' title='bbox 1875 3435 2109 3490; x_wconf 87' lang='lat' dir='ltr'><strong>ritatem.</strong></span> <span class='ocrx_word' id='word_1_715' title='bbox 2127 3435 2258 3489; x_wconf 87' lang='lat' dir='ltr'><strong>Nam</strong></span> <span class='ocrx_word' id='word_1_716' title='bbox 2279 3451 2398 3490; x_wconf 90' lang='lat' dir='ltr'><strong>cum</strong></span> <span class='ocrx_word' id='word_1_717' title='bbox 2428 3436 2495 3490; x_wconf 92' lang='lat' dir='ltr'><strong>de</strong></span> <span class='ocrx_word' id='word_1_718' title='bbox 2524 3437 2774 3506; x_wconf 76' lang='lat' dir='ltr'><strong>coniugio</strong></span> <span class='ocrx_word' id='word_1_719' title='bbox 2799 3443 2855 3491; x_wconf 91' lang='lat' dir='ltr'><strong>et</strong></span> <span class='ocrx_word' id='word_1_720' title='bbox 2873 3436 3100 3505; x_wconf 87' lang='lat' dir='ltr'><strong>repudio</strong></span> <span class='ocrx_word' id='word_1_721' title='bbox 3121 3443 3460 3501; x_wconf 77' lang='lat' dir='ltr'><strong>tractaretur,</strong></span> 
     </span>
    </p>
   </div>
   <div class='ocr_carea' id='block_1_93' title="bbox 1878 3528 3460 3594">
    <p class='ocr_par' dir='ltr' id='par_1_93' title="bbox 1878 3528 3460 3594">
     <span class='ocr_line' id='line_1_93' title="bbox 1878 3528 3460 3594; baseline -0.001 -10"><span class='ocrx_word' id='word_1_722' title='bbox 1878 3538 2002 3585; x_wconf 89' lang='lat' dir='ltr'><strong>tunc</strong></span> <span class='ocrx_word' id='word_1_723' title='bbox 2047 3529 2306 3585; x_wconf 91' lang='lat' dir='ltr'><strong>Dominus</strong></span> <span class='ocrx_word' id='word_1_724' title='bbox 2354 3531 2511 3585; x_wconf 83' lang='lat' dir='ltr'><strong>istam</strong></span> <span class='ocrx_word' id='word_1_725' title='bbox 2568 3530 2790 3585; x_wconf 87' lang='lat' dir='ltr'><strong>dictavit</strong></span> <span class='ocrx_word' id='word_1_726' title='bbox 2834 3529 3179 3594; x_wconf 89' lang='lat' dir='ltr'><strong>sententiam,</strong></span> <span class='ocrx_word' id='word_1_727' title='bbox 3237 3528 3460 3583; x_wconf 91' lang='lat' dir='ltr'><strong>dicens&#39;:</strong></span> 
     </span>
    </p>
   </div>
   <div class='ocr_carea' id='block_1_94' title="bbox 1877 3617 3532 3693">
    <p class='ocr_par' dir='ltr' id='par_1_94' title="bbox 1877 3617 3532 3693">
     <span class='ocr_line' id='line_1_94' title="bbox 1877 3617 3532 3693; baseline -0.001 -19"><span class='ocrx_word' id='word_1_728' title='bbox 1877 3620 2028 3684; x_wconf 84' lang='lat' dir='ltr'><strong>Quod</strong></span> <span class='ocrx_word' id='word_1_729' title='bbox 2077 3620 2217 3675; x_wconf 88' lang='lat' dir='ltr'><strong>Deus</strong></span> <span class='ocrx_word' id='word_1_730' title='bbox 2262 3621 2471 3693; x_wconf 74' lang='lat' dir='ltr'><strong>junxit,</strong></span> <span class='ocrx_word' id='word_1_731' title='bbox 2502 3621 2656 3675; x_wconf 83' lang='lat' dir='ltr'><strong>homo</strong></span> <span class='ocrx_word' id='word_1_732' title='bbox 2706 3636 2808 3674; x_wconf 88' lang='lat' dir='ltr'><strong>non</strong></span> <span class='ocrx_word' id='word_1_733' title='bbox 2864 3626 3085 3689; x_wconf 88' lang='lat' dir='ltr'><strong>separet.</strong></span> <span class='ocrx_word' id='word_1_734' title='bbox 3117 3617 3232 3673; x_wconf 75' lang='lat' dir='ltr'><strong>Hoc</strong></span> <span class='ocrx_word' id='word_1_735' title='bbox 3283 3626 3460 3673; x_wconf 79' lang='lat' dir='ltr'><strong>autem</strong></span> <span class='ocrx_word' id='word_1_736' title='bbox 3517 3633 3532 3650; x_wconf 85' lang='lat'>&#39;</span> 
     </span>
    </p>
   </div>
   <div class='ocr_carea' id='block_1_95' title="bbox 1873 3706 3459 3779">
    <p class='ocr_par' dir='ltr' id='par_1_95' title="bbox 1873 3706 3459 3779">
     <span class='ocr_line' id='line_1_95' title="bbox 1873 3706 3459 3779; baseline -0.003 -14"><span class='ocrx_word' id='word_1_737' title='bbox 1873 3710 1996 3765; x_wconf 88' lang='lat' dir='ltr'><strong>ideo</strong></span> <span class='ocrx_word' id='word_1_738' title='bbox 2025 3710 2177 3775; x_wconf 88' lang='lat' dir='ltr'><strong>dixit,</strong></span> <span class='ocrx_word' id='word_1_739' title='bbox 2208 3717 2270 3763; x_wconf 88' lang='lat' dir='ltr'><strong>ut</strong></span> <span class='ocrx_word' id='word_1_740' title='bbox 2315 3710 2620 3779; x_wconf 89' lang='lat' dir='ltr'><strong>specialiter</strong></span> <span class='ocrx_word' id='word_1_741' title='bbox 2676 3709 2982 3779; x_wconf 89' lang='lat' dir='ltr'><strong>nuptiarum</strong></span> <span class='ocrx_word' id='word_1_742' title='bbox 3027 3706 3459 3777; x_wconf 90' lang='lat' dir='ltr'><strong>conjunctionem</strong></span> 
     </span>
    </p>
   </div>
   <div class='ocr_carea' id='block_1_96' title="bbox 1872 3799 3458 3870">
    <p class='ocr_par' dir='ltr' id='par_1_96' title="bbox 1872 3799 3458 3870">
     <span class='ocr_line' id='line_1_96' title="bbox 1872 3799 3458 3870; baseline -0.001 -16"><span class='ocrx_word' id='word_1_743' title='bbox 1872 3815 1940 3854; x_wconf 85' lang='lat' dir='ltr'><strong>ex</strong></span> <span class='ocrx_word' id='word_1_744' title='bbox 1968 3799 2079 3855; x_wconf 89' lang='lat' dir='ltr'><strong>Deo</strong></span> <span class='ocrx_word' id='word_1_745' title='bbox 2126 3815 2244 3855; x_wconf 88' lang='lat' dir='ltr'><strong>esse</strong></span> <span class='ocrx_word' id='word_1_746' title='bbox 2272 3808 2616 3855; x_wconf 89' lang='lat' dir='ltr'><strong>monstraret.</strong></span> <span class='ocrx_word' id='word_1_747' title='bbox 2649 3799 2761 3855; x_wconf 88' lang='lat' dir='ltr'><strong>Nec</strong></span> <span class='ocrx_word' id='word_1_748' title='bbox 2811 3800 2956 3854; x_wconf 91' lang='lat' dir='ltr'><strong>enim</strong></span> <span class='ocrx_word' id='word_1_749' title='bbox 3001 3813 3121 3854; x_wconf 88' lang='lat' dir='ltr'><strong>esse</strong></span> <span class='ocrx_word' id='word_1_750' title='bbox 3149 3799 3343 3870; x_wconf 88' lang='lat' dir='ltr'><strong>potuit,</strong></span> <span class='ocrx_word' id='word_1_751' title='bbox 3368 3806 3458 3854; x_wconf 88' lang='lat' dir='ltr'><strong>aut</strong></span> 
     </span>
    </p>
   </div>
   <div class='ocr_carea' id='block_1_97' title="bbox 1871 3893 3460 3963">
    <p class='ocr_par' dir='ltr' id='par_1_97' title="bbox 1871 3893 3460 3963">
     <span class='ocr_line' id='line_1_97' title="bbox 1871 3893 3460 3963; baseline 0.001 -16"><span class='ocrx_word' id='word_1_752' title='bbox 1871 3894 1989 3959; x_wconf 80' lang='lat' dir='ltr'><strong>sine</strong></span> <span class='ocrx_word' id='word_1_753' title='bbox 2034 3893 2417 3963; x_wconf 89' lang='lat' dir='ltr'><strong>conjunctione</strong></span> <span class='ocrx_word' id='word_1_754' title='bbox 2459 3893 2797 3959; x_wconf 76' lang='lat' dir='ltr'><strong>commixtio,</strong></span> <span class='ocrx_word' id='word_1_755' title='bbox 2828 3900 2922 3948; x_wconf 87' lang='lat' dir='ltr'><strong>aut</strong></span> <span class='ocrx_word' id='word_1_756' title='bbox 2969 3893 3170 3962; x_wconf 89' lang='lat' dir='ltr'><strong>absque</strong></span> <span class='ocrx_word' id='word_1_757' title='bbox 3197 3893 3460 3949; x_wconf 80' lang='lat' dir='ltr'><strong>commix-</strong></span> 
     </span>
    </p>
   </div>
   <div class='ocr_carea' id='block_1_98' title="bbox 1871 3981 3457 4052">
    <p class='ocr_par' dir='ltr' id='par_1_98' title="bbox 1871 3981 3457 4052">
     <span class='ocr_line' id='line_1_98' title="bbox 1871 3981 3457 4052; baseline 0 -15"><span class='ocrx_word' id='word_1_758' title='bbox 1871 3984 2020 4039; x_wconf 91' lang='lat' dir='ltr'><strong>tione</strong></span> <span class='ocrx_word' id='word_1_759' title='bbox 2048 3983 2377 4052; x_wconf 90' lang='lat' dir='ltr'><strong>conjunctio.</strong></span> <span class='ocrx_word' id='word_1_760' title='bbox 2408 3981 2465 4038; x_wconf 88' lang='lat' dir='ltr'><strong>Si</strong></span> <span class='ocrx_word' id='word_1_761' title='bbox 2493 3999 2601 4039; x_wconf 92' lang='lat' dir='ltr'><strong>non</strong></span> <span class='ocrx_word' id='word_1_762' title='bbox 2630 3999 2698 4038; x_wconf 83' lang='lat' dir='ltr'><strong>ex</strong></span> <span class='ocrx_word' id='word_1_763' title='bbox 2726 3991 2972 4039; x_wconf 88' lang='lat' dir='ltr'><strong>creatura</strong></span> <span class='ocrx_word' id='word_1_764' title='bbox 3003 3983 3242 4049; x_wconf 88' lang='lat' dir='ltr'><strong>factoris,</strong></span> <span class='ocrx_word' id='word_1_765' title='bbox 3268 3982 3361 4037; x_wconf 88' lang='lat' dir='ltr'><strong>sed</strong></span> <span class='ocrx_word' id='word_1_766' title='bbox 3390 3998 3457 4037; x_wconf 88' lang='lat' dir='ltr'><strong>ex</strong></span> 
     </span>
    </p>
   </div>
   <div class='ocr_carea' id='block_1_99' title="bbox 1871 4074 3456 4145">
    <p class='ocr_par' dir='ltr' id='par_1_99' title="bbox 1871 4074 3456 4145">
     <span class='ocr_line' id='line_1_99' title="bbox 1871 4074 3456 4145; baseline -0.003 -14"><span class='ocrx_word' id='word_1_767' title='bbox 1871 4082 2113 4145; x_wconf 88' lang='lat' dir='ltr'><strong>peccato,</strong></span> <span class='ocrx_word' id='word_1_768' title='bbox 2163 4075 2440 4143; x_wconf 89' lang='lat' dir='ltr'><strong>inquiunt,</strong></span> <span class='ocrx_word' id='word_1_769' title='bbox 2491 4075 2924 4145; x_wconf 89' lang='lat' dir='ltr'><strong>concupiscentia</strong></span> <span class='ocrx_word' id='word_1_770' title='bbox 2979 4074 3272 4138; x_wconf 87' lang='lat' dir='ltr'><strong>maritalis;</strong></span> <span class='ocrx_word' id='word_1_771' title='bbox 3331 4087 3456 4141; x_wconf 83' lang='lat' dir='ltr'><strong>ergo</strong></span> 
     </span>
    </p>
   </div>
   <div class='ocr_carea' id='block_1_100' title="bbox 1869 4162 3454 4232">
    <p class='ocr_par' dir='ltr' id='par_1_100' title="bbox 1869 4162 3454 4232">
     <span class='ocr_line' id='line_1_100' title="bbox 1869 4162 3454 4232; baseline -0.001 -12"><span class='ocrx_word' id='word_1_772' title='bbox 1869 4165 2163 4221; x_wconf 89' lang='lat' dir='ltr'><strong>secundum</strong></span> <span class='ocrx_word' id='word_1_773' title='bbox 2212 4180 2308 4220; x_wconf 90' lang='lat' dir='ltr'><strong>vos</strong></span> <span class='ocrx_word' id='word_1_774' title='bbox 2333 4164 2477 4220; x_wconf 87' lang='lat' dir='ltr'><strong>Deus</strong></span> <span class='ocrx_word' id='word_1_775' title='bbox 2523 4165 2627 4220; x_wconf 92' lang='lat' dir='ltr'><strong>hoc</strong></span> <span class='ocrx_word' id='word_1_776' title='bbox 2681 4165 2733 4218; x_wconf 91' lang='lat' dir='ltr'><strong>in</strong></span> <span class='ocrx_word' id='word_1_777' title='bbox 2775 4163 3154 4219; x_wconf 89' lang='lat' dir='ltr'><strong>benedictione</strong></span> <span class='ocrx_word' id='word_1_778' title='bbox 3179 4162 3454 4232; x_wconf 80' lang='lat' dir='ltr'><strong>conjunxit</strong></span> 
     </span>
    </p>
   </div>
   <div class='ocr_carea' id='block_1_101' title="bbox 1868 4249 3454 4327">
    <p class='ocr_par' dir='ltr' id='par_1_101' title="bbox 1868 4249 3454 4327">
     <span class='ocr_line' id='line_1_101' title="bbox 1868 4249 3454 4327; baseline -0.001 -17"><span class='ocrx_word' id='word_1_779' title='bbox 1868 4256 2013 4327; x_wconf 85' lang='lat' dir='ltr'><strong>quod</strong></span> <span class='ocrx_word' id='word_1_780' title='bbox 2056 4256 2303 4313; x_wconf 79' lang='lat' dir='ltr'><strong>diabolus</strong></span> <span class='ocrx_word' id='word_1_781' title='bbox 2350 4271 2448 4327; x_wconf 90' lang='lat' dir='ltr'><strong>per</strong></span> <span class='ocrx_word' id='word_1_782' title='bbox 2492 4249 2986 4326; x_wconf 66' lang='lat' dir='ltr'><strong>prievaricationem</strong></span> <span class='ocrx_word' id='word_1_783' title='bbox 3026 4254 3271 4308; x_wconf 88' lang='lat' dir='ltr'><strong>inseruit.</strong></span> <span class='ocrx_word' id='word_1_784' title='bbox 3303 4253 3454 4320; x_wconf 86' lang='lat' dir='ltr'><strong>Quod</strong></span> 
     </span>
    </p>
   </div>
   <div class='ocr_carea' id='block_1_102' title="bbox 1868 4343 3456 4413">
    <p class='ocr_par' dir='ltr' id='par_1_102' title="bbox 1868 4343 3456 4413">
     <span class='ocr_line' id='line_1_102' title="bbox 1868 4343 3456 4413; baseline 0.001 -12"><span class='ocrx_word' id='word_1_785' title='bbox 1868 4347 1914 4401; x_wconf 89' lang='lat' dir='ltr'><strong>si</strong></span> <span class='ocrx_word' id='word_1_786' title='bbox 1943 4348 2029 4401; x_wconf 70' lang='lat' dir='ltr'><strong>ita</strong></span> <span class='ocrx_word' id='word_1_787' title='bbox 2060 4354 2167 4413; x_wconf 76' lang='lat' dir='ltr'><strong>est,</strong></span> <span class='ocrx_word' id='word_1_788' title='bbox 2208 4363 2321 4403; x_wconf 78' lang='lat' dir='ltr'><strong>non</strong></span> <span class='ocrx_word' id='word_1_789' title='bbox 2346 4347 2444 4401; x_wconf 85' lang='lat' dir='ltr'><strong>fuit</strong></span> <span class='ocrx_word' id='word_1_790' title='bbox 2485 4346 2823 4401; x_wconf 88' lang='lat' dir='ltr'><strong>adversarius</strong></span> <span class='ocrx_word' id='word_1_791' title='bbox 2862 4344 2955 4399; x_wconf 89' lang='lat' dir='ltr'><strong>sed</strong></span> <span class='ocrx_word' id='word_1_792' title='bbox 3011 4343 3224 4413; x_wconf 87' lang='lat' dir='ltr'><strong>adjutor</strong></span> <span class='ocrx_word' id='word_1_793' title='bbox 3264 4343 3379 4409; x_wconf 86' lang='lat' dir='ltr'><strong>Dei,</strong></span> <span class='ocrx_word' id='word_1_794' title='bbox 3410 4344 3456 4402; x_wconf 85' lang='lat' dir='ltr'><strong>si</strong></span> 
     </span>
    </p>
   </div>
   <div class='ocr_carea' id='block_1_103' title="bbox 1865 4436 3456 4508">
    <p class='ocr_par' dir='ltr' id='par_1_103' title="bbox 1865 4436 3456 4508">
     <span class='ocr_line' id='line_1_103' title="bbox 1865 4436 3456 4508; baseline -0.004 -14"><span class='ocrx_word' id='word_1_795' title='bbox 1865 4453 2002 4508; x_wconf 89' lang='lat' dir='ltr'><strong>quos</strong></span> <span class='ocrx_word' id='word_1_796' title='bbox 2028 4438 2169 4493; x_wconf 89' lang='lat' dir='ltr'><strong>Deus</strong></span> <span class='ocrx_word' id='word_1_797' title='bbox 2197 4439 2248 4492; x_wconf 91' lang='lat' dir='ltr'><strong>in</strong></span> <span class='ocrx_word' id='word_1_798' title='bbox 2278 4454 2440 4494; x_wconf 89' lang='lat' dir='ltr'><strong>carne</strong></span> <span class='ocrx_word' id='word_1_799' title='bbox 2467 4453 2572 4492; x_wconf 90' lang='lat' dir='ltr'><strong>una</strong></span> <span class='ocrx_word' id='word_1_800' title='bbox 2602 4452 2719 4492; x_wconf 86' lang='lat' dir='ltr'><strong>esse</strong></span> <span class='ocrx_word' id='word_1_801' title='bbox 2747 4436 2934 4501; x_wconf 88' lang='lat' dir='ltr'><strong>voluit,</strong></span> <span class='ocrx_word' id='word_1_802' title='bbox 2957 4450 3053 4506; x_wconf 90' lang='lat' dir='ltr'><strong>per</strong></span> <span class='ocrx_word' id='word_1_803' title='bbox 3071 4436 3456 4504; x_wconf 57' lang='lat' dir='ltr'><strong>concupiscent-</strong></span> 
     </span>
    </p>
   </div>
   <div class='ocr_carea' id='block_1_104' title="bbox 1867 4524 3455 4599">
    <p class='ocr_par' dir='ltr' id='par_1_104' title="bbox 1867 4524 3455 4599">
     <span class='ocr_line' id='line_1_104' title="bbox 1867 4524 3455 4599; baseline -0.003 -16"><span class='ocrx_word' id='word_1_804' title='bbox 1867 4530 1997 4584; x_wconf 91' lang='lat' dir='ltr'><strong>tiam</strong></span> <span class='ocrx_word' id='word_1_805' title='bbox 2044 4528 2429 4599; x_wconf 85' lang='lat' dir='ltr'><strong>inseparabiles</strong></span> <span class='ocrx_word' id='word_1_806' title='bbox 2456 4528 2604 4593; x_wconf 87' lang='lat' dir='ltr'><strong>fecit,</strong></span> <span class='ocrx_word' id='word_1_807' title='bbox 2632 4535 2688 4581; x_wconf 90' lang='lat' dir='ltr'><strong>et</strong></span> <span class='ocrx_word' id='word_1_808' title='bbox 2727 4526 2871 4596; x_wconf 91' lang='lat' dir='ltr'><strong>quod</strong></span> <span class='ocrx_word' id='word_1_809' title='bbox 2894 4526 2981 4580; x_wconf 90' lang='lat' dir='ltr'><strong>ille</strong></span> <span class='ocrx_word' id='word_1_810' title='bbox 3006 4524 3164 4594; x_wconf 88' lang='lat' dir='ltr'><strong>jussit</strong></span> <span class='ocrx_word' id='word_1_811' title='bbox 3188 4524 3371 4593; x_wconf 84' lang='lat' dir='ltr'><strong>augeri</strong></span> <span class='ocrx_word' id='word_1_812' title='bbox 3401 4532 3455 4579; x_wconf 91' lang='lat' dir='ltr'><strong>et</strong></span> 
     </span>
    </p>
   </div>
   <div class='ocr_carea' id='block_1_105' title="bbox 1798 4594 3455 4690">
    <p class='ocr_par' dir='ltr' id='par_1_105' title="bbox 1798 4594 3455 4690">
     <span class='ocr_line' id='line_1_105' title="bbox 1798 4594 3455 4690; baseline -0.004 -13"><span class='ocrx_word' id='word_1_813' title='bbox 1798 4594 1845 4654; x_wconf 67' lang='grc' dir='ltr'><strong>θ</strong></span> <span class='ocrx_word' id='word_1_814' title='bbox 1868 4637 2131 4687; x_wconf 87' lang='lat' dir='ltr'><strong>crescere,</strong></span> <span class='ocrx_word' id='word_1_815' title='bbox 2162 4594 2250 4675; x_wconf 83' lang='lat' dir='ltr'><strong>hic</strong></span> <span class='ocrx_word' id='word_1_816' title='bbox 2274 4636 2371 4690; x_wconf 90' lang='lat' dir='ltr'><strong>per</strong></span> <span class='ocrx_word' id='word_1_817' title='bbox 2397 4620 2542 4688; x_wconf 92' lang='lat' dir='ltr'><strong>quod</strong></span> <span class='ocrx_word' id='word_1_818' title='bbox 2581 4594 2906 4689; x_wconf 81' lang='lat' dir='ltr'><strong>hoc-ipsum</strong></span> <span class='ocrx_word' id='word_1_819' title='bbox 2948 4617 3092 4686; x_wconf 92' lang='lat' dir='ltr'><strong>quod</strong></span> <span class='ocrx_word' id='word_1_820' title='bbox 3136 4616 3369 4686; x_wconf 85' lang='lat' dir='ltr'><strong>jusserat</strong></span> <span class='ocrx_word' id='word_1_821' title='bbox 3399 4624 3455 4670; x_wconf 89' lang='lat' dir='ltr'><strong>ut</strong></span> 
     </span>
    </p>
   </div>
   <div class='ocr_carea' id='block_1_106' title="bbox 1867 4705 3453 4783">
    <p class='ocr_par' dir='ltr' id='par_1_106' title="bbox 1867 4705 3453 4783">
     <span class='ocr_line' id='line_1_106' title="bbox 1867 4705 3453 4783; baseline -0.005 -15"><span class='ocrx_word' id='word_1_822' title='bbox 1867 4713 2181 4783; x_wconf 90' lang='lat' dir='ltr'><strong>impleretur</strong></span> <span class='ocrx_word' id='word_1_823' title='bbox 2196 4712 2416 4766; x_wconf 87' lang='lat' dir='ltr'><strong>invenit.</strong></span> <span class='ocrx_word' id='word_1_824' title='bbox 2438 4709 2484 4764; x_wconf 91' lang='grc'><strong>0</strong></span> <span class='ocrx_word' id='word_1_825' title='bbox 2502 4726 2663 4779; x_wconf 89' lang='lat' dir='ltr'><strong>quam</strong></span> <span class='ocrx_word' id='word_1_826' title='bbox 2689 4709 2870 4765; x_wconf 80' lang='lat' dir='ltr'><strong>infelix</strong></span> <span class='ocrx_word' id='word_1_827' title='bbox 2893 4709 3145 4779; x_wconf 87' lang='lat' dir='ltr'><strong>impietas</strong></span> <span class='ocrx_word' id='word_1_828' title='bbox 3160 4715 3243 4762; x_wconf 92' lang='lat' dir='ltr'><strong>est</strong></span> <span class='ocrx_word' id='word_1_829' title='bbox 3257 4722 3286 4760; x_wconf 91' lang='lat' dir='ltr'><strong>a</strong></span> <span class='ocrx_word' id='word_1_830' title='bbox 3310 4705 3453 4761; x_wconf 68' lang='lat' dir='ltr'><strong>Piac-</strong></span> 
     </span>
    </p>
   </div>
   <div class='ocr_carea' id='block_1_107' title="bbox 1866 4799 3447 4873">
    <p class='ocr_par' dir='ltr' id='par_1_107' title="bbox 1866 4799 3447 4873">
     <span class='ocr_line' id='line_1_107' title="bbox 1866 4799 3447 4873; baseline -0.003 -15"><span class='ocrx_word' id='word_1_831' title='bbox 1866 4805 2146 4861; x_wconf 90' lang='lat' dir='ltr'><strong>destinatis</strong></span> <span class='ocrx_word' id='word_1_832' title='bbox 2172 4804 2411 4867; x_wconf 86' lang='lat' dir='ltr'><strong>inventa,</strong></span> <span class='ocrx_word' id='word_1_833' title='bbox 2442 4811 2499 4857; x_wconf 93' lang='lat' dir='ltr'><strong>ut</strong></span> <span class='ocrx_word' id='word_1_834' title='bbox 2523 4818 2591 4857; x_wconf 84' lang='lat' dir='ltr'><strong>ex</strong></span> <span class='ocrx_word' id='word_1_835' title='bbox 2621 4801 3060 4873; x_wconf 65' lang='lat' dir='ltr'><strong>praevaricatione</strong></span> <span class='ocrx_word' id='word_1_836' title='bbox 3083 4799 3294 4863; x_wconf 88' lang='lat' dir='ltr'><strong>dicatur</strong></span> <span class='ocrx_word' id='word_1_837' title='bbox 3322 4815 3447 4854; x_wconf 84' lang='lat' dir='ltr'><strong>eve-</strong></span> 
     </span>
    </p>
   </div>
   <div class='ocr_carea' id='block_1_108' title="bbox 1866 4891 3451 4969">
    <p class='ocr_par' dir='ltr' id='par_1_108' title="bbox 1866 4891 3451 4969">
     <span class='ocr_line' id='line_1_108' title="bbox 1866 4891 3451 4969; baseline -0.003 -17"><span class='ocrx_word' id='word_1_838' title='bbox 1866 4898 2009 4953; x_wconf 89' lang='lat' dir='ltr'><strong>nisse</strong></span> <span class='ocrx_word' id='word_1_839' title='bbox 2056 4896 2309 4962; x_wconf 90' lang='lat' dir='ltr'><strong>hominis,</strong></span> <span class='ocrx_word' id='word_1_840' title='bbox 2337 4895 2481 4969; x_wconf 90' lang='lat' dir='ltr'><strong>quod</strong></span> <span class='ocrx_word' id='word_1_841' title='bbox 2525 4904 2609 4950; x_wconf 90' lang='lat' dir='ltr'><strong>est</strong></span> <span class='ocrx_word' id='word_1_842' title='bbox 2651 4910 2721 4950; x_wconf 84' lang='lat' dir='ltr'><strong>ex</strong></span> <span class='ocrx_word' id='word_1_843' title='bbox 2764 4893 3139 4949; x_wconf 85' lang='lat' dir='ltr'><strong>benedictione</strong></span> <span class='ocrx_word' id='word_1_844' title='bbox 3179 4891 3451 4948; x_wconf 82' lang='lat' dir='ltr'><strong>Creatoris</strong></span> 
     </span>
    </p>
   </div>
   <div class='ocr_carea' id='block_1_109' title="bbox 1865 4983 3450 5054">
    <p class='ocr_par' dir='ltr' id='par_1_109' title="bbox 1865 4983 3450 5054">
     <span class='ocr_line' id='line_1_109' title="bbox 1865 4983 3450 5054; baseline -0.004 -9"><span class='ocrx_word' id='word_1_845' title='bbox 1865 4989 2163 5045; x_wconf 87' lang='lat' dir='ltr'><strong>insertum!</strong></span> <span class='ocrx_word' id='word_1_846' title='bbox 2196 4988 2345 5043; x_wconf 81' lang='lat' dir='ltr'><strong>Hanc</strong></span> <span class='ocrx_word' id='word_1_847' title='bbox 2363 5003 2460 5043; x_wconf 89' lang='lat' dir='ltr'><strong>vos</strong></span> <span class='ocrx_word' id='word_1_848' title='bbox 2497 4987 2675 5042; x_wconf 91' lang='lat' dir='ltr'><strong>dicitis</strong></span> <span class='ocrx_word' id='word_1_849' title='bbox 2705 4987 2876 5054; x_wconf 87' lang='lat' dir='ltr'><strong>legem</strong></span> <span class='ocrx_word' id='word_1_850' title='bbox 2922 4984 3164 5054; x_wconf 88' lang='lat' dir='ltr'><strong>peccati;</strong></span> <span class='ocrx_word' id='word_1_851' title='bbox 3190 4983 3283 5039; x_wconf 90' lang='lat' dir='ltr'><strong>sed</strong></span> <span class='ocrx_word' id='word_1_852' title='bbox 3308 4983 3450 5039; x_wconf 86' lang='lat' dir='ltr'><strong>hanc</strong></span> 
     </span>
    </p>
   </div>
   <div class='ocr_carea' id='block_1_110' title="bbox 1865 5075 3447 5150">
    <p class='ocr_par' dir='ltr' id='par_1_110' title="bbox 1865 5075 3447 5150">
     <span class='ocr_line' id='line_1_110' title="bbox 1865 5075 3447 5150; baseline -0.004 -13"><span class='ocrx_word' id='word_1_853' title='bbox 1865 5090 1966 5139; x_wconf 83' lang='lat' dir='ltr'><strong>nos</strong></span> <span class='ocrx_word' id='word_1_854' title='bbox 1993 5083 2163 5150; x_wconf 84' lang='lat' dir='ltr'><strong>legem</strong></span> <span class='ocrx_word' id='word_1_855' title='bbox 2192 5080 2403 5150; x_wconf 88' lang='lat' dir='ltr'><strong>generis</strong></span> <span class='ocrx_word' id='word_1_856' title='bbox 2438 5079 2866 5148; x_wconf 86' lang='lat' dir='ltr'><strong>comprobamus,</strong></span> <span class='ocrx_word' id='word_1_857' title='bbox 2896 5092 3056 5146; x_wconf 90' lang='lat' dir='ltr'><strong>quam</strong></span> <span class='ocrx_word' id='word_1_858' title='bbox 3085 5091 3183 5132; x_wconf 87' lang='lat' dir='ltr'><strong>vos</strong></span> <span class='ocrx_word' id='word_1_859' title='bbox 3204 5075 3447 5132; x_wconf 87' lang='lat' dir='ltr'><strong>criminis</strong></span> 
     </span>
    </p>
   </div>
   <div class='ocr_carea' id='block_1_111' title="bbox 1865 5167 3442 5236">
    <p class='ocr_par' dir='ltr' id='par_1_111' title="bbox 1865 5167 3442 5236">
     <span class='ocr_line' id='line_1_111' title="bbox 1865 5167 3442 5236; baseline -0.006 -8"><span class='ocrx_word' id='word_1_860' title='bbox 1865 5171 2158 5236; x_wconf 88' lang='lat' dir='ltr'><strong>accusatis;</strong></span> <span class='ocrx_word' id='word_1_861' title='bbox 2190 5179 2245 5225; x_wconf 89' lang='lat' dir='ltr'><strong>et</strong></span> <span class='ocrx_word' id='word_1_862' title='bbox 2271 5171 2409 5223; x_wconf 86' lang='lat' dir='ltr'><strong>hanc</strong></span> <span class='ocrx_word' id='word_1_863' title='bbox 2436 5184 2534 5223; x_wconf 90' lang='lat' dir='ltr'><strong>nos</strong></span> <span class='ocrx_word' id='word_1_864' title='bbox 2553 5167 2776 5224; x_wconf 91' lang='lat' dir='ltr'><strong>dicimus</strong></span> <span class='ocrx_word' id='word_1_865' title='bbox 2796 5182 3014 5224; x_wconf 85' lang='lat' dir='ltr'><strong>causam</strong></span> <span class='ocrx_word' id='word_1_866' title='bbox 3036 5182 3153 5223; x_wconf 90' lang='lat' dir='ltr'><strong>esse</strong></span> <span class='ocrx_word' id='word_1_867' title='bbox 3166 5167 3442 5233; x_wconf 88' lang='lat' dir='ltr'><strong>virtutum,</strong></span> 
     </span>
    </p>
   </div>
   <div class='ocr_carea' id='block_1_112' title="bbox 1844 5255 3444 5340">
    <p class='ocr_par' dir='ltr' id='par_1_112' title="bbox 1844 5255 3444 5340">
     <span class='ocr_line' id='line_1_112' title="bbox 1844 5255 3444 5340; baseline -0.006 -23"><span class='ocrx_word' id='word_1_868' title='bbox 1844 5277 2025 5340; x_wconf 46' lang='lat' dir='ltr'><strong>.quam</strong></span> <span class='ocrx_word' id='word_1_869' title='bbox 2053 5277 2150 5316; x_wconf 89' lang='lat' dir='ltr'><strong>vos</strong></span> <span class='ocrx_word' id='word_1_870' title='bbox 2175 5260 2339 5314; x_wconf 88' lang='lat' dir='ltr'><strong>vultis</strong></span> <span class='ocrx_word' id='word_1_871' title='bbox 2365 5259 2649 5315; x_wconf 89' lang='lat' dir='ltr'><strong>ostendere</strong></span> <span class='ocrx_word' id='word_1_872' title='bbox 2676 5258 2957 5313; x_wconf 84' lang='lat' dir='ltr'><strong>materiam</strong></span> <span class='ocrx_word' id='word_1_873' title='bbox 2994 5259 3269 5313; x_wconf 83' lang='lat' dir='ltr'><strong>vitiorum.</strong></span> <span class='ocrx_word' id='word_1_874' title='bbox 3310 5255 3444 5309; x_wconf 87' lang='lat' dir='ltr'><strong>Nam</strong></span> 
     </span>
    </p>
   </div>
   <div class='ocr_carea' id='block_1_113' title="bbox 1864 5345 3441 5421">
    <p class='ocr_par' dir='ltr' id='par_1_113' title="bbox 1864 5345 3441 5421">
     <span class='ocr_line' id='line_1_113' title="bbox 1864 5345 3441 5421; baseline -0.008 -13"><span class='ocrx_word' id='word_1_875' title='bbox 1864 5368 1985 5408; x_wconf 90' lang='lat' dir='ltr'><strong>cum</strong></span> <span class='ocrx_word' id='word_1_876' title='bbox 2015 5352 2131 5421; x_wconf 88' lang='lat' dir='ltr'><strong>ejus</strong></span> <span class='ocrx_word' id='word_1_877' title='bbox 2165 5350 2488 5420; x_wconf 89' lang='lat' dir='ltr'><strong>adjutorium</strong></span> <span class='ocrx_word' id='word_1_878' title='bbox 2521 5350 2677 5404; x_wconf 85' lang='lat' dir='ltr'><strong>faciat</strong></span> <span class='ocrx_word' id='word_1_879' title='bbox 2709 5357 2962 5418; x_wconf 86' lang='lat' dir='ltr'><strong>parentes</strong></span> <span class='ocrx_word' id='word_1_880' title='bbox 2989 5346 3245 5403; x_wconf 86' lang='lat' dir='ltr'><strong>fecundos</strong></span> <span class='ocrx_word' id='word_1_881' title='bbox 3273 5345 3326 5400; x_wconf 89' lang='lat' dir='ltr'><strong>in</strong></span> <span class='ocrx_word' id='word_1_882' title='bbox 3355 5360 3441 5398; x_wconf 60' lang='lat' dir='ltr'><strong>so.</strong></span> 
     </span>
    </p>
   </div>
   <div class='ocr_carea' id='block_1_114' title="bbox 1864 5435 3439 5513">
    <p class='ocr_par' dir='ltr' id='par_1_114' title="bbox 1864 5435 3439 5513">
     <span class='ocr_line' id='line_1_114' title="bbox 1864 5435 3439 5513; baseline -0.007 -13"><span class='ocrx_word' id='word_1_883' title='bbox 1864 5444 2008 5511; x_wconf 87' lang='lat' dir='ltr'><strong>hole,</strong></span> <span class='ocrx_word' id='word_1_884' title='bbox 2031 5442 2188 5513; x_wconf 90' lang='lat' dir='ltr'><strong>hujus</strong></span> <span class='ocrx_word' id='word_1_885' title='bbox 2206 5450 2479 5497; x_wconf 89' lang='lat' dir='ltr'><strong>certamen</strong></span> <span class='ocrx_word' id='word_1_886' title='bbox 2509 5450 2563 5496; x_wconf 92' lang='lat' dir='ltr'><strong>et</strong></span> <span class='ocrx_word' id='word_1_887' title='bbox 2590 5442 2928 5497; x_wconf 77' lang='lat' dir='ltr'><strong>continentes</strong></span> <span class='ocrx_word' id='word_1_888' title='bbox 2954 5446 3169 5511; x_wconf 62' lang='lat' dir='ltr'><strong>praestat</strong></span> <span class='ocrx_word' id='word_1_889' title='bbox 3197 5447 3251 5494; x_wconf 89' lang='lat' dir='ltr'><strong>et</strong></span> <span class='ocrx_word' id='word_1_890' title='bbox 3277 5435 3439 5504; x_wconf 68' lang='lat' dir='ltr'><strong>virgio</strong></span> 
     </span>
    </p>
   </div>
   <div class='ocr_carea' id='block_1_115' title="bbox 1860 5648 3298 5773">
    <p class='ocr_par' dir='ltr' id='par_1_115' title="bbox 1860 5648 3298 5773">
     <span class='ocr_line' id='line_1_115' title="bbox 1860 5648 3298 5773; baseline -0.003 -9"><span class='ocrx_word' id='word_1_891' title='bbox 1860 5650 1953 5748; x_wconf 53' lang='lat' dir='ltr'><strong>tea</strong></span> <span class='ocrx_word' id='word_1_892' title='bbox 2114 5708 2257 5764; x_wconf 91' lang='lat' dir='ltr'><strong>idem</strong></span> <span class='ocrx_word' id='word_1_893' title='bbox 2286 5727 2296 5760; x_wconf 90' lang='lat'><strong>:</strong></span> <span class='ocrx_word' id='word_1_894' title='bbox 2326 5708 2634 5764; x_wconf 75' lang='lat' dir='ltr'><strong>Cunnum.</strong></span> <span class='ocrx_word' id='word_1_895' title='bbox 2664 5710 2790 5773; x_wconf 80' lang='lat' dir='ltr'><strong>Quis</strong></span> <span class='ocrx_word' id='word_1_896' title='bbox 2810 5708 2943 5762; x_wconf 80' lang='lat' dir='ltr'><strong>enim</strong></span> <span class='ocrx_word' id='word_1_897' title='bbox 2962 5706 3174 5771; x_wconf 79' lang='lat' dir='ltr'><strong>dubitet,</strong></span> <span class='ocrx_word' id='word_1_898' title='bbox 3192 5713 3298 5762; x_wconf 90' lang='lat' dir='ltr'><strong>ctc.</strong></span> 
     </span>
    </p>
   </div>
   <div class='ocr_carea' id='block_1_116' title="bbox 1932 5779 2705 5852">
    <p class='ocr_par' dir='ltr' id='par_1_116' title="bbox 1932 5779 2705 5852">
     <span class='ocr_line' id='line_1_116' title="bbox 1932 5779 2705 5852; baseline 0 -19"><span class='ocrx_word' id='word_1_899' title='bbox 1932 5793 1952 5819; x_wconf 73' lang='grc' dir='ltr'>ε</span> <span class='ocrx_word' id='word_1_900' title='bbox 1994 5779 2090 5835; x_wconf 80' lang='lat' dir='ltr'><strong>Ms.</strong></span> <span class='ocrx_word' id='word_1_901' title='bbox 2134 5780 2296 5846; x_wconf 85' lang='lat' dir='ltr'><strong>idem,</strong></span> <span class='ocrx_word' id='word_1_902' title='bbox 2328 5780 2705 5852; x_wconf 81' lang='lat' dir='ltr'><strong>conjugalibus.</strong></span> 
     </span>
    </p>
   </div>
  </div>
