3926 6176
186 274 267 339 est
975 268 1203 332 JACOBI
1244 276 1567 333 SlRilONDl
1610 260 1928 333 msronta
1970 261 2648 358 rnmoizsrmanixli.

3349 275 3447 345 est
3488 268 3491 271 ’

252 380 377 479 Tum
394 392 864 481 tkittJCE-Explifit
888 394 1014 449 liber
1034 396 1099 448 de
1122 392 1440 477 Hieresibus.
1463 394 1528 481 Ut
1543 395 1760 481 dubium
1792 401 1834 456 Α
1867 396 2140 463 debemus,
2176 408 2232 454 ut
2253 416 2425 470 neque
2449 404 2605 471 proni
2634 403 2686 456 in
2716 403 3007 470 sinistram,
3055 411 3227 478 nequi.“
3251 396 3453 481 in.de

199 484 293 525 non
319 469 385 521 sit
405 463 734 520 Gennadium
761 464 899 519 ultra
928 479 1036 519 non
1076 467 1436 534 processisse,
1467 474 1524 520 et
1549 466 1648 520 has
1678 475 1762 521 ta-

197 555 304 593 men
331 546 556 605 quatuor
582 534 923 604 complexum
953 533 1092 590 esse.
1121 533 1293 600 Quam
1323 537 1393 605 ob
1423 550 1536 590 rem
1581 536 1764 591 mirari

198 602 422 677 equidem
450 606 578 659 satis
605 602 959 677 nonpossum
981 620 1094 677 quo
1137 602 1643 677 casu‘velAconsilio
1682 605 1763 677 fa-

195 671 325 734 ctum
344 680 411 731 sit
441 684 493 729 ut
526 676 575 729 in
603 671 953 729 celeberrima
975 671 1032 729 S'.
1065 674 1345 745 Augustini
1373 671 1608 745 Operum
1640 676 1754 731 edi-

196 753 326 804 tione
354 746 687 809 Lovaniensi,
711 759 832 800 cum
855 759 919 800 ex
941 744 1127 799 codice
1155 743 1528 800 Gemblacensi
1553 744 1762 801 Genna-

195 820 334 887 diana
496 815 805 887 appendix,
852 814 1017 887 tacito
1065 815 1192 887 licet
1230 815 1469 870 auctoris
1516 820 1753 883 nomine,

226 883 741 950 roferretur,'o'missa
769 883 1262 950 Pmdestinatiana,
1296 893 1406 939 tres
1430 893 1636 939 tantum
1666 901 1755 940 re-

226 904 521 950 rorerretur,
545 904 741 941 omissa
769 904 1262 950 rneuesunauana,
1296 904 1406 939 "‘88
1430 904 1636 939 tam“!!!
1666 904 1755 940 re-

194 904 332 1027 liquae
369 957 477 1027 sint
523 953 1159 1027 expressm._Porro__c_u_m
1200 969 1267 1008 ex
1295 956 1664 1027 superioribus
1694 956 1758 1009 Ii-

193 1023 336 1096 queat
354 1023 703 1096 Gennadiurn,
728 1025 831 1080 etsi
859 1024 963 1079 hoc
991 1023 1065 1096 illi
1095 1023 1322 1096 fortasse
1349 1026 1402 1077 in
1426 1026 1606 1096 animo
1636 1026 1755 1080 fue-

192 1093 282 1159 rat,
311 1097 494 1151 librum
534 1097 602 1165 de
630 1094 932 1165 llzeresibus
959 1108 1019 1148 re
1049 1093 1164 1165 ipsa
1209 1093 1412 1148 nullum
1455 1095 1754 1165 scripsisse,

138 1192 145 1197 ι
191 1174 519 1236 apparetqua
551 1164 663 1236 iide
689 1164 972 1236 Jansenius
1012 1164 1205 1218 librum
1232 1164 1324 1236 qui
1356 1179 1627 1236 nunquam
1657 1164 1757 1220 fuit

191 1183 216 1220 3
256 1183 395 1236 paret
413 1183 519 1234 qua
561 1183 663 1220 uae
689 1183 972 1221 Jansemus
1012 1183 1205 1218 llDf‘lllll
1232 1183 1324 1232 QUI
1356 1183 1627 1233 nunquam
1657 1183 1753 1220 [till

190 1183 251 1291 ag
292 1236 484 1290 lsidoro
518 1234 674 1288 dicat
728 1234 1049 1304 e'xpilatum;
1090 1248 1199 1302 quo
1222 1234 1346 1302 jure
1369 1232 1686 1303 Pelagianos
1722 1251 1753 1289 a

189 1306 465 1365 Gennadio,
489 1313 746 1373 tanquam
767 1306 833 1359 de
865 1305 966 1358 hac
995 1304 1185 1358 haeresi
1211 1311 1484 1373 suspecto,
1518 1320 1624 1358 non
1656 1320 1755 1373 po;-

190 1378 307 1431 sitos
351 1374 647 1438 cavrlletur,
676 1390 798 1429 cum
827 1374 895 1428 ab
925 1374 1224 1441 Augustino
1267 1375 1477 1444 positos
1519 1375 1692 1444 repeti
1720 1390 1752 1430 a

188 1445 444 1500 Gennadio
475 1460 583 1499 non
608 1445 929 1514 oportuerit,
960 1460 1059 1498 nec
1080 1444 1360 1498 Gennadio
1383 1459 1560 1499 causa:
1595 1445 1754 1513 quid-

187 1531 328 1585 quam
357 1516 514 1568 luerit
542 1513 1008 1585 cur’ljelagianam
1052 1514 1295 1585 haeresim
1325 1521 1753 1585 commemorare

187 1582 528 1647 cunctaretur,
558 1585 648 1654 qui
678 1582 952 1651 Pelagium
982 1585 1154 1654 ipsum
1182 1584 1235 1637 in
1259 1584 1545 1639 illustrium
1562 1584 1746 1639 Eccle-

188 1657 267 1710 site
284 1658 600 1724 scriptorum
621 1653 882 1724 Catalogo
897 1653 1323 1724 haeresiarcham
1364 1669 1474 1709 non
1498 1655 1749 1709 dissimu-

187 1727 339 1780 lanter
358 1722 653 1795 appellarat
677 1723 830 1795 (Cap.
854 1722 966 1793 ιε).
985 1723 1156 1795 Quam
1177 1722 1323 1795 futili
1343 1723 1557 1795 demum
1585 1735 1748 1792 atque

188 1796 315 1850 inani
358 1788 695 1849 divinatione
733 1788 1240 1849 Pi-mdestiiiatianos
1281 1794 1349 1849 ab
1376 1788 1583 1850 Isidoro
1612 1788 1750 1863 qfios

186 1866 308 1934 apud
334 1863 667 1919 Gennadium
697 1864 1374 1934 repereratprmtermissos
1400 1866 1750 1934 pronuntiet?

227 1937 393 1990 binam
422 1936 569 1989 enim
600 1936 914 2005 repererat}
937 1933 1054 2005 Non
1077 1934 1131 1988 in
1153 1934 1290 1988 libro
1314 1935 1393 2005 de
1427 1933 1746 2001 Haeresibns,

184 2022 325 2076 quem
354 2006 556 2059 nullum
581 2003 844 2076 ediderat.
877 2003 1092 2076 Ergo_in
1119 2003 1442 2076 appendice._
1462 2005 1532 2057 At
1559 2020 1627 2059 ne
1655 2022 1750 2074 ap-

244 2077 441 2130 ndicem
494 2074 971 2144 quidemviderat.
1012 2073 1164 2142 Lege
1192 2073 1266 2128 iet
1312 2073 1499 2130 confer
1535 2089 1655 2143 qua:
1683 2073 1750 2130 ne

226 2146 491 2201 estorianis
515 2142 580 2199 et
626 2145 692 2200 de
718 2142 1064 2216 Eutychiaiiis
1084 2144 1159 2216 Aab
1197 2153 1426 2213 utquue
1457 2142 1583 2216 synt
1616 2146 1751 2199 seri-

184 2226 281 2284 pta,
320 2231 383 2270 ne
410 2218 617 2284 apicem
658 2212 873 2284 quidem
900 2214 1189 2284 goilendes,
1219 2212 1379 2284 quem
1410 2229 1440 2268 a
1468 2212 1749 2270 Gennadio

184 2282 385 2354 iuagnus
413 2282 501 2339 ille
536 2292 629 2339 tuo
664 2282 865 2354 judicio
884 2282 1147 2339 Gennadii
1173 2282 1751 2354 teiiiulatormutuatus

183 2353 383 2411 siL’Cur
408 2370 541 2423 ergo
570 2353 1059 2423 Prmdestinatiana:
1087 2354 1228 2409 inter
1255 2354 1488 2409 hmreses
1515 2353 1751 2410 Isidorus

184 2441 276 2480 non
314 2422 591 2480 meminit?
619 2425 754 2492 Quia
799 2422 1138 2479 Gennadium
1191 2439 1298 2478 non
1333 2424 1555 2493 legerat.
1586 2423 1751 2493 Nugae

184 2496 346 2564 itaque
372 2496 591 2551 fallaces
622 2511 685 2549 ac
713 2495 949 2549 ridiculae
996 2501 1122 2548 sunt
1168 2494 1300 2548 istm.
1334 2492 1467 2560 Qua:
1498 2494 1550 2564 si
1587 2495 1750 2564 paulo

183 2563 425 2620 cautiores
453 2581 567 2619 non
597 2566 887 2634 decipient,
921 2572 977 2619 at
996 2565 1207 2620 miserae
1227 2565 1471 2634 proiecto
1493 2563 1751 2619 Marcelli-

184 2652 351 2690 naruin
384 2636 855 2703 Priscillarumque
897 2644 1023 2690 sunt
1065 2649 1256 2699 aures,
1301 2649 1422 2704 quae
1450 2634 1751 2691 istiusmodi

183 2708 304 2775 apud
334 2708 448 2761 illos
475 2706 674 2761 fabulis
700 2704 1012 2760 assueliunt.

756 2817 987 2877 CAPUT
1028 2820 1138 2877 VII.

188 2924 254 2981 De
270 2930 553 3002 Arelatensi
579 2929 817 2995 concilio,
848 2931 902 2983 in
931 2948 1030 3002 quo
1060 2930 1560 3002 Prwdestiuatorum
1586 2934 1753 2988 luere-

241 3000 308 3077 sis
335 3001 398 3053 '50
424 3003 786 3077 episcoporum
809 3000 1011 3056 decreto
1050 3001 1301 3077 damnata
1338 3013 1433 3069 est,
1456 3014 1505 3059 et
1527 3005 1590 3060 de
1609 3003 1751 3077 Lug-

244 3069 446 3125 dunensi
466 3088 501 3124 a
524 3069 626 3141 quo
654 3071 834 3125 iterum
863 3073 1178 3142 proscripta.

241 3199 475 3275 Omnium
506 3217 637 3275 quae
675 3200 1072 3275 Pnedestinatis
1128 3204 1328 3260 inﬂicta
1366 3214 1492 3261 sunt
1536 3207 1752 3275 gravius

186 3273 367 3346 nullum
390 3273 586 3327 vulnus
615 3271 711 3346 fuit
737 3287 900 3346 quam
938 3290 1047 3343 quo
1075 3290 1107 3329 a
1136 3277 1350 3343 triginta
1378 3271 1645 3346 episcopis
1673 3277 1753 3330 af-

183 3340 290 3416 fecti
317 3350 436 3416 sunt
457 3345 512 3398 in
544 3340 1099 3416 synodo—Arelatensi,
1147 3340 1308 3414 atque
1337 3340 1528 3401 iterum
1562 3340 1748 3416 postea

183 3411 228 3465 in
253 3411 609 3482 Lugdunensi.
641 3412 708 3483 Et
730 3428 1035 3483 quanquam
1065 3411 1307 3470 neutrius
1336 3417 1494 3472 hodie
1534 3411 1749 3472 concilii

181 3493 296 3555 acta
312 3492 512 3555 restant
546 3482 712 3552 (quod
732 3483 813 3537 liis
841 3498 1125 3539 commune
1154 3495 1235 3540 est
1262 3502 1382 3541 cum
1410 3487 1529 3541 aliis
1555 3501 1747 3555 quam-

181 3552 441 3622 plurimis),
486 3563 782 3623 supersunt
822 3564 999 3608 tamen
1040 3571 1106 3609 ex
1148 3556 1445 3611 Arelatensi
1490 3552 1748 3613 nonnulla

180 3634 298 3696 quae
328 3624 480 3696 fidem
542 3638 758 3696 quoque
802 3631 1054 3696 astruunt
1106 3626 1464 3695 Lugilunensi.
1508 3627 1747 3696 Epistula

182 3694 353 3762 nempe
382 3692 573 3748 Fausti
598 3692 842 3768 Reiensis
870 3695 1109 3768 episcopi
1138 3692 1204 3749 ad
1237 3696 1490 3752 Lucidum
1523 3692 1746 3768 presby-

181 3768 332 3837 terum
377 3777 406 3816 e
451 3773 603 3837 secta
635 3763 1170 3837 Pnedestinatormn,
1219 3775 1331 3820 tum
1377 3763 1594 3837 scripta,
1624 3763 1747 3824 cuin

180 3831 523 3907 celebraretur
549 3833 769 3907 Arelate
785 3835 1105 3907 concilium,
1134 3837 1233 3907 sub
1274 3831 1499 3905 annum,
1526 3850 1580 3893 ut
1610 3854 1747 3893 con-

180 3902 362 3966 jectura
388 3915 578 3958 nostra
607 3906 721 3963 luit,
747 3902 866 3956 475.
902 3903 1103 3959 Deinde
1133 3905 1316 3962 Lueidi
1338 3902 1547 3971 libellus
1571 3910 1747 3964 cidem

183 3971 373 4047 oblatus
420 3975 691 4047 coi_cilio._
723 3973 1003 4047 Postremo
1052 3975 1231 4031 Fausti
1289 3978 1528 4047 ejusdem
1577 3978 1746 4033 altera

180 4041 469 4118 epistolaad
502 4042 786 4097 Leontium
818 4045 1208 4118 Arelatensem,
1238 4041 1333 4115 qui
1352 4049 1582 4104 concilio
1606 4065 1732 4118 prae-

180 4108 282 4162 fuit.
313 4110 429 4188 Tria
460 4115 577 4167 haec
614 4129 732 4180 qua:
754 4124 1013 4188 actorum
1033 4108 1298 4188 jacturam
1332 4119 1584 4188 supplere
1608 4108 1747 4188 quo-

180 4184 429 4259 quomodo
456 4186 913 4259 possunt,_or.iine
941 4187 1302 4259 subjiciemus.
1336 4184 1417 4243 Ac
1437 4184 1612 4257 primo
1629 4184 1747 4259 qui-

181 4250 475 4328 demié‘ansti
501 4268 663 4321 quam
686 4253 915 4307 diximus
939 4257 1002 4307 ad
1027 4250 1284 4310 Lucidum
1315 4250 1617 4328 epistolam,
1638 4250 1744 4327 qua

181 4315 313 4371 illum
335 4315 600 4383 hortatur,
630 4332 687 4376 u‘t
707 4338 918 4376 errores
947 4340 1073 4376 suos
1095 4336 1330 4390 revocet,
1348 4315 1748 4383 'futurum'aiiu-

180 4390 271 4512 {In},
300 4391 619 4512 denuntians
648 4400 707 4446 ut
751 4410 781 4446 a
813 4395 1041 4447 concilio
1070 4397 1369 4451 damnetur.
1403 4399 1491 4452 Sic
1535 4413 1663 4468 ergo
1685 4414 1746 4455 se

198 4472 238 4509 ia
274 4473 303 4512 e
328 4499 342 4512 .

198 4467 342 4513 taliet.

182 4566 396 4639 Epistola
427 4573 615 4629 Fausi
659 4574 897 4630 Reiensis
923 4578 991 4629 ad
1024 4576 1271 4632 Lucidum
1313 4579 1745 4635 Prwdntinalia—

519 4662 662 4709 num,
718 4657 771 4699 ιιι
793 4663 991 4701 81⁸2⁶01ἐδ
1020 4665 1138 4701 81108
1168 4660 1380 4703 revocet;
1714 4672 1721 4679 ⁸

181 4769 388 4831 Domino
413 4778 816 4834 devinctissimo
856 4787 911 4835 et
939 4780 1066 4835 mihi
1096 4781 1314 4851 speciali
1353 4780 1548 4836 affecut
1575 4797 1740 4838 vene-

275 4871 435 4926 rando
482 4887 547 4928 ac
598 4873 940 4944 suscipiendo
993 4872 1145 4929 fi'atri
1184 4872 1386 4931 Lucida
1429 4876 1743 4948 presbytero

273 4958 517 5017 Faustus.

242 5047 463 5107 Grandis
507 5054 742 5111 charitas
771 5065 854 5112 est
881 5072 1071 5127 parum
1123 5058 1268 5115 cauti
1294 5058 1476 5115 fratris
1502 5072 1744 5115 errorem

182 5151 266 5206 per
279 5139 369 5195 Dei
389 5145 647 5200 auxilium
661 5155 718 5201 et
741 5148 968 5215 gratiam
989 5150 1159 5218 magis
1175 5150 1314 5207 velle
1327 5163 1537 5218 curare,
1559 5165 1744 5221 quam,

180 5229 306 5283 sicut
331 5236 521 5288 summi
542 5238 809 5293 antistites
828 5240 1172 5311 meditantur,
1202 5241 1269 5296 ab
1290 5242 1496 5297 unitate
1522 5257 1748 5312 suspen-

182 5319 313 5378 dere.
343 5325 478 5394 Quid
500 5336 716 5399 pessum
736 5331 804 5386 de
834 5331 937 5387 hoc
970 5348 1150 5399 sensu,
1181 5334 1321 5390 sicut
1341 5336 1440 5400 ais,
1464 5346 1587 5390 eum
1610 5349 1744 5389 una-

180 5415 407 5474 nimitate
436 5430 522 5477 tua
543 5430 640 5495 per
667 5426 874 5482 litteras
896 5426 1061 5499 loqui,
1090 5444 1212 5484 cum
1236 5438 1288 5485 te
1316 5439 1550 5500 prresens
1577 5432 1745 5486 multa

180 5517 230 5562 et
253 5511 438 5569 blanda
481 5525 533 5572 et
579 5519 765 5573 humili
793 5521 1152 5577 collocutione
1176 5528 1449 5592 nunquam
1478 5522 1747 5594 potuerim

180 5599 241 5652 ad
265 5603 401 5659 viam
419 5609 657 5666 veritatis
685 5612 998 5668 attrahere?
1025 5604 1331 5687 Loquenles
1376 5624 1507 5685 ergo
1549 5617 1619 5673 de
1648 5614 1748 5672 Dei

181 5692 339 5758 entia
366 5704 420 5753 et
445 5699 744 5759 obedientia
782 5704 1036 5776 hominis,
1069 5707 1123 5763 id
1152 5707 1462 5767 omnimodo
1503 5718 1744 5768 statuere

446 5792 708 5857 i’nnuL.
759 5797 916 5859 UH.

1870 489 1985 543 tuni
2014 490 2066 544 in
2093 490 2392 559 dexteram,
2421 494 2567 562 regia
2619 495 2792 565 magis
2837 495 3148 566 gradiamur
3182 500 3289 557 via.
3321 501 3454 559 illud

1866 585 2046 633 autem
2069 584 2469 638 venerationem
2500 594 2647 639 tuam
2667 585 2867 642 dixisse
2897 588 3119 645 miratus
3146 607 3285 657 sum,
3310 601 3456 664 quod

1866 669 2043 725 nullus
2070 686 2308 741 unquam
2354 674 2453 729 sub
2475 676 2724 744 religiosa
2773 673 3105 747 professione
3142 693 3331 740 contra
3360 702 3457 742 cae

1864 760 2117 818 tholicam
2147 763 2307 821 iidem
2348 768 2431 821 vel
2460 769 2766 837 scripserit,
2802 770 2886 826 vel
2913 773 3304 845 praedicaverit,
3333 793 3456 834 cum

1862 852 2078 922 plurimi
2130 856 2455 928 multiplices
2482 868 2537 913 et
2564 859 2819 929 profanos
2858 877 3073 920 errores
3114 881 3242 923 suos
3289 869 3455 924 etiam

1860 944 2184 1015 scriptorum
2232 949 2597 1005 monumentis
2622 950 2953 1007 crediderint
2992 954 3337 1024 inserendos,
3360 959 3454 1030 qui

1860 1041 2042 1090 tamen
2060 1033 2370 1092 Christiano
2397 1038 2617 1094 nomine
2636 1040 3018 1108 gloriabantur.
3053 1043 3298 1102 Breviter
3322 1062 3455 1118 ergo

1859 1123 2055 1193 dicam,
2076 1135 2335 1197 quantum
2353 1143 2474 1185 cum
2496 1130 2719 1187 absente
2740 1132 2886 1203 loqui
2915 1150 3157 1205 possum,
3181 1138 3312 1208 quid
3336 1154 3454 1197 sen-

1858 1215 1960 1272 tire
1986 1232 2110 1272 cum
2161 1219 2431 1276 catholica
2457 1218 2697 1278 Ecclesia
2732 1223 2952 1281 debeas.
2986 1225 3045 1282 ld
3074 1235 3176 1294 est,
3228 1237 3289 1285 ut
3327 1246 3453 1288 cum

1856 1310 2029 1400 gratia
2058 1310 2274 1368 Domini
2302 1316 2678 1386 operationem
2717 1319 2977 1391 baptizati
3012 1321 3201 1380 famuli
3238 1341 3452 1400 semper
3488 1314 3529 1339 ““

1856 1399 2138 1471 adjungas,
2171 1413 2227 1459 et
2266 1420 2389 1461 eum
2416 1408 2508 1477 qui
2547 1411 3077 1478 praedestinationem
3120 1417 3339 1475 excluso
3368 1420 3448 1474 la-

1854 1489 1989 1547 bore
2042 1492 2278 1552 hominis
2331 1499 2544 1568 asserit,
2577 1515 2699 1555 cum
2749 1500 2949 1574 Pelagii
2995 1506 3249 1577 dogmate
3294 1510 3448 1567 dete-

1855 1584 2033 1639 steris.
2786 1608 2797 1613 ε
2950 1612 2951 1615 η

1931 1672 2229 1733 Anatbema
2273 1692 2404 1748 ergo
2432 1680 2510 1736 illi
2538 1646 2642 1754 qui.
2671 1684 2812 1740 inter
2837 1687 3074 1757 reliquas
3114 1687 3314 1761 Pelagii
3342 1692 3447 1749 im-

1786 1766 1826 1825 ll
1855 1766 2086 1835 pietates
2114 1769 2393 1826 hominem
2420 1773 2538 1830 sine
2586 1785 2813 1845 peccato
2859 1781 3025 1847 nasci,
3073 1789 3128 1837 et
3147 1798 3246 1853 per
3272 1785 3446 1841 solum

1855 1856 2096 1913 laborem
2120 1875 2283 1930 posse
2310 1862 2509 1920 salvari
2537 1864 2843 1922 damnanda
2881 1872 3298 1942 prtesumptioue
3316 1889 3448 1930 con-

1855 1948 2106 2017 tenderit,
2132 1958 2188 2006 et
2212 1951 2302 2021 qui
2331 1966 2458 2008 eum
2507 1953 2625 2011 sine
2663 1957 2834 2025 gratia
2873 1956 2972 2015 Dei
3019 1960 3237 2019 liberari
3287 1981 3447 2036 posse

1852 2037 2160 2093 crediderit.
2191 2039 2328 2096 Item

1922 2128 2222 2186 Anathema
2249 2132 2325 2188 illi
2350 2134 2443 2204 qui
2469 2135 2745 2194 hominem
2773 2154 2894 2195 cum
2932 2141 3075 2198 fideli
3102 2144 3447 2205 confessione

1853 2218 2167 2277 solemniter
2210 2223 2539 2295 baptizatum
2563 2267 2579 2293 ,
2629 2239 2687 2285 et
2738 2242 3071 2290 asserentem
3122 2239 3445 2299 catholicam

1854 2311 2033 2379 (idem,
2054 2321 2109 2370 et
2127 2317 2470 2386 postmodum
2486 2335 2585 2391 per
2602 2321 2815 2379 diversa
2829 2328 3012 2382 mundi
3033 2328 3190 2400 hujus
3210 2334 3446 2390 oblecta-

1852 2416 2033 2463 menta
2060 2416 2117 2464 et
2135 2417 2466 2469 tentamenta
2488 2414 2822 2486 prolapsum,
2844 2419 2898 2474 in
2923 2420 3093 2477 Adam
3116 2432 3172 2480 et
3197 2428 3448 2498 originali

1853 2505 2079 2566 peccato
2107 2501 2332 2570 periisse
2360 2505 2669 2560 asseruerit.
2710 2505 2843 2562 Item

1924 2587 2224 2646 Anathema
2251 2592 2329 2647 illi
2356 2594 2448 2665 qui
2470 2602 2567 2665 per
2588 2595 2682 2651 Dei
2707 2600 3102 2668 prtescientiam
3130 2605 3185 2660 in
3214 2618 3444 2669 mortem

1851 2678 2081 2750 deprimi
2107 2681 2383 2739 hominem
2411 2685 2627 2741 dixerit.
2667 2686 2799 2743 item

1925 2776 2229 2833 Anathema
2268 2779 2346 2834 illi
2373 2780 2466 2849 qui
2488 2780 2686 2838 dixerit
2721 2784 2870 2840 illum
2902 2789 2995 2858 qui
3021 2792 3182 2860 periit
3211 2810 3316 2851 non
3354 2814 3441 2853 ao-

1855 2869 2064 2940 cepisse
2112 2878 2171 2925 ut
2215 2871 2398 2927 salvus
2442 2887 2563 2929 esse
2593 2886 2798 2944 posset,
2833 2877 2884 2932 id
2909 2890 3010 2945 est,
3043 2882 3111 2937 de
3146 2884 3438 2955 baptizato,

1856 2961 1940 3016 vel
1979 2960 2049 3016 de
2091 2962 2236 3018 illius
2275 2962 2453 3018 astatis
2495 2977 2727 3036 pagano,
2777 2969 2869 3038 qui
2913 2971 3135 3028 credere
3179 2978 3355 3046 potuit
3388 2989 3442 3039 et

1857 3054 2044 3110 noluit.
2087 3055 2219 3110 item

1779 3141 1824 3204 C
1927 3145 2230 3203 Anathema
2274 3147 2351 3203 illi
2396 3149 2487 3219 qui
2533 3148 2731 3207 dixerit
2773 3153 2921 3223 quod
2964 3170 3060 3213 vas
3104 3163 3441 3220 contumtlia

1854 3248 1962 3293 non
1990 3238 2161 3308 possit
2189 3245 2472 3308 assurgere
2501 3248 2559 3295 ut
2581 3241 2655 3296 sit
2684 3258 2777 3300 vas
2804 3244 2859 3299 in
2884 3245 3168 3305 honorem.
3200 3249 3332 3308 Item

1923 3329 2225 3384 Anatliema
2258 3330 2336 3385 illi
2373 3331 2468 3400 qui
2501 3331 2699 3388 dixerit
2735 3335 2882 3404 quod
2913 3337 3157 3396 Christus
3193 3360 3303 3400 non
3341 3362 3440 3416 pro

1850 3418 2101 3474 omnibus
2144 3427 2389 3474 mortuus
2432 3419 2542 3488 sit,
2591 3436 2693 3478 nec
2738 3438 2927 3481 omnes
2972 3427 3219 3488 homines
3262 3436 3441 3493 salvos

1848 3520 1967 3565 esse
1997 3510 2143 3564 velit.

1920 3601 2054 3656 Cum
2101 3610 2278 3658 autem
2325 3602 2393 3659 ad
2441 3619 2540 3661 nos
2587 3605 2640 3660 in
2688 3604 2887 3663 Christi
2935 3601 3153 3666 nomine
3194 3609 3435 3684 veneris,

1849 3703 1945 3750 aut
1972 3711 2094 3750 cum
2122 3710 2155 3750 a
2180 3697 2379 3752 sanctis
2415 3696 2787 3753 sacerdotibus
2814 3700 3071 3757 evocatus
3094 3700 3288 3773 fueris,
3315 3714 3442 3766 tune

1849 3796 2172 3857 opportuna,
2203 3787 2250 3843 si
2271 3785 2532 3844 Dominus
2553 3786 2796 3857 jusserit,
2825 3789 2961 3847 locis
2987 3793 3099 3849 suis
3129 3797 3439 3856 testimonia

1847 3877 2203 3949 proferemus,
2251 3878 2447 3949 quibus
2492 3885 2694 3949 etquae
2730 3881 2996 3938 catholica
3042 3894 3170 3942 sunt
3208 3890 3439 3949 manife-

1846 3978 2088 4035 stentur,
2141 3976 2198 4025 et
2243 3974 2362 4039 qdre
2415 3969 2694 4026 catholicis
2746 3975 3016 4031 contraria
3071 3976 3435 4038 destruantur.

1848 4059 1957 4115 Nos
2002 4069 2183 4115 autem
2228 4074 2326 4130 per
2368 4059 2814 4117 illuminationem
2842 4061 3043 4120 Christi
3083 4071 3347 4127 veraciter
3384 4084 3440 4130 et

1848 4147 2184 4205 confidenter
2211 4148 2520 4213 asserimus,
2546 4159 2602 4204 et
2628 4164 2753 4205 eum
2777 4153 2870 4222 qui
2900 4155 3060 4223 periit
3085 4168 3183 4226 per
3202 4160 3438 4231 culpam,

1848 4241 2054 4294 salvum
2092 4254 2214 4294 esse
2249 4238 2489 4309 potuisse
2524 4253 2624 4310 per
2648 4241 2895 4309 gratiam,
2927 4243 2973 4298 si
2997 4246 3182 4313 gratim
3218 4248 3322 4319 ipsi
3355 4251 3438 4306 fa-

1849 4333 1979 4387 muli
2008 4331 2210 4387 laboris
2239 4329 2602 4387 obedientiam
2643 4346 2751 4387 non
2794 4344 3073 4404 negasset;
3103 4345 3159 4393 et
3194 4354 3317 4395 eum
3345 4344 3437 4413 qui

1851 4438 1947 4495 per
1973 4420 2202 4492 gratiam
2228 4422 2297 4477 a‘d
2324 4421 2482 4479 bona:
2509 4423 2990 4481 consummationis
3017 4436 3191 4485 metas
3217 4434 3438 4490 servitio

1774 4501 1824 4561 υ
1851 4516 2183 4585 obsequente
2212 4514 2478 4586 pervenit,
2508 4513 2704 4570 cadere
2730 4531 2830 4586 per
2856 4514 3144 4586 desidiam,
3179 4529 3233 4576 et
3262 4527 3439 4593 perire

1849 4610 2092 4683 potuisse
2123 4625 2224 4689 per
2257 4608 2491 4680 culpam.
2537 4607 2649 4664 Nos
2681 4622 2811 4679 ergo
2835 4614 2934 4680 per
2957 4611 3194 4667 medium
3222 4611 3438 4669 Christo

1849 4701 1987 4757 duce
2012 4684 2341 4769 gradientes,
2380 4705 2504 4769 post
2539 4697 2767 4767 gratiam
2795 4698 2911 4754 sine
2940 4713 3046 4769 qua
3072 4690 3202 4756 nihil
3228 4718 3439 4771 sumus,-

1849 4793 2092 4849 laborem
2134 4789 2387 4847 oillciosaa
2427 4789 2701 4845 servitutis
2740 4790 3048 4847 asserimus.
3115 4790 3223 4848 Sed
3264 4801 3441 4857 omni.

1848 4881 2010 4940 modo
2038 4879 2401 4949 arrogantiam
2428 4884 2486 4935 et
2509 4866 2985 4950 prtcsumptiouem
3010 4871 3210 4939 laboris
3245 4888 3436 4942 exelu-

1846 4975 2052 5043 dimus;
2078 4984 2139 5030 ut
2157 4973 2287 5030 totis
2311 4971 2512 5028 viribus
2534 4970 2877 5039 desudantes,
2901 4987 2972 5029 ne
2997 4963 3168 5045 gratia
3196 4975 3252 5033 in
3283 4979 3439 5034 nobis

1847 5074 2158 5133 evacuetur,
2188 5063 2448 5135 quidquid
2475 5062 2544 5119 de
2578 5078 2745 5119 manu
2768 5062 2982 5123 Domini
3016 5071 3433 5140 susceperimus,

1847 5160 2050 5217 donum
2088 5155 2501 5229 pronuntiamus
2545 5170 2685 5222 esse,
2735 5171 2845 5213 non
2889 5158 3141 5230 pretium.
3189 5159 3437 5221 Scieiiteg

1849 5251 2053 5309 laboris
2093 5249 2261 5321 ipsius
2296 5246 2529 5303 fructum
2562 5236 2726 5302 ollicii
2763 5261 2879 5304 rem
2920 5263 3058 5317 esse,
3090 5266 3196 5307 non
3226 5255 3431 5319 meriti;

1848 5358 1970 5400 cum
1998 5339 2329 5411 evangelista
2354 5337 2635 5395 dicentes:
2669 5336 2817 5394 Servi
2845 5339 3049 5395 inutile:
3077 5356 3269 5409 cuntur,
3300 5346 3434 5414 φεοιι

1852 5432 2118 5487 debebitur
2165 5431 2338 5502 facere
2382 5429 2596 5501 fecimus
2642 5425 2794 5500 (Luc.
2825 5444 2953 5495 mi,
2981 5427 3091 5501 10).
3149 5429 3274 5486 Haec
3313 5449 3434 5503 qua:

1846 5523 2074 5581 strictim
2100 5534 2201 5593 pro
2229 5518 2472 5591 epistola!
2515 5517 2780 5575 brevitate
2817 5527 3113 5575 memorata
3156 5530 3309 5588 sunt,
3342 5535 3433 5585 ant

1849 5614 2091 5687 recipere
2116 5626 2207 5680 se,
2238 5617 2333 5667 aut
2366 5622 2622 5682 respuere
2655 5608 2976 5667 unanimitas
3004 5618 3095 5667 tua
3121 5627 3432 5678 recurrentc

1852 5721 2100 5767 sentinae
2144 5702 2486 5778 respondeat.
2537 5697 2802 5762 Caeterum
2855 5701 2945 5772 qui
3000 5702 3136 5760 hanc
3188 5710 3428 5772 veritati:
