3926 6176
466 314 569 370 685

1536 298 1872 356 APPENDIX
1914 299 2002 353 AD
2040 296 2665 353 PREDESTINATUM.
3611 297 3697 352 035

468 439 771 483 mensuram
802 421 969 489 gratia
1011 416 1344 488 prmcedcnte
1391 424 1445 469 et
1490 422 1686 469 conatu
1731 421 2043 480 assurgcnte
2072 422 2116 474 Λ
2148 412 2381 467 recentia
2410 419 2607 465 statuta
2650 410 2893 476 concilii,
2943 410 3137 467 damno
3181 413 3462 468 vobiscum
3511 427 3695 469 sensum

468 534 572 572 non
615 513 874 583 sequitur,
929 508 1118 577 dignus
1172 506 1273 561 erit
1324 504 1416 574 qui
1471 520 1502 559 a
1553 503 1721 558 sacris
1775 501 2044 555 liminibus

465 614 727 662 arceatur.
753 601 866 670 Ego
897 609 1073 656 tamen
1095 596 1421 653 individuam
1443 595 1739 651 bonitatem
1761 601 1907 648 tuam
1929 599 2044 647 toto

464 697 685 752 sincera:
712 689 1055 760 benignitatis
1083 687 1332 757 amplexu
1376 686 1428 739 in
1473 685 1561 738 via
1603 683 1870 748 retinens,
1903 682 2043 735 intra

463 786 651 843 matris
677 782 929 838 Ecclesiae
956 778 1216 848 gremium
1261 789 1577 846 permanere
1612 771 1896 844 repudiato
1940 771 2045 826 hoc

463 891 647 934 errore
692 871 960 929 desidero.
999 868 1102 936 Qui
1144 868 1192 924 si
1230 867 1337 923 cito
1383 872 1696 936 respuatur,
1745 862 2041 932 ignorantia

463 968 625 1022 fuisse
651 962 934 1026 videbitur,
959 958 1291 1030 blasphemia
1316 971 1445 1012 vero
1466 954 1814 1026 reputabitur,
1847 952 1890 1006 si
1922 966 2045 1021 per.

464 1057 711 1112 tinaciter
747 1050 1080 1108 defendatur.
1122 1048 1353 1105 Gravem
1397 1060 1626 1114 namque
1667 1045 1720 1099 in
1767 1050 2042 1097 auctorem

466 1155 839 1213 retorquemus
871 1140 1154 1205 invidiam,
1183 1138 1227 1193 si
1257 1138 1496 1193 dicamus
1522 1134 1668 1204 quod
1695 1133 1747 1189 ei
1775 1132 2043 1203 poSsibili-

464 1246 627 1293 tatem
660 1232 1002 1305 capessendae
1025 1230 1212 1287 salutis
1236 1228 1469 1284 noluerit
1489 1227 1618 1283 dare
1646 1225 1739 1296 qui
1761 1224 1953 1295 periit,
1992 1222 2043 1278 ei

462 1331 724 1386 duntaxat
749 1327 842 1397 qui
870 1340 1063 1397 capere
1103 1324 1216 1394 jam
1252 1328 1435 1392 posset
1482 1318 1689 1374 arbitrii
1718 1318 2039 1380 libertatem,

461 1438 583 1479 cum
606 1423 825 1477 minime
850 1434 1048 1490 negare
1072 1418 1341 1489 possimus
1363 1415 1506 1487 quod
1528 1413 1765 1469 mandati
1792 1412 2043 1482 praevari-

462 1523 697 1569 catorem
745 1513 797 1567 in
823 1511 1009 1581 judicii
1054 1510 1136 1565 sui
1180 1507 1577 1563 examinatione
1615 1503 1909 1559 damnabit.
1941 1501 2041 1568 Qui

461 1605 604 1659 enim
625 1619 731 1659 non
760 1612 842 1657 est
869 1599 1135 1657 obnoxius
1160 1599 1227 1654 de
1255 1604 1526 1667 suscepto,
1556 1594 1740 1650 nescio
1768 1591 2041 1663 quomodo

462 1711 585 1751 reus
611 1693 779 1764 possit
800 1707 918 1748 esse
936 1692 1003 1746 de
1022 1690 1260 1761 perdito;
1291 1703 1356 1743 ac
1381 1689 1461 1743 sic
1484 1692 1769 1758 peccantes
1790 1685 1845 1739 in
1871 1683 2041 1739 Deum

2143 503 2291 557 illum
2332 501 2423 570 qui
2461 501 2590 556 dicit
2634 503 2879 557 humana:
2907 502 3223 558 obedientirc
3268 504 3506 581 laborem
3534 504 3700 560 divina

2143 594 2327 662 gratia:
2354 611 2462 649 non
2492 609 2609 649 esse
2631 593 2989 663 jungendum;
3021 595 3112 663 qui
3141 593 3267 649 dicit
3290 601 3413 664 post
3441 595 3596 665 primi
3617 596 3699 650 ho-

2144 686 2303 739 minis
2320 686 2524 755 lapsum
2546 701 2614 740 ex
2638 693 2751 740 toto
2774 685 3051 739 arbitrium
3070 685 3361 740 voluntatis
3377 687 3698 752 exstinctum;

2143 777 2234 845 qui
2263 776 2393 831 dicit
2418 777 2565 845 quod
2609 776 2854 832 Christus
2900 776 3155 831 Dominus
3183 783 3239 830 et
3264 775 3516 831 Salvator
3542 787 3703 832 noster

2144 875 2372 922 mortem
2402 884 2508 921 non
2535 883 2634 938 pro
2663 867 2902 922 omnium
2925 866 3097 920 salute
3125 866 3446 935 susceperit;
3476 867 3573 934 qui
3596 866 3704 921 dicit

2142 959 2285 1027 quod
2314 958 2647 1028 prmscientia
2677 958 2771 1011 Dei
2810 957 3084 1012 hominem
3129 956 3392 1012 violenter
3437 958 3704 1026 compellat

2142 1049 2209 1102 ad
2242 1056 2491 1109 mortem.
2522 1048 2606 1103 vel
2634 1047 2776 1118 quod
2807 1062 2929 1102 cum
2959 1046 3053 1101 Dei
3079 1055 3303 1116 pereant
3329 1047 3609 1102 voluntate
3628 1049 3704 1119 qui

2142 1148 2395 1211 pereunt;
2453 1140 2545 1209 qui
2608 1138 2737 1193 dicit
2784 1137 2929 1207 quod
2983 1145 3107 1209 post
3156 1146 3431 1208 acceptum
3490 1138 3704 1206 legitime

2144 1232 2461 1302 baptismum
2493 1232 2544 1284 in
2574 1229 2742 1284 Adam
2772 1229 3031 1285 moriatur
3053 1230 3362 1300 quicunque
3403 1230 3702 1301 deliquerit,

2142 1324 2235 1392 qui
2261 1322 2389 1376 dicit
2428 1322 2565 1375 alios
2592 1321 2878 1389 deputatus
2906 1322 2973 1375 ad
3010 1329 3271 1386 mortem,
3304 1321 3439 1376 alios
3464 1322 3536 1375 ad
3563 1323 3703 1377 vitam

2143 1412 2576 1483 przedestinalos;
2608 1413 2701 1480 qui
2721 1411 2848 1466 dicit
2876 1411 2942 1465 ab
2966 1410 3134 1465 Adam
3165 1426 3334 1480 usque
3365 1412 3433 1465 ad
3453 1410 3703 1466 Christum

2144 1505 2320 1560 nullos
2348 1519 2410 1558 ex
2448 1503 2695 1571 gentibus
2723 1518 2819 1573 per
2858 1503 3085 1572 primam
3114 1503 3211 1558 Dei
3239 1503 3487 1572 gratiam,
3539 1505 3593 1559 id
3618 1515 3703 1572 est,

2141 1610 2239 1666 per
2267 1595 2438 1663 legem
2464 1602 2698 1660 naturae,
2733 1595 2784 1648 in
2814 1594 3103 1649 adventum
3130 1594 3330 1653 Christi
3355 1596 3522 1652 fuisse
3551 1597 3706 1651 salva.

2142 1695 2256 1752 tos,
2287 1695 2342 1740 et
2362 1686 2505 1755 quod
2526 1686 2749 1740 liberum
2772 1685 3048 1740 arbitrium
3068 1687 3123 1741 in
3150 1686 3323 1756 primo
3348 1697 3578 1758 parente
3603 1704 3707 1760 per-

462 1785 613 1856 cujus
638 1786 690 1839 in
717 1784 904 1854 primis
925 1781 1251 1837 asseruimus
1267 1779 1523 1849 gratiam,
1538 1777 1590 1831 in
1616 1775 1903 1847 postremis
1924 1773 2039 1843 ejus
2072 1778 2113 1838 Β
2142 1777 2398 1842 diderint;
2429 1776 2518 1845 qui
2548 1776 2678 1830 dicit
2696 1776 3029 1846 patriarchas
3050 1792 3114 1832 ac
3139 1778 3446 1848 prophetas,
3469 1780 3561 1835 vel
3582 1796 3706 1835 sum-

462 1876 760 1931 videbimur
779 1875 1092 1945 impugnare
1106 1870 1383 1940 justitiam.
1408 1868 1577 1937 Hujus
1597 1873 1777 1923 autem
1798 1867 2038 1937 epistolae

463 1965 736 2035 exemplar
783 1979 993 2019 mecum
1036 1962 1274 2024 retineo,
1320 1961 1373 2015 in
1417 1968 1687 2016 conventu
1731 1968 2036 2015 sanctorum

463 2056 775 2122 antistitum,
806 2055 850 2110 si
878 2055 953 2108 ita
980 2067 1200 2108 necesse
1228 2051 1406 2115 fuerit,
1437 2049 1834 2121 proferendum.
1866 2049 2037 2117 Quam

461 2149 507 2204 si
532 2146 925 2217 suscipiendam
950 2144 1243 2215 putaverit
1264 2142 1568 2200 fraternitas
1608 2151 1698 2197 tua
1721 2184 1736 2209 ,
1783 2150 1878 2198 aut
1913 2141 2038 2197 sub-

459 2239 710 2310 scriptam
730 2253 893 2292 manu
911 2236 1126 2308 propria
1148 2251 1275 2290 mox
1298 2235 1556 2300 remittat,
1581 2243 1675 2291 aut
1692 2234 2039 2305 sequentibus

459 2330 671 2400 scriptis
700 2328 917 2385 omnino
962 2342 1025 2383 se
1068 2326 1402 2397 improbasse
1442 2326 1782 2397 respondeat.
1814 2325 1965 2392 Quod
1994 2326 2040 2381 si

460 2433 581 2473 eam
628 2418 1015 2487 subscriptam,
1065 2423 1126 2472 ut
1177 2417 1318 2482 dixi,
1378 2417 1739 2473 transmittere
1781 2417 2035 2480 nolueris,

460 2517 644 2581 aperte
663 2509 840 2564 adhuc
860 2517 914 2563 te
934 2509 987 2563 in
1008 2523 1193 2564 errore
1212 2509 1501 2580 persistere
1520 2508 1636 2579 ipso
1658 2510 1870 2566 silentio
1889 2525 2039 2565 com-

460 2602 742 2674 probabis;
768 2616 831 2657 ac
850 2600 1075 2671 proinde
1090 2599 1205 2670 jam
1232 2601 1610 2657 necessitatem
1631 2600 1762 2655 mihi
1789 2599 1953 2656 facies
1972 2601 2039 2656 ad

458 2708 743 2763 personam
764 2701 908 2747 tuam
927 2692 1154 2762 publicis
1179 2693 1531 2749 conventibus
1557 2692 1947 2763 exponendam.
1972 2691 2041 2747 Et

460 2781 581 2838 ideo
605 2782 897 2837 secundum
926 2782 1040 2837 haec
1065 2797 1184 2850 quae
1211 2798 1242 2836 a
1271 2798 1357 2837 me
1384 2791 1509 2837 sunt
1542 2783 1744 2839 directa
1780 2783 2035 2848 rescribe,

458 2882 636 2929 utrum
664 2887 728 2927 ea
757 2873 980 2928 remotis
1023 2873 1454 2938 circuitionibus,
1503 2884 1597 2929 aut
1643 2887 1902 2943 agnoscas
1947 2882 2043 2930 aut

459 2981 698 3036 respuas.
748 2965 817 3019 Et
845 2966 952 3020 alia
997 2982 1173 3032 manu,
1206 2966 1434 3021 Faustus
1481 2967 1757 3037 exemplar
1798 2967 2040 3038 epistolae

458 3071 591 3112 mea:
619 3056 785 3124 relegi
809 3064 864 3110 et
891 3056 1203 3126 subscripsi.

2139 1882 2257 1922 mos
2284 1882 2527 1937 quosque
2570 1875 2914 1933 sanctorum,
2962 1869 3125 1924 etiam
3166 1878 3294 1924 ante
3337 1870 3707 1942 redemptionis

2142 1966 2382 2029 tempora
2410 1959 2548 2013 intra
2575 1958 2879 2029 paradisum
2899 1958 3162 2028 deguisse.
3189 1959 3316 2017 Haec
3339 1963 3543 2030 omnia,
3572 1965 3705 2032 quasi

2138 2052 2302 2122 impia
2350 2058 2405 2107 et
2453 2050 2748 2119 sacrilegiis
2802 2051 3004 2120 repleta
3046 2049 3367 2107 condemno.
3416 2051 3497 2107 Ita
3541 2061 3705 2108 autem

2139 2158 2324 2199 assero
2351 2142 2577 2212 gratiam
2605 2142 2734 2208 Dei,
2764 2150 2820 2196 ut
2850 2142 3095 2198 adnisum
3121 2142 3352 2198 hominis
3381 2151 3438 2198 et
3465 2153 3701 2199 conatum

2138 2236 2323 2303 gratiae
2367 2248 2581 2303 semper
2624 2233 2930 2302 adjungam,
2979 2240 3036 2288 et
3078 2233 3380 2289 libertatem
3430 2235 3711 2290 voluntatis

2139 2328 2386 2382 humana:
2412 2342 2521 2382 non
2542 2326 2879 2389 exstinctam,
2912 2325 3005 2380 sed
3035 2332 3363 2380 attenuatam
3394 2335 3452 2381 et
3478 2328 3707 2382 inﬁrma-

2139 2426 2249 2473 tam
2275 2432 2394 2473 esse
2419 2418 2792 2488 pronuntiem,
2841 2425 2895 2472 et
2942 2417 3230 2486 periclitari
3258 2433 3379 2473 eum
3408 2420 3499 2488 qui
3548 2421 3713 2477 salvus

2138 2519 2260 2576 est,
2313 2519 2367 2565 et
2412 2525 2535 2565 eum
2581 2510 2671 2580 qui
2720 2509 2880 2580 periit
2929 2511 3173 2580 potuisse
3206 2510 3421 2565 salvari.
3451 2511 3713 2569 Christum

2140 2601 2305 2656 etiam
2344 2598 2514 2655 Deum
2559 2607 2615 2654 et
2664 2598 3025 2665 Salvatorem,
3080 2609 3337 2670 quantum
3393 2603 3625 2671 pertinet
3649 2603 3712 2658 ad

2140 2690 2353 2746 divitias
2395 2690 2650 2745 bonitatis
2696 2704 2840 2757 sum,
2882 2690 3111 2760 pretium
3161 2692 3351 2745 mortis
3397 2708 3497 2763 pro
3543 2694 3706 2748 omni-

2140 2782 2241 2837 bus
2303 2781 2600 2849 obtulisse,
2663 2790 2720 2836 et
2775 2781 2899 2852 quia
2960 2781 3164 2837 nullum
3216 2785 3396 2854 perire
3448 2786 3577 2840 velit
3625 2786 3711 2855 qui

2141 2882 2224 2928 est
2268 2873 2504 2928 salvator
2551 2875 2790 2929 omnium
2816 2914 2831 2939 ,
2888 2875 3121 2931 maxime
3166 2874 3430 2946 fidelium,
3469 2879 3616 2936 dives
3659 2881 3712 2935 in

2144 2965 2390 3020 omnibus
2413 2965 2505 3035 qui
2535 2965 2788 3021 invocant
2831 2966 2998 3021 illum.
3033 2966 3100 3022 Et
3126 2968 3251 3038 quia
3280 2969 3336 3024 in
3365 2972 3530 3027 tantis
3554 2974 3703 3027 rebus

2140 3057 2482 3112 conscientiae
2508 3057 2945 3114 satisfaciendum
2960 3099 2981 3125 ,.
3005 3062 3223 3116 memini
3253 3078 3342 3117 me
3368 3072 3495 3119 ante
3520 3064 3706 3120 dixisse

525 3145 652 3225 llaec
670 3147 814 3201 enim
833 3162 960 3225 vera
979 3155 1035 3202 et
1053 3148 1569 3225 germanaepistolat
1588 3158 1672 3225 est
1691 3149 2028 3225 subscriptio,
2059 3152 2105 3213 C
2134 3147 2279 3218 quod
2314 3146 2558 3204 Christus
2595 3164 2694 3220 pro
2730 3149 2815 3204 his
2852 3157 3060 3206 tantum
3086 3166 3224 3221 quos
3251 3153 3552 3211 credituros
3576 3170 3703 3225 prm-

456 3218 931 3292 unicumgpctoris
957 3233 1153 3272 nomen
1183 3218 1491 3289 praeferens,
1515 3220 1661 3292 quod
1689 3220 1862 3292 solum
1890 3218 2034 3292 ρεινίέ

457 3295 538 3342 ter
583 3294 637 3340 et
681 3285 1030 3359 Hincmarus,
1080 3296 1133 3341 et
1178 3285 1390 3344 veteres
1433 3285 1621 3359 optimi
1667 3290 1866 3359 quique
1893 3285 2033 3346 'libri

454 3364 854 3428 repraesentant.
889 3356 1067 3411 Altera
1088 3356 1535 3428 autem,vulgatis
1558 3356 1814 3415 hactenus
1841 3361 2035 3417 editio—

454 3426 631 3492 nibus,
663 3440 782 3496 quae
828 3426 1054 3481 Auxanii
1081 3426 1422 3497 aliorumque
1458 3445 1579 3485 cum
1607 3429 1806 3486 Fausto
1840 3446 2032 3486 novem

453 3496 824 3568 episcoporum
846 3499 1061 3551 nomina
1078 3496 1351 3568 subnotat,
1376 3500 1475 3553 etsi
1501 3507 1745 3554 veterum
1771 3515 2031 3568 quorum-

452 3565 585 3637 dam;
601 3565 845 3637 codicum
875 3567 1126 3637 sull'ragio
1144 3582 1280 3637 Anon
1309 3577 1487 3633 caret,
1519 3570 1700 3637 spuria
1728 3565 1908 3625 tamen
1948 3577 2033 3625 est

450 3634 591 3688 haud
619 3635 779 3690 dubie
807 3643 862 3689 et
905 3636 1097 3689 aliena.
1131 3634 1259 3700 Quae
1299 3644 1356 3690 et
1395 3638 1447 3690 in
1478 3634 1718 3692 errorem
1747 3640 2037 3694 nonnullos

455 3704 684 3776 induxit,
715 3712 776 3759 ut
803 3705 870 3776 ab
899 3703 1196 3776 Arelatensi
1220 3706 1469 3776 concilio
1495 3707 1582 3761 vel
1627 3723 1657 3760 a
1686 3707 2031 3776 Lugdunensi

451 3773 804 3843 subscriptam
826 3773 1007 3828 Fausti
1042 3774 1323 3842 epistolam
1347 3775 1657 3842 crederent;
1685 3784 1739 3831 et
1776 3773 2024 3833 adversa-

451 3842 543 3896 riis
570 3842 767 3897 nostris
795 3843 1071 3913 calumnia:
1113 3858 1298 3897 ansam
1326 3846 1571 3913 praebuit,
1605 3856 1664 3901 ut
1690 3863 1791 3902 nos
1814 3848 2030 3904 concilii

450 3926 645 3982 nomen
683 3912 808 3982 huic
852 3912 945 3966 uni
991 3912 1175 3982 Fausti
1211 3912 1453 3982 epistolae
1481 3915 1720 3972 dicerent
1750 3918 2025 3973 tribuere:

449 3981 591 4069 quod
620 3990 702 4069 est
728 3980 1087 4069 falsissimum.
1115 3980 1411 4069 Hacui‘gitur‘
1430 3983 1611 4069 Fausti
1637 3988 1866 4069 epistola
1885 3988 2030 4045 exci-

450 4050 592 4123 tatus
635 4050 873 4108 Lucidus.
912 4053 979 4106 ad
1022 4067 1081 4108 se
1126 4050 1312 4119 rediit,
1363 4060 1418 4110 et
1462 4057 1607 4123 quod
1634 4050 1730 4113 diu
1753 4067 2030 4113 cunctatus

450 4120 642 4185 fuerat,
674 4137 924 4194 errorem»
955 4123 1396 4194 agnovit,_atque
1425 4120 1498 4178 ex
1521 4127 1734 4182 concilii
1761 4129 2028 4183 sententia

450 4192 759 4247 retractavit
786 4191 1020 4247 libellum
1051 4193 1126 4246 illi
1154 4191 1385 4249 oll‘ere'ns
1421 4194 1724 4264 hujuSmodi
1751 4214 1764 4250 :

449 4299 731 4373 Exemplar
779 4301 936 4359 libelli
985 4302 1168 4358 Lucidi
1213 4304 1495 4387 presbyteri
1537 4309 1783 4380 pristinos
1827 4325 2028 4365 errores

1087 4383 1374 4428 revocantis
2018 4391 2027 4397 ⁵

447 4458 685 4517 Dominis
729 4460 1049 4516 beatissimis
1096 4468 1153 4517 et
1213 4464 1269 4521 in
1322 4464 1535 4519 Christo
1580 4469 2027 4527 reverentissimis
2051 4507 2105 4567 Β

517 4550 793 4619 Patribus,
842 4549 1090 4617 Leontio,
1140 4550 1417 4621 Eufronio,
1458 4553 1705 4622 Fonteio,
1754 4557 2021 4629 Viventio,

515 4639 797 4707 Mamerto,
845 4639 1102 4706 Patienti,
1155 4641 1417 4710 Veriano,
1468 4644 1712 4703 Auxanio
1735 4689 1749 4715 ,
1805 4647 2022 4719 Fausto,

514 4729 704 4797 Paulo,
729 4731 1013 4801 Megethio,
1039 4732 1249 4798 Graeco,
1280 4732 1560 4806 Eutropio,
1588 4736 1833 4806 Leontio,
1864 4739 2027 4797 Clau-

515 4822 627 4885 dio,
659 4822 931 4888 Marcello,
975 4823 1176 4893 Croco,
1217 4826 1442 4896 Basilio,
1475 4827 1720 4898 Claudio,
1754 4829 2020 4899 Ursicino,

515 4908 873 4979 Praetextato,
902 4910 1225 4985 Pragmatio,
1259 4915 1617 4990 Theoplasto,
1647 4920 1897 4988 Leontio,
1933 4923 2022 4980 Vi-

520 5001 704 5059 ventio
727 5010 774 5068 η,
797 5002 1025 5071 Juliano,
1056 5006 1297 5076 Amicali,
1317 5007 1532 5078 Joanni,
1553 5009 1786 5083 Opilioni
1806 5023 1864 5070 et
1884 5013 2024 5071 Lici-

518 5090 610 5146 nio
638 5091 905 5162 episcopis
934 5091 1165 5151 Lucidus
1194 5098 1494 5172 presbyter.

509 5219 793 5291 Correptio
814 5227 993 5276 vestra
1020 5224 1162 5279 salus
1190 5226 1402 5295 publica
1422 5272 1437 5296 ,
1468 5236 1525 5284 et
1547 5232 1814 5286 sententia
1841 5242 2019 5289 vestra

439 5314 702 5372 medicina
727 5320 826 5368 est.
854 5310 1007 5369 Unde
1034 5323 1089 5370 et
1109 5330 1210 5386 ego
1231 5333 1499 5375 summum
1528 5324 1830 5382 remedium
1858 5325 2016 5392 duco,

440 5416 499 5464 ut
524 5405 827 5477 prseteritos
853 5420 1065 5461 errores
1089 5408 1391 5465 accusando
1435 5426 1716 5480 excusem,
1754 5424 1808 5471 et
1835 5417 2022 5472 saluti-

441 5497 552 5551 fera
571 5496 909 5553 confessione
930 5512 1014 5551 me
1033 5495 1251 5553 diluam.
1277 5496 1508 5556 Proinde
1522 5501 1677 5570 juxta
1696 5505 2021 5566 praedicandi

2133 3237 2290 3293 scivit
2343 3238 2685 3305 advenisset,
2738 3242 3033 3297 sententias
3094 3241 3401 3300 Dominicas
3454 3261 3700 3315 sequens,

2132 3329 2326 3399 quibus
2353 3330 2429 3384 ait
2470 3347 2482 3382 :
2526 3328 2695 3385 Filius
2734 3330 2957 3386 hominis
2986 3348 3090 3386 non
3116 3335 3252 3388 venit
3277 3335 3595 3402 ministrari,
3621 3336 3704 3391 sed

2131 3422 2455 3486 ministrare,
2499 3431 2547 3476 et
2594 3423 2822 3478 animam
2860 3440 3006 3479 suam
3046 3426 3444 3498 redemptionem
3471 3430 3595 3485 dare
3615 3447 3706 3501 pro

2131 3511 2329 3566 multis.
2379 3511 2448 3566 Et
2493 3512 2665 3567 illud:
2710 3513 2813 3567 Hic
2858 3524 2936 3568 est
2979 3516 3120 3571 calix
3159 3519 3429 3589 sanguinis
3474 3522 3699 3575 meinoei

2135 3601 2447 3657 Testamenti
2473 3604 2560 3675 qui
2597 3620 2692 3675 pro
2721 3590 2894 3659 multis
2922 3605 3216 3675 e/fundetur
3260 3608 3315 3661 in
3362 3612 3699 3665 remissionem

2130 3703 2471 3766 peccatorum.
2506 3696 2601 3751 Vel
2649 3696 2776 3752 illud
2824 3696 3068 3767 Apostoli
3100 3717 3114 3752 :
3155 3698 3305 3754 Sicut
3347 3709 3587 3756 statutum
3630 3711 3701 3755 est

2130 3784 2420 3839 hominibus
2447 3788 2578 3841 mori
2596 3828 2611 3854 ,
2661 3788 2739 3841 ita
2764 3796 2813 3842 et
2841 3787 3073 3843 Christus
3118 3790 3276 3845 semel
3315 3789 3513 3846 oblatus
3537 3799 3609 3845 est
3634 3790 3700 3844 ad

2128 3874 2407 3929 multorum
2434 3875 2787 3931 exhaurienda
2806 3887 3037 3948 peccata.
3070 3878 3222 3935 Nunc
3248 3896 3407 3948 vero,
3439 3895 3697 3937 sacrorum

2129 3966 2558 4022 testimonioriun
2603 3969 2946 4037 auctoritate,
2993 3985 3114 4040 quae
3159 3973 3373 4029 abunde
3417 3988 3511 4044 per
3535 3975 3696 4043 spatia

2126 4054 2428 4109 divinarum
2467 4056 2812 4113 inveniuntur
2849 4058 3279 4131 Scripturarum,
3326 4078 3397 4119 ex
3440 4064 3696 4119 seniorum

2126 4144 2372 4201 doctrina
2407 4149 2616 4203 ratione
2655 4149 2954 4219 patefacta,
3003 4151 3177 4207 libens
3221 4151 3397 4209 fateor
3437 4152 3695 4208 Christum

2127 4237 2288 4290 etiam
2330 4252 2430 4307 pro
2476 4238 2700 4307 perditis
2746 4240 3049 4308 advenisse,
3099 4242 3223 4312 quia
3272 4242 3462 4299 eodem
3490 4242 3700 4298 nolente

2125 4326 2420 4396 perierunt.
2452 4326 2639 4397 Neque
2667 4329 2811 4384 enim
2857 4327 2940 4386 fas
2968 4339 3069 4397 est,
3113 4331 3257 4387 circa
3287 4347 3384 4388 eos
3411 4332 3574 4388 solum
3598 4331 3693 4401 qui

2125 4416 2375 4472 videntur
2401 4432 2521 4473 esse
2549 4419 2742 4474 salvati
2758 4459 2774 4486 ,
2806 4419 3082 4476 immensas
3119 4421 3334 4478 divitias
3360 4423 3601 4479 bonitatis
3626 4436 3690 4476 ac

2128 4508 2389 4566 beneficia
2416 4510 2595 4566 divina
2620 4511 2884 4567 concludi.
2932 4512 3068 4568 Nam
3095 4513 3140 4569 si
3167 4512 3441 4570 Christum
3467 4515 3545 4569 bis
3578 4521 3690 4566 tan-

2128 4608 2242 4656 tum
2284 4600 2520 4656 remedia
2566 4603 2812 4657 attulisse
2855 4602 3082 4659 dicimus
3121 4604 3215 4672 qui
3257 4604 3519 4675 redempti
3553 4609 3687 4665 sunt.

2129 4690 2427 4746 videbimur
2454 4691 2733 4746 absolvere
2771 4707 2879 4747 non
2926 4692 3255 4763 redemptos,
3301 4709 3440 4764 quos
3475 4709 3569 4765 pro
3605 4705 3684 4746 re-

2126 4783 2436 4853 demptione
2463 4792 2771 4855 contempta
2790 4793 3001 4841 constat
3019 4801 3138 4843 esse
3162 4788 3481 4858 puniendos.
3512 4786 3690 4842 Assem

2127 4875 2309 4941 etiam,
2341 4890 2440 4945 per
2483 4878 2747 4932 rationem
2790 4885 2846 4932 et
2892 4879 3134 4934 ordinem
3173 4881 3523 4946 satculorum,
3568 4879 3687 4934 alios

2129 4964 2248 5035 lege
2275 4966 2477 5033 gratim,
2505 4966 2639 5022 alios
2667 4968 2783 5036 lege
2809 4966 2997 5039 Moysi,
3022 4969 3157 5025 alios
3174 4970 3294 5040 lege
3323 4981 3525 5027 natura:
3543 4982 3685 5041 quam

2132 5055 2275 5110 Deus
2302 5056 2361 5110 in
2384 5056 2622 5111 omnium
2649 5056 2911 5113 cordibus
2929 5059 3163 5130 scripsit,
3203 5060 3257 5114 in
3305 5077 3412 5133 spe
3449 5062 3683 5117 adventus

2131 5145 2330 5202 Christi
2359 5146 2521 5202 fuisse
2566 5148 2828 5217 salvatos;
2881 5157 3060 5206 tamen
3101 5152 3170 5208 ab
3198 5152 3354 5209 initio
3383 5154 3586 5219 mundi,
3624 5147 3685 5203 ab

2130 5238 2379 5307 originali
2400 5253 2564 5303 nexu,
2592 5239 2695 5294 nisi
2722 5239 3107 5297 intercessione
3134 5244 3271 5298 sacri
3300 5245 3566 5314 sanguinis
3587 5254 3683 5295 non

2127 5330 2422 5387 absolutos.
2445 5328 2708 5387 Proﬁteor
2734 5332 2896 5387 etiam
2921 5341 3153 5391 aeternos
3173 5335 3325 5404 ignes
3344 5346 3400 5392 et
3420 5332 3681 5391 infernales

2128 5420 2370 5477 flammas
2399 5422 2549 5477 factis
2571 5421 2886 5493 capitalibus
2911 5434 3236 5496 praeparatas
3262 5445 3276 5480 :
3303 5429 3428 5498 quia
3456 5435 3680 5498 perseve‘

2122 5520 2304 5567 rantes
2334 5513 2595 5568 humanas
2621 5514 2805 5583 culpas
2848 5516 3042 5572 merito
3087 5518 3333 5587 sequitur
3366 5519 3537 5574 divina
3563 5527 3673 5573 sen-

516 5690 536 5712 υ
569 5675 841 5740 Leucadio,
873 5684 930 5731 ut
960 5675 1149 5749 legitur
1178 5686 1306 5735 tom.
1340 5678 1360 5733 l
1388 5679 1749 5739 Conciliorum
1784 5682 1998 5750 Gallizc;
2029 5696 2083 5740 et
2121 5684 2418 5751 lliucmar.,
2450 5703 2571 5760 cap.
2602 5697 2628 5743 ι
2660 5690 2753 5745 lib.
2783 5690 2851 5747 de
2881 5688 3379 5750 Prasdestinatione.
