3920 6176
464 390 568 445 ῦθῖδ

1723 379 2036 437 MAMERTl
2074 378 2440 471 (LLAUDlAA‘l
3604 384 3688 439 ωε

464 502 739 575 patuisse
775 501 917 573 quod
969 501 1112 556 illam
1155 494 1571 568 impugnandam
1619 494 1719 549 sibi
1760 491 2050 564 sumpserit
2077 496 2126 555 Α
2152 492 2296 549 haud
2323 495 2520 565 pigeat,
2551 493 2638 549 ubi
2679 493 2808 566 quid
2852 494 2922 550 de
2974 494 3293 567 quastione,
3325 499 3494 548 utrum
3536 493 3691 563 Angeli

465 595 749 665 presbyter
774 603 957 655 noster
987 589 1325 649 Viennensis.
1351 586 1620 657 integram
1649 601 1782 641 vero
1803 583 2046 639 eamdem

464 687 550 744 eui
583 686 745 739 tolam
773 683 977 754 primus
1017 680 1184 737 edidit
1235 679 1480 736 Canisius
1510 678 1587 749 (a)
1613 716 1628 741 ,
1660 692 1726 731 ex
1760 690 1867 744 quo
1894 674 2048 730 dein-

462 790 590 844 ceps
618 773 671 827 in
699 772 1052 831 bibliothecas
1079 770 1298 835 Patrum
1329 768 1686 835 Parisiensem
1718 767 1792 838 (ὁ)
1823 774 1878 820 et
1908 764 2048 834 Lug-

462 865 759 919 duncnsem
789 864 859 933 (ε)
891 861 1125 916 transiit.
1154 859 1262 915 Sed
1310 868 1369 913 ut
1408 858 1476 913 ad
1515 857 1830 911 Mamertum
1864 853 2051 908 redea-

460 972 600 1022 mus,
652 963 765 1011 tres
794 954 911 1024 ejus
954 953 1123 1008 libros
1163 960 1350 1007 contra
1402 949 1661 1003 Faustum
1708 945 2052 1001 elucubratus

461 1047 674 1102 eximiis
694 1045 979 1118 pratconiis
1006 1044 1207 1116 passim
1247 1041 1429 1096 laudat
1451 1040 1812 1094 Arvernorum
1835 1036 2048 1107 episco-

465 1156 582 1209 pus,
608 1155 677 1195 ex
700 1138 893 1208 quibus
919 1138 1034 1194 haec
1057 1142 1265 1191 tantum
1292 1133 1566 1202 seligimus
1595 1129 1672 1202 (ά)
1709 1147 1722 1182 :
1750 1128 1779 1180 ἰ
1807 1127 2045 1194 Librum,

461 1229 654 1301 inquit,
685 1228 750 1283 de
777 1228 935 1284 Statu
960 1228 1150 1281 animo:
1183 1225 1352 1281 tribus
1378 1221 1740 1279 voluminibus
1764 1220 2045 1285 illustrem,

462 1321 755 1376 Mamertus
806 1318 1155 1383 Claudianus,
1210 1314 1567 1386 peritissimus
1618 1311 2047 1376 Christianorum

462 1411 813 1483 philosophus
838 1419 893 1469 et
921 1408 1287 1481 quorumlibet
1310 1407 1514 1478 primus
1536 1403 1888 1469 eruditorum,
1922 1401 2050 1457 totis

459 1512 683 1559 sectatus
714 1501 1071 1575 philosophia:
1116 1498 1391 1564 membris,
1449 1497 1657 1552 artibus
1701 1495 2048 1566 partibusque

460 1608 679 1650 comere
707 1599 763 1648 et
790 1592 1039 1656 excolere
1061 1589 1300 1656 curavit,
1328 1602 1524 1653 novem
1545 1601 1679 1656 quas
1711 1592 1907 1639 vocant
1935 1583 2048 1643 llu-

460 1702 566 1752 sas,
599 1684 913 1755 disciplinas
939 1682 1188 1753 aperiens
1216 1695 1356 1747 esse,
1384 1695 1489 1735 non
1520 1677 1764 1733 feminas.
1809 1674 2050 1743 Namque

461 1779 516 1834 in
548 1777 757 1848 paginis
784 1775 902 1845 ejus
920 1774 1118 1843 vigilax
1142 1773 1312 1828 lector
1332 1770 1568 1825 inveniet
1592 1767 1803 1824 veriora
1833 1764 2047 1820 nomina

2152 588 2403 656 corporei
2443 602 2510 642 an
2541 587 2846 657 incorporei
2874 587 3011 654 sint,
3042 584 3370 643 credendum
3398 584 3601 654 inquirit
3623 587 3693 655 (il.

2222 675 2286 730 V.
2328 676 2531 733 Horum
2560 687 2739 733 autem
2785 678 2947 732 trium
2993 676 3275 733 Claudiani
3315 675 3563 731 librorum
3588 675 3693 729 edi-

2150 767 2352 825 tionem
2382 770 2534 841 prelo
2584 771 3039 840 consignavimus,
3068 785 3231 839 quam
3279 767 3515 823 Andreas
3539 765 3696 822 Schut-

2151 870 2237 917 tus
2261 868 2383 932 post
2417 861 2763 917 collationem
2786 878 2816 916 a
2844 860 3055 917 Joanne
3094 861 3369 917 Wowerio
3408 876 3523 915 cum
3558 874 3699 914 mem-

2149 952 2335 1007 branis
2381 950 2739 1008 Plantinianis
2784 954 3085 1009 institutam
3130 952 3421 1013 recensuit,
3452 952 3700 1020 exegitque

2149 1058 2271 1098 cum
2317 1043 2385 1097 ad
2436 1044 2713 1115 exemplar
2739 1059 2883 1100 anno
2930 1042 3066 1097 1520
3107 1043 3331 1098 Basilea:
3375 1040 3543 1095 studio
3580 1039 3698 1095 Petri

2149 1132 2430 1188 Mosellani
2458 1134 2731 1204 vulgatum
2753 1149 2784 1190 e
2798 1133 3032 1190 Cellensi
3058 1133 3364 1190 Germania:
3389 1131 3699 1196 bibliotheca,

2150 1238 2263 1281 tum
2294 1228 2350 1282 in
2379 1227 2566 1297 primis
2593 1228 2662 1282 ad
2688 1228 3041 1283 vetustiorem
3065 1227 3311 1285 codicem
3337 1225 3700 1280 Tornaeensent

2148 1316 2489 1385 bibliothecae
2517 1316 2993 1379 Benedictinorum
3012 1317 3092 1383 ad
3120 1323 3371 1373 sanctum
3401 1314 3659 1368 Martinam
3686 1332 3696 1366 :

2149 1423 2259 1479 quo
2284 1422 2510 1463 munere
2539 1406 2849 1477 perfunctus
2876 1407 2994 1461 loca
3014 1423 3174 1477 prope
3203 1403 3595 1460 innumerabilia
3617 1403 3699 1457 sibi

2149 1498 2315 1554 tuisse
2342 1501 2591 1567 restituta
2612 1498 2910 1570 proﬁtetur.
2943 1517 2962 1551 ι
2997 1497 3227 1559 Lutetiae
3247 1497 3413 1561 enim,
3438 1496 3612 1566 inquit.
3634 1495 3701 1549 bis

2148 1599 2300 1650 terve
2342 1591 2417 1653 ita
2458 1606 2623 1662 opera
2658 1590 3043 1663 typographica
3071 1606 3195 1653 eum
3236 1597 3510 1647 auctorem
3537 1588 3585 1642 in
3618 1585 3701 1640 Pa-

2150 1688 2293 1736 trum
2340 1689 2583 1743 veterum
2633 1680 2965 1748 Bibliotheca
3020 1680 3435 1743 deformarunt,
3489 1679 3611 1735 nihil
3655 1686 3700 1734 ut

2148 1788 2341 1827 sanum
2395 1774 2733 1843 integrumve
2780 1774 2836 1829 in
2879 1773 3102 1829 horrido
3157 1774 3254 1830 illo
3302 1772 3509 1829 dicendi
3535 1787 3702 1841 genere

463 1869 868 1932 Cammnarum,
896 1881 1017 1936 qua:
1060 1864 1337 1936 propriam
1365 1862 1432 1915 de
1460 1876 1518 1916 se
1545 1859 1646 1914 sibi
1676 1857 1892 1928 pariunt
1920 1871 2049 1910 Ilun-
2079 1857 2125 1917 B
2153 1865 2256 1934 legi
2299 1874 2484 1936 posset
2521 1873 2615 1921 aut
2665 1866 2913 1936 intelligi,
2961 1866 3159 1922 nedum
3210 1866 3280 1921 ad
3309 1864 3702 1935 cognoscendum

465 1962 827 2033 cupationem.
850 1959 965 2015 lllic
991 1958 1135 2013 enim
1157 1965 1213 2012 et
1239 1953 1588 2024 grammatica
1611 1950 1817 2013 dividit,
1845 1955 1901 2004 et
1926 1962 2050 2004 ora-

465 2054 606 2115 toria
626 2051 910 2118 declamat,
936 2057 990 2106 et
1016 2047 1352 2104 arithmetica
1374 2050 1642 2107 numerat,
1675 2048 1730 2097 et
1756 2039 2049 2111 geometria

464 2144 707 2209 metitur,
740 2152 796 2200 et
824 2141 1027 2202 musica
1061 2138 1345 2211 ponderat,
1388 2142 1443 2191 et
1470 2133 1748 2190 dialectica
1792 2132 2048 2202 disputat,

463 2248 521 2293 et
549 2235 867 2305 astrologica
887 2232 1196 2306 praenoscit,
1248 2238 1305 2287 et
1347 2226 1764 2290 architectonica
1791 2225 1967 2290 struit,
1997 2227 2054 2277 et

465 2328 691 2384 metrica
723 2325 1050 2383 modulatur.
1090 2343 1110 2376 ι
1144 2322 1273 2379 ﬂata
1317 2321 1427 2377 ille.
1455 2318 1527 2375 At
1552 2319 1713 2387 longe
1740 2315 2053 2375 cumnlatis-

465 2420 618 2475 simis
645 2418 893 2474 laudibus
931 2416 1153 2476 eosdem
1182 2415 1349 2471 libros
1376 2420 1537 2481 auget
1582 2412 1811 2482 ipsemet
1856 2408 2055 2464 Arver-

467 2510 649 2566 nensis
667 2509 895 2566 antistes
916 2507 973 2563 in
990 2505 1187 2562 litteris
1205 2504 1412 2560 auctori
1431 2501 1731 2558 Claudiano
1759 2499 2050 2568 inscriptis,

466 2614 604 2671 quas
644 2596 784 2654 infra
828 2597 1035 2653 duabus
1071 2595 1192 2651 aliis
1245 2592 1488 2664 epistolis
1534 2588 1836 2662 presbyteri
1884 2587 2056 2644 nostri

469 2688 789 2747 Viennensis
825 2689 1061 2747 intextas
1105 2685 1362 2757 reperies.
1409 2683 1478 2739 Et
1501 2683 1619 2753 jure
1646 2682 1861 2751 quidem
1895 2680 2057 2735 tantis

469 2780 721 2841 laudibus
747 2777 967 2840 eﬂ‘ertur
988 2776 1346 2841 Claudianus;
1377 2773 1576 2845 quippe
1596 2774 1688 2843 qui
1719 2772 1943 2837 scilicet,
1975 2771 2057 2825 in-

436 2868 445 2887 ’
476 2871 597 2941 quit
622 2883 849 2942 magnus
874 2867 1139 2931 Baronius
1161 2866 1254 2939 (ε),
1277 2879 1384 2921 una
1404 2880 1524 2920 cum
1552 2863 1871 2932 theologicis
1898 2861 2059 2917 facul-

472 2962 695 3029 tatibus,
739 2960 948 3018 aeteris
986 2972 1204 3029 quoque
1230 2956 1471 3013 scientiis
1495 2956 1725 3027 polleret
1753 2974 1765 3008 :
1809 2962 1868 3008 ut
1901 2954 2057 3024 plane

472 3053 718 3117 veritatis
762 3059 1108 3115 assertorem,
1142 3066 1250 3119 non
1289 3058 1470 3106 autem
1512 3048 1846 3106 adulatorem
1900 3045 2058 3103 Sido-

473 3148 624 3202 nium
647 3145 812 3202 fuisse
839 3159 1158 3215 cognoscas.

548 3236 638 3293 Ν.
684 3193 1216 3293 Unum‘amennbic
1243 3193 1504 3291 adnotare
1545 3232 1777 3297 fortasse
1802 3231 2004 3303 juverit
2038 3250 2050 3285 :
2081 3230 2129 3295 ο

474 3327 830 3384 Claudianum
853 3326 1108 3382 nimirum
1130 3326 1186 3382 in
1226 3341 1289 3382 ea
1310 3324 1475 3383 fuisse
1503 3325 1773 3382 sententia
1802 3325 1901 3397 (ι’),
1932 3341 2060 3382 con-

476 3429 618 3479 stare
658 3419 902 3491 angelum
947 3427 1000 3474 et
1043 3435 1259 3489 corpore
1305 3427 1356 3474 et
1381 3420 1589 3490 spiritu,
1636 3421 1898 3491 ρνωεὶραα
1925 3420 2063 3475 inter

476 3520 744 3573 creaturas
769 3510 1023 3582 dignitate
1044 3512 1287 3582 formato.
1317 3508 1489 3577 Quem
1517 3510 1585 3566 ad
1624 3510 1802 3567 locum
1826 3513 1943 3568 haec
1968 3511 2064 3571 ad-

478 3600 643 3657 ve‘rtit
662 3597 888 3655 Huetius
918 3597 994 3671 (g)
1021 3616 1034 3652 :
1070 3618 1089 3650 ι
1121 3598 1440 3663 Mamertum
1462 3615 1559 3663 sua
1580 3600 1795 3659 videtur
1810 3600 2064 3657 fefellisse

480 3688 621 3746 ratio
654 3705 667 3741 :
698 3703 825 3742 nam
841 3689 1060 3753 vitalem
1088 3689 1262 3760 ipsum
1298 3690 1547 3759 spiritum
1574 3690 1660 3749 vel
1686 3692 2063 3763 incorporeum

416 3856 437 3863 Ὀ
479 3792 601 3831 esse
627 3776 789 3843 dicet,
818 3778 906 3839 vel
929 3792 1249 3847 corporeum
1283 3796 1296 3831 :
1342 3780 1388 3835 si
1417 3780 1795 3849 incorporeum
1823 3796 1944 3837 esse
1972 3797 2064 3837 ve-

481 3869 562 3936 lit,
587 3883 755 3939 quare
780 3885 891 3935 non
934 3876 1103 3935 totam
1151 3870 1334 3931 itidem
1362 3873 1552 3940 Angeli
1581 3880 1825 3937 naturam
1853 3889 1952 3944 pro
1980 3874 2064 3931 in-

480 3976 742 4031 corporea
788 3960 1058 4027 admittat,
1109 3977 1270 4019 causa
1317 3979 1426 4019 non
1455 3973 1539 4027 est
1571 3982 1585 4018 :
1617 3966 1661 4020 si
1709 3981 2060 4036 corporeum,

480 4061 542 4106 ut
562 4052 767 4109 nullum
795 4068 993 4124 corpus
1013 4067 1081 4113 ex
1109 4053 1225 4122 ejus
1245 4057 1514 4119 sententia
1535 4066 1732 4128 sponte
1756 4075 1853 4115 sua
1884 4060 2063 4117 vivere

481 4152 700 4216 potest:
732 4158 862 4214 ergo
889 4145 997 4201 alio
1030 4146 1223 4217 spiritu
1250 4148 1519 4207 excitante
1558 4149 1800 4215 vivescat
1841 4167 2065 4213 necesse

481 4245 585 4290 est.
617 4235 819 4292 Eadem
845 4251 1010 4315 porro
1055 4236 1125 4293 de
1168 4240 1331 4294 tertio
1377 4239 1469 4297 illo
1497 4242 1707 4312 spiritu,
1739 4250 1904 4315 atque
1931 4244 2065 4307 item

480 4330 549 4382 de
576 4333 790 4397 quarto,
839 4335 896 4384 et
938 4329 1018 4385 sic
1062 4329 1119 4385 in
1163 4328 1435 4387 infinitum
1474 4343 1718 4391 recurret
1755 4338 2000 4407 quaestio.
2037 4357 2057 4392 ι

483 4420 757 4475 Hactenus
783 4418 849 4474 V.
876 4419 939 4474 C.
968 4419 1221 4491 Ejusdem
1249 4438 1469 4494 quoque
1506 4424 1751 4482 Mamerti
1797 4428 1866 4483 de
1893 4429 2067 4499 Ange-

481 4512 655 4572 lorum
686 4512 1004 4583 corporibus
1054 4513 1250 4583 placita
1297 4517 1729 4587 perstringuntur
1780 4522 1835 4576 in
1880 4521 2062 4579 Brasi-

2150 1955 2367 2011 subtilia
2420 1957 2509 2012 illa
2563 1957 2872 2012 invitarent.
2912 1975 2932 2010 ι
2982 1956 3306 2026 Hujusmodi
3357 1972 3485 2012 vero
3524 1955 3704 2019 Sebotti

2152 2050 2317 2106 editio
2343 2051 2573 2121 primum
2603 2051 2804 2123 prodiit
2830 2066 2977 2107 anno
3014 2049 3171 2116 1618,
3203 2050 3262 2105 in
3289 2049 3603 2105 bibliotheca
3629 2048 3704 2103 Pa-

2150 2149 2294 2196 trum
2340 2140 2671 2211 Coloniensi,
2720 2144 2948 2214 repetita
2986 2142 3248 2213 deinceps
3292 2142 3350 2197 in
3401 2141 3704 2210 Lugdunensi

2154 2247 2300 2289 anno
2329 2233 2487 2288 1677.
2532 2234 2668 2290 Cum
2701 2250 2831 2292 vero
2859 2234 3018 2291 nobis
3045 2234 3192 2291 haud
3230 2243 3380 2291 esset
3404 2235 3458 2290 in
3489 2244 3703 2305 promptu

2154 2324 2323 2380 editio
2342 2323 2703 2394 Coloniensis,
2736 2325 3080 2396 Lugdunensi
3119 2326 3205 2382 usi
3226 2342 3414 2384 sumus
3443 2327 3504 2397 (j)
3532 2344 3545 2379 :
3573 2340 3705 2396 quam

2155 2422 2339 2481 tamen
2384 2416 2629 2487 pluribus
2655 2418 2711 2473 in
2756 2418 2889 2474 locis
2919 2419 3061 2474 male
3083 2418 3332 2474 habitam
3362 2434 3483 2483 cum
3521 2434 3577 2473 ea
3600 2435 3705 2474 con-

2156 2506 2375 2563 tulimus
2419 2522 2540 2578 quze
2566 2509 2803 2565 occurrit
2831 2510 2946 2566 sive
2974 2509 3030 2573 in
3074 2509 3407 2566 bibliotheca
3456 2508 3555 2571 PP.
3578 2509 3707 2569 Pari-

2154 2597 2320 2657 siensi
2349 2598 2445 2670 (Ir),
2473 2599 2587 2655 sive
2608 2599 2665 2655 in
2689 2599 3231 2671 Orthodoxographis
3254 2601 3340 2674 (ι).
3377 2600 3510 2657 llinc
3543 2602 3705 2655 factum

2156 2697 2217 2744 ut
2240 2705 2352 2744 non
2380 2689 2556 2745 solum
2583 2691 2863 2763 complura
2909 2692 3303 2764 typograpbica
3332 2692 3520 2748 menda
3545 2690 3707 2747 fuerint

2155 2783 2387 2846 sublata.
2418 2799 2606 2841 verum
2633 2787 2800 2843 etiam
2828 2788 2995 2845 multa
3039 2789 3343 2857 integritati
3382 2787 3625 2849 restituta,
3665 2795 3706 2839 ut

2156 2875 2289 2932 inita
2310 2880 2719 2949 comparatione
2743 2896 2807 2937 ac
2823 2896 2893 2937 ex
2911 2881 3113 2938 notulis
3133 2880 3399 2950 subjectis
3418 2888 3709 2950 compertum

2158 2966 2269 3023 liet.
2301 2966 2568 3025 Praeterea
2587 2970 2830 3040 longiora
2851 2972 3051 3042 capita,
3082 2987 3191 3042 quo
3209 2970 3420 3033 facilior
3438 2968 3585 3033 lectio
3607 2983 3708 3045 pru-

2156 3059 2409 3127 cederet,
2438 3060 2493 3116 in
2515 3062 2785 3118 sectiones
2811 3062 3170 3118 distinximus.
3210 3062 3318 3117 Sed
3346 3061 3471 3116 illud
3490 3061 3541 3115 in
3560 3058 3715 3129 primis

2159 3151 2431 3207 commodi
2464 3153 2710 3219 accessit,
2760 3153 2907 3222 quod
2935 3169 2999 3207 ex
3024 3150 3215 3207 eadem
3245 3149 3529 3206 Parisiensi
3555 3148 3691 3202 biblio

2160 3242 2315 3297 theca
2329 3241 2424 3314 (ιη)
2436 3243 2936 3299 commentariolum
2951 3242 3280 3312 desumpsim
3287 3259 3350 3297 us
3358 3241 3567 3297 Sidonio
3577 3240 3633 3292 ab
3644 3253 3703 3291 eo

2162 3333 2285 3389 dem
2315 3333 2607 3390 Claudiano
2638 3333 2969 3404 inscriptum,
3013 3341 3174 3402 atque
3195 3331 3265 3412 ad
3296 3332 3437 3387 idem
3465 3341 3708 3398 argumen-

2163 3432 2277 3479 tum
2295 3423 2358 3477 (ιε
2373 3424 2528 3479 Statu
2547 3425 2738 3479 animm
2758 3423 3068 3493 respiciens.
3093 3420 3279 3476 Mirari
3302 3437 3430 3477 vero
3450 3420 3582 3475 subit
3598 3416 3706 3484 ejus-

2163 3515 2308 3570 modi
2335 3514 2837 3570 commentariolum
2865 3514 2918 3568 in
2948 3512 3186 3567 editione
3221 3508 3557 3580 Lugduneusi
3581 3506 3709 3560 fuisse

2164 3609 2421 3665 omissum
2452 3608 2543 3678 (an
2589 3607 2752 3661 etiam
2781 3622 2811 3661 a
2833 3606 3058 3662 Schotto
3088 3606 3139 3660 in
3181 3603 3525 3660 Coloniensi?
3546 3603 3581 3673 ),
3615 3613 3711 3657 cum

2165 3708 2344 3754 tamen
2374 3706 2601 3768 utraque
2629 3696 3149 3766 Ortltodoxographa
3197 3711 3324 3750 cum
3356 3691 3592 3751 lieroldi,
3623 3697 3714 3742 tum

2165 3790 2381 3863 Grynaei
2408 3805 2553 3847 anno
2586 3786 2723 3842 1555
2749 3796 2805 3843 et
2827 3785 2965 3841 1569
2995 3788 3133 3859 typis
3174 3785 3566 3842 Basileensibus
3590 3779 3713 3836 evula

2163 3892 2286 3953 gata
2315 3884 2446 3943 illud
2468 3883 2776 3949 exhibeant,
2827 3880 2894 3936 ad
2935 3884 3054 3950 qua:
3098 3889 3395 3952 propterea
3432 3870 3711 3944 exemplaria

2164 3985 2409 4032 nostrum
2437 3977 2718 4045 diligenter
2743 3975 3036 4043 exegimus.
3304 3964 3317 3977 “

2237 4068 2322 4123 Vl.
2342 4068 2458 4123 Jam
2476 4083 2605 4123 vero
2623 4077 2733 4123 tres
2747 4067 2811 4124 de
2826 4076 2963 4120 statu
2976 4068 3164 4121 anima:
3175 4065 3349 4121 libros
3358 4057 3708 4132 excipiunth

2165 4160 2409 4216 Mamerti
2436 4159 2713 4215 Claudiani
2735 4158 2995 4228 epistolae.
3010 4154 3082 4211 Et
3095 4157 3264 4211 altera
3288 4156 3498 4228 quidem
3516 4151 3576 4207 ad
3589 4148 3707 4203 Sido-

2167 4256 2332 4320 nium,
2347 4254 2434 4309 cui
2453 4269 2515 4309 ea
2533 4267 2746 4322 quoque
2763 4251 3041 4320 subjicitur
3058 4265 3164 4321 qua
3181 4250 3327 4306 idem
3344 4242 3707 4305 SidoniusClau-

2165 4348 2327 4402 diano
2347 4344 2635 4417 respondet
2659 4363 2672 4400 :
2704 4345 2870 4399 altera
2892 4359 3023 4399 vero
3052 4343 3119 4399 ad
3148 4342 3455 4413 Sapaudum
3482 4339 3709 4393 rhetorem

2170 4437 2521 4492 Viennensem
2545 4453 2559 4499 ;
2583 4435 2649 4490 ad
2671 4449 2831 4501 quem
2857 4434 3097 4490 scribens
3118 4434 3347 4503 ipsemet
3373 4428 3606 4486 Sidonius
3630 4421 3707 4494 (tt).

2166 4544 2289 4583 eum
2307 4530 2378 4583 ita
2393 4528 2590 4593 laudat,
2604 4535 2659 4581 ut
2674 4525 3002 4593 Quintiliano
3017 4534 3072 4581 et
3086 4524 3328 4580 Palladio
3338 4522 3549 4582 summis
3560 4518 3704 4573 rheto-

483 4602 732 4659 cbellano
776 4601 958 4669 Indice
987 4602 1245 4660 librorum
1267 4608 1737 4677 expurgandorum
1767 4612 1868 4684 (Ιι).
1900 4613 2067 4671 Czete-
2089 4599 2145 4661 Β
2169 4622 2317 4678 ribus
2344 4633 2659 4689 comparare
2704 4618 2844 4673 haud
2862 4625 3127 4680 vereatur,
3161 4615 3313 4673 lianc
3332 4624 3504 4670 autem
3531 4611 3707 4676 elegan-

485 4709 602 4797 T‘fm
626 4695 770 4797 ham!
785 4711 987 4797 9110005
1005 4713 1074 4753 θ’(
1093 4699 1329 4770 αηιίψιίε
1348 4700 1599 4797 Patribus
1618 4703 1672 4759 in
1687 4707 1930 4764 eamdem
1946 4710 2066 4780 opi-
2174 4713 2435 4768 tissimam
2454 4708 2733 4764 Claudiaui
2754 4708 3035 4779 epistolam
3051 4708 3255 4777 primus
3278 4722 3347 4761 ex
3368 4704 3571 4760 archiva
3595 4695 3707 4766 regio

486 4788 705 4843 nionem
731 4789 1033 4847 declinasse
1072 4802 1407 4863 compertum
1456 4794 1739 4855 habemus.
1773 4798 1888 4867 Qua
1917 4803 1985 4859 de
2009 4820 2069 4861 re
2176 4803 2462 4860 Parisiensi
2492 4816 2524 4856 e
2556 4800 2793 4855 tenebris
2821 4801 2962 4854 eruit
2989 4799 3236 4857 Baluzius
3263 4797 3370 4869 (ο),
3402 4794 3491 4851 sed
3519 4787 3705 4846 tionnul-

486 4884 685 4951 Ρπὲῑθι·
721 4878 991 4943 laudatum
1023 4881 1294 4954 liuetium.
1345 4885 1694 4958 Muratorium
1745 4892 1873 4959 item
1916 4876 2069 4953 adire
2176 4897 2242 4952 lis
2274 4896 2328 4952 in
2356 4894 2490 4950 locis
2521 4893 2696 4948 minus
2719 4890 3077 4957 emendatam,
3107 4899 3166 4959 ut
3197 4889 3263 4947 ad
3293 4888 3589 4959 paginarum
3614 4879 3707 4933 lim-

559 5170 636 5252 (ᾳ)
676 5169 887 5252 Canis“
914 5172 1075 5252 Thes.
1109 5178 1316 5252 tonui,
1352 5196 1425 5250 pp
1476 5179 1723 5252 Stibadia.
2176 5185 2328 5249 Rom.
2364 5183 2518 5238 1608.

558 5238 928 5323 (b)uB.blioth.
980 5242 1084 5298 PP.
1142 5238 1313 5301 Paris.
1352 5238 1494 5304 'a'nn.
1542 5249 1714 5316 1644,
1769 5259 1900 5308 tum.
1959 5252 2056 5318 Ill,

489 5329 593 5381 pp-
608 5310 711 5381 509
732 5325 883 5380 seqq.

2352 5255 2568 5333 Muret...
2606 5252 2672 5306 de
2718 5252 2900 5333 lngen.
2936 5253 3164 5318 modon,
3198 5252 3288 5315 lib.
3316 5268 3361 5317 ι,
3386 5264 3498 5319 cap.
3526 5245 3606 5309 15,
3633 5255 3702 5310 pp-

2174 5323 2242 5378 10
2305 5339 2444 5381 sem.
2469 5325 2599 5379 edit.
2634 5322 2804 5376 Paris.

1090 5382 1257 5464 Lugd.
1294 5395 1424 5443 tum.
1458 5389 1586 5453 Vill,
1610 5407 1697 5461 pp.
1733 5391 1835 5445 558
1864 5409 2015 5464 seqq.

570 5512 574 5517 ,
622 5452 638 5519 )
676 5450 889 5530 §ulon.,
914 5453 1005 5530 lib.
1040 5472 1090 5519 v,
1119 5463 1277 5530 epist.
1302 5457 1359 5530 21
1398 5526 1459 5530 Η

2174 5339 2278 5379 ιυυ
2305 5339 2444 5393 seq.,
2469 5339 2599 5379 emt.
2634 5339 2804 5376 rarts.

2246 5396 2315 5530 ᾖ)
2356 5394 2492 5475 Bibl.
2525 5391 2628 5445 PP.
2662 5391 2852 5474 Lugd,
2879 5400 3011 5446 tom.
3044 5391 3130 5454 Vl,
3160 5408 3251 5463 pp.
3284 5382 3591 5446 10454074.

2306 5470 2322 5530 )
2364 5464 2501 5519 Btbl.
2543 5461 2647 5516 PP.
2680 5459 2875 5528 Parts.,
2912 5472 3042 5517 tom.
3076 5462 3142 5521 1V
3167 5503 3182 5527 ,
3234 5475 3370 5530 part.
3397 5476 3458 5530 Δι,
3502 5470 3582 5528 pp.

561 5442 638 5519 (ιί)
679 5442 1005 5515 Sitlon.,lib.
1040 5472 1090 5519 ν,
1119 5442 1354 5524 οιῆειλ,
1392 5442 1421 5443 η
1528 5442 1531 5443 ν
1574 5442 1696 5461 -rr~

558 5531 631 5608 te)
676 5521 991 5608 Esrmmd
1011 5540 1148 5608 EF"!-
1181 5523 1302 5605 499.
1337 5527 1365 5599 ς
1756 5601 1799 5608 η

2181 5442 2322 5589 δῦξεδ
2361 5442 2501 5519 est:
2527 5442 3042 5528 ’Iip.r:.‘;is'z,1a.s.
3062 5442 3142 5521 iv.
3161 5442 3378 5534 ῖτέκένὶέ
3397 5476 3428 5530 Δι
3445 5442 3467 5525 ν’
3490 5442 3582 5535 PP-
3604 5442 3700 5501 599‘

560 5596 632 5678 ul
674 5592 1147 5678 CIaququtat.
1194 5592 1380 5678 animi,
1406 5596 1499 5651 lib.
1531 5614 1566 5662 t,
1592 5615 1704 5678 cap;
1746 5601 1829 5653 Η.
1956 5608 2019 5678 '_
2252 5599 3146 5678 (.llOJ'il'tdeEqu:1250-1505.

562 5667 636 5731 tu)
676 5662 859 5727 Πυθίη
912 5664 1245 5736 0rigenian.,
1296 5666 1387 5723 lib.
1423 5683 1477 5732 ll,
1511 5682 1629 5739 cap.
1658 5662 1726 5736 '2,
1771 5681 1959 5740 qumst.
1987 5671 2041 5732 5,
2242 5662 2342 5745 (νὴ)
2374 5673 2506 5728 Bibl.
2544 5662 2874 5754 PPJParisq
2898 5672 2932 5725 l.
2967 5687 3041 5733 c.,
3065 5686 3156 5743 pp.
3189 5666 3433 5725 651-658.

495 5735 605 5807 ἴδε
631 5746 754 5807 Ρὲὅ·
785 5733 873 5807 ⁷1,
982 5805 997 5807 _
1320 5806 1329 5807 ί
2248 5744 2327 5807 (η)
2351 5743 2561 5807 Sidon,
2587 5743 2681 5797 lth.
2707 5757 2758 5806 v,
2790 5742 2949 5807 epist.
2984 5741 3072 5796 10.

553 5757 940 5874 fitlwlllsras‘ilcbq
981 5805 1093 5862 Ind.
1138 5816 1269 5865 tom.
1313 5806 1352 5877 1,
1393 5820 1547 5876 pagg.
1611 5807 1706 5864 141
1761 5824 1900 5878 seq.,
1937 5811 2056 5869 edit

2270 5757 2327 5807 η)
2351 5757 2561 5809 butum,
2589 5757 2681 5797 nu.
2707 5757 2758 5806 ν,
2790 5757 2949 5812 epist.
2984 5757 3072 5796 τυ.

2248 5762 2322 5883 to)
2356 5813 2557 5884 Baluz.,
2592 5811 2813 5869 liiscell.
2843 5820 2973 5869 tom.
2999 5810 3087 5881 Vl,
3113 5824 3232 5884 pag.
3265 5807 3382 5867 555.
