3920 6176
280 358 380 414 6πῖ
1125 350 1213 406 DE
1251 351 1476 408 STATU
1516 351 1754 408 ANIMJE
1795 353 1828 407 l.

2014 354 2209 411 ΤΜ-ΖΞ.
2232 390 2301 399 —-
2333 355 2717 412 ΡΒᾹΞΡΑΤΙΟ.
3452 359 3561 418 698

278 473 405 529 bum
452 467 746 523 innuimus.
779 462 1043 521 Caeterum
1074 462 1141 518 de
1186 461 1438 533 Sapaudo
1481 462 1634 534 plura
1664 465 1872 519 erudite
1905 480 1947 533 Α
1977 480 2095 535 qum
2125 466 2408 521 laudantur
2435 481 2465 521 a
2513 466 2754 522 Sidonio.
2788 466 3033 539 Scriptus
3060 476 3143 524 est
3168 469 3411 527 versibus
3449 480 3561 528 tre-

278 564 570 621 observata
600 558 782 613 videas
802 555 945 627 apud
974 555 1223 610 Historiae
1243 554 1517 609 litterarim
1537 550 1754 610 Gallicae
1776 572 1873 610 au-
1974 557 2193 620 cimicis,
2224 557 2418 627 quibus
2457 558 2641 613 inserti
2681 558 2972 629 aliquando
3020 560 3557 632 pynhichiinumeri.

242 644 245 647 ’
280 661 457 709 ctores
488 649 591 722 (a).
621 647 715 704 His
743 662 907 718 porro
934 646 1142 702 duabus
1176 644 1418 715 epistolis
1445 660 1660 701 cannea
1684 646 1870 700 subdi-
1971 647 2337 705 Commatieus
2366 659 2476 716 est,
2500 651 2706 706 crebris
2733 652 2979 722 aptisque
3006 654 3311 711 commatiis
3339 655 3558 720 incisus,

279 743 485 803 dimus,
537 740 721 811 Pange
762 740 940 810 lingua
984 736 1197 810 gloriosi
1242 736 1481 808 prmlium
1534 737 1867 799 certaminis,
1970 741 2253 797 sententiis
2282 757 2389 795 non
2439 742 2770 814 interruptis,
2814 743 2910 798 sed
2955 744 3191 800 molliter
3232 761 3355 801 cum
3400 762 3560 807 versu

276 832 428 901 cujus
449 832 597 888 idem
617 830 871 886 Sidonius
892 829 944 883 in
986 828 1178 884 litteris
1205 828 1275 883 ad
1304 828 1478 899 ipsum
1512 828 1868 887 Claudianum
1969 831 2303 886 cadentibus.
2346 830 2590 901 Denique
2628 832 2924 888 Claudiano
2953 850 3169 890 carmen
3190 836 3297 891 hoc
3322 837 3563 894 vindicat

276 926 587 981 meminisse
615 924 828 981 videtur
855 924 939 978 bis
961 922 1137 978 verbis
1158 922 1265 994 (b):
1297 921 1420 993 qu
1447 938 1565 978 vero
1587 922 1650 976 de
1676 922 1867 993 hymno
1968 939 2076 978 non
2114 923 2287 978 solum
2316 932 2472 979 vetus
2499 924 2818 981 scholiastes
2843 942 3003 997 quem
3035 927 3164 993 dixi,
3190 945 3371 985 verum
3392 932 3556 987 etiam

278 1027 358 1074 tuo
390 1020 436 1073 si
464 1026 798 1089 percunctere
836 1015 960 1089 quid
987 1018 1224 1080 sentiam,
1250 1017 1580 1070 commaticus
1622 1024 1729 1082 est,
1772 1033 1865 1070 co-
1965 1014 2289 1081 Gennadius,
2342 1033 2453 1071 non
2502 1018 2720 1086 quidem
2769 1027 2827 1073 ut
2872 1019 3046 1073 editus
3078 1027 3178 1083 est,
3202 1022 3295 1075 sed
3316 1030 3477 1092 prout
3499 1025 3553 1078 in

272 1111 466 1180 piosus,
494 1108 678 1175 dulcis,
711 1110 876 1163 elatus
914 1117 964 1162 et
997 1106 1247 1180 quoslibet
1288 1109 1479 1177 lyricos
1508 1105 1864 1177 dithyrambos
1965 1107 2153 1164 codice
2178 1108 2408 1164 emnobii
2449 1110 2506 1163 S.
2541 1107 2819 1164 Miihaelis
2863 1110 2931 1165 de
2959 1110 3164 1166 Tumba
3202 1114 3432 1183 vulgatis
3459 1131 3554 1170 au-

272 1202 571 1255 amanitaw
595 1202 796 1271 poetica
823 1208 872 1268 et
893 1200 1138 1255 historica
1158 1201 1372 1253 veritate
1409 1198 1859 1269 supereminet...”
1963 1202 2102 1258 ctior
2118 1202 2170 1256 in
2192 1202 2471 1258 Claudiani
2495 1204 2767 1258 mentione
2786 1203 2982 1272 legitur
2994 1203 3079 1259 his
3099 1204 3305 1260 verbis:
3332 1204 3554 1277 Scripsit

272 1290 544 1346 Excrescit
583 1290 871 1362 amplitudo
909 1290 1165 1362 proloquii
1194 1291 1463 1361 angustias
1502 1288 1783 1359 regulares,
1814 1295 1865 1341 el
1961 1305 2012 1347 et
2050 1294 2157 1349 alia
2198 1295 2468 1361 nonnulla,
2498 1298 2634 1351 inter
2680 1313 2793 1367 qua:
2839 1305 2888 1350 et
2934 1296 3179 1367 hymnum
3221 1299 3285 1351 de
3310 1298 3551 1368 passione

272 1391 514 1456 tanquam
540 1401 702 1454 parvo
741 1400 869 1438 auro
899 1382 1113 1454 grandis
1142 1398 1342 1454 gemma
1370 1382 1455 1437 vix
1498 1382 1718 1451 capitur,
1750 1388 1856 1435 etc.
1960 1385 2192 1453 Domini,
2217 1388 2364 1465 cujus
2408 1390 2723 1459 principium
2750 1398 2846 1452 est,
2880 1387 3060 1457 Pange
3099 1389 3275 1458 lingua
3305 1390 3545 1457 gloriosi.

268 1471 346 1528 Ad
391 1488 556 1542 quem
598 1474 776 1529 locum
825 1473 1140 1529 Sirmondus
1172 1491 1185 1527 :
1224 1492 1243 1525 α
1290 1473 1609 1538 Annotarat,
1663 1472 1855 1541 inquit,
1959 1476 2087 1533 Fuit
2113 1488 2285 1533 autem
2308 1481 2474 1551 frater
2498 1477 2740 1533 Mamerti
2776 1479 3080 1534 Viennensis
3108 1482 3384 1551 ερίδεορὶ.»
3423 1480 3545 1537 llaec

268 1564 586 1622 εεδοιῖειδῑθε
615 1565 831 1636 quidam
866 1566 1123 1636 hymnum
1151 1562 1439 1633 είεηίηωτί
1466 1563 1617 1633 cuius
1647 1563 1855 1617 ίηίιὶυιιι
1959 1569 2065 1625 ille.
2093 1569 2205 1624 Alia
2232 1570 2448 1640 quidem
2475 1579 2722 1640 poemata
2744 1570 2984 1640 plerique
2998 1571 3356 1627 recentiorum
3383 1571 3543 1627 Clau-

266 1665 364 1721 est,
394 1655 581 1727 Pange
600 1656 780 1727 lingua
810 1656 1022 1729 gloriosi
1042 1655 1278 1726 praelium
1306 1656 1627 1708 certaminis.
1656 1652 1724 1707 Et
1737 1653 1857 1723 qui-
1957 1660 2117 1716 diano
2157 1662 2453 1716 attribuunt
2477 1680 2489 1715 :
2515 1677 2634 1731 qua:
2664 1669 2840 1717 tamen
2868 1662 2981 1717 sive
3007 1661 3297 1717 Damasum
3326 1678 3539 1733 papam,

266 1746 384 1802 dem
413 1748 616 1819 stylum
644 1748 853 1804 redolet
879 1748 1182 1813 cultiorem,
1211 1762 1371 1815 quam
1412 1746 1695 1802 Fortunati
1735 1761 1853 1801 esse
1954 1754 2067 1808 sive
2093 1752 2372 1808 Paulinum
2395 1754 2657 1809 Nolanqu
2687 1762 2964 1810 auctorem
2997 1761 3324 1822 agnoscunt;
3356 1770 3543 1825 quem-

264 1838 447 1902 soleat,
478 1839 568 1894 cui
592 1846 770 1894 tamen
793 1840 939 1893 illum
965 1838 1204 1893 tribuunt
1224 1838 1430 1907 antiqui
1451 1840 1613 1892 etiam
1632 1837 1855 1907 scripto-
1889 1854 1929 1912 Β
1956 1842 2243 1899 admodum
2294 1852 2417 1914 post
2462 1844 2863 1900 Tillemontium
2912 1846 3013 1915 (c),
3048 1844 3295 1899 Historire
3324 1844 3541 1900 Gallium

263 1944 345 1985 res
371 1938 425 1985 et
450 1930 691 1987 codices.
728 1930 786 1986 ln
810 1946 932 1986 eum
962 1939 1222 2003 prmterea
1261 1932 1394 1987 scite
1434 1931 1632 1986 cadunt
1659 1931 1839 1987 omnia
1950 1932 2224 1989 litterariae
2252 1935 2544 2006 scriptores
2570 1936 2765 1991 eruditi
2789 1935 2990 2006 liquido
3018 1936 3274 1992 evincunt
3297 1936 3396 2008 (ά).

329 2063 402 2131 (a)
431 2060 571 2143 liist.
601 2062 767 2144 litter.
795 2061 864 2118 de
885 2062 934 2117 la
952 2061 1178 2145 France,
1211 2073 1339 2120 tom.
1371 2062 1436 2131 ll,
1460 2077 1581 2135 pag.
1611 2061 1737 2119 498.
2029 2066 2103 2208 (eg
2135 2066 2372 2132 Tillem.,
2406 2070 2564 2127 Mem.
2599 2072 2752 2133 eecl.,
2789 2079 2919 2125 tom.
2952 2071 3087 2135 XVI,
3121 2086 3242 2142 pag.
3270 2070 3388 2124 126.

329 2133 397 2205 (li)
415 2130 639 2199 Sidon.,
660 2132 753 2188 lib.
782 2148 856 2199 xv,
879 2141 1038 2204 epist.
1062 2133 1114 2189 5.
2020 2137 2080 2208 (d
2126 2137 2260 2192 Hist.
2294 2139 2458 2196 littér.
2485 2141 2552 2196 de
2572 2141 2623 2195 la
2652 2140 2877 2207 France,
2911 2149 3041 2198 tom.
3063 2142 3128 2208 Il,
3161 2155 3281 2208 pag.
3305 2139 3388 2195 L5:

327 2133 397 2205 (ι)
415 2130 639 2199 Sidon.,
660 2132 753 2188 lib.
782 2148 856 2199 ιν,
879 2132 1038 2204 epist.
1062 2133 1114 2189 5.
1424 2130 1427 2131 ί
1461 2130 1479 2135 ’
1534 2130 1553 2134 ‘
2020 2130 2103 2209 (ά)
2126 2137 2260 2192 Hist.
2294 2130 2458 2196 littér.
2485 2141 2552 2196 de
2572 2141 2623 2195 la
2652 2130 2877 2207 France,
2911 2149 3041 2198 tom.
3063 2130 3137 2209 1'1,‘
3161 2130 3281 2213 pag.
3305 2139 3429 2197 £55.

896 2388 1782 2501 MAMERTI
1863 2382 2899 2500 CLAUDIANI

1380 2577 1877 2641 PRESBYTER!
1923 2575 2400 2639 VIENNENSIS

713 2737 1035 2881 DE
1174 2735 2035 2885 STATU
2178 2740 3071 2885 ANIMfE

1533 2977 1842 3061 LIBRI
1914 2977 2245 3061 TRES.

1434 3150 2359 3177 *ι

1638 3267 2128 3381 praefatio.

387 3587 412 3617 ⁸
431 3585 893 3639 PMFEC’I‘ORIO
916 3584 1236 3650 PATRlClO,
1259 3582 1640 3637 DOCTISSIMO
1664 3582 1744 3636 ET
1769 3580 1893 3633 OPT
1898 3581 2011 3633 1M0
2034 3580 2184 3633 VIRO
2203 3580 2259 3633 (Σ.
2284 3579 2510 3632 SOLLIO
2533 3581 2793 3634 SiDONlO
2817 3582 3141 3636 CLAUDIAN
3149 3585 3226 3637 US
3248 3587 3385 3640 SAL.

325 3710 624 3770 Editionem
671 3712 972 3769 libellorum
1017 3725 1155 3783 quos
1198 3708 1267 3765 de
1294 3709 1487 3764 anima:
1513 3705 1669 3763 Statu
1694 3721 1827 3761 con-
1855 3710 1903 3774 α
1934 3711 2066 3770 tum,
2100 3711 2156 3758 et
2184 3717 2566 3773 usquequaque
2591 3703 3022 3774 perquiritatum,
3055 3711 3171 3761 toto
3195 3705 3408 3776 agmine
3437 3711 3517 3765 sui

263 3801 378 3867 didi,
427 3804 693 3861 reticendi
746 3810 936 3859 cautus
981 3810 1037 3858 et
1087 3800 1342 3871 loquendi
1383 3813 1584 3870 pensus
1608 3797 1828 3862 arbiter,
1936 3798 1992 3853 in
2037 3798 2207 3853 aciem
2238 3795 2512 3862 eductum,
2545 3804 2600 3852 et
2622 3805 2870 3852 conserta
2902 3798 3182 3854 nobiscum
3208 3815 3370 3856 manu
3392 3817 3518 3857 con-

263 3890 383 3945 mihi
428 3894 724 3965 imperasti.
775 3892 879 3948 Fas
924 3891 1025 3948 fuit
1075 3900 1276 3948 memet
1324 3889 1621 3946 doctissimi
1671 3897 1831 3958 atque
1933 3901 2199 3957 gressum,
2228 3887 2510 3951 viceritne,
2567 3888 2876 3953 cesseritve,
2935 3895 2989 3943 tu
3020 3889 3300 3958 potissime
3351 3892 3517 3947 discr-

262 3983 598 4057 amantissimi
645 3983 731 4039 vel
779 3983 984 4053 peritia:
1037 3982 1248 4048 cedere,
1303 3981 1392 4036 vel
1445 3980 1668 4036 credere
1695 3979 1830 4034 ami-
1933 3989 2109 4037 torum
2137 3979 2276 4034 ferto
2303 3980 2647 4034 sententiam.
2681 3978 2787 4034 Sed
2828 3986 2889 4034 ut
2932 3979 3158 4048 quisque
3201 3981 3437 4037 lecturus
3488 3998 3517 4039 ε

261 4068 404 4126 citize.
434 4071 558 4141 Sed,
611 4081 674 4128 ut
702 4082 814 4129 tute
841 4073 1055 4142 egregie
1099 4079 1435 4142 compertum
1464 4080 1634 4136 tenes,
1674 4070 1829 4127 multi
1929 4070 2243 4142 praefatione
2269 4070 2533 4141 percipiat
2559 4070 2682 4140 styli
2702 4069 2873 4125 nostri
2900 4071 3095 4125 seriem
3128 4088 3140 4123 :

262 4159 356 4217 hoc
392 4163 526 4221 idem
555 4166 710 4232 mihi,
741 4172 796 4220 et
822 4166 964 4220 idem
992 4165 1093 4234 ipsi
1124 4172 1302 4220 tecum
1339 4164 1520 4233 magni
1539 4162 1826 4218 admodum
1999 4162 2209 4218 Primus
2233 4162 2368 4216 liber
2408 4162 2463 4215 in
2488 4162 2571 4216 sui
2599 4161 2894 4231 primordio
2914 4161 3153 4215 breviter
3172 4163 3382 4227 astruit,
3415 4163 3516 4217 im-

262 4250 353 4306 viri
397 4258 668 4325 negotium
719 4254 937 4321 dedere,
986 4255 1129 4326 quod
1176 4261 1387 4324 egomet
1434 4254 1579 4310 haud
1625 4262 1827 4309 temere
1926 4253 2235 4324 passibilem
2249 4252 2581 4307 divinitatem
2597 4251 2724 4305 nulli
2742 4265 2963 4319 prorsus
2977 4249 3190 4307 aﬂectui
3213 4251 3512 4321 subjacere.

260 4350 618 4418 Suscepissem,
675 4348 779 4404 nisi
831 4348 887 4404 id
938 4363 1194 4419 spernere
1238 4346 1612 4418 periculosius,
1661 4360 1824 4415 quam
1927 4344 2074 4410 Post,
2098 4344 2165 4399 de
2184 4343 2373 4398 anima:
2400 4349 2544 4398 statu
2560 4342 2760 4397 varium
2776 4357 2895 4396 cum
2914 4341 3222 4397 adversario
3245 4342 3513 4399 luctamen

261 4449 405 4504 agere
448 4440 767 4498 laboriosius
806 4440 1152 4511 iudicassem.
1199 4439 1515 4511 Quanquam
1542 4453 1642 4508 pro
1686 4437 1824 4493 virili
1926 4438 2176 4492 alternat.
2207 4436 2288 4491 Ab
2317 4437 2443 4491 hinc
2469 4436 2653 4491 itidem
2682 4434 2750 4490 ad
2777 4434 3127 4490 erudiendum
3176 4436 3228 4491 in
3284 4452 3347 4492 ea
3391 4454 3512 4506 qua:

263 4538 401 4595 parte
418 4547 592 4588 meum
615 4542 832 4603 quoque
854 4531 1030 4598 fuerit,
1060 4531 1145 4587 vel
1167 4546 1274 4586 non
1290 4529 1642 4594 admonitum,
1663 4536 1824 4598 prout
1924 4536 2052 4584 sunt
2078 4529 2415 4596 obscuriora,
2444 4528 2722 4595 lectorem,
2770 4528 3045 4598 quippiam
3073 4544 3136 4583 ex
3170 4531 3513 4597 geometricis

260 4630 402 4684 posse
414 4623 615 4690 subest,
639 4638 881 4679 asserere
903 4624 1202 4681 veritatem.
1246 4620 1449 4692 Scripsi
1476 4620 1637 4687 igitur
1650 4633 1820 4689 pauca
1922 4627 1979 4676 et
2006 4620 2363 4675 arithmeticis
2394 4627 2555 4689 atque
2575 4620 2736 4675 etiam
2762 4635 2827 4674 ex
2853 4618 3168 4685 dialecticis,
3190 4628 3245 4676 et
3280 4622 3512 4676 nonnul-

263 4706 383 4775 htnc,
413 4714 570 4769 veluti
600 4713 845 4785 quaedam
873 4714 1144 4769 rationum
1171 4714 1378 4767 semina
1409 4729 1422 4763 :
1451 4726 1571 4781 quae
1615 4710 1822 4765 stndio-
1921 4710 1988 4766 lis
2036 4718 2197 4781 prout
2243 4710 2482 4766 interluit
2527 4710 2669 4775 usui,
2724 4709 3245 4779 philosoplromenon
3288 4711 3508 4780 regulis,

260 4813 342 4855 ως
366 4804 601 4877 quisque,
633 4806 680 4862 si
708 4821 818 4862 non
859 4806 1035 4861 otiose
1062 4811 1326 4874 capessat,
1352 4811 1410 4857 ut
1438 4815 1539 4871 ego
1564 4801 1818 4866 arbitror,
1921 4800 2165 4857 modeste
2192 4816 2257 4858 ac
2283 4800 2577 4867 moderate,
2606 4811 2660 4856 et
2687 4816 2845 4870 quam
2874 4801 3051 4871 potuit
3093 4802 3329 4872 parciter
3374 4820 3509 4874 prte-

259 4891 411 4947 multa
462 4897 654 4953 exinde
703 4896 951 4952 derivare
988 4894 1223 4966 poterit:
1255 4907 1376 4964 quae
1422 4891 1525 4948 etsi
1578 4890 1819 4959 angustis
1920 4894 2127 4960 libavit,
2160 4894 2342 4949 habita
2365 4893 2654 4949 identidem
2696 4908 2816 4948 cum
2838 4894 3060 4949 adversa
3079 4902 3234 4965 parte
3257 4911 3509 4966 congres-

260 4988 543 5043 emanantia
562 4988 788 5054 venalis,
815 4987 871 5042 in
897 4976 1124 5055 magnos
1152 4992 1331 5042 tamen
1362 4997 1549 5037 amnes
1574 4981 1817 5050 longiore
1918 4984 2072 5038 sione
2098 5002 2111 5036 :
2157 4983 2342 5053 sicque
2370 4982 2594 5053 adjectis
2622 4984 2822 5039 nostris
2849 4983 3054 5053 aliquot
3072 4985 3188 5041 sine
3209 4986 3508 5067 alienorum

259 5083 500 5136 procursu
526 5080 908 5135 exuberabunt.
939 5076 1053 5147 Ego
1074 5091 1204 5132 vero
1240 5083 1301 5135 et.
1319 5074 1596 5129 fraudatus
1625 5073 1650 5111 δ
1677 5081 1815 5128 tem-
1844 5085 1893 5145 ι)
1919 5075 2388 5146 interpolameuto,
2413 5077 2571 5131 linem
2596 5076 2730 5130 liber
2757 5076 2964 5147 accepit

260 5161 409 5227 Poris,
433 5172 487 5220 et
505 5176 793 5238 occupatus
821 5167 1005 5234 animi,
1037 5168 1169 5223 satis
1215 5166 1395 5233 habui,
1438 5172 1701 5235 quantum
1745 5163 1814 5219 ad
1992 5164 2271 5221 Secundus
2319 5172 2443 5234 post
2488 5164 2829 5235 principium,
2880 5166 2947 5219 de
2977 5181 3248 5230 mensura,
3280 5181 3502 5221 numero

263 5254 442 5317 negotii
484 5259 938 5326 pmominentiam
989 5265 1230 5327 spectat,
1291 5272 1453 5327 quam
1502 5256 1813 5312 succinctim
1915 5267 1972 5313 et
1996 5255 2235 5328 pondere
2265 5271 2369 5311 non
2392 5256 2585 5321 otiose,
2611 5264 2746 5311 etut
2771 5268 3011 5320 autumo,
3043 5273 3149 5311 non
3172 5254 3501 5310 infructuose

264 5346 407 5409 alllue
434 5348 507 5401 uti
533 5350 716 5420 digito,
747 5352 831 5408 vel
859 5351 1120 5407 denotare
1147 5351 1383 5416 vitanda,
1414 5351 1501 5406 vel
1525 5349 1813 5406 ostendere
1914 5348 2203 5404 dissertat:
2255 5346 2345 5401 ubi
2394 5346 2439 5400 si
2468 5347 2716 5415 cognitor
2741 5346 2882 5403 adsit
2910 5347 3164 5409 intentus,
3197 5344 3296 5398 sub
3324 5343 3498 5397 admi-

262 5436 525 5493 Wtuenda.
553 5437 693 5497 Sane
719 5441 1037 5513 opusculum
1064 5439 1193 5495 illud
1220 5441 1335 5495 sine
1358 5446 1598 5495 ‘auctore
1624 5439 1811 5510 prodi-
1914 5441 2092 5497 niculo
2135 5440 2347 5510 pietatis
2373 5454 2467 5510 per
2496 5438 2853 5494 differentium
2884 5445 3248 5493 creaturarum
3276 5434 3497 5504 gradus,

325 5592 355 5667 ⁸,
381 5586 633 5667 ϐςῃβιιθτθ
658 5598 900 5652 nonnulli
929 5596 1211 5667 legendum
1236 5595 1504 5667 Praefecto
1532 5597 1798 5666 praetorio.
1907 5596 2097 5667 Neque
2123 5596 2282 5650 aliter
2313 5596 2441 5663 legit
2479 5597 2721 5667 eamdem
2748 5594 3150 5667 inscriptionem
3176 5594 3497 5651 Sirmondus

265 5645 379 5748 Ξξέ·
399 5645 900 5748 satiassatias?
914 5645 1383 5731 eiuseius}?
1398 5645 1799 5748 ﬂag:
1909 5645 3021 5748 “sissentaps}:sui;'iiaii';.'n;"5isnnz

265 5716 353 5780 tta
370 5726 527 5787 :Abiie
547 5716 899 5809 signinis
916 5716 1569 5808 naggaia‘lis'gmitii’.‘
1586 5716 1802 5805 ξὶιὶίὲᾖὶῖἐζ
1918 5716 2034 5774 Ἷῗ
2046 5716 2145 5790 ’,ᾖξ’
2156 5716 2681 5806 ’ἱὲνῖιῖιᾶὲιῖῇῖιιιῦἦόζ
