3946 6182
427 322 530 378 8339

1690 301 2004 357 MAMERTI
2045 296 2409 354 CLAUDIAM

3568 298 3653 352 τινα

427 436 493 488 θαι
550 444 716 500 usque
772 426 1082 484 nonnullam
1123 420 1400 479 creatricis
1441 417 1680 475 omnium
1709 415 2006 477 Trinitatis,
2041 417 2088 475 Α
2116 396 2319 466 tissime
2350 410 2584 464 virorum
2613 408 2755 478 quod
2795 408 3061 465 lectitabis
3102 426 3114 462 :
3162 416 3221 464 tu
3250 408 3407 464 modo
3433 408 3568 475 faxis.
3593 414 3660 469 uti

323 526 327 529 “
427 529 473 585 si
503 543 608 581 non
632 525 742 594 jam
770 521 1025 577 felicitate
1066 512 1508 585 contemplandie,
1540 518 1686 565 certe
1740 507 2015 563 robustius

430 615 710 673 credenda:
738 610 1015 685 perveniet
1044 605 1370 662 firmitatem.
1406 602 1533 658 Post
1563 602 1686 657 hinc
1733 608 1875 654 totus
1921 614 2015 653 us-

429 724 534 777 que
563 707 628 761 ad
656 713 853 759 metam
884 702 987 766 sui,
1019 701 1157 755 liber
1186 698 1410 753 testibus
1437 695 1627 750 utitur.

500 797 714 852 Tertius
744 792 1139 864 aliquantulum
1164 790 1216 844 in
1247 788 1329 843 sui
1360 785 1653 857 primordio
1681 786 2017 851 argumenta-

429 899 531 945 tur.
564 887 712 953 Post,
744 885 957 941 saucios
985 898 1051 937 ex
1081 881 1305 935 adversa
1344 877 1459 932 acie
1483 875 1729 946 palantes
1777 869 2011 939 insequi-

430 990 534 1034 tur.
569 979 795 1033 Demum
825 990 952 1030 vero
994 987 1093 1027 nec
1120 978 1439 1041 aspernatur
1467 981 1675 1037 pacem,
1726 979 1826 1018 nec
1879 977 2013 1017 con-

429 1070 632 1125 flictum
660 1067 850 1122 metuit
880 1063 1213 1119 adversantis
1243 1059 1432 1130 ignoti.
1484 1057 1562 1111 En
1610 1055 1781 1124 legisti
1832 1051 2014 1107 erudi-

505 1204 531 1232 ⁸
570 1196 650 1252 Al.
683 1194 1134 1264 conscriptione...
1162 1190 1410 1245 editione.

2121 499 2449 565 memineris,
2503 515 2610 554 non
2657 499 2860 568 absque
2887 513 3016 554 cura
3061 498 3137 553 tui
3183 498 3398 569 prodire
3423 510 3659 571 oportere,

2119 591 2264 661 quod
2292 590 2554 661 publicari
2575 588 2753 659 jubes.
2782 587 2966 658 Neque
2995 602 3094 657 ego
3114 588 3183 644 de
3210 589 3407 658 negotii
3434 592 3661 660 pondere.

2118 681 2212 738 sed
2242 682 2310 737 de
2338 681 2567 737 actionis
2594 681 2813 735 levitate
2836 678 3211 735 dubitaverim.
3255 678 3477 737 Proinde
3514 684 3666 737 consi-

2118 775 2249 829 lium
2278 782 2428 829 tuum
2456 773 2683 828 asserito
2709 781 2765 827 et
2790 771 3111 827 defensitato
3136 791 3151 826 :
3182 774 3434 843 quoniam
3459 775 3500 829 si
3528 775 3573 828 in
3598 776 3668 829 his

2117 881 2275 921 secus
2320 863 2522 933 aliquid
2572 877 2673 932 ego
2704 872 2730 900 ι
2759 863 3169 933 conscriptionis
3220 864 3577 934 periclitabor;
3622 874 3670 919 tu

2114 956 2389 1013 editionis.
2422 956 2574 1020 Vale,
2606 965 2660 1013 et
2688 957 2807 1027 vige
2831 957 2989 1013 bonis
3015 956 3238 1024 viribus,
3264 958 3457 1013 veteris
3481 972 3670 1026 repara-

2124 1059 2210 1106 tor
2228 1051 2580 1120 eloquentiae.

452 1321 3656 1353 ____—_________————————————-—-—————-——————-——_

1473 1433 1949 1547 LIBER
2033 1425 2677 1538 PRIMUS.

1057 1628 1284 1686 CAPUT
1321 1628 1361 1682 1.

2121 1614 2496 1677 mussitantes,
2547 1611 2929 1667 blandimentis
2974 1611 3445 1679 lenocinantibus,
3491 1613 3676 1682 ignaros

432 1731 512 1785 De
536 1727 861 1801 Opinionibus
885 1723 1238 1801 imperitorum
1256 1728 1305 1801 et
1333 1717 1585 1801 pervicaci
1614 1716 1667 1770 in
1698 1712 2020 1784 defensioni;
2046 1686 2093 1748 Β
2120 1722 2297 1761 rerum
2344 1705 2531 1759 sedulo
2573 1712 2882 1775 precentur,
2915 1712 2974 1758 ut
3001 1719 3112 1759 sua:
3132 1701 3465 1775 potiSsimum
3485 1713 3677 1760 senten-

1012 1792 1101 1845 bns
1136 1789 1449 1861 pertinacia.

506 1908 758 1975 Magnum
801 1905 853 1958 in
893 1916 1092 1971 genere
1144 1901 1398 1961 humano,
1456 1893 1586 1950 Solii
1627 1892 1833 1955 Sidoni,
1859 1890 2025 1944 frater

437 2000 823 2065 amantissime,
875 1996 1163 2051 multorum
1196 1991 1385 2045 vitium
1415 1995 1498 2043 est
1528 2000 1785 2053 arrogans
1805 1983 2025 2053 imperi-

438 2096 534 2160 tia,
564 2100 620 2149 et
646 2092 897 2162 pervicax
929 2090 981 2143 in
1012 2084 1357 2142 defendendis
1378 2097 1658 2153 perperam
1688 2078 2024 2149 prmsumptis

438 2181 781 2253 Opinionibus
810 2177 1126 2250 pertinacia.
1151 2174 1285 2229 Nam
1316 2173 1559 2245 plerique
1596 2169 1903 2224 mortalium
1931 2173 2025 2221 aut

437 2289 534 2345 per
562 2285 754 2327 sensus
774 2268 1018 2339 corporis
1038 2268 1423 2336 corporearum
1452 2277 1631 2317 rerum
1659 2260 1863 2315 haustis
1892 2258 2025 2312 ima-

439 2362 671 2432 ginibus,
723 2360 888 2415 veluti
941 2354 1261 2427 quibusdam
1305 2369 1486 2410 rerum
1525 2351 1747 2418 umbris,
1779 2350 2025 2406 obtutum

444 2452 642 2509 mentis
662 2450 908 2515 illudunt,
938 2455 1032 2503 aut
1054 2446 1262 2502 tenellis
1285 2444 1460 2500 adhuc
1487 2442 1725 2499 infantia:
1754 2440 2025 2512 quondam

440 2559 551 2598 suae
589 2541 1022 2613 persuasionibus
1047 2540 1101 2593 in
1137 2543 1417 2592 senectute
1440 2539 1785 2606 puerascunt.
1827 2531 1885 2588 Si
1917 2545 2026 2600 qua

440 2633 545 2689 illis
591 2631 804 2688 dicendi
850 2630 1007 2700 copia
1056 2637 1157 2694 est,
1190 2627 1448 2696 neglectis
1488 2640 1671 2680 rerum
1717 2622 1910 2688 causis,
1942 2637 2029 2676 ra-

440 2724 605 2779 tionis
635 2723 867 2776 animam
917 2724 1197 2791 spernunt,
1247 2726 1303 2772 et
1330 2717 1616 2772 verborum
1653 2728 1882 2784 corpora
1908 2712 2030 2767 dili-

441 2823 589 2884 gunt.
644 2812 888 2883 Cumque
926 2812 1125 2881 duplici
1154 2809 1221 2864 ad
1247 2810 1529 2864 veritatem
1553 2808 1803 2862 veniatur
1834 2806 1940 2871 via,
1972 2812 2033 2860 ut

443 2912 535 2959 aut
562 2903 923 2975 przejudicatae
952 2900 1261 2956 auctoritati
1288 2899 1660 2955 credulitatem
1715 2897 2027 2963 subdamus,

444 3001 539 3049 aut
566 2993 632 3048 ad
661 2994 938 3048 scientiam
963 2991 1373 3047 ratiocinatione
1393 2990 1705 3056 tendamus;
1734 2988 1864 3043 nihil
1884 2987 2029 3057 quod

2125 1795 2210 1850 tia:
2240 1796 2602 1863 acquiescant,
2634 1793 2850 1849 sibimet
2877 1794 3243 1849 assentiantur
3276 1812 3289 1848 :
3323 1793 3447 1848 illud
3468 1795 3569 1849 veri
3589 1794 3679 1865 ple-

2124 1900 2274 1951 num,
2309 1884 2438 1938 illud
2460 1899 2579 1939 esse
2600 1881 2956 1949 salutiferum,
2986 1884 3129 1954 quod
3153 1885 3256 1955 ipsi
3279 1885 3517 1951 doceant,
3538 1887 3677 1940 etiam

2124 1976 2408 2032 delirando
2437 1974 2778 2032 conﬁrmant.
2812 1974 2869 2032 Si
2900 1977 3282 2033 auctoritatem
3312 1993 3529 2047 quaeras,
3572 1978 3679 2034 sub-

2118 2067 2313 2137 jiciunt
2339 2067 2641 2123 istiusmodi
2669 2083 2956 2124 causarum
2984 2076 3195 2126 secreta
3217 2071 3350 2126 adiri
3371 2085 3678 2140 nequaquam

2127 2176 2304 2230 posse,
2336 2160 2440 2217 nisi
2464 2159 2811 2215 subtilissima
2831 2175 3014 2215 rerum
3047 2159 3378 2230 indagatrice
3403 2161 3612 2215 ratione.
3630 2159 3679 2215 Si

2126 2252 2371 2308 eamdem
2416 2252 2470 2306 in
2524 2251 2754 2307 articulo
2791 2265 3066 2321 reposcas,
3122 2251 3383 2322 adjiciunt
3409 2251 3678 2307 auctoritati

2126 2346 2305 2414 potius
2333 2350 2587 2413 oportere
2615 2342 2860 2410 concedi,
2883 2357 3061 2412 neque
3080 2341 3457 2412 naufragosum
3484 2348 3676 2411 propter

2127 2444 2565 2507 argumentorum
2610 2435 2843 2492 latentes
2897 2436 3161 2505 quosdam
3216 2434 3464 2505 scopulos
3484 2431 3673 2502 pelagus

2125 2524 2504 2596 disputationis
2558 2524 2777 2579 intrare.
2838 2523 2916 2578 ita
2973 2525 3298 2579 auctoritate
3337 2523 3601 2586 rationem,
3631 2527 3679 2573 ut

2128 2620 2508 2674 auctoritatem
2537 2616 2753 2686 objectu
2808 2607 3036 2672 rationis
3090 2617 3337 2683 eludunt,
3380 2624 3432 2671 et
3482 2622 3677 2682 utroque

2126 2711 2321 2766 horum
2345 2710 2414 2764 ad
2443 2709 2493 2763 id
2524 2715 2766 2773 utuntur,
2792 2715 2850 2763 ut
2875 2715 3067 2763 neutro
3091 2714 3329 2762 utantur.
3353 2706 3420 2761 At
3432 2707 3471 2762 si
3492 2704 3676 2761 eosdem

2124 2801 2288 2871 paulo
2339 2799 2579 2855 strictius
2633 2806 2840 2854 arctum
2878 2799 3260 2869 disputationis
3290 2799 3532 2859 includat,
3552 2797 3675 2852 aiunt

2127 2890 2390 2959 quosdam
2419 2905 2540 2946 esse
2585 2899 2912 2955 sanctorum,
2938 2892 3132 2960 quibus
3160 2891 3519 2962 hujuscemodi
3536 2890 3595 2944 sit
3614 2886 3673 2941 fa-

2128 2981 2383 3037 cillimum
2454 2982 2666 3037 solvere
2715 2984 3073 3052 quaestiones;
3122 2999 3181 3039 se
3233 2986 3301 3039 ab
3339 2983 3503 3042 aliena
3535 2980 3675 3049 magis

446 3084 531 3138 vel
558 3083 850 3138 auctoritas
874 3082 1079 3151 jubeat,
1115 3080 1198 3135 vel
1227 3079 1366 3135 ratio
1395 3078 1636 3145 suadeat,
1687 3078 2026 3148 potissimum
2052 3057 2096 3118 (ἶ
2129 3072 2449 3129 auctoritate
2484 3072 2751 3142 pendere;
2791 3071 2919 3127 illud
2958 3087 3016 3128 se
3070 3074 3325 3140 maxime,
3380 3071 3513 3141 quod
3555 3070 3669 3124 alius

445 3173 719 3239 ducentes,
777 3181 956 3243 spreta
1001 3171 1273 3242 paucitate
1318 3169 1621 3234 doctorum,
1669 3169 1897 3224 illudunt
1925 3169 2026 3223 im-

447 3261 670 3331 peritos,
691 3276 811 3330 quae
839 3261 1071 3314 maxima
1102 3259 1256 3314 turba
1281 3265 1381 3314 est.
1401 3252 1510 3313 Sed
1531 3266 1586 3313 et
1612 3258 1713 3328 ipsi
1736 3259 1804 3313 ab
1828 3254 2028 3313 eisdem

447 3368 582 3422 quos
602 3351 810 3418 fallunt,
845 3352 1121 3421 reciproca
1151 3350 1401 3405 illusione
1420 3348 1695 3404 falluntur.
1724 3348 2031 3403 Laudantur

448 3461 698 3516 namque,
729 3444 968 3515 falsoque
997 3442 1337 3498 laudantibus
1385 3442 1641 3508 credunt;
1681 3457 1789 3511 quo
1836 3441 2031 3496 mentis

448 3536 652 3591 sanitas
703 3536 939 3590 maxime
993 3535 1343 3605 periclitatur.
1393 3533 1614 3589 Accedit
1640 3534 1708 3589 ad
1736 3535 1839 3589 hoc
1867 3534 2029 3589 etiam

451 3625 762 3680 lacessentis
791 3640 1005 3694 semper
1051 3624 1235 3678 livoris
1284 3622 1530 3685 intentio,
1556 3623 1838 3677 invidentis
1867 3623 2031 3676 animi

452 3716 656 3770 crimen
683 3723 737 3768 et
765 3732 943 3785 paena.
977 3714 1107 3767 Nam
1135 3714 1177 3768 si
1200 3712 1326 3783 quid
1352 3712 1420 3767 ab
1448 3713 1532 3783 his
1558 3728 1694 3781 quos
1722 3712 1906 3782 iniquo
1950 3713 2031 3766 la-
2082 3710 2085 3711 ⁷

453 3814 669 3861 cessunt
725 3805 871 3870 odio,
902 3806 970 3859 ad
999 3806 1286 3860 utilitatem
1315 3804 1580 3875 publicam
1612 3804 1725 3858 veri
1752 3805 2029 3874 prodatur,

452 3898 724 3951 diversum
772 3897 1017 3964 protinus
1044 3904 1307 3961 astruunt,
1341 3896 1440 3950 etsi
1471 3896 1613 3951 idem
1651 3897 1903 3951 sentiant.
1956 3897 2033 3951 Ac

452 3989 532 4041 sic
574 3985 896 4041 inexhausto
945 3985 1262 4055 firmatoque
1309 3986 1454 4052 odio,
1507 4003 1628 4043 cum
1657 3988 1739 4042 his
1766 4003 1902 4057 quos
1930 3988 2031 4042 sibi

453 4077 630 4132 odisse
658 4077 958 4132 institutum
989 4085 1093 4142 est,
1137 4094 1475 4147 nequaquam
1522 4088 1768 4135 metuunt
1792 4081 2033 4135 veritatis

455 4170 644 4226 fecisse
679 4169 965 4239 jacturam.
997 4170 1237 4225 Oderunt
1266 4172 1426 4239 igitur
1453 4173 1773 4242 proximum,
1806 4173 2035 4227 oderunt

454 4271 511 4317 et
536 4261 724 4317 Deum.
759 4263 934 4332 Atque
964 4264 1014 4317 in
1038 4264 1120 4318 his
1148 4263 1355 4319 duobus
1381 4273 1768 4334 praeceptorum
1796 4265 2034 4318 omnium

456 4351 727 4420 totiusque
775 4352 909 4421 legis
963 4362 1144 4422 spreta
1194 4354 1545 4423 plenitudine,
1597 4370 1705 4409 non
1735 4355 2033 4410 mirandum

455 4450 557 4506 est,
584 4441 629 4495 si
656 4441 742 4496 vel
771 4441 838 4496 de
859 4442 971 4496 Deo
1000 4443 1084 4496 vel
1105 4443 1171 4497 de
1200 4444 1416 4497 homine
1437 4445 1604 4513 probe
1634 4461 1739 4499 non
1778 4446 2030 4509 sentiant,
2067 4429 2111 4485 Ῑ)

454 4532 549 4601 qui
586 4540 871 4601 utrumque
920 4548 950 4586 a
1002 4548 1061 4587 se
1087 4532 1212 4588 odio
1247 4534 1515 4589 mediante
1538 4535 1903 4603 longinquant.
1934 4535 2039 4591 Sed

460 4630 599 4684 istuc
635 4628 946 4684 eorumdem
995 4644 1301 4698 quanquam
1343 4630 1601 4699 plectibili
1643 4631 1773 4685 vitio
1796 4646 2037 4698 moveor,

455 4720 652 4775 exilius
698 4726 911 4784 tamen;
943 4720 1067 4790 quia
1097 4719 1198 4775 etsi
1245 4720 1622 4777 malivolentia:
1672 4722 1723 4775 in
1771 4722 1905 4779 alios
1933 4723 2040 4777 tela

461 4810 777 4875 moliuntur,
809 4810 910 4879 ipsi
940 4810 1108 4879 magis
1144 4811 1375 4880 propriis
1403 4811 1648 4865 transfixi
1690 4812 1901 4877 ictibus,
1926 4813 2041 4871 vul-

464 4915 595 4954 nera
617 4916 734 4969 quac
760 4900 955 4956 inferre
974 4911 1259 4967 conantur,
1291 4902 1565 4972 excipiunt
1589 4922 1600 4956 :
1632 4920 1861 4974 namque
1887 4904 2041 4959 odioa

460 5005 583 5044 rum
612 4991 860 5054 stimulis,
910 4991 1221 5046 eorumdem
1259 4992 1409 5062 prius
1450 4993 1747 5062 puniuntur
1775 5001 2037 5049 auctores.

460 5081 600 5135 Illud
625 5082 793 5135 multo
822 5082 1130 5147 maximum,
1164 5090 1219 5138 et
1264 5083 1424 5152 longe
1451 5085 1801 5154 periculosius
1840 5086 2045 5140 crimen

467 5185 551 5229 est
575 5191 588 5227 :
618 5173 762 5242 quod
785 5172 1061 5227 catholica:
1081 5175 1297 5229 sanitati
1318 5176 1601 5245 opiniones
1621 5176 1863 5232 inimicas
1882 5176 2046 5231 stulte

462 5266 800 5338 concipiunt,
850 5280 989 5318 vane
1042 5265 1339 5335 proferunt,
1372 5269 1601 5338 superbe
1630 5277 1892 5334 astruunt,
1924 5285 2045 5325 cruu

464 5359 770 5415 temeritate
798 5357 1057 5421 scribunt,
1082 5373 1205 5413 cum
1231 5375 1395 5429 prava
1415 5363 1712 5417 intentione
1732 5361 2042 5417 defendunt.

464 5449 538 5502 Et
563 5450 818 5520 quoniam
847 5449 1153 5503 humanitus
1179 5465 1276 5518 per
1299 5441 1708 5520 imprudentiam
1740 5452 1872 5528 lapsi
1902 5460 2043 5515 sunt,

460 5540 676 5608 eligunt
726 5540 962 5595 audaciae
1013 5554 1123 5595 sua:
1157 5540 1366 5610 culpam
1396 5543 1659 5611 pervicaci
1687 5544 2049 5599 obstinatione

472 5628 777 5694 defendere,
809 5646 876 5685 ne
902 5630 1185 5685 videantur
1230 5631 1469 5701 potuisse
1511 5648 1752 5702 peccare.
1785 5634 1861 5687 ita
1907 5635 2048 5689 enim

462 5721 647 5790 palam
695 5724 986 5776 sententias
1014 5738 1137 5777 suas
1166 5730 1430 5791 astrunnt,
1460 5731 1516 5778 ut
1540 5724 1675 5779 clam
1708 5727 2050 5781 nihilominus

2129 3164 2369 3220 sanxerit
2388 3180 2506 3221 esse
2526 3173 2822 3220 secuturos.
2858 3164 2982 3220 Haec
3004 3165 3123 3235 quis
3150 3164 3310 3227 ferat,
3350 3164 3549 3232 ulloquc
3570 3159 3672 3214 ferri

2130 3263 2288 3325 pacto
2315 3271 2475 3325 posse
2497 3255 2720 3325 iudicet,
2769 3256 3046 3310 hominum
3067 3257 3375 3326 quempiam
3396 3262 3449 3309 et
3486 3248 3675 3308 inliciari

2131 3346 2429 3409 scientiam,
2488 3353 2542 3401 et
2585 3346 2860 3402 vindicare
2887 3346 3228 3401 doctrinam?
3256 3346 3491 3415 Cogitata
3517 3358 3615 3408 sua,
3640 3340 3677 3395 si

2131 3438 2404 3494 discussor
2431 3439 2588 3506 absit,
2618 3448 2894 3506 astruere;
2937 3439 2981 3495 si
3030 3438 3186 3505 adsit,
3236 3439 3479 3510 operire?
3506 3436 3583 3497 At,
3610 3433 3677 3486 in-

2131 3529 2272 3598 quis,
2304 3546 2562 3600 quorsum
2583 3546 2763 3587 sermo
2793 3531 3172 3603 progreditur?
3192 3531 3310 3603 Ego
3335 3547 3458 3587 vero
3484 3527 3680 3595 longius-

2133 3620 2251 3676 cule
2278 3635 2439 3689 quam
2468 3622 2613 3677 volui
2642 3622 2893 3692 praefatus
2919 3639 3057 3689 sum,
3113 3623 3240 3678 dum
3288 3618 3678 3694 prmsumentium

2132 3712 2279 3782 piget
2307 3712 2593 3782 taedetque.
2642 3713 2827 3784 Nuper
2850 3716 3052 3769 etenim
3079 3713 3283 3771 offendi
3311 3713 3572 3785 quosdam,
3606 3705 3679 3775 qui

2132 3804 2429 3858 chartulam
2476 3805 2764 3873 quamdam
2792 3806 2992 3877 oppido
3020 3806 3263 3863 studiose
3293 3805 3600 3863 lectitabant.
3626 3795 3679 3851 Et

2133 3897 2256 3965 quia
2278 3897 2582 3952 mortalium
2613 3898 2800 3967 generi
2823 3914 2940 3954 mos
2967 3908 3050 3954 est
3075 3899 3201 3954 novi
3240 3899 3422 3970 operis
3439 3892 3679 3965 agnitione

2133 3986 2330 4057 pellici,
2363 3986 2430 4041 ad
2479 3987 2529 4041 id
2559 3988 2960 4058 percipiendum
2994 3985 3180 4045 sedulo
3204 3992 3439 4045 animum
3465 3979 3677 4041 intende—

2132 4084 2257 4132 rant
2286 4096 2299 4131 :
2330 4079 2435 4133 hoc
2461 4078 2601 4133 idem
2628 4081 2761 4134 mihi
2787 4096 2849 4135 ac
2878 4081 2922 4135 si
2949 4081 3166 4148 cognitu
3196 4079 3543 4137 necessarium
3561 4070 3678 4126 ultro

2136 4170 2518 4237 ingerentibus,
2548 4169 2815 4240 inspicere
2843 4171 3003 4240 plane
3033 4186 3139 4227 non
3179 4172 3359 4226 abnui.

2760 4300 2995 4357 CAPUT
3032 4302 3094 4357 Π.

2417 4413 2488 4470 Se
2508 4416 2561 4469 in
2588 4414 2773 4469 librum
2800 4417 2913 4471 sine
2940 4425 3153 4472 auctore
3179 4417 3437 4471 incidisse.

2212 4551 2387 4605 Prima
2437 4551 2681 4621 opusculi
2719 4550 2883 4606 facies
2928 4550 2995 4606 de
3036 4552 3272 4620 ingenito
3300 4549 3570 4620 genimque
3585 4538 3677 4591 Deo

2139 4643 2531 4698 sublimissimzc
2570 4643 2880 4711 quaestionis
2932 4643 3023 4697 vix
3078 4642 3282 4698 foribus
3310 4644 3568 4699 oberrans.
3590 4642 3678 4684 η⁰¹¹

2140 4750 2330 4805 parum
2357 4734 2678 4789 catholicam
2704 4749 2814 4804 pra:
2851 4749 2910 4789 se
2950 4732 3172 4800 ferebat,
3193 4741 3250 4788 et
3273 4734 3320 4789 si
3342 4733 3491 4797 longe
3516 4713 3678 4791 imi)“i

2141 4825 2501 4895 disputatione
2548 4825 2908 4880 sententiam:
2942 4825 3013 4879 ita
3058 4839 3223 4895 penes
3252 4840 3339 4880 me
3364 4805 3677 4877 ratiocinandi

2142 4915 2416 4970 levitatem
2468 4915 2648 4981 gravis
2701 4930 2863 4970 causa
2916 4915 3184 4985 pensavit.
3235 4913 3337 4970 Ubi
3362 4906 3553 4980 legendi
3572 4913 3676 4972 Ρ¹⁵⁰’

2143 5019 2329 5073 gressu
2378 5004 2642 5074 reliquum
2696 5006 2940 5061 lectionis
2978 5006 3198 5071 accessi,
3229 4996 3560 5060 animadverti
3583 4987 3680 5060 φύ-

2143 5096 2368 5151 busdam
2397 5096 2962 5152 circumlocutionibus
3002 5097 3054 5152 id
3104 5097 3375 5167 impendio
3410 5090 3674 5147 molientem

2146 5201 2387 5242 asserere
2427 5186 2617 5256 opellm
2659 5188 2827 5257 ipsius
2853 5196 3148 5251 auctorem,
3180 5197 3240 5242 ut
3266 5185 3513 5242 Divinitas
3531 5168 3675 5247 pasSi‘

2145 5278 2267 5333 bilis
2286 5277 2614 5345 crederetur.
2646 5277 2942 5335 Percontor
2967 5280 3034 5335 de
3055 5281 3273 5335 nomine
3303 5298 3317 5332 :
3344 5292 3436 5334 nec
3456 5274 3674 5339 responso

2147 5383 2249 5423 nec
2274 5368 2478 5437 scripto
2498 5368 2762 5439 proditur.
2793 5369 2965 5439 Coepi,
2998 5369 3190 5438 fateor,
3213 5370 3334 5426 talis
3355 5363 3577 5437 equidem
3597 5367 3674 5423 Pi“

2148 5459 2286 5527 gina:
2323 5459 2523 5530 stylnm
2581 5460 2780 5530 oppido
2806 5457 2957 5516 ferre
2983 5470 3312 5533 suspectum,
3360 5467 3411 5514 et
3450 5459 3503 5508 ut
3546 5450 3590 5503 in
3613 5442 3676 5497 δῖε

2148 5550 2385 5604 solemus
2412 5549 2564 5615 locis,
2593 5565 2712 5620 qua:
2738 5550 2822 5605 vel
2843 5551 3083 5607 humoris
3104 5550 3299 5607 assidui
3328 5537 3675 5606 subterluvionc

2150 5639 2411 5705 cedentia,
2464 5639 2546 5694 vel
2591 5640 2694 5696 levi
2741 5657 2913 5712 prono
2942 5642 3168 5711 lubrica,
3201 5643 3284 5699 vel
3314 5655 3437 5698 cavo
3462 5625 3671 5705 pendula,

2150 5729 2234 5785 vcl
2255 5729 2473 5785 sudibus
2501 5744 2689 5800 aspera
2718 5739 2859 5800 sunt,
2884 5747 3144 5803 suspenso
3165 5732 3388 5802 vestigio
3431 5727 3520 5781 iter
3552 5717 3673 5771 inco-
