3920 6176
225 374 309 430 ῗῡι
1411 363 1493 417 DE
1531 362 1754 417 STATU
1799 366 1815 417 .-‘

1919 364 2036 418 MJ':
2080 364 2204 420 LIB.
2247 366 2285 419 1.

3389 370 3435 419 7t
3443 370 3496 424 ’Ξ

222 507 285 560 gn
312 499 420 541 tJ‘u
475 483 652 551 potius
688 486 898 533 tentare
927 491 1087 547 quam
1122 491 1368 539 currere;
1401 475 1575 531 donec
1606 476 1796 538 tertia',
1832 483 1874 536 Α
1905 493 2013 546 quo
2043 479 2166 545 quia
2196 478 2495 533 accidentia
2546 496 2651 533 non
2705 478 2821 547 luit,
2856 480 3079 538 allectus
3108 497 3227 537 esse
3257 498 3362 537 non
3395 499 3497 553 po-

226 591 277 637 ut
300 580 405 633 illic
434 584 538 637 est,
568 578 775 642 partem
796 567 1112 638 quzestionis
1140 566 1427 635 ingredior.
1456 566 1553 621 llic
1570 566 1680 635 jam
1699 583 1805 620 non

224 666 568 739 exploranda,
623 661 719 717 sed
768 658 1106 730 explodenda
1158 660 1424 713 sententia
1466 673 1806 727 nequaquam

225 760 371 834 pensi
420 755 688 812 sermonis
737 750 1026 823 apparuit:
1058 750 1190 804 satis
1236 750 1425 804 sedulo
1453 748 1667 804 eliie'ere
1709 766 1806 804 cu-

226 856 391 925 piens,
420 850 466 903 si
506 862 613 916 quo
642 853 799 916 pacto
827 850 1010 912 queat,
1043 850 1102 895 ut
1127 842 1303 894 anima
1356 857 1552 910 corpus
1581 856 1699 895 esse
1731 842 1807 893 vi-

225 945 425 1000 deatur.
459 937 613 993 Nulla
645 936 807 1004 igitur
833 930 1241 1000 argumentandi
1270 931 1489 996 virtute,
1533 931 1674 985 nulla
1720 931 1807 999 jn-

226 1038 378 1091 bente
406 1033 547 1100 lege,
579 1029 723 1084 nulla
772 1026 1135 1097 persuadente
1186 1024 1418 1087 ratione,
1463 1024 1517 1078 in
1559 1024 1662 1079 hoc
1711 1039 1803 1078 ne-

225 1126 508 1198 quidquam
540 1120 785 1177 videlicet
811 1118 1029 1187 ncgotio
1058 1118 1219 1171 tritus
1272 1132 1450 1171 sermo
1498 1115 1697 1170 linitur.
1731 1115 1807 1170 Ac

226 1220 349 1276 mihi
400 1218 633 1290 primum
671 1226 914 1283 quaerere
961 1210 1111 1266 cordi
1140 1218 1242 1275 est,
1291 1208 1547 1278 quidnam
1579 1208 1807 1263 rationis

227 1312 510 1374 exstiterit,
540 1316 602 1363 ut
650 1313 828 1361 tantas
877 1305 1107 1360 initurus
1135 1318 1341 1367 causas,
1370 1301 1544 1372 deque
1577 1310 1683 1356 tam
1714 1318 1803 1356 su-

227 1403 469 1462 blimibus
498 1401 795 1462 locuturus,
842 1395 969 1451 sciri
1012 1394 1279 1449 vitaverit.
1312 1391 1369 1447 Si
1394 1393 1532 1447 bene
1561 1393 1809 1448 conscius

227 1498 482 1567 disputas,
504 1507 602 1547 cur
627 1503 823 1545 nomen
853 1486 1089 1541 occultas
1106 1486 1129 1539 ?
1149 1485 1194 1539 si
1221 1484 1437 1552 agnosci
1471 1484 1682 1549 metuis,
1713 1498 1811 1538 cur

229 1603 355 1658 opus
380 1582 605 1655 prodis?
645 1594 715 1634 ne
754 1578 951 1643 dicam,
982 1592 1078 1631 cur
1098 1576 1198 1628 ista
1219 1573 1548 1629 eonscribis?
1581 1573 1659 1627 An
1689 1588 1807 1626 ma-

232 1686 394 1738 lorum
419 1691 587 1747 super
606 1674 710 1728 hoc
731 1671 951 1726 forsitan
977 1668 1224 1737 exempla
1246 1665 1502 1722 sectaris?
1523 1663 1630 1719 Sed
1651 1664 1810 1719 video

231 1771 546 1842 prophetas,
597 1761 974 1830 evangelistas,
1028 1757 1321 1829 apostolos,
1369 1763 1492 1826 post
1520 1755 1683 1809 etiam
1711 1769 1811 1808 an-

1911 571 2030 623 tuit.
2063 570 2168 624 Sed
2198 570 2403 639 adjicis,
2436 570 2577 638 Ergo
2604 572 2751 641 quod
2803 574 2855 627 in
2912 574 3134 629 homine
3180 571 3405 628 allectus
3441 583 3501 630 et

1906 663 2076 729 gratia
2105 703 2120 727 ,
2182 663 2234 716 in
2277 662 2388 718 Deo
2429 665 2594 717 virtus
2624 673 2706 718 est
2735 673 2789 718 et
2817 673 3028 719 natura.
3061 664 3128 718 Et
3164 680 3283 733 qua:
3307 666 3357 719 in
3384 663 3502 718 Deo

1907 757 2076 809 virtus
2104 764 2205 821 est,
2237 771 2359 812 cmn
2403 755 2529 810 data
2569 755 2730 810 fuerit
2785 756 3012 821 homini,
3056 772 3162 811 non
3190 764 3275 811 est
3305 757 3497 809 virtus.

1908 846 2051 902 Deus
2096 848 2236 902 enim
2285 848 2473 917 procul
2502 848 2667 903 dubio
2708 848 2880 903 virtus
2907 857 3017 912 est;
3047 848 3140 918 qui
3169 848 3213 904 si
3244 848 3496 902 immuta-

1907 940 2031 994 bilis
2061 947 2163 1002 est,
2196 944 2360 993 etiam
2384 955 2507 994 cum
2537 955 2596 994 se
2616 938 2822 993 homini
2851 938 3079 1004 dederit,
3112 939 3280 993 virtus
3309 939 3362 992 in
3396 939 3494 992 ho-

1910 1034 2052 1087 mine
2073 1040 2173 1087 est.
2200 1032 2341 1100 Ergo
2367 1031 2511 1101 quod
2535 1032 2585 1085 in
2610 1030 2719 1086 Deo
2751 1031 2919 1085 virtus
2957 1038 3061 1096 est,
3101 1038 3156 1084 et
3185 1029 3237 1084 in
3277 1030 3496 1085 homine

1910 1126 2077 1178 virtus
2103 1131 2187 1179 est
2216 1141 2229 1177 :
2262 1124 2365 1178 hoc
2390 1130 2596 1177 tantum
2627 1120 2900 1185 dill‘erens,
2927 1122 3073 1191 quod
3101 1121 3209 1176 illic
3247 1120 3496 1176 substanc

1911 1216 2127 1278 tialiter,
2162 1215 2249 1270 hic
2278 1214 2682 1269 accessibiliter.
2713 1212 2865 1268 Unde
2898 1213 3156 1267 Dominus
3178 1211 3244 1265 ad
3274 1219 3494 1282 aposto-

1909 1308 1990 1363 los
2015 1325 2028 1359 :
2063 1306 2266 1367 Sedete.
2294 1306 2484 1374 inquit,
2506 1306 2559 1359 in
2589 1305 2807 1367 civitate,
2831 1303 3002 1377 quoad
3027 1319 3185 1374 usque
3204 1303 3493 1356 induamini

1908 1402 2183 1456 virtutem:
2209 1399 2318 1454 alto
2347 1396 2497 1470 (Luc.
2521 1414 2668 1460 xxw,
2692 1395 2805 1469 49).
2824 1396 2891 1450 Et
2917 1396 3180 1466 propheta
3211 1413 3224 1447 :
3257 1393 3489 1465 Diligam

1909 1503 1977 1557 te,
2015 1492 2249 1555 Domine,
2279 1490 2438 1543 virtus
2455 1505 2565 1542 mea
2589 1487 2759 1554 (Psal.
2790 1503 2916 1552 xvn,
2942 1486 3027 1555 2).
3059 1486 3137 1540 Tu
3175 1501 3303 1540 vero
3324 1484 3492 1539 Deum

1910 1584 2043 1637 inse
2069 1583 2319 1636 virtutem
2349 1595 2488 1643 esse,
2522 1588 2578 1633 et
2606 1579 2657 1633 in
2689 1578 2907 1632 homine
2927 1577 3061 1632 dicis
3089 1592 3195 1632 non
3224 1590 3361 1629 esse.
3386 1572 3493 1629 Sed

1910 1674 2033 1727 talis
2085 1670 2363 1726 sententia:
2405 1684 2567 1724 causa
2623 1670 2741 1723 lucc
2787 1667 3041 1736 liquidior
3087 1675 3189 1721 est.
3238 1666 3494 1735 Sequitur

1908 1764 2133 1827 scilicet,
2166 1770 2225 1818 ut
2250 1776 2408 1831 quem
2433 1760 2567 1816 dicis
2585 1760 2744 1823 allici,
2778 1770 2986 1815 astruas
3005 1757 3346 1814 commutari.

231 1861 584 1918 thentieorum
610 1865 632 1893 ι
685 1853 1038 1924 plurimorum
1077 1856 1418 1912 tractatores,
1450 1863 1544 1901 sua
1574 1846 1805 1917 propriis
1840 1842 1883 1901 Β
1980 1856 2042 1910 ιι,
2100 1856 2178 1911 Ac
2230 1856 2360 1910 mihi
2414 1855 2646 1924 primum
2699 1853 3003 1923 proprietas
3051 1852 3209 1920 hujus
3261 1846 3495 1904 hominis

234 1947 584 2006 voluminibus
604 1944 820 2000 nomina
841 1948 1171 2012 praenotasse
1195 1957 1208 1992 :
1240 1938 1378 1993 alios
1398 1938 1560 1993 etiam
1581 1952 1807 2007 operum

232 2057 437 2097 suorum
460 2036 698 2109 propriis
722 2032 999 2089 vocabulis
1025 2030 1309 2085 inchoasse
1337 2028 1615 2098 principia,
1648 2034 1707 2082 ut
1727 2034 1809 2081 est

234 2133 383 2189 illud:
406 2132 601 2185 Petrus
616 2125 880 2198 apostolus
902 2122 1114 2187 Christi,
1138 2130 1186 2176 et
1210 2121 1438 2185 Paulus;
1462 2135 1562 2174 nec
1588 2136 1693 2175 non
1716 2119 1808 2173 alii

232 2236 382 2294 atque
418 2222 510 2278 alii
531 2219 848 2275 fundatores
875 2213 1129 2270 Ecclesia:
1152 2219 1315 2283 atque
1353 2210 1655 2267 eruditores
1683 2227 1696 2262 :
1728 2209 1810 2262 vi-

234 2319 414 2373 delicet
433 2310 786 2386 pnecavenda
808 2308 922 2363 fore
945 2314 1207 2362 noverant
1222 2304 1652 2376 apocryphorum
1671 2316 1810 2356 vana

234 2408 310 2462 vel
330 2402 634 2462 noxia.Sed
655 2416 722 2456 ne
743 2401 821 2455 sie
848 2397 1067 2467 quidem
1097 2396 1367 2451 fallacium
1395 2393 1808 2449 temerariorum

236 2503 380 2555 vitari
427 2496 686 2567 figmenta
728 2497 1039 2564 potuerunt.
1098 2489 1235 2545 Hinc
1264 2496 1349 2543 est
1384 2486 1527 2557 quod
1555 2487 1812 2557 pleraque

236 2589 397 2656 Pauli,
425 2590 829 2655 multorumque
848 2591 1162 2639 sanctorum
1185 2579 1460 2636 vocabulis
1488 2584 1808 2650 praenotata,

237 2683 425 2737 sanitas
443 2679 469 2718 δ
498 2676 783 2735 catholicae
812 2673 1068 2729 Ecclesiae
1094 2680 1295 2727 nostra:
1319 2686 1426 2725 non
1454 2669 1661 2740 recipit,
1686 2669 1813 2737 quia

238 2789 336 2828 non
386 2768 661 2825 lenocinio
710 2765 942 2821 nominis
996 2763 1177 2834 aperis
1208 2762 1458 2816 meritum
1482 2765 1692 2830 pensat,
1717 2756 1814 2813 sui

240 2872 500 2919 auctorem
530 2858 634 2915 sibi
660 2853 786 2928 styli
819 2854 1043 2909 veritate
1067 2851 1335 2907 conciliat.
1369 2849 1657 2905 Enimvero
1683 2845 1814 2902 illud

239 2955 370 3024 quod
410 2955 509 3009 ista
543 2950 737 3021 pagina
762 2946 1096 3018 propalatnr,
1121 2943 1469 3013 ejusdemque
1499 2948 1688 2997 auctor
1716 2954 1812 2995 oc-

242 3048 439 3113 culitur,
486 3044 711 3101 evidens
750 3040 875 3096 facit
930 3038 1203 3101 indicium,
1253 3036 1520 3101 eumdem,
1551 3034 1813 3090 sciliceta

240 3156 337 3210 quo
382 3139 450 3194 sit
503 3134 830 3206 composita,
884 3132 1044 3186 fuisse
1088 3131 1420 3185 danmatum.
1473 3126 1641 3181 Nemo
1671 3125 1815 3180 enim

241 3198 405 3287 studet
428 3198 713 3290 occultari,
739 3225 842 3280 nisi
863 3225 954 3294 qui
976 3222 1226 3277 formidat
1239 3219 1475 3288 agnosci.
1494 3217 1608 3287 Ego
1632 3225 1814 3271 tamen
1838 3198 1887 3262 (ἶ

242 3324 360 3378 satis
382 3321 573 3377 mirari
597 3333 828 3389 nequeo,
852 3332 948 3371 cur
977 3316 1029 3369 in
1059 3313 1253 3369 eodem
1273 3310 1505 3367 vitanda:
1534 3322 1689 3364 none
1707 3322 1818 3362 non

244 3414 390 3468 fuerit
434 3412 697 3476 studium,
754 3410 809 3465 in
838 3423 947 3478 quo
984 3403 1352 3476 supprimendi
1381 3401 1616 3457 nominis
1642 3399 1820 3470 potuit

244 3522 351 3562 esse
366 3505 653 3575 judicium.

848 3588 1077 3645 CAPUT
1114 3588 1201 3643 lll.

247 3689 382 3753 Quod
413 3687 674 3743 Divinitas
713 3680 1047 3764 impassibilis
1074 3680 1203 3764 nulli
1235 3693 1446 3750 prorsus
1472 3677 1680 3747 aﬂ'ectui
1708 3674 1824 3730 sub-

930 3761 1127 3823 jaceat.

310 3871 347 3925 l.
386 3870 490 3927 Sed
540 3868 607 3924 ad
649 3865 988 3938 propositum
1033 3871 1388 3932 revertentes,
1446 3864 1562 3934 ipsa
1614 3862 1822 3934 prtefati

250 3961 412 4031 operis
451 3960 625 4017 verba
675 3970 979 4029 ponamus:
1013 3955 1082 4011 ad
1107 3956 1258 4010 illum
1304 3955 1554 4010 videlicet
1578 3955 1665 4010 cui
1695 3954 1822 4008 talia

249 4052 481 4119 destinat,
544 4063 705 4120 quem
757 4047 982 4118 perinde
1032 4055 1196 4116 atque
1222 4061 1281 4101 se
1308 4047 1540 4101 celatum
1568 4061 1689 4102 esse
1716 4053 1828 4100 stu-

250 4142 369 4207 duit,
398 4143 473 4199 sic
500 4142 621 4197 ait:
656 4140 858 4206 Quieris
897 4156 930 4192 α
975 4155 1058 4193 me
1100 4138 1353 4210 quomodo
1377 4139 1535 4209 juxta
1589 4137 1825 4193 substan-

254 4233 366 4286 tiam
396 4232 491 4288 Dei
532 4234 588 4287 in
634 4231 851 4302 epistola
879 4229 1106 4301 quadam
1133 4228 1327 4283 dictum
1370 4229 1456 4283 sit.
1489 4227 1557 4283 Et
1586 4228 1691 4295 hic,
1723 4243 1823 4284 nec

254 4321 409 4391 cujus,
463 4337 569 4378 nec
616 4322 683 4376 ad
710 4336 893 4391 quem,
926 4334 1027 4375 nec
1047 4318 1113 4373 de
1138 4333 1246 4387 quo
1274 4318 1501 4388 epistola
1522 4317 1661 4373 foret
1689 4318 1825 4372 indi-

255 4425 418 4470 catum
454 4415 645 4471 voluit.
678 4413 1078 4481 Continuatque
1126 4409 1192 4465 de
1219 4408 1331 4465 Deo
1359 4429 1372 4463 :
1408 4409 1504 4465 Nil
1531 4412 1691 4464 sensit
1736 4427 1824 4478 pa-

258 4505 415 4560 tientis
465 4520 622 4559 sensu
655 4544 670 4570 ,
726 4502 817 4557 sed
845 4500 1204 4573 eompatientis
1248 4499 1457 4569 affectu.
1487 4498 1776 4569 Subjunxit
1805 4518 1817 4552 :

1911 1948 2140 2002 maxime
2167 1946 2503 2003 discutienda
2535 1955 2637 2001 est.
2669 1943 2905 2001 Affectus
2932 1959 3126 2013 nempe
3153 1943 3222 1997 ab
3262 1957 3329 1996 eo
3357 1940 3494 1996 dicio

1909 2046 1997 2093 tur
2023 2038 2166 2107 quod
2208 2038 2410 2107 aliquid
2459 2035 2673 2093 alliciat.
2707 2035 2978 2107 Quidquid
3017 2041 3199 2089 autem
3245 2031 3494 2096 allicitur,

1909 2129 2130 2200 patitur.
2165 2126 2280 2182 Pati
2318 2143 2449 2184 vero
2493 2144 2600 2183 non
2648 2135 2732 2182 est
2771 2126 2874 2181 nisi
2902 2124 3169 2196 passibilis
3194 2129 3499 2192 creatteque

1908 2218 2238 2273 substantiae.
2272 2217 2401 2285 Qua:
2432 2229 2455 2257 ο
2496 2217 2749 2289 quoniam
2779 2233 2810 2271 a
2857 2231 3065 2272 summa
3102 2214 3334 2271 essentia
3379 2227 3503 2283 quae

1911 2309 2052 2364 Deus
2095 2318 2196 2375 est,
2247 2317 2307 2363 ut
2351 2309 2625 2370 existeret,
2659 2315 2849 2363 vocata
2895 2306 2963 2362 de
3004 2306 3170 2360 nihilo
3213 2313 3326 2370 est;
3359 2304 3500 2358 inter

1911 2403 2042 2458 illud
2069 2402 2137 2458 de
2164 2418 2273 2471 quo
2304 2401 2463 2468 facta,
2496 2410 2550 2457 et
2579 2401 2710 2456 illud
2751 2417 2783 2455 a
2830 2415 2939 2470 quo
2968 2398 3128 2464 facta,
3160 2406 3245 2453 est
3272 2396 3446 2451 media
3483 2415 3496 2448 :

1912 2495 1985 2549 ita
2014 2494 2381 2565 superioribus
2408 2493 2548 2549 al'lici
2578 2500 2756 2563 potest
2795 2499 2855 2547 ut
2883 2490 3147 2562 proﬁciat,
3178 2490 3319 2545 sicut
3360 2486 3499 2543 infe-

1913 2586 2146 2642 rioribus
2172 2593 2232 2641 ut
2257 2584 2490 2640 deliciat.
2537 2583 2614 2638 De
2653 2582 2832 2637 anima
2858 2582 3059 2652 quippe
3097 2581 3291 2650 loquor
3312 2580 3500 2633 huma-

1915 2692 2004 2731 na.
2035 2676 2201 2746 Igitur
2220 2692 2322 2732 nec
2345 2676 2567 2731 nihilum
2588 2672 2729 2731 allici
2757 2675 2938 2743 aliquo
2966 2680 3127 2745 pacto
3148 2680 3349 2743 potest,
3372 2671 3498 2741 quia

1914 2770 2270 2826 substantiam
2299 2784 2408 2824 non
2433 2768 2595 2823 habet
2628 2785 2640 2819 :
2675 2782 2775 2822 nec
2812 2766 2973 2831 Dens,
3013 2766 3140 2836 quia
3179 2764 3501 2820 detrimenta

1916 2878 2026 2918 non
2053 2862 2236 2928 sentit,
2268 2868 2624 2930 augmentave
2666 2875 2775 2913 non
2813 2858 3023 2927 recipit.
3057 2856 3378 2910 Allieiuntur
3404 2869 3504 2908 au-

1917 2959 2027 3007 tem
2048 2952 2247 3016 media,
2275 2951 2415 3007 sicut
2436 2965 2599 3021 supra
2622 2950 2825 3005 dictum
2846 2957 2946 3013 est,
2971 2947 3057 3003 vel
3078 2962 3177 3017 pro
3199 2944 3393 3000 affectu
3420 2945 3504 3002 vel

1918 3041 2153 3098 defectu.
2201 3039 2360 3095 Enim
2406 3055 2538 3096 vero
2586 3038 2844 3109 quidquid
2895 3036 3145 3103 allicitur,
3188 3036 3410 3106 patitur,
3451 3041 3505 3089 et

1917 3136 2176 3207 quidquid
2201 3136 2406 3207 patitur
2432 3150 2541 3190 non
2569 3149 2687 3190 esse
2712 3133 2881 3188 Deum
2910 3147 3071 3187 nemo
3104 3144 3359 3185 sanorum
3387 3125 3506 3183 inli-

1919 3229 2033 3283 cias
2074 3228 2232 3282 iverit
2263 3245 2275 3279 :
2308 3226 2435 3296 quia
2464 3232 2751 3293 utrumque
2791 3230 2978 3278 mutuo
3015 3220 3401 3292 reciprocatur.
3437 3214 3506 3272 Ut

1921 3331 2023 3372 nec
2048 3316 2308 3371 mutabile
2333 3316 2437 3370 nisi
2463 3314 2737 3385 passibile,
2767 3329 2869 3368 nec
2897 3311 3151 3383 passibile
3174 3311 3348 3381 possit
3385 3323 3507 3364 esse

1922 3408 2025 3462 nisi
2045 3407 2320 3462 mutabile.
2340 3406 2493 3472 Quod
2513 3414 2693 3459 autem
2708 3404 3153 3474 philosophorum
3173 3402 3505 3464 testimonio,

1922 3495 2343 3552 misericordiam
2387 3503 2551 3565 atque
2590 3493 2854 3563 justitiam
2888 3500 2945 3547 et
2988 3491 3291 3546 istiusmodi
3334 3492 3508 3572 bonas

1922 3588 2235 3644 allectiones
2261 3588 2530 3659 passibilis
2568 3585 2697 3641 dicit
2724 3600 2845 3641 esse
2888 3592 3148 3641 creatura:
3183 3583 3509 3651 easdemque

1923 3682 1978 3737 in
1996 3682 2109 3737 Deo
2131 3681 2507 3747 essentialiter,
2534 3695 2641 3736 non
2663 3678 3083 3743 accessibiliter;
3112 3676 3257 3731 hand
3277 3675 3508 3730 intendit

1922 3774 2104 3829 animo
2131 3772 2234 3828 sibi
2261 3781 2434 3828 semet
2472 3770 2694 3826 adversa
2721 3770 2983 3840 proferre,
3010 3768 3137 3837 quia
3165 3765 3379 3822 affectio
3418 3779 3509 3820 ac~

1923 3864 2098 3920 cessio
2135 3871 2237 3919 est.
2283 3862 2400 3919 Non
2440 3870 2621 3918 autem
2667 3861 2868 3931 aliquid
2911 3860 3025 3916 Deo
3061 3860 3257 3916 accidit
3290 3876 3303 3913 :
3348 3857 3510 3926 igitur

1924 3955 2193 4011 aﬂ'ectioni
2222 3970 2331 4010 non
2360 3953 2623 4023 subjacet.
2655 3952 2786 4007 Nam
2816 3952 3074 4025 quidquid
3104 3950 3349 4016 allicitur,
3379 3964 3509 4004 con-

1926 4048 2104 4103 trariis
2131 4046 2659 4115 congruentibusque
2679 4046 2882 4116 pariter
2902 4044 3195 4100 obnoxium
3226 4041 3504 4098 ambifarie

1924 4139 2171 4195 subditur
2190 4139 2443 4210 passioni.
2469 4137 2730 4204 Quocirca
2760 4139 2806 4191 si
2831 4152 3037 4191 summa
3059 4136 3318 4190 Divinitas
3344 4134 3510 4190 sensit

1924 4229 2302 4301 eompatientis
2342 4227 2557 4295 all‘eetu,
2587 4230 2747 4283 etiam
2777 4228 2929 4281 mala:
2967 4226 3234 4296 passionis
3267 4224 3509 4293 subjacet

1925 4324 2163 4379 stimulo.
2206 4321 2402 4387 Sensit,
2434 4320 2597 4386 dicis;
2643 4320 2826 4387 utique
2862 4318 3064 4373 sentire
3105 4316 3354 4373 accidens
3393 4314 3510 4384 ejus

1925 4422 2028 4481 est,
2060 4414 2153 4484 qui
2190 4420 2317 4468 ante
2347 4428 2456 4467 non
2484 4412 2670 4467 sensit.
2695 4408 3007 4464 {liternitati
3030 4414 3211 4462 autem
3230 4407 3355 4475 quia
3387 4420 3509 4475 pas-

1926 4508 2134 4563 sionem
2160 4505 2355 4562 Christi
2385 4505 2710 4575 sempiterne
2750 4503 2922 4569 scivit,
2955 4510 3011 4557 ut
3038 4507 3167 4571 pote
3193 4513 3354 4569 quam
3397 4499 3511 4568 ipsa

259 4592 394 4648 Istud
417 4612 506 4650 nec
556 4593 889 4666 philosophos
915 4594 1184 4663 ignorasse
1211 4607 1228 4645 :
1265 4592 1405 4663 quia.
1435 4592 1625 4660 inquit.
1656 4592 1711 4645 ίη
1736 4591 1823 4644 h0—
1851 4573 1903 4634 Β
1925 4599 2208 4669 disposuit,
2232 4573 2769 4669 passionis—tempore
2795 4594 2919 4649 novi
2949 4592 3099 4659 nihil,
3131 4590 3274 4660 quod
3303 4596 3510 4654 nosset,

259 4686 382 4739 mine
417 4687 633 4740 diversae
676 4685 924 4749 actiones,
953 4683 1009 4737 id
1035 4691 1131 4746 est,
1173 4682 1403 4754 justitia,
1443 4682 1819 4744 misericordia,

259 4778 512 4845 sanctitas,
550 4794 629 4831 res
668 4776 960 4830 accidentes
992 4784 1144 4839 sunt;
1178 4784 1227 4829 et
1256 4776 1371 4829 ideo
1400 4775 1616 4844 affectus
1644 4790 1826 4828 vocan-

260 4875 350 4937 tur.
381 4868 516 4923 Deus
536 4886 653 4923 vero
674 4868 753 4922 his
774 4884 877 4921 non
902 4866 1220 4938 passibiliter
1246 4867 1484 4936 afﬁcitur.
1513 4867 1557 4919 0
1587 4883 1689 4921 non
1711 4883 1827 4937 pas-

257 4958 495 5014 sibititer!
521 4978 551 5015 ο
580 4959 838 5029 afﬁcitur!
866 4957 985 5025 Quo
1027 4957 1273 5024 al‘lieitur,
1328 4958 1373 5012 si
1431 4973 1537 5013 non
1591 4959 1824 5029 patitur?

261 5048 360 5105 Cur
382 5060 488 5107 tam
515 5053 661 5109 celer
681 5059 765 5108 est
791 5051 1052 5107 memoria
1075 5060 1166 5105 tua
1186 5050 1254 5105 ad
1280 5050 1603 5106 oblivionem
1634 5065 1820 5105 eorum

264 5143 409 5198 etiam
438 5159 553 5214 qum
579 5147 692 5215 ipse
732 5144 1059 5215 protuleris?
1107 5142 1373 5199 Justitiam
1418 5151 1473 5198 et
1524 5144 1831 5199 misericor-

265 5233 412 5301 diam,
441 5238 562 5308 quia
592 5239 644 5292 in
672 5238 889 5293 homine
918 5235 1226 5291 accidentia:
1260 5237 1406 5301 sint,
1440 5234 1663 5290 affectus
1708 5250 1828 5291 esse

232 5318 239 5321 ’
267 5322 448 5381 dixisti.
481 5328 619 5397 Ergo
645 5329 689 5382 si
718 5329 768 5382 in
795 5328 1034 5390 homine,
1066 5328 1193 5395 quia
1222 5327 1532 5382 accidentia:
1580 5335 1724 5391 sunt,
1758 5325 1829 5379 af-

270 5412 423 5471 lectus
448 5429 594 5484 sunt;
622 5422 673 5475 in
702 5420 810 5475 Deo
834 5420 960 5489 quia
981 5419 1290 5473 accidentite
1304 5435 1411 5473 non
1432 5425 1575 5482 sunt,
1606 5418 1828 5473 allectus

273 5521 367 5561 non
405 5521 540 5565 sunt.
574 5510 689 5567 Non
720 5523 848 5579 ergo
877 5512 1048 5564 sensit
1093 5510 1470 5579 eompatientis
1497 5508 1692 5564 aﬂ'ectu
1724 5528 1734 5563 :
1774 5510 1826 5563 in

340 5705 361 5770 ξι
508 5703 767 5770 plurimos.

340 5763 362 5801 δ
400 5767 476 5820 AI.
508 5763 719 5827 'mnitas
745 5769 862 5825 fidei
895 5776 1084 5822 nostrw
1104 5767 1370 5822 cat/tome:
1386 5783 1485 5821 non
1519 5772 1717 5840 rcripit.

1929 4708 1996 4746 ne
2023 4690 2200 4747 dicam
2228 4689 2375 4761 quod
2402 4690 2646 4755 sentiret,
2670 4688 2916 4743 accessit.

2000 4783 2083 4838 Ill.
2109 4782 2216 4838 Sed
2244 4781 2373 4851 quid
2414 4797 2555 4835 nunc
2576 4794 2676 4849 ego
2705 4779 2772 4833 de
2798 4777 2995 4832 all‘cctu
3038 4776 3297 4830 disseram
3316 4816 3328 4839 ,
3361 4789 3512 4828 eum-

1927 4877 2158 4945 demque
2201 4872 2582 4942 impassibilem
2628 4869 2744 4925 fore
2796 4866 3115 4938 disputando
3162 4866 3513 4929 convincam;

1930 4981 2051 5021 cum
2076 4966 2122 5019 is
2150 4964 2263 5034 ipse
2291 4962 2377 5017 cui
2404 4959 2840 5025 eontradieimus,
2888 4956 3031 5011 haud
3055 4955 3217 5011 dubie
3246 4953 3417 5009 fassus
3445 4954 3514 5011 sit

1931 5054 2185 5114 cruciﬁxo
2213 5053 2416 5109 homini
2445 5052 2614 5107 Deum
2642 5049 2806 5105 fuisse
2835 5053 3208 5118 compassnm?
3227 5046 3514 5116 Quidnam,

1933 5162 2135 5219 quasso,
2157 5144 2298 5201 istud
2326 5150 2428 5210 est,
2451 5142 2566 5198 Non
2598 5140 2765 5196 sensit
2793 5139 3047 5210 patientis
3071 5154 3256 5205 sensu,
3277 5141 3369 5192 sed
3392 5126 3513 5190 scn4

1934 5240 2008 5295 sit
2033 5235 2405 5307 eompatientis
2444 5233 2682 5288 all‘ectu?
2710 5230 2848 5299 Quid
2881 5238 2965 5288 est
3003 5231 3161 5285 sensit
3187 5229 3382 5299 quidve
3411 5243 3514 5279 non

1936 5331 2136 5387 sensit?
2162 5330 2269 5383 Ant
2290 5326 2563 5397 quomodo
2592 5339 2779 5395 passus
2806 5331 2907 5388 est,
2939 5324 2985 5378 si
3017 5338 3122 5377 non
3150 5320 3349 5376 sensit?
3370 5317 3511 5371 Nun-

1935 5422 2061 5495 quid
2089 5421 2134 5475 si
2173 5418 2439 5490 quispiam
2468 5416 2631 5481 dicat,
2655 5415 2907 5470 Amhulat
2931 5414 3039 5479 ille,
3066 5420 3121 5467 et
3141 5411 3228 5465 ille
3258 5408 3511 5464 coamhu-

1936 5517 2029 5579 lat,
2077 5522 2171 5567 aut
2218 5510 2454 5580 loquitur
2482 5508 2590 5573 ille,
2630 5515 2685 5562 et
2729 5507 2819 5562 ille
2859 5503 3210 5572 colloquitur;
3257 5516 3432 5554 nonne
3462 5507 3509 5552 et

2008 5708 2028 5733 ε
2060 5695 2142 5749 ΑΙ.
2176 5696 2617 5767 qurmadmodum.
