3920 6176
440 356 544 413 103

1719 347 2034 405 MAEIERTI
2072 348 2439 407 CLAUDIAM

3590 361 3672 414 7οι

435 468 832 536 colloquentem
862 464 1029 533 loqui,
1074 471 1127 516 et
1156 461 1586 518 coambulantem
1628 459 1907 515 ambulare
1947 460 2022 514 si-
2048 456 2101 517 Α
2128 464 2230 522 tes,
2261 474 2382 528 qua:
2412 460 2536 515 talia
2594 463 2838 531 profecto
2868 473 2994 519 sunt
3042 467 3233 522 merito
3283 467 3363 521 vel
3409 469 3603 537 vitibus,
3629 482 3678 527 ut

435 557 691 628 gniﬁcat?
731 557 835 611 Aut
874 556 917 608 si
957 556 1079 622 quis
1107 553 1259 607 aiat:
1292 551 1536 607 Mortuus
1576 551 1668 606 ille
1710 559 1813 613 est.
1853 557 1909 605 et
1938 550 2029 605 ille

434 654 800 702 commortuus
825 662 840 709 ;
873 659 1052 699 nonne
1076 654 1365 713 utrumque
1394 651 1667 697 mortuum
1704 641 1867 697 fuisse
1889 656 2027 697 con-

437 739 650 791 tirmat?
677 735 809 789 Nam
850 734 944 804 qui
986 735 1357 799 eommoritur,
1389 734 1575 803 utique
1602 733 1850 788 moritur.
1883 731 2028 801 Ergo

434 829 607 898 etqui
636 826 982 897 contpatitur,
1013 825 1201 894 utique
1221 824 1444 895 patitur.
1475 822 1640 878 Passa
1665 831 1749 878 est
1775 824 1951 892 igitur,
1979 826 2027 881 ei

433 934 714 990 compassa
754 918 1035 983 Divinitas,
1074 931 1205 986 ergo
1241 926 1298 973 et
1345 917 1589 972 fortassis
1619 925 1852 972 mortua.
1886 917 1955 971 At
1979 920 2025 974 si

434 1012 578 1068 istud
607 1012 770 1067 etiam
806 1011 1047 1079 cogitatu
1088 1009 1238 1064 nefas
1266 1016 1349 1065 est
1382 1026 1393 1062 :
1428 1024 1536 1065 non
1567 1022 1696 1078 ergo
1725 1023 1914 1078 passus
1943 1015 2027 1063 est

435 1104 578 1160 Deus
606 1122 619 1157 :
652 1103 814 1172 igitur
832 1117 934 1157 nec
959 1101 1203 1157 affectus.
1237 1098 1339 1155 Ubi
1362 1108 1446 1156 est
1475 1115 1615 1155 nunc
1643 1098 2025 1169 compatientis

437 1194 662 1250 aﬁ‘ectus
682 1197 705 1248 ‘I
1368 1206 1371 1207 '

505 1286 592 1341 IV.
619 1285 749 1341 Post
776 1282 991 1354 subjicit
1020 1302 1032 1337 :
1057 1280 1195 1350 Quid
1224 1282 1540 1354 prophetico
1569 1280 1761 1351 spiritu
1779 1287 2025 1335 veterum

434 1379 635 1449 quique
673 1386 984 1433 sanctorum
1014 1374 1356 1447 proterendis
1380 1372 1801 1444 coercendisque
1828 1386 2024 1427 carna-

434 1471 558 1526 liter
584 1468 998 1540 liumanitusque
1042 1469 1373 1539 sapientibus
1419 1467 1623 1537 tropice
1665 1466 2026 1537 prophetave-

432 1570 596 1630 runt;
626 1563 876 1633 inquiens
906 1562 1164 1632 scriptum
1199 1578 1212 1615 :
1242 1560 1484 1625 Domine,
1512 1576 1578 1613 ne
1617 1560 1671 1613 in
1699 1560 1783 1613 ira
1811 1566 1896 1613 tua
1936 1574 2024 1611 ar-

432 1670 562 1726 guas
592 1670 675 1709 me
709 1652 879 1726 (I’sal.
913 1669 1114 1717 xxxvii,
1139 1650 1219 1722 2).
1251 1651 1319 1706 Et
1350 1669 1364 1705 :
1390 1651 1594 1705 Jurarit
1626 1649 1898 1714 Dominus,
1930 1665 2024 1704 nec

432 1761 549 1799 eum
575 1743 834 1816 paenitebit
860 1742 1032 1815 (Psal.
1060 1759 1167 1809 (ιιι,
1199 1741 1277 1814 4).
1322 1741 1403 1797 Ab
1430 1742 1556 1797 hinc
1583 1742 1831 1812 superius
1858 1741 2022 1796 etiam

2134 547 2323 602 eadem
2344 549 2635 619 improbari
2664 553 2733 606 sit
2758 552 2983 622 justum,
3010 556 3306 625 impugnari
3333 572 3435 613 non
3457 574 3677 619 necesss-

2131 640 2270 694 rium
2303 657 2316 693 :
2349 640 2416 695 ad
2446 643 2753 697 testimonia
2778 645 2866 699 illa
2897 646 3193 711 veniamus,
3223 661 3341 716 quae
3368 665 3432 703 ex
3453 650 3681 720 Apostoh

2131 732 2185 786 in
2214 733 2570 802 patrocinium
2592 735 2675 790 sui
2705 744 2983 791 mutuatus
3011 746 3113 793 est.
3142 738 3228 793 Ait
3257 741 3397 794 enim
3428 760 3442 795 :
3476 741 3578 799 Cur
3593 745 3682 801 diei

2131 836 2238 877 non
2263 823 2452 892 possit,
2485 822 2665 880 Sensit
2694 829 3059 898 compatientis
3088 830 3292 899 nﬂ'erm,
3325 834 3527 902 quando
3561 836 3683 905 Apo-

2127 914 2298 970 stolus
2325 915 2609 971 dicendum
2630 919 2838 988 putavit
2869 938 2883 973 :
2920 918 2975 974 Ν
2980 937 3202 989 rnquem
3230 921 3499 979 Dominum
3525 926 3682 997 gloria:

2129 1007 2513 1076 cruciﬁxissent
2555 1006 2597 1079 (Ι
2627 1008 2745 1063 Cor.
2780 1027 2837 1073 ιι,
2880 1009 2978 1079 8)?
3018 1011 3153 1065 Cum
3197 1013 3336 1068 sicut
3374 1015 3459 1069 lux
3508 1018 3681 1069 nullam

2127 1096 2330 1152 sentire
2357 1098 2527 1167 possit
2573 1099 2786 1168 plagam
2813 1102 3071 1166 vulneris,
3120 1103 3193 1158 ita
3242 1114 3296 1157 et
3348 1115 3525 1161 auctor
3570 1107 3681 1165 lueis

2126 1187 2327 1242 nullam
2368 1203 2583 1258 poenam
2623 1191 2857 1246 senserit
2891 1193 3177 1262 passionis.
3220 1193 3401 1248 Potest
3429 1212 3548 1263 ergo
3575 1198 3680 1261 diei,

2128 1275 2237 1331 Sed
2274 1279 2436 1332 sensit
2472 1281 2833 1351 compatientis
2862 1283 3050 1352 affectu
3068 1286 3093 1337 ?
3121 1293 3298 1354 potest
3325 1285 3547 1353 quidem,
3577 1288 3680 1355 ηιιὶτι

2126 1370 2301 1424 omnia
2324 1369 2508 1436 licent;
2543 1372 2640 1426 sed
2668 1388 2774 1428 non
2805 1372 3023 1441 debent,
3060 1375 3184 1445 quia
3216 1392 3320 1430 non
3348 1379 3512 1431 omnia
3535 1381 3678 1448 redi/i-

2125 1470 2248 1515 cant
2270 1460 2313 1531 (l
2342 1460 2464 1517 Cor.
2492 1479 2562 1527 vr,
2598 1463 2686 1534 l2)

2198 1551 2284 1606 Vl.
2330 1552 2513 1610 Risum
2539 1568 2721 1611 tamen
2744 1557 2796 1610 in
2824 1556 2927 1620 isto
2948 1560 3409 1627 comparationum
3438 1576 3498 1616 ac
3523 1562 3680 1630 prolo-

2125 1645 2399 1700 cutionum
2431 1652 2642 1701 tuarum
2681 1661 2880 1716 genere
2919 1656 3106 1704 tenere
3154 1651 3247 1705 vix
3277 1666 3506 1720 possum.
3537 1650 3680 1705 Paulo

2126 1736 2276 1807 prius
2296 1744 2604 1793 astruxeras
2634 1738 2801 1794 Deum
2824 1738 3074 1795 desinere
3095 1754 3221 1796 esse
3251 1742 3516 1807 virtutem,
3548 1742 3679 1798 idcir-

433 1852 532 1907 per
568 1836 920 1907 philosophos
948 1835 1274 1890 accidentias
1308 1834 1426 1889 Deo
1471 1850 1580 1889 non
1608 1833 1815 1903 objicit,
1849 1840 1906 1889 et
1930 1833 2020 1890 hic
2052 1833 2097 1891 Β
2121 1843 2294 1899 coque
2319 1830 2546 1896 mutari;
2587 1846 2730 1886 nunc
2754 1830 2937 1888 itidem
2960 1833 3229 1888 sententia
3252 1832 3503 1890 ﬁacceute
3528 1834 3680 1890 deela-

432 1942 533 1998 per
566 1927 861 1997 prophetas
890 1926 1055 1980 etiam
1082 1926 1336 1980 vitiorum
1385 1925 1739 1981 necessitates
1767 1925 2016 1995 imponit.

432 2016 568 2086 Quia
594 2032 682 2073 res
707 2030 827 2087 qua:
856 2016 1148 2086 ﬁguraliter
1176 2015 1502 2086 accipiendae
1541 2026 1686 2081 sunt,
1732 2016 1837 2070 nisi
1874 2015 2025 2071 solli-

432 2109 538 2164 cite
560 2108 703 2164 intro
732 2108 1103 2179 inspiciantur,
1136 2123 1244 2163 non
1274 2107 1342 2161 ad
1372 2105 1734 2163 viviﬁcantem
1772 2107 2022 2176 spiritum

429 2200 763 2273 pervenitur,
786 2198 879 2255 sed
903 2200 958 2254 in
978 2198 1256 2255 occidente
1278 2198 1456 2253 littera
1478 2204 1805 2253 remouetur.
1830 2196 1994 2267 Sequi
2009 2226 2024 2238 -

431 2300 521 2347 tur
544 2291 771 2359 scilicet,
794 2298 854 2346 ut
874 2289 1405 2346 iueontaminabilem
1426 2289 1695 2360 prmcelsa:
1718 2288 2022 2344 Divinitatis

430 2382 722 2439 essentiam
772 2381 1082 2452 passibilem
1132 2379 1248 2437 fore
1299 2378 1619 2447 credamus,
1669 2380 1713 2435 si
1766 2380 2018 2435 vaticinia

430 2475 818 2547 prophetarum
857 2474 1159 2544 allegoricis
1188 2474 1424 2528 animata
1462 2473 1687 2529 secretis
1730 2474 1783 2528 in
1828 2474 2021 2528 litterae

430 2576 639 2624 tantum
691 2581 922 2638 corpore
974 2567 1288 2636 cogitemus.
1343 2564 1481 2633 Quia
1526 2581 1646 2621 cum
1690 2565 2020 2636 propheticis

429 2661 663 2717 oraculis
699 2660 786 2716 vel
814 2661 972 2717 irasci
1003 2660 1085 2715 vel
1125 2659 1390 2731 pmnitere
1416 2667 1765 2725 memoratur,
1797 2658 2019 2715 eﬁ‘ectus

428 2750 618 2807 harum
657 2751 908 2807 videlicet
960 2750 1268 2822 passionum
1316 2749 1694 2806 considerandi
1733 2758 1878 2815 sunt,
1909 2765 2017 2805 non

429 2841 670 2898 allectus.
704 2840 875 2897 Porro
915 2841 1041 2910 quia
1089 2840 1395 2895 neotericus
1430 2840 1665 2911 scriptor
1702 2840 1857 2911 juxta
1885 2856 2015 2911 pro-

428 2933 657 3005 phetica:
693 2932 984 2988 locutionis
1030 2931 1356 3000 exemplum,
1396 2931 1865 2988 meditatiunculas
1890 2948 2017 2989 suas

429 3032 673 3080 autumat
698 3023 897 3079 debere
925 3022 1177 3092 pensari;
1224 3037 1332 3077 non
1358 3030 1704 3078 tractatorem
1730 3023 2017 3095 proﬁtetur

428 3129 486 3173 se
514 3116 637 3182 iste,
665 3113 761 3171 sed
788 3121 984 3179 vatem,
1012 3128 1147 3170 eum
1170 3114 1392 3182 virginis
1421 3122 1446 3152 ι
1478 3121 1665 3186 partus
1707 3130 1804 3171 ore
1830 3124 2011 3173 vatum

2128 1935 2244 1975 mas
2277 1921 2424 1990 quod
2459 1922 2599 1977 sicut
2640 1922 2732 1978 lux
2780 1924 2982 1979 nullam
3036 1925 3243 1981 sentire
3295 1926 3463 1995 possit
3502 1926 3679 1996 plagam

2127 2010 2385 2077 vulneris,
2432 2012 2506 2067 ita
2535 2023 2592 2068 et
2618 2022 2809 2069 auctor
2850 2015 2986 2071 lucis
3014 2017 3215 2072 nullam
3248 2032 3459 2086 pinnam
3487 2018 3679 2072 senserit

2126 2103 2411 2173 passionis.
2434 2102 2574 2173 Ergo
2597 2105 2806 2174 plagam
2832 2106 2921 2160 lux
2952 2106 3065 2162 sola
3097 2123 3207 2161 non
3239 2108 3422 2163 sentit.
3442 2105 3679 2176 Nunquid

2120 2207 2249 2247 nam
2295 2200 2459 2257 terra,
2491 2202 2586 2248 aut
2632 2210 2790 2264 aqua,
2841 2204 2934 2250 aut
2980 2211 3075 2251 aer
3121 2196 3427 2267 cujuspiam
3472 2196 3679 2251 vulneris

2120 2284 2335 2355 plagam
2379 2286 2582 2340 sentit?
2610 2285 2716 2341 Aut
2758 2287 2848 2340 lux
2898 2286 3142 2343 fortassis
3178 2290 3418 2343 animata
3465 2288 3562 2343 sit?
3590 2288 3678 2341 Aet

2123 2376 2401 2446 quodlibet
2426 2392 2625 2447 corpus
2660 2376 2956 2433 inanimum
2985 2379 3187 2434 sentire
3219 2379 3432 2447 potest?
3463 2377 3557 2431 Aut
3580 2393 3678 2433 Car-

2121 2482 2222 2537 pus
2248 2476 2332 2522 est
2350 2468 2541 2533 ullum,
2565 2469 2712 2539 quod
2739 2469 2842 2523 etsi
2874 2468 3066 2523 vulnus
3093 2486 3205 2524 non
3230 2471 3414 2535 sentit,
3444 2467 3678 2522 vulnerari

2122 2573 2231 2614 non
2268 2559 2474 2629 possit?
2513 2558 2801 2614 Vulnerari
2829 2558 2992 2629 igitur
3020 2559 3110 2613 lux
3141 2568 3344 2629 potest,
3377 2560 3474 2614 eti
3508 2557 3679 2613 sentire

2120 2666 2230 2706 non
2259 2658 2465 2721 potest;
2496 2650 2624 2720 quia
2652 2650 2790 2706 sicut
2818 2666 2927 2706 nox
2956 2650 3199 2705 immissu
3248 2650 3461 2705 luminis
3501 2646 3669 2718 rumpi-

2112 2751 2228 2809 tur,
2256 2744 2330 2797 ita
2368 2742 2462 2797 lux
2491 2743 2727 2799 tenebris
2755 2742 3088 2797 vulneratur.
3137 2740 3295 2799 Unde
3328 2740 3675 2812 jocandissinze

2119 2833 2465 2906 Asclepiades
2493 2834 2620 2890 lusit
2643 2843 2805 2905 poeta
2826 2834 3156 2900 notissimus,
3190 2832 3380 2890 dicens
3411 2851 3423 2888 :

2242 2989 2613 3052 Absentemque
2633 2990 2764 3040 diem
2782 3005 2874 3038 nox
2902 2992 3003 3052 agit
3024 2990 3224 3051 :Emula,

2208 3071 2216 3080 ο
2242 3052 2397 3111 Quam
2420 3052 2500 3102 lux
2523 3051 2634 3101 eum
2658 3053 2825 3101 lacero
2853 3056 2974 3101 victa
2993 3051 3115 3115 fugit
3141 3076 3150 3111 ,
3172 3070 3186 3097 ι
3209 3056 3304 3115 plu.

429 3205 813 3273 observaverit,
847 3214 905 3260 ιιι
947 3204 1196 3261 vaticinia
1242 3206 1516 3261 reserarit.
1545 3203 1715 3262 Secus
1743 3205 1905 3276 igitur
1931 3216 2015 3263 est
2043 3189 2089 3253 Ο
2187 3204 2327 3273 Quid
2353 3206 2506 3273 dicis,
2533 3214 2592 3261 ut
2628 3206 2716 3261 lux
2747 3206 2956 3277 plagam
2986 3222 3092 3265 non
3123 3208 3314 3274 sentit,
3358 3209 3427 3262 ita
3453 3206 3674 3262 Divinitas

427 3312 492 3353 ac
532 3296 672 3352 ratio
699 3295 954 3367 postulat.
984 3296 1211 3368 mystico
1239 3297 1625 3367 prophetarum
1651 3297 1791 3370 ston
1833 3305 2017 3353 texere
2058 3314 2063 3321 ‘

430 3389 682 3462 periodos
710 3388 996 3445 oratorias.
1030 3388 1150 3455 Quo
1182 3387 1240 3443 ﬁt
1279 3397 1337 3443 ut
1363 3388 1450 3445 ille
1478 3389 1570 3460 qui
1599 3389 1774 3445 aliena
1803 3392 2018 3461 exposi—

428 3489 604 3536 turum
630 3495 690 3536 se
726 3480 977 3551 spondet,
1007 3494 1114 3534 non
1154 3480 1326 3549 possit
1352 3480 1571 3551 exponi.
1607 3479 1770 3550 [gitur
1798 3491 1889 3535 aut
1921 3499 2015 3535 va-

429 3576 541 3626 tum
569 3571 747 3626 verbis
790 3586 897 3625 non
940 3577 1113 3635 utere,
1163 3578 1259 3625 aut
1305 3572 1616 3626 vaticinare.
1667 3571 2017 3642 Nequaquam

429 3661 674 3733 profecto
701 3663 957 3718 conducit
994 3663 1080 3717 vel
1109 3664 1361 3733 praesenti
1405 3665 1713 3720 vaticinium
1764 3668 2014 3736 tempori,

427 3756 513 3810 vel
551 3756 864 3826 prophetica
910 3756 1111 3811 locutio
1137 3756 1435 3811 tractatori.
1471 3754 1733 3822 Quocirca
1760 3758 2018 3827 quidquid

427 3847 483 3903 in
512 3846 882 3902 defensionem
923 3848 1001 3902 tui
1031 3863 1096 3901 ex
1127 3848 1445 3917 prophetico
1469 3863 1718 3903 sermone
1746 3857 2019 3905 mutuatus

429 3955 506 4005 es,
539 3937 857 3993 adversatur
884 3939 981 3994 tibi
1009 3940 1189 4008 potius
1216 3953 1379 4009 quam
1408 3940 1735 4009 opitulatur;
1766 3942 1890 4011 quia
1933 3942 2017 3996 vel

429 4031 654 4102 quatsita
683 4029 925 4086 defensio
971 4030 1171 4087 fatetur
1198 4031 1639 4094 imbecillitatem,
1695 4033 1778 4087 vel
1833 4034 2019 4088 i:.con-

423 4137 626 4193 gruens
651 4122 1012 4194 patrocinium
1044 4139 1150 4178 non
1181 4130 1373 4194 purgat
1397 4138 1656 4178 errorem.

500 4213 566 4268 V.
596 4212 987 4270 Intemcrabilis
1007 4228 1134 4284 ergo
1156 4214 1418 4270 Divinitas
1438 4214 1848 4284 haudquaquam
1871 4225 2017 4270 recte
2061 4262 2075 4275 .

429 4309 572 4366 allici
600 4309 813 4376 dicitur,
845 4310 969 4380 quia
994 4309 1220 4364 eﬁ'ectus
1248 4317 1331 4364 est
1356 4310 1424 4364 ab
1460 4307 1673 4378 opiﬁce,
1699 4307 1924 4363 alTectus
1950 4310 2017 4362 ab

432 4414 617 4472 opere.
658 4398 888 4467 Quando
930 4398 1073 4454 enim
1116 4396 1259 4453 Deus
1298 4399 1605 4469 quempiam
1650 4398 2019 4468 temporaliter

431 4493 606 4564 punit,
629 4498 834 4547 aeterno
863 4490 1088 4546 consilio
1119 4490 1207 4544 ille
1229 4491 1411 4560 utique
1437 4490 1639 4559 patitur
1664 4490 1755 4558 qui
1778 4489 2010 4558 punitur.

2119 3298 2310 3355 vulnus
2354 3297 2408 3351 in
2448 3297 2698 3368 passione
2725 3312 2832 3352 non
2862 3298 3070 3352 sensit?
3107 3298 3162 3351 Si
3196 3299 3275 3352 ita
3303 3308 3405 3362 est,
3443 3296 3673 3352 vulnerati

2118 3401 2248 3455 ergo
2288 3386 2484 3457 potuit,
2522 3386 2626 3441 etsi
2660 3385 2863 3441 sentire
2898 3401 3008 3443 non
3047 3387 3260 3456 potuit;
3295 3400 3558 3455 unumque
3595 3382 3677 3438 fuit

2119 3479 2566 3542 insensibilitatis,
2598 3478 2742 3533 aliud
2770 3478 3263 3549 corruptibilitatis.
3292 3478 3410 3534 Non
3438 3478 3568 3534 enim
3593 3490 3674 3546 pro

2119 3570 2621 3639 incorruptibilitate
2644 3585 2752 3623 non
2781 3568 2955 3624 doluit
2987 3586 3000 3622 :
3033 3568 3079 3623 si
3107 3569 3385 3624 vulnerari
3417 3571 3559 3640 (non)
3593 3580 3675 3635 p0-

2120 3663 2239 3725 tuit,
2267 3661 2394 3729 quia
2427 3660 2520 3714 lux
2540 3672 2594 3715 et
2619 3658 2943 3719 insensibilis
2970 3666 3074 3722 est,
3103 3660 3310 3729 pariter
3331 3669 3387 3714 et
3406 3654 3676 3712 vulnerabi-

2120 3753 2205 3807 lis.
2237 3751 2372 3808 Vide
2400 3766 2468 3807 ne
2496 3749 2721 3807 forsitan
2755 3751 2856 3806 iste
2897 3750 2968 3806 sit
2994 3766 3155 3820 quem
3186 3751 3349 3805 nobis
3377 3748 3675 3820 opprobrari-

2119 3843 2247 3898 dum
2274 3842 2415 3907 rere,
2457 3841 2653 3897 altiore
2682 3842 2967 3911 prolapsus
3006 3856 3214 3896 errore.
3254 3841 3337 3896 Tu
3375 3842 3503 3897 dicis
3526 3841 3673 3894 lucent

2118 3951 2438 4006 corpoream
2466 3935 2671 3990 homini
2691 3948 3032 3991 communem
3060 3933 3222 3991 simul
3254 3942 3312 3987 et
3336 3932 3530 4004 pecori,
3558 3937 3675 3986 eate-

2122 4043 2240 4089 nus,
2271 4033 2330 4080 ut
2370 4026 2536 4081 Deum
2568 4040 2677 4079 non
2716 4026 2918 4079 sentire
2960 4023 3156 4078 vulnus
3198 4024 3460 4081 indictum
3488 4032 3540 4079 et
3562 4036 3675 4090 quo-

2120 4117 2417 4172 tnodolibet
2455 4115 2736 4186 pulchrum
2784 4129 3011 4185 corpus;
3043 4129 3245 4184 corpus
3288 4124 3465 4170 tamen
3492 4125 3674 4169 suntme

2121 4209 2443 4277 incorporeo
2471 4224 2579 4261 non
2610 4205 2895 4268 assimilas,
2936 4204 3033 4259 sed
3072 4220 3349 4273 exmquas,
3401 4214 3455 4263 et
3492 4205 3542 4258 in
3583 4210 3672 4255 tam

2120 4299 2377 4370 plectibili
2396 4298 2663 4353 sententia
2680 4312 2787 4350 non
2811 4296 3131 4353 innocentiae
3148 4302 3357 4355 tantum
3374 4291 3672 4365 privilegium

2121 4389 2237 4454 tibi,
2267 4389 2365 4444 sed
2408 4388 2583 4442 laudis
2611 4401 2851 4455 art-agas.
2900 4386 2970 4440 Et
2997 4403 3112 4449 nos,
3145 4385 3274 4454 quia
3305 4384 3671 4441 similitudinem

2120 4481 2238 4545 Dei,
2269 4487 2329 4535 ut
2365 4479 2483 4549 ejus
2528 4478 2685 4534 sicuti
2729 4485 2813 4532 est
2855 4477 3165 4541 similitudo,
3211 4476 3292 4530 sic
3332 4477 3670 4543 incorpoream

434 4562 715 4638 Pateretur
740 4580 941 4652 aliquid
979 4588 1035 4636 et
1059 4579 1220 4643 Deus,
1248 4580 1292 4635 si
1332 4580 1418 4634 vel
1447 4578 1817 4648 temporaliter
1836 4578 2015 4648 eujus-
2046 4562 2096 4622 υ
2120 4573 2381 4636 dicamus,
2414 4578 2566 4626 extra
2597 4568 2754 4623 fidem
2781 4567 2897 4623 fore
2920 4567 3259 4638 proauntias.
3286 4566 3393 4621 Sed
3424 4567 3529 4621 lucc
3551 4570 3671 4637 ροδι·

434 4673 578 4744 piam
604 4680 827 4743 peccata
872 4678 1242 4739 cognosceret,
1270 4669 1353 4723 vel
1380 4669 1628 4724 eumdem
1656 4668 1723 4722 ad
1752 4682 2037 4723 exercen-‘

434 4765 558 4820 dam
595 4763 856 4834 justitiam
898 4762 1174 4818 iracundia
1220 4756 1604 4816 commoveret.
1654 4758 1824 4816 Omne
1866 4762 2009 4816 enim

435 4871 842 4928 temporaneum
872 4858 1069 4913 mobile
1098 4866 1260 4925 atque
1289 4856 1544 4910 mutabile
1588 4854 1932 4909 immutabilis
1960 4861 2016 4909 et

436 4958 585 5004 stans
610 4951 1009 5021 sempiternitas
1035 4949 1275 5013 includit,
1305 4946 1544 5002 alliciens
1576 4947 1756 5016 aliqua
1782 4945 2013 5001 salubri-

436 5052 537 5108 ter,
570 5040 746 5111 aliqua
786 5040 1127 5111 iudicialiter,
1159 5042 1336 5111 aliqua
1379 5040 1519 5096 afﬁci
1560 5040 1760 5103 sinetis,
1803 5039 1917 5109 ipsa
1947 5039 2015 5093 ab

435 5132 583 5189 omni
624 5130 821 5188 affectu
853 5132 936 5187 vel
984 5140 1134 5187 motu
1164 5132 1421 5202 temporis
1453 5141 1507 5186 et
1535 5131 1638 5185 loci
1666 5132 1797 5186 satis
1818 5132 2014 5195 aliena,

434 5223 661 5297 praedita
692 5223 785 5279 illo
809 5229 1015 5277 tantum
1044 5231 1194 5282 motu
1219 5225 1309 5292 qui
1330 5223 1535 5278 stabilis
1558 5222 1771 5287 dicitur,
1797 5236 1864 5275 ex
1886 5236 2011 5289 qua,

435 5324 493 5371 et
521 5331 616 5386 per
642 5330 828 5386 quam,
857 5321 912 5369 et
941 5314 993 5368 in
1020 5329 1127 5384 qua
1155 5324 1237 5368 est
1264 5330 1423 5367 oume
1449 5313 1594 5382 quod
1621 5314 1740 5368 solo
1771 5323 2017 5380 tempore

432 5417 490 5462 et
536 5408 603 5463 ab
640 5408 754 5479 ipsa
802 5414 1008 5460 tantum
1053 5414 1319 5466 movetur,
1363 5413 1419 5459 et
1458 5420 1616 5459 onme
1653 5405 1797 5474 quod
1837 5415 1892 5458 et
1920 5419 2016 5473 per

434 5511 651 5569 tempus
677 5507 729 5554 et
776 5498 948 5552 locum
979 5496 1047 5549 ab
1076 5495 1164 5549 illa
1196 5504 1460 5559 movetur,
1511 5511 1618 5550 non
1644 5496 1761 5549 solo
1811 5503 2014 5548 tantum

437 5603 699 5661 tempore.
723 5590 827 5646 Sed
859 5590 1038 5644 lSllltIBC
1067 5588 1218 5642 alias.
1254 5586 1402 5642 Nunc
1428 5597 1605 5640 autem
1638 5588 1796 5642 missa
1821 5587 2015 5641 facien-

509 5776 539 5805 ι
571 5769 645 5821 An
676 5763 1123 5834 parttmtiStatim
1153 5776 1280 5815 vero
1311 5759 1378 5813 al.
1411 5774 1505 5811 om
1532 5768 1714 5812 ratum.

2121 4662 2425 4810 “10:11.!”
2468 4753 2664 4807 aﬁ'ectu
2704 4750 2917 4805 interim
2960 4749 3309 4806 disseramus.
3371 4748 3569 4817 Ergone
3609 4745 3674 4798 sle

2121 4848 2407 4905 crucifixus
2425 4854 2511 4902 est
2528 4844 2791 4909 Christus,
2810 4851 2868 4897 ut
2889 4856 3112 4897 summa:
3131 4841 3432 4895 Divinitatis
3454 4840 3670 4894 universo

2124 4939 2152 4979 ι)
2179 4938 2343 4995 modo
2378 4936 2765 4993 intemerabilis
2793 4933 3272 5005 incorruptibilitas
3301 4932 3544 4988 crucifixa
3571 4943 3670 4982 cre-

2121 5029 2313 5092 datur;
2353 5027 2500 5081 dicas
2526 5024 2709 5089 velim,
2752 5023 2855 5078 nisi
2893 5022 3210 5091 injuriosum
3248 5031 3354 5076 est.
3385 5020 3545 5086 Quem
3570 5021 3669 5084 post

2120 5118 2481 5174 humilitatem
2520 5115 2714 5169 mortis
2742 5130 2773 5168 a
2801 5129 3015 5169 summo
3042 5111 3174 5177 Deo,
3209 5111 3260 5165 id
3304 5121 3407 5176 est,
3439 5112 3543 5179 ipsa
3572 5105 3666 5158 Tri-

2121 5191 2291 5265 ititate
2318 5207 2613 5265 exaltatum
2641 5220 2762 5261 esse
2801 5204 2949 5259 credi
3000 5204 3069 5258 sit
3114 5204 3338 5267 licitum,
3390 5202 3471 5255 cui
3508 5209 3665 5252 nomen

2119 5303 2257 5377 quod
2283 5318 2442 5371 supra
2464 5314 2617 5354 omne
2638 5314 2828 5353 nomen
2855 5298 2925 5350 sit
2952 5295 3173 5365 (Philip.
3202 5311 3259 5357 ιι,
3290 5293 3368 5364 9),
3396 5292 3547 5347 fuisse
3568 5283 3663 5342 col-

2121 5401 2309 5463 latum,
2341 5395 2417 5450 illi
2436 5407 2630 5463 nempe
2656 5392 2907 5454 arbitror,
2932 5390 3025 5458 qui
3053 5387 3294 5442 obediens
3333 5389 3495 5458 factus
3532 5390 3663 5449 usque

2121 5490 2191 5544 ad
2210 5494 2426 5543 mortem
2447 5492 2668 5556 propter
2690 5479 2973 5537 ineﬁ'abilis
3001 5475 3315 5533 humilitatis
3337 5470 3661 5529 obedientiam

2123 5576 2465 5637 ineﬁ'abiliter
2490 5573 2804 5629 sublimatus
2826 5571 2878 5626 in
2907 5570 3131 5639 gloriam
3151 5575 3233 5623 est
3252 5566 3345 5621 Dei
3369 5562 3559 5623 Patris;
3579 5572 3661 5612 au-

2190 5750 2216 5791 ³⁵
2247 5753 2326 5808 Al.
2368 5750 2574 5810 mundo.
