3946 6182
305 330 404 382 705

1488 330 1599 384 ’ΒΕ
1638 331 1858 388 S'I'ATL'
1904 331 2138 387 ΑΝιΜιΕ
2182 334 2307 392 LIB.
2346 337 2386 390 I.

3465 345 3570 398 706

303 444 447 497 tiebis
479 457 589 531 non
616 440 766 496 fateri
793 442 1039 497 eumdem
1070 443 1253 512 gloritn
1285 443 1587 508 Dominum,
1613 459 1771 512 quem
1805 445 1884 498 fa-
1910 454 1954 506 Α
1989 447 2165 500 Sensit
2191 449 2548 518 compatientis
2575 450 2780 519 affectu,
2813 468 2920 508 non
2951 455 3042 521 ait,
3073 454 3216 524 quod
3244 458 3296 508 in
3327 457 3574 531 passione

303 537 428 588 teris
456 514 690 588 hominis
719 531 922 588 ﬁlium?
945 534 1140 589 Verum
1175 543 1230 588 tu
1261 534 1351 588 illo
1374 533 1520 604 quod
1548 535 1746 590 dictum
1776 545 1876 599 est,

306 623 580 696 Nunquam
604 622 882 678 Dominum
901 623 1082 694 gloria:
1106 624 1486 693 cruciﬁxissent
1511 623 1552 694 (1
1575 622 1692 678 Cor.
1719 641 1775 688 ll,
1801 623 1877 693 8),

303 717 352 769 in
395 715 445 768 id
476 714 553 767 uti
593 713 764 779 voles,
799 722 858 767 ut
905 714 1045 768 haud
1075 713 1234 768 dubie
1275 713 1544 779 credatur,
1593 715 1737 783 quod
1766 716 1881 784 ipsa

304 804 557 859 Divinitas
577 813 741 872 queat
769 804 927 870 allici,
952 805 998 858 si
1026 806 1200 874 potuit
1227 805 1484 874 cruciﬁgi.
1503 805 1671 875 Igitur
1691 816 1880 876 aperto

303 894 583 963 ptoloquio
626 892 976 948 mauifestasti
1013 894 1335 948 sententiam
1367 902 1532 947 tuam.
1579 894 1710 948 Nam
1757 911 1879 950 cum

303 987 497 1040 idcirco
527 983 667 1039 allici
689 985 855 1039 Deum
879 985 1418 1054 irreprehensibiliter
1445 994 1495 1040 te
1515 985 1715 1041 dixisse
1735 987 1878 1042 arbi-

303 1078 458 1130 treris
478 1076 730 1145 quoniam
751 1076 935 1144 gloriae
958 1075 1239 1130 Dominum
1261 1076 1574 1131 cruciﬁxum
1590 1077 1880 1146 Apostolus

302 1167 446 1231 dicit,
473 1176 529 1221 et
556 1167 869 1221 cruciﬁxum
897 1167 1079 1234 gloriae
1110 1167 1392 1221 Dominum
1423 1169 1502 1224 sic
1523 1169 1693 1238 accipi
1733 1169 1877 1223 veri-

302 1265 381 1310 tas
407 1257 646 1319 suadeat,
679 1271 748 1309 ne
791 1256 1048 1309 Diviaitas
1071 1255 1323 1310 crucrﬁxa
1351 1256 1601 1311 credatur
1627 1275 1639 1309 :
1667 1265 1723 1311 tu
1750 1274 1878 1313 vero

303 1346 440 1400 afﬁci
471 1346 809 1399 Divinitatem
835 1346 1083 1400 obnixius
1110 1355 1500 1413 argumentare,
1527 1345 1880 1401 defensitandi

301 1438 496 1489 erroris
525 1437 720 1490 studio.
755 1436 906 1489 llaud
936 1436 1317 1492 animadvertis
1343 1436 1554 1506 poenale
1581 1436 1708 1490 illud
1735 1435 1880 1505 quod

302 1527 352 1580 in
376 1529 593 1581 homine
615 1527 827 1580 Christo
849 1528 1280 1596 persequentium
1304 1527 1476 1581 scelus
1495 1527 1753 1590 exercuit,
1779 1527 1878 1595 ipsi

301 1617 593 1670 inviolabili
620 1615 895 1670 Divinitati
934 1616 1188 1671 inllictum
1228 1616 1390 1671 fuisse
1414 1625 1466 1671 te
1494 1617 1695 1672 dicere.
1725 1616 1879 1683 Quod

299 1709 340 1762 si
361 1708 436 1760 ita
466 1717 564 1770 est,
599 1708 710 1776 pati
739 1723 836 1777 pro
865 1708 1168 1762 hominibus
1196 1706 1357 1771 Deus,
1379 1716 1434 1762 et
1473 1723 1578 1762 non
1605 1719 1879 1776 assumpto

299 1798 474 1867 potuit
500 1798 737 1852 homine.
770 1797 904 1864 Quia
944 1799 989 1853 si
1018 1799 1070 1851 in
1093 1799 1310 1853 homine
1332 1798 1614 1867 passibilis,
1647 1806 1702 1853 et
1729 1808 1881 1853 extra

299 1890 570 1944 hominem
600 1891 774 1961 potuit
801 1906 920 1945 esse
960 1891 1248 1960 passibilis.
1297 1889 1402 1945 Sed
1449 1890 1695 1944 eumdem
1745 1889 1882 1944 forte

297 1983 594 2037 contendas
621 1983 930 2037 substantia:
960 1983 1207 2037 humana:
1247 1983 1568 2051 contagione
1597 1991 1878 2049 mutatum,

299 2072 610 2140 idcircoque
666 2082 788 2142 post
833 2081 1159 2141 assumptum
1190 2072 1462 2127 hominem
1497 2073 1692 2127 factum
1721 2071 1883 2128 fuisse

299 2163 629 2232 passibilem.
658 2163 772 2218 Non
801 2163 963 2231 igitur
998 2163 1417 2232 incorruptibilis
1445 2170 1526 2217 est
1553 2163 1714 2218 Deus.
1748 2163 1883 2228 Quia

299 2255 558 2324 quidquid
585 2255 899 2310 deteriorari
923 2263 1119 2324 potest,
1145 2263 1200 2309 et
1227 2254 1499 2323 corrumpi
1528 2252 1771 2323 profecto
1795 2269 1886 2322 po-

301 2352 420 2398 test.
451 2343 559 2398 Sed
586 2347 856 2415 corrumpi
879 2344 1139 2399 Divinitas
1167 2361 1273 2398 non
1297 2353 1492 2415 potest,
1518 2359 1617 2398 nec
1645 2359 1884 2398 commu-

301 2435 436 2498 tari;
475 2435 636 2502 igitur
673 2451 773 2490 nec
799 2436 910 2506 pati
946 2444 1142 2506 potest.

368 2525 509 2581 VIII.
547 2526 698 2582 Nunc
725 2543 886 2596 porro
914 2536 1174 2596 superest,
1207 2534 1265 2580 ut
1297 2535 1320 2562 α
1360 2525 1614 2593 quoniam
1642 2522 1886 2578 Christus

297 2618 466 2672 homo
493 2634 650 2672 vet-us
679 2628 734 2672 et
762 2619 900 2672 Deus
927 2633 1103 2681 verus,
1129 2632 1196 2672 ex
1224 2616 1422 2686 duplici
1451 2617 1748 2670 substantia
1778 2630 1883 2668 una

300 2725 552 2778 persona,
585 2719 640 2763 et
665 2710 805 2764 Deus
831 2710 993 2764 homo
1022 2717 1076 2762 et
1104 2709 1265 2762 homo
1293 2707 1433 2762 Deus
1462 2715 1570 2771 est;
1597 2707 1735 2761 idem
1765 2707 1882 2775 glo-

297 2804 389 2856 ria:
418 2801 703 2865 Dominus,
734 2812 788 2855 et
821 2816 927 2854 non
955 2800 1025 2854 sit
1051 2796 1334 2854 cruciﬁxus
1355 2815 1452 2868 pro
1474 2798 1764 2852 inviolabili
1796 2799 1885 2851 Di-

286 2893 546 2953 Vinitate,
571 2899 626 2946 et
653 2890 934 2947 cruciﬁxus
961 2890 1032 2944 sit
1062 2890 1115 2944 in
1143 2890 1360 2945 homine
1399 2905 1498 2959 pro
1528 2889 1732 2943 unitate
1757 2905 1881 2958 per-

297 2997 468 3034 some.
502 2979 684 3050 Itaque
721 2982 860 3034 miro
889 2993 1049 3049 atque
1067 2980 1390 3047 incogitabili
1410 2979 1572 3034 modo
1595 2996 1780 3050 passus
1803 2987 1884 3034 est

299 3073 466 3126 homo
512 3073 670 3134 Deus,
703 3081 758 3126 et
785 3089 892 3126 non
923 3081 1004 3126 est
1031 3087 1187 3141 passa
1218 3071 1496 3125 Divinitas.
1527 3070 1702 3126 Cerne
1741 3088 1883 3127 nunc

299 3167 485 3233 igitur,
519 3166 571 3219 in
597 3165 648 3220 id
673 3174 879 3220 tantum
908 3174 1073 3220 temet
1101 3166 1344 3236 Apostoli
1376 3167 1740 3221 testimonium
1770 3167 1884 3220 vin-

296 3261 530 3323 dicasse,
566 3275 673 3313 non
703 3267 761 3313 ut
782 3275 848 3313 ex
877 3259 1066 3314 eodem
1093 3260 1258 3314 robur
1279 3259 1543 3313 sententia
1573 3266 1662 3312 tua
1693 3273 1882 3326 capes-

294 3363 462 3414 seret,
490 3349 583 3403 sed
607 3358 666 3402 nt
685 3365 837 3404 same
857 3350 1136 3404 sententiae
1165 3349 1400 3419 pravitas
1429 3363 1534 3402 non
1566 3348 1776 3402 lateret.
1803 3347 1884 3402 Tu

295 3440 508 3493 scilicet
535 3439 681 3492 velut
708 3440 998 3508 stipulante
1027 3439 1123 3493 tibi
1153 3453 1251 3508 per
1279 3437 1592 3507 Apostolum
1633 3437 1880 3499 veritate,

296 3530 431 3583 afﬁci
456 3530 801 3584 Divinitatem
829 3531 990 3595 dicis;
1023 3529 1115 3584 sed
1135 3529 1423 3600 Apostolus
1449 3528 1751 3598 cruciﬁxum
1773 3527 1886 3599 glo-

295 3623 388 3673 ria:
418 3619 708 3674 Dominum
739 3622 792 3676 in
821 3636 885 3676 ea
913 3622 994 3676 sui
1025 3630 1177 3692 parte
1205 3621 1350 3690 cogit
1379 3621 1622 3689 intelligi,
1647 3637 1752 3691 qua
1781 3637 1883 3690 po-

295 3711 396 3762 tuit
416 3709 681 3777 cruciﬁgi.
708 3709 828 3764 Tibi
868 3711 1047 3779 igitur,
1073 3711 1167 3765 tibi
1189 3709 1479 3765 admodum
1499 3711 1600 3765 soli
1625 3711 1739 3765 hazc
1760 3711 1886 3765 reli-

293 3806 377 3850 cta
409 3800 683 3852 sententia
714 3811 812 3861 est,
861 3808 920 3854 ut
965 3799 1350 3854 intemerabilis
1379 3806 1540 3868 atque
1569 3799 1886 3854 intestimata

294 3888 563 3942 Divittitas
627 3888 848 3957 ﬂagellis
902 3904 1074 3954 caesa,
1136 3889 1303 3944 clavis
1363 3888 1638 3956 transfixa,
1698 3889 1884 3944 lancea

295 3983 612 4046 transftissa,
645 3983 921 4038 doloribus
949 3983 1162 4048 aﬁecta,
1210 3989 1385 4037 morte
1431 3990 1747 4052 consumpta
1779 3983 1882 4048 sit;

294 4076 417 4142 quia
451 4074 510 4126 in
535 4090 640 4127 uno
669 4075 858 4130 eodem
881 4073 1096 4130 Christo
1125 4075 1150 4113 δ
1179 4074 1326 4130 credi
1345 4074 1524 4128 renuit
1544 4073 1689 4128 aliud
1709 4074 1887 4129 subdi-

294 4171 407 4216 tum
461 4164 645 4228 morti,
691 4163 833 4218 aliud
884 4165 1141 4235 passioni.
1191 4163 1300 4219 Sed
1344 4172 1623 4234 premente
1661 4163 1886 4218 veritate

295 4257 458 4310 verba
511 4266 841 4322 commutas,
896 4257 1167 4325 inquiens,
1219 4257 1361 4326 quod
1417 4256 1611 4325 quibus
1659 4254 1886 4310 afﬁcitur

291 4355 478 4400 creata
505 4345 824 4409 substantia,
852 4347 1274 4401 substantialitcr
1294 4346 1346 4400 in
1377 4346 1490 4401 Deo
1517 4346 1643 4412 sint,
1677 4361 1781 4400 non
1805 4362 1888 4400 ac-

295 4438 638 4491 cessibiliter.
671 4437 841 4505 Perge
887 4438 964 4492 sic
1012 4437 1224 4502 dicere;
1272 4452 1379 4491 non
1426 4437 1479 4489 in
1516 4443 1571 4490 te
1611 4444 1884 4506 respergat

1983 536 2115 589 nihil
2140 539 2390 593 senserit.
2416 539 2586 595 Porro
2616 549 2672 595 tu
2693 541 2846 610 dicis,
2870 545 3012 612 quod
3035 546 3176 600 Deus
3205 561 3313 600 non
3341 543 3572 599 afﬁcitur

1982 626 2342 694 passibiliter;
2376 643 2506 698 ergo
2535 629 2768 686 afﬁcitur
2797 649 2904 687 non
2930 635 3254 703 passibiliter
3282 653 3294 688 :
3327 635 3469 703 quod
3493 636 3568 689 ita

1983 726 2065 770 est
2091 733 2154 772 ac
2181 719 2224 773 si
2251 720 2516 789 quispiam
2561 724 2707 778 dicat
2739 741 2752 776 :
2789 722 2905 779 Stat
2935 726 3036 784 iste
3084 741 3325 792 currens,
3368 726 3571 780 dormit

1982 807 2074 862 ille
2103 809 2326 876 vigilans
2351 829 2362 863 :
2383 812 2526 878 quod
2555 813 2739 881 utique
2762 829 2868 867 non
2890 816 3018 869 sinit
3045 817 3437 871 contrariorum
3459 817 3570 872 dis-

1982 899 2277 967 crepantia.
2310 899 2446 965 Quid
2475 902 2635 970 igitur
2664 902 2878 972 proﬁcit
2912 905 3058 973 quod
3092 906 3310 974 adjicis,
3340 907 3567 976 passibi-

1983 990 2116 1053 liter,
2151 1007 2272 1046 cum
2313 993 2418 1048 dici
2461 995 2740 1050 verissime
2777 997 3191 1066 plenissimeque
3226 999 3413 1067 possit,
3459 1000 3566 1055 non

1982 1082 2201 1151 a/ﬁcitur
2230 1081 2401 1137 Deus?
2429 1083 2545 1138 Non
2575 1093 2722 1140 caret
2751 1102 2902 1141 naevo
2926 1088 3244 1156 suspicionis
3265 1088 3445 1157 biceps
3465 1089 3566 1146 ista

1982 1173 2304 1242 prolocutio.
2337 1174 2503 1229 Deum
2535 1192 2642 1230 non
2682 1178 2817 1233 dicis
2857 1179 2991 1248 pati,
3023 1194 3182 1248 quem
3219 1179 3352 1234 dicis
3400 1179 3563 1235 afﬁci.

1982 1262 2208 1318 Alfectio
2224 1272 2279 1318 et
2295 1266 2476 1333 passio
2500 1282 2662 1320 unum
2683 1268 2932 1336 idemque
2948 1267 3228 1336 signiﬁcat.
3246 1270 3351 1324 Aut
3367 1280 3569 1326 utrum-

1981 1366 2085 1418 que
2131 1354 2429 1419 sustuleris,
2473 1365 2568 1410 aut
2605 1357 2659 1410 in
2707 1358 2880 1413 altero
2927 1369 3215 1428 utrumque
3243 1361 3562 1416 servaveris.

1981 1439 2097 1495 Non
2138 1443 2298 1510 igitur
2332 1445 2613 1500 dicendum
2651 1456 2753 1512 est,
2801 1448 2918 1503 Non
2967 1449 3199 1505 afﬁcitur
3244 1453 3567 1522 passibiliter

1982 1529 2143 1595 Deus,
2171 1532 2283 1596 sed,
2313 1531 2437 1586 Non
2485 1537 2706 1604 aﬂicitur
2734 1536 2893 1592 Deus.
2926 1537 2981 1593 Si
3028 1556 3136 1595 non
3183 1540 3430 1606 allieitur,
3457 1559 3566 1600 non

1980 1627 2148 1680 sensit
2193 1629 2573 1696 compatientis
2620 1630 2833 1687 affectu.
2877 1631 2935 1688 Si
2981 1635 3151 1690 sensit
3193 1637 3568 1705 compatientis

1983 1715 2196 1777 affectu,
2228 1727 2624 1786 consequenter
2653 1720 2899 1776 afﬁcitur.

2233 1764 2614 1786 --_---.__-..-c.
2653 1764 2899 1776 -...-.-....

1911 1764 1959 1824 Β
2053 1804 2142 1857 ix.
2186 1805 2284 1859 Aio
2313 1820 2432 1874 ego,
2460 1808 2629 1862 Nullis
2658 1810 2888 1866 afﬁcitur
2909 1813 3088 1868 divina
3116 1815 3452 1882 substantia;
3485 1816 3566 1869 in-

1982 1893 2103 1961 quis
2140 1903 2215 1960 tu,
2260 1895 2402 1950 Deus
2443 1914 2550 1953 non
2589 1899 2840 1954 afﬁcitur.
2887 1902 3195 1960 Redeamus
3232 1907 3283 1959 in
3319 1907 3564 1974 gratiam.

1984 1982 2365 2041 Pessumdetur
2394 2003 2424 2042 e
2452 1990 2649 2056 medio,
2680 1992 2771 2062 qui
2802 2000 2852 2047 te
2876 1991 3119 2049 fortassis
3140 1996 3402 2064 ignarum,
3426 1994 3568 2065 quod

1988 2083 2136 2128 certe
2166 2084 2334 2144 patet,
2368 2086 2460 2131 aut
2490 2079 2762 2135 incautum
2793 2085 3053 2152 respergit
3082 2084 3318 2140 infamia.
3342 2087 3449 2143 Sed
3480 2102 3567 2142 sus

1983 2165 2287 2234 peradjicis,
2321 2175 2377 2221 et
2401 2168 2716 2236 Apostolum
2743 2171 2946 2227 dixisse
2978 2176 3293 2242 pronuntias
3320 2175 3387 2230 de
3416 2175 3566 2230 Chri-

1983 2264 2072 2310 sto
2093 2256 2203 2325 jam
2247 2257 2301 2310 in
2334 2259 2484 2313 cmlis
2511 2261 2690 2328 posito
2724 2279 2736 2313 :
2782 2261 3045 2317 Habemus
3074 2266 3226 2318 tatem
3252 2267 3566 2336 pontiﬁcem,

1985 2349 2072 2417 qui
2101 2349 2262 2416 possit
2282 2351 2503 2418 compati
2524 2351 2917 2421 inﬁrmitatibus
2937 2355 3127 2408 nostris
3149 2352 3334 2424 (Hebr.
3358 2370 3428 2420 tv,
3455 2354 3565 2426 l5).

1985 2436 2052 2490 [ﬁt
2073 2445 2326 2506 tanquam
2347 2439 2477 2493 nihil
2500 2440 2586 2496 hic
2606 2441 2675 2495 sit
2696 2444 3131 2512 pertractandum
3158 2444 3575 2498 discutiendum-

1985 2541 2110 2594 que,
2135 2528 2459 2584 satisfecisse
2488 2537 2542 2584 te
2564 2532 2842 2601 proposito
2869 2533 3132 2602 gloriaris,
3157 2535 3476 2590 transiturus
3501 2535 3566 2590 ad

1987 2617 2203 2672 tertiam
2239 2620 2611 2687 quaestionem.
2644 2622 2828 2691 Igitur,
2854 2631 2913 2678 ut
2938 2639 3100 2693 quam
3124 2626 3432 2680 brevissime
3460 2640 3568 2682 res-

1985 2721 2214 2775 ponsura
2241 2705 2492 2771 referam,
2516 2708 2765 2782 Pontifex
2794 2712 2903 2776 ille,
2934 2713 3117 2779 credo,
3149 2722 3232 2768 est
3257 2715 3346 2782 qui
3373 2715 3566 2783 princis

1984 2796 2178 2864 paliter
2205 2797 2348 2866 apud
2396 2798 2730 2855 divinitatem
2774 2816 2997 2856 summa:
3026 2802 3302 2858 Trinitatis
3343 2804 3563 2859 humani

1984 2889 2196 2956 generis
2223 2890 2404 2944 oblata
2451 2890 2734 2959 sacrificat,
2766 2903 2987 2962 peccata
3016 2896 3218 2965 expiat,
3265 2903 3388 2950 vota
3417 2911 3566 2950 com~

1984 2980 2220 3034 mendat.
2253 2980 2374 3050 Ipse
2400 2995 2529 3050 ergo
2559 2999 2719 3038 verus
2754 2985 3006 3040 sacerdos
3037 2994 3150 3051 est;
3182 2987 3306 3056 quia
3330 2988 3376 3041 si
3402 2986 3568 3043 Filius

1987 3069 2100 3134 Dei,
2134 3072 2425 3126 secundum
2455 3073 2508 3126 id
2552 3075 2696 3144 quod
2724 3077 2945 3144 aequalis
2993 3084 3075 3130 est
3110 3075 3277 3140 Patri,
3310 3094 3417 3132 non
3459 3085 3568 3135 tam

1988 3175 2173 3228 preces
2198 3159 2390 3224 fundit,
2413 3177 2573 3231 quam
2603 3173 2888 3234 precantes
2927 3167 3179 3221 exaudit:
3205 3169 3368 3223 homo
3389 3170 3569 3238 potius

1983 3250 2070 3305 hic
2097 3250 2474 3319 intelligendus
2501 3262 2603 3319 est,
2644 3271 2807 3325 quem
2835 3257 3141 3327 pontiﬁcem
3175 3260 3464 3330 Apostolus
3489 3261 3570 3315 di~

1982 3357 2128 3405 cens,
2160 3343 2463 3411 nostrisque
2492 3343 2892 3401 inﬁrmitatibus
2933 3349 3168 3417 compati
3194 3352 3567 3419 pronuntians,

1982 3433 2050 3488 de
2071 3433 2187 3502 ipso
2207 3433 2390 3488 itidem
2414 3433 2576 3488 dicit:
2605 3445 2625 3472 ο
2651 3433 2803 3489 Jesus
2832 3435 3083 3501 Christus,
3108 3440 3195 3508 qui
3214 3447 3442 3493 mortuus
3470 3449 3572 3507 est,

1981 3527 2138 3582 immo
2176 3525 2330 3578 etiam
2358 3525 2442 3596 qui
2471 3533 2520 3578 et
2548 3526 2853 3591 resurrexit,
2885 3528 2971 3597 qui
3009 3536 3085 3580 est
3123 3528 3176 3580 in
3205 3527 3420 3580 dextera
3448 3527 3572 3593 Dei,

1983 3617 2068 3686 qui
2089 3617 2245 3670 etiam
2274 3615 2570 3686 interpellat
2598 3633 2691 3687 pro
2712 3615 2862 3670 nobis
2893 3617 3068 3689 (Rom.
3095 3635 3202 3683 vm,
3231 3618 3342 3688 54).
3373 3617 3467 3672 llle
3493 3635 3570 3673 er.

1984 3719 2052 3773 go
2074 3705 2315 3775 pontifex
2342 3707 2668 3777 compatitur
2713 3708 2885 3771 nobis,
2918 3709 3008 3777 qui
3041 3716 3094 3762 et
3123 3709 3428 3778 interpellat
3473 3726 3569 3779 pro

1986 3797 2158 3850 nobis.
2183 3795 2276 3850 Ille
2304 3812 2435 3851 vero
2455 3797 2545 3865 qui
2568 3797 2932 3867 interpellanti
2963 3799 3171 3868 annuit,
3203 3798 3314 3868 ipsa
3337 3798 3573 3854 Trinitas

1986 3901 2093 3940 non
2123 3886 2347 3941 haberet
2374 3887 2559 3956 utique
2587 3901 2750 3955 quem
2777 3887 2878 3941 sibi
2922 3887 3263 3957 interpellare
3309 3904 3565 3943 necessa-

1984 3977 2123 4032 rium
2148 3975 2304 4041 foret,
2335 3977 2381 4030 si
2410 3978 2522 4046 pati
2552 3985 2644 4031 aut
2668 3976 2808 4031 afﬁci
2837 3978 3104 4032 ullatenus
3149 3979 3336 4048 possit.
3369 3977 3566 4033 Iamne

1985 4069 2257 4136 intelligis,
2288 4067 2568 4123 adversum
2599 4069 2780 4139 potius
2823 4070 3065 4123 veritatis
3105 4069 3469 4123 testimonium
3511 4070 3568 4123 iu

1942 4209 1953 4217 .
1986 4160 2340 4230 patrocinium
2361 4159 2608 4214 falsitatis
2629 4161 2863 4215 assumi?
2883 4161 3147 4226 Quoniam
3169 4161 3214 4214 si
3237 4160 3362 4229 quid
3387 4161 3568 4230 lmjus~

1987 4250 2151 4315 modi,
2175 4252 2312 4304 sicut
2339 4265 2496 4320 supra
2524 4249 2774 4317 diximus,
2806 4251 2859 4305 in
2881 4251 3075 4305 divinis
3103 4251 3460 4306 voluminibus
3490 4253 3570 4305 in~

1986 4340 2219 4404 venitur,
2261 4339 2328 4393 ad
2365 4339 2624 4394 unitatem
2654 4355 2896 4410 personae
2924 4341 3261 4395 referendum
3298 4348 3398 4395 est.
3433 4341 3572 4407 Quia

1987 4430 2125 4499 sicut
2153 4431 2326 4483 anima
2357 4437 2412 4483 et
2449 4444 2644 4499 corpus
2673 4445 2741 4484 ex
2768 4430 2982 4486 diversa
3005 4430 3300 4485 substantia
3323 4445 3460 4484 unus
3489 4439 3573 4486 est

292 4530 666 4584 sinceritatem
720 4529 962 4584 veritatis
1022 4528 1325 4598 ignorantia
1349 4567 1366 4593 ,
1429 4527 1775 4598 prresumptio
1831 4537 1883 4581 et
1914 4495 1964 4556 θ
1989 4514 2170 4586 homo,
2201 4523 2272 4574 ita
2307 4522 2443 4575 Deus
2472 4531 2526 4576 et
2555 4523 2716 4576 homo
2761 4537 2828 4578 ex
2869 4523 3080 4578 diversa
3110 4522 3408 4576 substantia
3431 4535 3571 4576 unus

294 4620 660 4674 mendacium.
692 4619 994 4675 Humanum
1023 4627 1107 4674 est
1146 4632 1341 4687 nempe
1370 4617 1682 4686 delinquere
1726 4635 1737 4670 :
1782 4619 1883 4672 hu-

294 4725 520 4764 manum
550 4718 634 4764 est
659 4725 758 4779 pro
793 4709 989 4764 delicto
1015 4708 1301 4778 poenitere.
1333 4705 1504 4762 Nemo
1533 4707 1881 4776 periculosius

292 4804 625 4872 peccaverit,
652 4819 813 4873 quam
852 4804 946 4872 qui
984 4811 1206 4874 peccata
1232 4801 1486 4858 defendit.
1518 4803 1757 4871 Namque
1787 4803 1887 4856 im-

293 4893 642 4960 passibilem,
697 4893 937 4962 nullique
982 4893 1196 4947 atlectui
1236 4892 1603 4961 subjacentem
1662 4907 1885 4946 summae

293 4979 608 5036 Divinitatis
648 4983 961 5048 essentiam,
990 4991 1050 5037 ut
1085 4989 1201 5036 tute
1242 4982 1581 5052 pronuntias,
1613 4997 1732 5036 cum
1762 4981 1884 5050 phi-

293 5071 542 5141 losophis
594 5089 704 5128 non
749 5089 989 5129 recusas.
1048 5071 1282 5128 Proinde
1328 5073 1638 5128 intestinum
1685 5074 1886 5128 bellum

294 5167 438 5232 pelle
467 5167 536 5219 ab
564 5167 764 5221 animo.
790 5165 1012 5222 Certum
1044 5167 1138 5221 tibi
1158 5166 1229 5221 sit
1258 5167 1541 5220 veritatem
1565 5163 1718 5230 falso,
1749 5165 1887 5219 sicut

293 5257 587 5310 essentiam
629 5257 820 5323 nihilo,
871 5257 1283 5326 haudquaquam
1330 5271 1493 5326 posse
1540 5255 1772 5310 misceri.
1804 5253 1886 5308 Tu

294 5356 478 5400 autem
516 5348 647 5402 dicis
673 5347 833 5414 allici,
869 5364 1034 5418 quem
1063 5362 1228 5416 negas
1270 5348 1401 5418 pati.
1433 5345 1490 5401 Si
1519 5347 1661 5402 enim
1692 5343 1885 5400 all‘ectu

298 5454 406 5490 non
439 5449 606 5504 caret,
630 5440 1075 5510 impassibilitatis
1109 5440 1172 5495 de
1201 5439 1393 5495 eodem
1423 5439 1580 5493 fallax
1623 5439 1887 5510 professio

299 5536 380 5580 est
414 5545 427 5578 :
462 5527 702 5582 Alterum
742 5529 901 5583 alteri
945 5529 1230 5586 immodice
1270 5529 1549 5600 impugnat
1593 5547 1606 5582 :
1649 5528 1743 5598 qui
1789 5528 1884 5594 ait,

371 5649 393 5673 ⁸
425 5639 510 5690 ΔΙ.
541 5641 988 5709 quemadmodum.

373 5710 396 5745 ιδ
431 5709 516 5762 ΔΙ.
549 5711 876 5770 crederem“

1988 4620 2072 4668 est
2117 4611 2379 4667 Christus.
2415 4613 2492 4667 Ac
2520 4630 2618 4682 per
2645 4614 2747 4669 hoc
2791 4630 2913 4669 cum
2941 4615 3010 4668 sit
3059 4629 3196 4668 unus
3241 4629 3308 4668 ex
3355 4613 3569 4668 diversa

1987 4705 2306 4769 substantia,
2340 4705 2454 4774 ipse
2497 4719 2553 4758 se
2581 4705 2975 4774 quodammodo
3004 4705 3164 4774 petit;
3209 4705 3322 4775 ipse
3349 4719 3407 4759 se
3435 4720 3571 4774 quo~

1986 4795 2274 4849 dammodo
2321 4811 2418 4863 pro
2468 4795 2620 4848 nobis
2666 4794 2904 4850 exaudit.
2952 4794 3236 4849 lnnumera
3283 4802 3407 4850 sunt
3451 4809 3571 4864 qum

1988 4901 2150 4955 super
2177 4886 2279 4939 hoc
2307 4885 2408 4939 dici
2440 4885 2890 4953 promptissimum
2922 4885 3008 4940 sit.
3041 4884 3146 4940 Sed
3175 4887 3429 4956 quoniam
3460 4903 3568 4942 non

1988 4977 2258 5045 impendio
2294 4975 2593 5030 emolienda
2619 4985 2763 5040 sunt,
2805 4991 2924 5045 (ποτε
2965 4993 3061 5046 per
3086 4992 3146 5032 se
3174 4978 3486 5046 labascunt,
3517 4981 3572 5035 in

1989 5067 2390 5138 praesentiarum
2419 5066 2485 5119 de
2514 5066 2599 5119 his
2630 5066 2729 5120 ista
2751 5066 3039 5123 sufﬁciant.

2610 5201 2838 5258 CAPUT
2877 5203 2965 5258 IV.

2413 5317 2494 5370 De
2530 5319 2717 5372 anima:
2739 5319 2977 5373 humana
3006 5329 3160 5372 statu.

2064 5429 2248 5485 Status
2294 5444 2438 5484 nunc
2483 5431 2672 5484 anima:
2723 5431 3008 5494 humanas,
3062 5431 3165 5485 hoc
3187 5439 3301 5491 est.
3335 5431 3574 5498 imaginis

1995 5523 2189 5579 divina:
2231 5531 2456 5575 vocatur
2503 5522 2554 5574 in
2597 5522 2836 5577 dubium.
2898 5521 3021 5577 llmc
3067 5534 3262 5590 nempe
3305 5531 3388 5576 cst
3417 5531 3574 5576 tertia

2077 5647 2099 5678 ο
2140 5635 2264 5692 Haec
2293 5637 2361 5691 al.
2394 5637 2666 5692 omittunt.
