3946 6182
411 265 513 320 707

1681 255 1990 311 MAMEKTI
2031 252 2392 308 CLAUDIAM

3567 260 3654 316 'ilill

415 382 501 437 illa
532 380 776 448 qumstio,
809 394 909 447 qua
945 379 1043 433 iste
1074 378 1411 432 necessarius
1439 390 1589 430 incus
1617 370 2000 429 discernenda-
2032 372 2076 429 Α
2108 366 2316 434 potenti
2360 366 2503 420 bono
2544 366 2633 434 qui
2667 366 2791 421 fecit
2835 369 3012 423 omnia
3051 369 3192 425 bona
3214 371 3366 426 valde
3394 370 3533 442 (Gen.
3560 390 3655 442 wn,

415 486 532 524 rum
562 477 872 523 naturarum
900 483 1087 522 causas
1116 468 1419 535 ingressus,
1451 464 1698 534 spiritum
1728 463 1849 516 vita:
1877 476 2001 515 cor-

416 576 514 629 pus
543 575 662 616 esse
707 558 1054 628 pronuntiat:
1087 565 1332 611 astruens
1369 570 1431 610 se
1472 567 1636 624 super
1674 551 1777 606 hoc
1806 548 2002 621 praeiu-

413 655 603 708 dicataa
667 650 1000 706 auctoritatis
1048 648 1269 704 Patrum
1332 648 1466 704 scita
1529 644 1805 717 proferre;
1863 656 2002 711 quos

409 742 624 810 quidem
654 756 762 795 non
790 747 902 794 tam
931 737 1134 808 aliquid
1163 738 1264 793 sibi
1306 743 1563 807 perceptu
1595 733 1790 788 mentis
1816 729 2000 799 cogni-

409 843 522 886 tum
550 829 839 897 definisse,
888 845 1051 899 quam
1094 828 1337 898 quaedam
1384 826 1633 896 opinatos
1661 822 1826 877 fuisse
1852 835 1998 876 com-

408 931 692 977 memorat.
734 920 802 974 Et
837 921 961 989 quia
991 920 1140 990 ipse,
1170 925 1432 989 quantum
1458 916 1718 986 loquitur,
1751 928 1860 967 non
1888 918 1998 965 tam

408 1013 647 1082 probata:
677 1013 869 1068 rationi
917 1019 1011 1066 aut
1058 1010 1391 1065 intemerata:
1419 1006 1754 1072 auctoritati,
1786 1002 1882 1059 sed
1906 1003 2001 1057 hu-

410 1117 579 1156 mana:
626 1102 794 1170 magis
845 1101 1086 1171 Opinioni
1133 1098 1431 1165 concessit;
1480 1096 1531 1151 id
1561 1096 1803 1165 impenso
1832 1106 1997 1163 opere

407 1192 614 1259 nititur,
656 1201 714 1246 ut
741 1199 919 1261 spreta
950 1192 1274 1246 auctoritate
1314 1189 1523 1252 divina,
1556 1187 1754 1242 omissa
1782 1196 1997 1253 quoque

407 1284 614 1338 ratione
661 1284 974 1353 perspicua,
1023 1283 1252 1348 clausis,
1284 1290 1344 1337 ut
1371 1282 1552 1347 aiunt,
1576 1279 1755 1335 ‘oculis
1783 1277 1997 1332 sibimet

405 1375 778 1429 assentiamur.
845 1373 914 1427 At
947 1374 1253 1443 quicunque
1281 1373 1350 1428 de
1381 1371 1495 1428 Deo
1523 1371 1791 1427 veraciter
1816 1384 1880 1424 ac
1906 1368 1996 1439 pie

404 1473 729 1528 senserunt,
780 1465 913 1519 nihil
966 1465 1033 1519 ab
1081 1480 1148 1520 eo
1195 1481 1304 1519 non
1351 1469 1589 1519 creatum
1636 1460 1780 1531 quod
1820 1458 1996 1515 creari

403 1557 741 1625 oportuerit,
791 1565 1187 1626 consequenter
1245 1556 1568 1626 intelligunt.
1626 1554 1801 1609 Causa
1850 1554 1992 1608 enim

404 1646 754 1701 creandarum
784 1663 963 1702 rerum
993 1647 1208 1702 bonitas
1237 1646 1497 1702 creatoris
1525 1654 1626 1701 est.
1673 1644 1774 1711 Qui
1804 1657 1992 1698 creare

2105 453 2216 522 54),
2249 453 2634 524 perfectionem
2671 455 3018 525 plenitudinis
3048 474 3227 514 rerum
3256 461 3341 516 vel
3373 461 3425 516 in
3453 463 3661 521 minimis

2106 552 2348 601 truncam
2388 544 2603 612 facere,
2653 564 2761 603 non
2806 548 2980 604 dicam
3021 552 3301 622 potissima
3345 570 3453 609 non
3480 571 3657 613 creare.

2099 636 2207 691 Sed
2234 635 2477 692 fortassis
2515 646 2803 703 astruatur,
2845 649 2937 695 aut
2983 658 3352 714 incorpoream
3382 655 3660 703 creaturam

2083 738 2105 765 δ
2126 727 2326 780 bonum
2339 741 2445 780 non
2458 738 2697 793 esse,aut
2718 730 2917 786 bonum
2940 735 3109 788 creari
3133 751 3237 790 non
3256 740 3567 807 oportuisse,
3585 749 3663 794 aut

2099 818 2243 889 quod
2291 812 2591 889 oportuerit
2638 820 2757 877 fieri
2787 827 3110 895 nequivisse.
3153 830 3259 884 Sed
3297 846 3552 889 summum
3580 835 3664 889 bo-

2100 925 2227 964 num
2257 910 2607 981 incorporeus
2634 924 2852 970 creator
2879 926 2988 983 est;
3020 934 3272 988 magnum
3295 923 3491 979 bonum
3514 926 3667 980 incor-

2100 1016 2265 1071 porea
2295 1010 2559 1058 creatura.
2598 1003 2848 1075 Oportuit
2877 1008 3039 1076 igitur
3085 1026 3116 1064 a
3159 1027 3369 1068 summo
3397 1014 3535 1069 bono
3564 1014 3663 1070 fieri

2099 1107 2350 1163 magnum
2381 1094 2602 1149 bonum.
2641 1094 2710 1149 Et
2736 1098 2910 1167 potuit
2944 1100 3289 1172 omnipotens
3312 1104 3506 1171 facere,
3537 1109 3663 1177 quod

2098 1184 2283 1239 debuit
2335 1186 2507 1241 bonus
2539 1188 2693 1242 velle.
2736 1188 2952 1245 Creavit
2979 1206 3109 1261 ergo
3141 1194 3513 1265 incorpoream
3550 1198 3664 1251 sub-

2097 1276 2367 1341 stantiam,
2400 1278 2492 1345 qui
2535 1294 2643 1331 non
2670 1277 2849 1335 facere
2887 1297 2994 1336 non
3040 1284 3245 1352 potuit,
3277 1285 3419 1354 quod
3451 1285 3561 1340 ﬁeri
3585 1287 3666 1343 de-

2097 1366 2233 1421 buit.
2274 1367 2386 1422 Nisi
2418 1367 2555 1423 forte
2582 1368 2793 1424 dicatur
2820 1370 3023 1441 aliquid
3051 1371 3078 1411 δ
3109 1373 3357 1431 debuisse
3379 1376 3514 1442 ﬁeri,
3536 1377 3663 1446 quod

2097 1456 2187 1511 ille
2217 1473 2324 1512 non
2354 1456 2558 1514 fecerit.
2620 1458 2970 1530 Consequens
2999 1477 3126 1534 ergo
3155 1466 3276 1531 erit,
3304 1467 3506 1537 aliquid
3534 1469 3663 1523 illum

2095 1545 2305 1613 fecisse,
2336 1548 2482 1619 quod
2502 1564 2609 1603 non
2638 1550 2905 1606 debuerit.
2940 1594 2945 1599 .

2164 1638 2229 1692 ll.
2270 1637 2376 1695 Sed
2413 1639 2558 1696 dices
2586 1643 2754 1696 mihi:
2787 1643 2845 1698 Si
2873 1624 3075 1715 aliquid
3102 1646 3483 1718 incorporeum
3526 1665 3664 1707 crea-

408 1745 601 1805 potens
630 1739 878 1793 universa
905 1753 1025 1807 quae
1046 1739 1192 1803 velit,
1225 1738 1357 1792 nihil
1380 1737 1637 1793 bonitatis
1666 1735 1996 1791 exercuisset
2026 1729 2068 1786 Β
2099 1737 2213 1784 tum
2261 1738 2362 1795 est,
2403 1732 2702 1803 :equiparat
2744 1749 2873 1804 ergo
2921 1745 3242 1792 creatorem.
3289 1738 3367 1794 De
3396 1756 3527 1796 vero
3578 1742 3665 1795 tim

404 1827 448 1881 si
498 1828 629 1882 nihil
675 1839 956 1883 creasset:
1000 1829 1076 1883 ita
1138 1828 1434 1898 semiplena
1489 1827 1819 1895 benignitate
1863 1840 1991 1880 usus

408 1926 588 1984 esset,
645 1920 690 1974 si
737 1918 1093 1989 semiplenam
1147 1919 1345 1988 aliquid
1390 1918 1733 1974 condidisset.
1799 1916 1989 1971 Mirum

405 2016 583 2063 autem
608 2008 821 2063 videtur
852 2010 1228 2079 supplemento
1257 2025 1439 2065 rerum
1468 2007 1653 2064 defore
1681 2006 1879 2077 aliquid
1898 2047 1912 2071 ,
1944 2006 1989 2060 si

404 2113 538 2154 rosa:
558 2096 810 2154 flosculus
837 2115 945 2155 non
974 2100 1262 2165 existeret,
1306 2107 1362 2155 et
1389 2114 1496 2153 non
1524 2096 1711 2155 defore
1738 2098 1783 2152 si
1813 2097 1991 2152 incor—

403 2204 566 2259 porea
595 2191 895 2246 substantia
936 2207 1043 2247 non
1072 2198 1216 2247 esset
1244 2201 1446 2247 creata.
1489 2191 1567 2245 Ne
1596 2204 1725 2258 ergo
1753 2205 1860 2245 non
1890 2189 1991 2243 mi-

405 2282 604 2336 nimum
632 2281 852 2352 aliquid,
884 2282 978 2338 sed
996 2283 1080 2338 vel
1108 2283 1445 2353 potissimum
1467 2298 1575 2337 non
1604 2280 1813 2336 deferet
1839 2295 1991 2335 erea-

403 2378 536 2425 turre
581 2371 935 2441 plenitudini,
985 2372 1173 2428 debuit
1220 2374 1538 2443 incorporea
1589 2386 1806 2441 quoque
1855 2370 1988 2425 sub-

403 2463 600 2519 stantia
625 2465 817 2519 creari.
861 2463 967 2520 Sed
995 2465 1062 2519 ad
1090 2466 1353 2521 creatoris
1381 2464 1520 2520 forte
1548 2464 1814 2519 referatur
1844 2463 1989 2532 inju-

404 2555 559 2621 riam,
589 2556 634 2609 si
660 2556 1036 2626 incorporeum
1062 2557 1263 2627 aliquid
1290 2572 1354 2612 ac
1374 2556 1475 2611 sibi
1495 2556 1668 2611 simile
1688 2554 1990 2611 condidisse

405 2644 641 2711 dicatur;
684 2646 808 2715 quia
848 2646 1023 2701 simile
1061 2648 1173 2703 Deo
1202 2648 1333 2702 nihil
1360 2647 1630 2701 invenitur
1657 2646 1711 2700 in
1739 2661 1986 2715 corpore.

405 2733 515 2789 Sed
558 2735 625 2789 ab
671 2735 789 2804 ipso
836 2735 946 2791 Deo
986 2736 1278 2791 similitudo
1323 2734 1419 2790 Dei
1459 2735 1635 2789 anima
1663 2734 1859 2789 dicitur
1885 2734 1989 2788 hu-

410 2838 567 2878 mana
599 2842 612 2853 -
644 2825 699 2879 in
726 2839 955 2895 corpore
983 2834 1162 2880 autem
1190 2827 1332 2881 nulla
1356 2842 1477 2882 esse
1496 2833 1676 2895 potest
1700 2824 1990 2880 similitudo

410 2914 610 2968 divina.
651 2913 1033 2985 lneorporeum
1062 2930 1190 2985 ergo
1220 2917 1340 2981 erit,
1370 2917 1515 2985 quod
1545 2915 1657 2971 Deo
1686 2916 1756 2970 sit
1782 2915 1986 2981 simile;

407 3002 673 3059 humanus
718 3019 848 3059 vero
895 3005 1105 3060 animus
1147 3005 1214 3059 ad
1260 3004 1664 3061 similitudinem
1690 3003 1786 3060 Dei
1816 3004 1990 3060 factus

410 3103 524 3160 est;
556 3094 908 3165 incorporeus
937 3097 1098 3167 igitur
1124 3106 1209 3154 est
1235 3098 1445 3155 animus
1472 3099 1752 3154 humanus.

1032 3230 1262 3289 CAPUT
1299 3233 1366 3289 V.

407 3338 556 3403 Quod
582 3342 910 3418 incorporeus
939 3360 1203 3418 corporeo,
1227 3355 1276 3399 et
1303 3346 1525 3418 illocalis
1551 3344 1706 3400 loculi
1734 3345 1989 3418 dignitule

499 3414 836 3483 praponitur,
866 3414 1024 3486 deque
1051 3414 1184 3471 bono
1210 3432 1401 3488 magno
1430 3427 1480 3471 et
1510 3417 1641 3471 bono
1669 3414 1887 3471 summo.

477 3523 519 3578 Ι.
553 3522 723 3580 Omne
750 3534 929 3581 autem
958 3527 1334 3598 incorporeum
1364 3543 1629 3599 corporeo
1652 3568 1666 3592 ,
1699 3537 1755 3584 et
1780 3529 1988 3585 illocale

405 3612 561 3668 loeali
584 3653 600 3679 ,
648 3623 704 3670 et
747 3616 1032 3672 insecabile
1078 3618 1329 3683 secabili,
1360 3626 1416 3673 et
1444 3618 1628 3673 vivens
1657 3634 1763 3673 non
1792 3620 1988 3675 viventi

404 3702 457 3756 in
490 3710 694 3757 natam
742 3704 1002 3773 dignitate
1050 3707 1397 3775 prmponilur.
1459 3707 1746 3763 Enimvero
1766 3717 1988 3767 creator

404 3792 959 3861 oinnipotentissimus
1006 3795 1252 3864 idemque
1312 3796 1725 3865 benignissimus
1772 3798 1816 3853 si
1861 3800 1989 3854 sub-

404 3885 658 3939 stantiam
706 3885 852 3940 omni
900 3901 1128 3956 corpore
1172 3889 1469 3959 potiorem,
1500 3889 1709 3959 sibique
1736 3890 1985 3957 similem,

407 3992 513 4031 non
541 3977 742 4031 creavit
769 3992 928 4047 quam
956 3981 1128 4034 creari
1168 3980 1416 4037 debuisse
1439 3982 1552 4052 jam
1581 3984 1855 4050 constitit;
1895 3993 1990 4040 aut

407 4066 602 4132 noluit,
628 4075 721 4122 aut
748 4077 893 4123 certe
923 4085 1028 4125 non
1056 4072 1249 4140 potuit.
1290 4071 1346 4128 Si
1374 4074 1542 4128 voluit
1571 4082 1627 4128 et
1654 4090 1760 4129 non
1789 4075 1984 4145 potuit,

404 4160 797 4229 omnipotentia
824 4163 1014 4217 caruit.
1066 4163 1122 4218 Si
1148 4166 1322 4234 potuit
1348 4173 1404 4220 et
1430 4167 1602 4221 noluit
1632 4166 1798 4239 (quod
1824 4167 1985 4223 etiam

404 4249 642 4318 cogitatu
690 4259 774 4306 est
820 4252 1012 4324 nefas),
1046 4254 1253 4309 invidit.
1312 4255 1428 4311 Non
1478 4265 1658 4313 autem
1699 4264 1877 4327 potest
1906 4258 1989 4313 vel

404 4341 792 4411 omnipotentia
812 4357 920 4397 non
944 4359 1123 4413 posse,
1152 4345 1237 4399 vel
1263 4346 1476 4403 bonitas
1504 4347 1760 4402 invidere.
1792 4346 1990 4402 Creare

2095 1822 2241 1876 mine
2267 1861 2282 1887 ,
2313 1823 2416 1878 hoc
2437 1831 2554 1888 est,
2604 1824 2673 1879 de
2713 1825 2955 1881 hominis
2987 1828 3165 1883 anima
3211 1831 3523 1898 qurerimus.
3562 1832 3665 1886 Non

2095 1922 2175 1970 est
2220 1915 2334 1970 hate
2378 1916 2599 1985 mqualis
2635 1916 2786 1984 Deo,
2839 1918 2934 1973 sed
2980 1920 3204 1975 similis:
3250 1922 3428 1990 itaque
3471 1922 3663 1987 similis,

2096 2014 2357 2074 quantum
2403 2007 2721 2078 incorporea
2768 2008 3090 2079 incorporeo
3138 2010 3378 2078 inferior,
3419 2020 3666 2081 quantum

2092 2105 2273 2152 creata
2323 2099 2585 2182 creatori;
2628 2100 2818 2156 similis
2862 2107 3120 2170 quantum
3167 2103 3546 2158 intellectualis
3586 2103 3665 2158 lux

2093 2189 2199 2243 luci
2227 2189 2573 2258 intelligibili;
2625 2190 2897 2247 dissimilis
2936 2201 3194 2261 quantum
3234 2193 3509 2248 mutabilis
3529 2208 3667 2249 crea-

2091 2289 2211 2336 tura
2256 2282 2573 2337 immutabili
2626 2283 2859 2339 creatori
2905 2284 3195 2341 dissimilis.
3250 2283 3408 2339 Aliud
3447 2299 3668 2354 namque

2091 2382 2171 2426 est
2194 2374 2407 2437 veritas,
2440 2372 2585 2427 aliud
2614 2372 2789 2442 imago
2818 2374 3075 2429 veritatis.
3129 2374 3236 2429 Sed
3274 2374 3413 2429 sicut
3437 2375 3520 2428 rei
3546 2389 3659 2428 cor-

2090 2477 2269 2533 poreae
2297 2463 2441 2517 nulla
2470 2462 2645 2531 imago
2696 2478 2815 2518 esse
2861 2472 3055 2534 potest,
3087 2465 3186 2521 nisi
3218 2480 3441 2535 corpus;
3477 2465 3551 2520 ita
3579 2480 3666 2518 ne-

2089 2566 2357 2621 quaquam
2425 2551 2602 2621 imago
2657 2553 2962 2623 incorporei
3009 2554 3277 2609 invenitur
3322 2554 3376 2608 in
3422 2567 3661 2624 corpore.

2092 2639 2226 2693 Nam
2254 2640 2363 2694 illic
2391 2640 2481 2694 ubi
2520 2640 2588 2695 de
2635 2641 2911 2698 creatione
2957 2643 3190 2699 hominis
3216 2643 3388 2715 Moysi
3416 2643 3663 2713 loquitur,

2091 2731 2168 2786 sic
2195 2731 2307 2785 ait:
2339 2730 2410 2784 Et
2448 2732 2582 2785 dixit
2620 2730 2799 2786 Deus:
2829 2732 3109 2788 Faciamus
3153 2734 3411 2789 hominem
3450 2735 3525 2786 ad
3547 2736 3668 2788 ima-

2091 2823 2263 2892 ginem
2290 2830 2341 2876 et
2367 2822 2756 2877 similitudinem
2782 2833 3033 2879 nostram.
3078 2823 3146 2878 Et
3172 2826 3294 2897 fecit
3321 2826 3577 2880 hominem
3602 2824 3666 2877 ad

2091 2914 2370 2983 imaginem
2413 2923 2463 2967 et
2499 2914 2886 2969 similitudinem
2930 2932 3101 2970 suam.
3164 2916 3246 2968 Ad
3271 2917 3551 2987 imaginem
3576 2915 3665 2968 Dei

2094 3006 2285 3059 creavit
2312 3021 2427 3059 eum
2449 3044 2464 3070 ,
2514 2993 2798 3059 mascnlum
2843 3013 2893 3060 et
2920 3008 3166 3078 feminam
3192 3003 3346 3078 (Cen.
3378 3023 3416 3072 ι,
3446 3005 3534 3072 26,
3557 3005 3662 3075 27).

2017 3088 2063 3152 C
2094 3095 2298 3150 Divina!
2317 3096 2458 3151 istud
2486 3097 2824 3152 auctoritatis
2849 3097 3145 3162 oraculum,
3178 3112 3279 3151 nec
3304 3096 3522 3164 eloquio
3537 3094 3665 3149 eludi

2091 3194 2307 3255 potest,
2340 3188 2445 3241 nec
2492 3194 2810 3256 argumento
2860 3186 3000 3250 falli,
3035 3202 3133 3242 nec
3161 3187 3358 3241 virtute
3386 3186 3548 3251 vinci,
3578 3200 3667 3241 nec

2090 3286 2209 3334 arte
2250 3279 2448 3333 vitiari.
2503 3278 2559 3334 Si
2607 3278 2783 3348 imago
2825 3279 2920 3333 Dei
2963 3287 3046 3333 est
3091 3279 3321 3333 humana
3353 3278 3562 3343 anima,
3591 3278 3667 3330 in-

2089 3370 2343 3440 corporei
2388 3369 2640 3425 videlicet
2688 3371 2864 3439 imago
2893 3379 2995 3425 est.
3046 3369 3104 3424 Si
3144 3370 3452 3439 incorporei
3496 3369 3664 3437 imago

2091 3469 2213 3527 est,
2245 3461 2564 3530 incorporea
2615 3462 2802 3530 utique
2848 3461 2962 3530 ipsa
3010 3469 3111 3516 est.
3168 3460 3237 3513 At
3282 3460 3328 3514 si
3361 3460 3669 3528 incorporea

2092 3566 2200 3606 non
2231 3559 2314 3605 est
2336 3593 2350 3617 ,
2406 3552 2713 3622 incorporei
2732 3567 2954 3622 prorsus
2980 3552 3155 3620 imago
3183 3566 3289 3606 non
3317 3558 3419 3605 est.
3471 3550 3574 3605 Sed
3595 3550 3669 3603 in.

2089 3641 2339 3711 corporei
2368 3641 2545 3710 imago
2573 3649 2675 3706 est,
2707 3642 3027 3713 incorporea
3054 3642 3217 3711 igitur
3242 3649 3345 3696 est.
3389 3640 3522 3695 Nam
3549 3640 3670 3711 quia

2089 3741 2269 3787 creata
2299 3740 2411 3795 est,
2444 3748 2554 3787 non
2583 3741 2666 3790 est
2691 3732 2854 3789 Deus.
2905 3732 3039 3801 Quia
3067 3732 3246 3801 imago
3273 3732 3369 3787 Dei
3400 3742 3483 3787 est
3505 3771 3521 3798 ,
3568 3745 3669 3786 non

2090 3832 2175 3879 est
2201 3838 2415 3893 corpus.
2500 3834 2513 3842 ‘

2696 3936 2929 3994 CAPUT
2981 3936 3073 3993 Vl.

2093 4048 2244 4114 Quod
2272 4066 2386 4104 cum
2415 4065 2563 4104 omne
2588 4051 2948 4120 incorporeum
2975 4050 3230 4120 invisibile
3252 4051 3337 4115 sit,
3372 4067 3476 4105 non
3508 4060 3667 4103 tamen

2470 4136 2623 4174 omne
2646 4119 2949 4192 corporeum
2967 4119 3165 4175 uisibile
3189 4122 3274 4175 sit.

2162 4249 2203 4303 Ι.
2246 4248 2350 4304 Sed
2381 4248 2601 4318 subjicis
2631 4264 2661 4304 a
2692 4249 2875 4304 nescio
2903 4250 3096 4321 quibus
3123 4265 3351 4319 quorum
3382 4260 3553 4305 tamen
3580 4264 3670 4303 no-

2092 4342 2295 4395 minum
2328 4341 2483 4395 nobis
2513 4341 2760 4415 notitiam
2809 4342 3042 4412 subripis
3063 4384 3077 4408 ,
3133 4344 3212 4398 sic
3240 4342 3456 4408 doceri,
3488 4341 3668 4398 utalia

408 4445 539 4501 ergo
593 4432 970 4503 incorporeum
1038 4442 1092 4489 et
1141 4437 1317 4505 potuit
1364 4445 1419 4492 et
1464 4437 1669 4505 voluit;
1721 4439 1882 4506 igitur
1935 4447 1989 4494 et
2018 4432 2273 4507 Ddicant
2318 4446 2439 4487 esse
2475 4433 2828 4502 incorporea,
2879 4434 2980 4488 alia
3024 4435 3325 4490 invisibilia.
3369 4432 3669 4491 Tremendm

405 4522 628 4577 creavit.
672 4523 781 4577 Nisi
829 4524 967 4579 forte
1013 4526 1179 4591 dicas,
1222 4525 1335 4582 fieri
1376 4543 1482 4583 non
1510 4528 1798 4591 debuisse.
1840 4529 1986 4597 quod

410 4611 500 4666 ille
528 4614 704 4682 potuit
733 4614 900 4680 velle,
930 4616 1021 4684 qui
1050 4632 1157 4673 non
1188 4618 1363 4687 potuit
1391 4619 1528 4674 velle
1550 4658 1565 4684 ,
1595 4619 1698 4676 nisi
1726 4620 1868 4687 quod
1900 4619 1994 4674 de-

409 4703 525 4758 buit
556 4702 748 4760 facere.
802 4705 938 4772 Quid
971 4708 1099 4761 mihi
1141 4724 1285 4765 nunc
1314 4717 1552 4765 creatum
1582 4725 1688 4763 non
1714 4723 1835 4764 esse
1861 4725 1994 4763 con-

409 4793 598 4849 tendas
644 4796 787 4864 quod
834 4799 1006 4852 creari
1056 4798 1307 4854 debuisse
1354 4815 1463 4855 non
1507 4797 1757 4855 dubitas?
1808 4797 1993 4854 Creari

408 4892 557 4938 certe
603 4896 815 4940 constat
859 4888 1105 4944 debuisse
1128 4930 1142 4955 ,
1190 4892 1317 4960 quia
1345 4906 1467 4945 cum
1493 4899 1709 4946 creator
1737 4890 1991 4959 incorpo-

410 4989 535 5028 reus
578 4977 868 5030 maximum
913 4979 1112 5035 bonum
1141 4982 1236 5046 sit,
1267 4990 1321 5036 et
1350 4991 1587 5037 creatum
1618 4983 1989 5052 incorporeum

407 5078 657 5128 magnum
704 5065 903 5119 bonum
949 5070 1049 5133 sit,
1088 5079 1141 5124 et
1170 5081 1409 5126 creatum
1435 5086 1632 5142 corpus
1716 5071 1860 5140 quod
1887 5071 1986 5124 nisi

407 5162 646 5207 creatum
675 5170 782 5208 non
831 5164 952 5220 est,
1001 5159 1216 5228 aliquod
1253 5161 1452 5214 bonum
1482 5162 1555 5214 sit
1581 5177 1609 5214 a
1640 5176 1852 5216 summo
1875 5159 1988 5213 Deo

405 5245 497 5313 qui
526 5253 607 5299 cst
637 5246 924 5300 maximum
961 5248 1157 5302 bonum
1191 5269 1202 5302 :
1244 5252 1381 5305 sicut
1408 5261 1650 5306 creatum
1680 5260 1763 5306 est
1792 5266 1988 5320 corpus

408 5335 623 5404 aliquod
670 5337 901 5402 bonum,
951 5338 1020 5391 ita
1062 5341 1230 5393 creari
1261 5341 1443 5394 debuit
1484 5342 1862 5411 incorporeum
1890 5341 1987 5393 ali-

408 5426 549 5496 quod
597 5441 847 5495 magnum
887 5428 1124 5485 bonum:
1158 5429 1289 5496 Quia
1333 5446 1436 5486 non
1466 5433 1781 5487 conveniret
1809 5431 1983 5487 omni-

483 5637 505 5663 ι
548 5628 628 5681 Al.
663 5629 866 5687 bonam.

2093 4521 2301 4578 scilicet
2328 4521 2534 4592 peritia:
2574 4529 2928 4589 tractatores,
2974 4525 3065 4593 qui
3095 4540 3263 4593 usque
3290 4525 3357 4579 ad
3385 4525 3491 4580 hoc
3507 4536 3665 4595 pene-

2096 4622 2306 4668 travere
2331 4624 2618 4670 secretum.
2659 4611 2717 4668 Si
2746 4614 2848 4669 alia
2878 4615 3194 4686 incorporea
3222 4623 3366 4682 sunt,
3407 4616 3509 4671 alia
3536 4613 3660 4669 invi-

2095 4703 2289 4767 sibilia,
2315 4716 2446 4772 ergo
2475 4703 2794 4774 incorporea
2825 4720 2932 4759 non
2960 4713 3084 4760 sunt
3113 4705 3417 4761 invisibilia.
3448 4705 3665 4771 Postpoo

2101 4795 2337 4851 nendum
2362 4795 2631 4864 estigitur
2659 4797 3038 4866 incorporeum
3067 4797 3214 4852 omni
3242 4813 3519 4869 corporeo,
3546 4795 3666 4863 quia

2096 4885 2225 4941 dicit
2269 4900 2368 4956 per
2407 4884 2725 4957 Apostolum
2760 4885 2971 4941 Veritas
2999 4905 3013 4940 :
3047 4885 3176 4951 Qua:
3202 4888 3453 4953 videnlur,
3482 4895 3664 4954 tempo-

2098 4975 2233 5029 ralia
2260 4983 2418 5041 sunt;
2461 4993 2575 5048 qua:
2611 4985 2781 5031 autem
2817 4994 2921 5033 non
2951 4978 3203 5044 videntur,
3234 4988 3427 5034 (eterna
3454 4987 3566 5032 sunt
3592 4972 3663 5042 (ll

2093 5065 2211 5119 Cor.
2225 5082 2316 5135 λγ,
2350 5064 2461 5137 i8).
2503 5067 2703 5122 Verum
2748 5077 2804 5121 tu
2846 5070 3160 5124 creatricem
3191 5080 3527 5137 creatamque
3550 5066 3668 5119 sub-

2090 5158 2344 5210 stantiam
2384 5157 2457 5210 ita
2505 5156 2808 5223 discernis,
2857 5166 2915 5212 ut
2942 5158 3045 5212 alia
3075 5159 3181 5213 sint
3210 5159 3534 5230 incorporea,
3561 5155 3663 5208 alia

2093 5248 2397 5303 invisibilia.
2446 5247 2713 5303 luvisibile
2744 5249 2905 5318 igitur
2931 5266 3092 5306 omne
3120 5262 3439 5322 corpdreum
3462 5289 3476 5315 ,
3504 5256 3555 5305 et
3579 5249 3661 5300 in-

2090 5352 2410 5409 corporeum
2440 5354 2600 5393 omne
2630 5340 2856 5395 visibile.
2898 5341 3023 5396 Istic
3048 5342 3265 5410 egomet
3292 5343 3462 5398 audeo
3490 5337 3662 5397 scisci-

2092 5429 2231 5483 tari:
2264 5429 2616 5485 lnvisibilisne
2663 5431 2730 5485 sit
2781 5430 2950 5499 Deus,
3013 5448 3154 5488 anne
3182 5434 3440 5490 visibilis?
3467 5431 3517 5487 Si
3545 5443 3657 5483 cor.

2171 5626 2197 5666 ι’
2236 5626 2316 5680 ΑΙ.
2349 5627 2594 5681 decuisse.
