3946 6182
264 362 357 416 7C9

1453 340 1539 394 DE
1579 334 1803 393 STATU
1847 334 2082 390 ΑΜΜᾸΞ
2128 334 2251 386 LIB.
2293 333 2330 386 l.

3431 331 3535 385 τιο

264 486 476 546 porcum
507 482 688 537 negas,
720 463 986 520 visibilem
1018 480 1123 517 non
1154 472 1387 515 reeuaax.
1425 459 1481 513 Si
1515 457 1831 511 invisibilcm
1864 457 1914 514 A
1942 469 2079 517 mus,
2112 451 2154 503 si
2185 450 2421 518 seipsunt
2465 455 2704 513 tangeret
2736 452 2931 501 tactus.
2983 445 3160 514 Atque
3191 452 3249 498 ut
3279 444 3346 498 de
3377 457 3534 501 (vete-

263 566 407 625 dicis,
452 573 777 630 corporeum
823 553 1116 611 conﬁteris.
1172 552 1476 608 Secundum
1527 551 1665 603 hanc
1713 560 1840 614 ergo

264 658 576 712 sententiam
625 659 771 704 tuam
822 652 982 720 (qua:
1045 648 1136 701 tibi
1184 646 1448 712 nobisque
1496 643 1565 696 sit
1613 639 1839 711 procul)

263 759 506 806 :rternus,
542 741 851 806 invisibilis,
874 741 1223 809 incorporeus
1264 735 1426 800 Deus,
1468 743 1556 787 aut
1590 733 1843 800 incorpo-

265 855 382 895 reus
412 837 515 892 erit
545 846 599 889 et
621 834 845 889 visibilis
878 832 999 897 erit,
1034 838 1126 884 aut
1155 842 1450 898 corporeus
1480 826 1582 880 erit
1611 832 1665 878 et
1688 831 1844 876 :eter-

267 948 361 987 nus
404 945 510 984 non
563 928 685 982 erit.
744 923 972 991 Quidam
1021 930 1199 976 tamen
1249 919 1487 988 cogitare
1525 916 1719 978 valuit,
1752 913 1844 968 sed

267 1021 439 1090 eloqui
468 1035 575 1074 non
606 1018 793 1072 valuit.
848 1014 1151 1068 Patentium
1202 1025 1395 1080 nempe
1443 1022 1725 1065 causarum
1751 1004 1845 1059 do-

265 1129 377 1173 ctor
404 1118 637 1184 ignarus,
670 1127 829 1181 quem
868 1110 1045 1165 dicere
1073 1108 1249 1162 nisum
1284 1121 1427 1171 reor,
1460 1117 1580 1159 esse
1604 1100 1847 1171 quaedam

266 1224 518 1279 corporea
546 1221 664 1276 qua:
694 1203 859 1259 videri
902 1208 1204 1270 nequeant;
1244 1214 1367 1253 cum
1395 1197 1462 1253 sit
1491 1196 1740 1250 universo
1769 1192 1856 1247 in-

268 1317 524 1372 corporeo
556 1299 990 1369 proprium,_non
1014 1292 1203 1347 videri.
1237 1290 1315 1345 Ac
1334 1304 1430 1360 per
1458 1289 1563 1343 hoc
1590 1298 1851 1354 corporea

268 1395 530 1467 quaepiam
580 1390 866 1446 invisibilia
916 1402 1037 1442 esse
1084 1400 1282 1455 posse;
1323 1396 1488 1453 porro
1532 1381 1852 1448 incorporea

269 1489 361 1541 nisi
395 1483 678 1539 invisibilia
706 1495 826 1535 esse
850 1496 956 1534 non
988 1492 1165 1548 posse.
1230 1475 1361 1528 Nam
1393 1488 1513 1529 cum
1555 1486 1717 1527 omne
1768 1469 1851 1522 in-

270 1593 590 1648 corpozetzut
625 1572 889 1629 invisibile
912 1570 1009 1635 sit,
1045 1584 1152 1623 non
1184 1581 1344 1621 onme
1375 1562 1642 1619 invisibile
1672 1562 1852 1615 incor—

271 1686 489 1743 poreum
520 1676 623 1723 est.
692 1664 808 1719 Vox
856 1663 1000 1718 enim
1049 1676 1157 1716 non
1207 1659 1417 1713 videtur
1444 1664 1722 1743 et‘corpus
1751 1660 1855 1707 est.

271 1732 583 1830 Quanquam
611 1764 832 1827 propter
867 1752 1214 1809 eminentiam
1244 1750 1406 1814 visus,
1452 1732 1613 1802 etiam
1642 1760 1761 1815 qua:
1790 1746 1855 1798 ad

271 1853 508 1922 reliquos
553 1849 825 1920 pertinent
880 1859 1108 1910 sensus,
1160 1842 1342 1897 videre
1388 1840 1629 1896 dicamus
1654 1877 1667 1900 ,
1719 1838 1849 1893 sicut

1975 1817 2229 1871 invisibile
2280 1830 2399 1871 esse
2446 1815 2516 1868 sit
2563 1814 2885 1883 proprium:

268 1957 406 2013 szepe
432 1940 691 2001 dicimus,
731 1936 861 1990 Vide
897 1934 1021 2007 quid
1049 1942 1237 1988 satiat:
1268 1947 1390 1987 eum
1416 1946 1583 1987 sonus
1609 1929 1674 1983 ad
1703 1946 1768 1982 nu
1793 1929 1856 1980 ῖὶ-

271 2045 377 2087 tum
408 2031 714 2102 pertineat,
769 2042 876 2082 non
924 2026 989 2080 ad
1046 2026 1239 2079 visum.
1286 2023 1394 2077 Nec
1423 2031 1602 2077 tamen
1633 2021 1703 2074 ita
1728 2020 1859 2074 dici-

270 2140 386 2179 mus
410 2162 426 2187 ,
477 2122 613 2175 Audi
651 2119 775 2192 quid
822 2119 992 2183 lucet;
1034 2118 1159 2186 quia
1190 2116 1625 2187 prmeminentior
1650 2114 1860 2169 caeteris

271 2214 519 2270 sensibus
566 2213 751 2276 visus,
801 2225 923 2279 quae
961 2207 1274 2263 inferiorum
1321 2205 1730 2269 sunt,abnsive
1758 2205 1860 2259 sibi

271 2305 507 2359 vindicat
530 2342 547 2369 ,
584 2317 707 2358 cum
756 2300 1113 2371 potestatibus
1159 2313 1347 2354 eorum
1386 2297 1682 2368 potentiam
1708 2310 1858 2351 suam

272 2414 378 2453 non
424 2397 669 2451 misceat.
729 2392 994 2461 Quocirca
1039 2400 1097 2447 et
1130 2391 1359 2447 visibilia
1387 2398 1512 2446 sunt
1533 2390 1711 2444 omnia
1742 2403 1862 2457 qua:

270 2488 460 2544 sentiri
487 2500 810 2557 quocunque
856 2499 1020 2539 sensu
1047 2483 1291 2554 corporis
1320 2489 1576 2553 possunt,
1618 2481 1661 2536 si
1692 2481 1759 2534 ad
1784 2481 1854 2534 vi-

271 2594 389 2634 sum
415 2586 615 2635 cuncta
636 2575 952 2631 referamus.
1003 2573 1070 2628 Et
1096 2590 1204 2629 non
1234 2574 1415 2629 omnia
1445 2572 1671 2628 visibilia
1716 2579 1861 2637 sunt,

271 2674 316 2728 si
344 2671 640 2739 unicuique
665 2668 868 2736 sensui,
900 2667 1046 2737 quod
1060 2666 1163 2721 sibi
1189 2673 1271 2723 est
1289 2665 1525 2736 speciale
1550 2664 1860 2719 reddamus.

272 2762 406 2818 Hinc
435 2761 618 2817 omnia
644 2760 852 2816 scilicet
899 2757 1212 2828 principalia
1255 2772 1484 2827 corpora
1524 2770 1644 2826 qum
1671 2754 1861 2810 dicun-

272 2864 357 2911 tur
401 2854 696 2919 elementa,
745 2850 935 2922 procul
961 2849 1125 2905 dubio
1153 2848 1381 2903 visibilia
1426 2856 1581 2912 sunt,
1611 2846 1750 2901 sicut
1770 2862 1865 2901 ex-

274 2948 539 3019 petimur.
579 2945 660 2999 Ex
682 2929 912 3015 quonim
953 2943 1177 2999 metrica
1207 2942 1583 3013 preportione,
1606 2939 1866 2997 confectis

273 3040 376 3095 rite
404 3036 868 3101 dimensionibus,
917 3041 1201 3104 vegetante
1247 3034 1427 3093 anima
1452 3034 1640 3089 vivens
1669 3046 1868 3103 corpus

274 3130 527 3185 eflieitur.
570 3127 887 3197 Quanquam
925 3124 1094 3179 multa
1142 3125 1281 3192 sint,
1312 3139 1432 3194 quae
1477 3124 1712 3179 animata
1757 3138 1866 3179 non

1946 541 2019 595 ris
2051 550 2287 600 taceam,
2336 538 2379 592 si
2410 537 2612 606 gustari
2645 544 2826 606 posset
2855 543 3097 603 gustatus
3118 578 3130 600 ,
3160 550 3321 589 nemo
3351 543 3536 605 posset

1947 645 2063 685 esse
2087 629 2306 698 jejunus
2330 668 2344 693 ,
2398 641 2499 680 nec
2538 625 2874 679 extrinsecus
2925 624 3225 679 adhibenda
3273 623 3453 680 forent
3481 625 3535 678 in

1945 736 2064 789 qua:
2114 726 2287 774 semet
2334 732 2523 774 sensus
2571 724 2890 782 exerceret,
2940 716 2986 770 si
3051 716 3228 787 seipse
3287 718 3532 771 sentiret.

1948 810 2106 865 Aliud
2154 817 2238 864 cst
2281 822 2412 876 ergo
2464 807 2766 861 membrum
2816 821 2916 874 per
2960 807 3105 876 quod
3151 808 3450 869 sentimus,
3484 817 3540 861 et

1912 919 2141 968 ,sensus
2171 900 2314 956 aliud
2358 915 2466 969 quo
2506 901 2787 954 sentimus.
2835 908 2860 935 ιι
2908 897 3044 964 Quia
3093 898 3235 953 inter
3273 898 3540 953 invisibile

1951 999 2329 1066 incorporeum
2375 1002 2430 1048 et
2468 1008 2666 1062 corpus
2713 991 2942 1054 visibile,
2994 999 3076 1046 est
3118 989 3245 1044 illud
3275 990 3541 1045 invisibile

1950 1101 2295 1157 corporeum,
2346 1083 2490 1153 quod
2521 1083 2576 1137 in
2607 1083 2762 1137 nobis
2792 1082 2938 1137 visus
2964 1122 2979 1147 ,
3013 1082 3292 1146 odoratus,
3331 1089 3536 1149 gustus,

1952 1178 2165 1232 auditus
2195 1185 2250 1231 et
2280 1183 2452 1230 tactus
2480 1184 2562 1230 est
2588 1193 2600 1227 :
2631 1189 2751 1242 qua:
2779 1175 3039 1244 quoniam
3068 1188 3178 1229 non
3208 1174 3312 1228 nisi
3342 1173 3395 1227 in
3426 1174 3542 1228 ani-

1954 1281 2099 1325 mato
2129 1276 2254 1324 sunt
2276 1284 2533 1338 corpore,
2567 1282 2633 1320 ex
2665 1267 2941 1337 utriusque
2969 1266 3165 1321 diversi
3193 1267 3539 1334 counnercio,

1953 1361 2140 1415 eadem
2190 1369 2245 1414 et
2295 1373 2557 1427 corporea
2587 1365 2713 1410 sunt
2758 1363 2812 1409 et
2852 1356 3136 1411 invisibilia
3184 1358 3449 1411 trahentia
3477 1356 3546 1412 de

1955 1465 2186 1520 corpore
2242 1449 2437 1503 visibili
2486 1456 2545 1502 ut
2587 1462 2850 1517 corporea
2899 1447 3054 1500 sint:
3109 1447 3176 1503 de
3222 1448 3545 1518 incorporeo

1956 1543 2138 1597 animo
2185 1550 2245 1596 ut
2290 1542 2398 1596 sint
2448 1538 2757 1594 invisibilia.
2819 1538 2937 1594 Non
2968 1539 3129 1607 igitur
3149 1538 3301 1608 juxta
3331 1546 3547 1593 senten-

1959 1635 2089 1688 tiam
2123 1643 2267 1689 tuam
2292 1674 2306 1699 ,
2352 1632 2481 1686 illud
2527 1631 2630 1687 erit
2659 1631 2956 1695 invisibile,
2989 1630 3135 1699 quod
3165 1631 3548 1701 incorporeum

1961 1742 2071 1781 non
2101 1725 2237 1793 erit,
2273 1733 2528 1793 tanquam
2569 1724 2891 1793 incorporeo
2920 1723 3150 1788 visibile,
3201 1732 3255 1777 et
3285 1738 3550 1793 corporeo

2936 1813 3373 1882 quandoquidem
3419 1814 3551 1871 nihil

1963 1907 2227 1962 invisibile
2255 1905 2500 1975 corporis
2527 1902 2686 1971 foret,
2721 1904 2819 1959 nisi
2849 1904 3058 1958 visibile
3089 1903 3218 1958 illud
3247 1904 3552 1975 incorporei

1961 1999 2301 2054 invisibilitas
2329 1996 2551 2053 faceret.
2608 1996 2742 2063 Quia
2791 1995 2843 2050 in
2874 1996 3085 2061 eodem,
3118 1995 3255 2050 sicut
3283 2011 3444 2066 supra
3474 1996 3553 2051 di-

1962 2092 2156 2155 ximus,
2189 2089 2409 2144 homine
2438 2095 2493 2143 et
2522 2087 2902 2157 incorporeum
2932 2086 3200 2141 invisibile
3226 2095 3306 2141 est
3336 2086 3512 2140 anima
3536 2103 3552 2152 ;

1963 2190 2018 2235 et
2047 2179 2314 2234 invisibile
2343 2192 2689 2247 corporeum,
2720 2178 2864 2248 quod
2893 2176 2960 2232 de
2989 2191 3220 2247 corpore
3247 2177 3441 2233 visibili
3472 2177 3555 2231 in-

1963 2271 2247 2327 visibiliter
2275 2271 2385 2339 agit
2411 2270 2615 2328 anima.

2565 2443 2792 2499 CAPUT
2833 2445 2941 2500 VII.

1968 2602 2118 2669 Quod
2142 2620 2207 2658 ex
2225 2610 2447 2676 quatuor
2473 2601 2748 2676 elementis
2765 2612 2959 2655 constet
2988 2618 3194 2676 corpus,
3223 2610 3273 2656 et
3304 2602 3559 2676 quomodo

2339 2673 2559 2745 quinque
2589 2670 2822 2726 sensibus
2852 2673 3179 2726 conveniant.

2037 2855 2077 2911 ι.
2117 2854 2236 2910 Jam
2263 2868 2395 2909 vero
2441 2863 2778 2922 quaecunque
2826 2848 3077 2919 corporis
3116 2848 3362 2903 sensibus
3393 2848 3564 2916 tangi-

1968 2964 2109 3014 mus,
2142 2948 2215 3001 ita
2244 2945 2311 3000 ad
2339 2959 2586 3014 quosque
2635 2957 2823 2997 eorum
2871 2955 3102 3010 qumque
3130 2955 3200 2996 ex
3229 2940 3331 2995 illis
3359 2941 3566 3011 Specio-

1970 3039 2065 3093 tim
2097 3038 2389 3108 pertinent,
2433 3041 2489 3089 ut
2522 3034 2574 3088 in
2596 3032 3033 3089 communionem
3061 3032 3403 3103 propriorum
3432 3031 3568 3087 alios

1974 3146 2081 3186 non
2130 3128 2437 3183 admittant.
2494 3123 2590 3180 Est
2639 3138 2769 3193 ergo
2816 3122 2958 3179 inter
3003 3124 3252 3179 universa
3283 3137 3565 3193 corporea,

273 3226 418 3284 sunt.
452 3224 513 3272 et
560 3192 956 3284 vivere—necari
996 3230 1106 3270 non
1157 3192 1405 3284 possunt.
1450 3212 1559 3268 Sed
1583 3212 1651 3268 de
1674 3213 1759 3267 his
1787 3211 1869 3266 ιο-
1893 3192 1941 3257 C
1972 3223 2104 3279 solis
2150 3222 2242 3276 lux
2295 3220 2408 3275 sine
2434 3192 2772 3274 dubitatione
2799 3216 3161 3287 praestantior.
3192 3214 3318 3272 Haec
3346 3192 3411 3271 ad
3440 3214 3570 3271 illud

274 3312 517 3382 quimur,
544 3324 664 3380 quae
699 3323 810 3365 non
840 3298 1027 3363 solum
1055 3307 1265 3372 vivunt,
1296 3305 1392 3362 sed
1416 3307 1579 3361 etiam
1608 3305 1867 3373 sentiunt,

275 3403 414 3459 sicut
446 3408 574 3457 sunt
601 3399 837 3454 animata
863 3398 1075 3453 ratione
1102 3398 1366 3468 expertia.
1423 3396 1500 3452 De
1518 3396 1714 3465 quibus
1739 3409 1873 3467 pau-

278 3494 447 3549 lulum
477 3490 843 3561 disputatione
869 3489 1054 3555 dilata,
1082 3488 1150 3543 de
1170 3488 1325 3543 nobis
1352 3488 1655 3557 loquamur.

346 3585 415 3640 ll.
458 3584 627 3653 Igitur
666 3598 788 3639 cum
836 3598 902 3638 ex
947 3582 1127 3637 anima
1156 3583 1325 3637 simus
1351 3590 1405 3636 et
1432 3594 1680 3652 corpore,
1712 3586 1876 3649 atque

281 3685 339 3731 ut
364 3690 574 3744 corpus
592 3675 805 3730 animus
830 3689 952 3730 esse
974 3688 1083 3729 non
1103 3681 1305 3744 potest,
1335 3672 1414 3728 sic
1443 3672 1653 3727 animus
1679 3686 1883 3742 corpus

281 3780 401 3823 esse
431 3782 545 3820 non
572 3765 783 3835 possit:
815 3763 1041 3819 Animus
1068 3765 1161 3833 qui
1189 3764 1353 3819 sentit
1376 3764 1431 3818 in
1461 3777 1690 3833 corpore
1714 3802 1730 3829 ,
1776 3762 1876 3818 etsi

283 3872 379 3927 per
428 3856 643 3912 visibile
687 3856 892 3922 sentit,
941 3854 1280 3910 invisibiliter
1322 3854 1507 3910 sentit.
1549 3853 1707 3909 Aliud
1735 3854 1877 3909 enim

283 3955 365 4002 est
390 3948 578 4012 visus,
621 3945 766 4001 aliud
806 3945 1014 4001 oculus.
1066 3944 1224 4000 Aliud
1267 3945 1443 4010 auris,
1474 3944 1620 3999 aliud
1647 3944 1876 4000 auditus.

284 4038 456 4094 Nares
487 4037 651 4101 aliud,
698 4036 841 4091 aliud
871 4036 1145 4093 odoratus.
1199 4035 1267 4090 Et
1294 4052 1358 4092 os
1383 4037 1525 4092 aliud
1548 4077 1563 4102 ,
1610 4036 1753 4091 aliud
1786 4052 1884 4106 gu-

285 4137 423 4185 stus.
464 4128 579 4185 Nec
613 4130 719 4185 hoc
747 4129 928 4198 idem,
977 4144 1168 4184 manus
1215 4137 1270 4184 et
1300 4137 1494 4185 tactus.
1544 4127 1709 4197 Igitur
1737 4137 1883 4184 tactu

287 4220 526 4275 calentia
571 4219 929 4291 frigentiaque
970 4219 1326 4276 discernimus
1352 4259 1367 4285 ,
1400 4220 1576 4289 ipsum
1601 4235 1732 4274 vero
1761 4236 1887 4274 sen-

289 4325 409 4366 sum
459 4310 714 4379 tangendi
761 4327 870 4367 non
919 4312 1207 4381 tangimus.
1286 4310 1397 4367 Nec
1442 4309 1608 4381 frigus
1654 4325 1887 4381 namque

291 4402 418 4470 illic,
453 4418 560 4459 nec
606 4403 756 4459 calor
801 4411 903 4459 est.
969 4402 1037 4458 Et
1058 4410 1276 4472 gustatu
1304 4402 1482 4459 dulcia
1509 4411 1673 4472 atque
1704 4418 1888 4457 amara

292 4492 590 4557 sentimus,
612 4491 709 4547 sed
730 4500 1002 4561 gustatum
1026 4499 1245 4561 gustare
1271 4507 1381 4547 non
1409 4506 1717 4562 possumus.
1748 4490 1888 4544 Nihil

1974 3327 2291 3384 supremum
2338 3311 2393 3365 in
2440 3311 2691 3366 universo
2739 3323 3008 3379 corporeo
3054 3309 3286 3379 pertinet
3326 3309 3570 3364 elemen-

1976 3415 2086 3461 tum
2114 3445 2129 3471 ,
2182 3403 2327 3473 qutid
2377 3401 2514 3471 ignis
2561 3400 2776 3455 dicitur.
2816 3399 2952 3454 Hinc
3004 3407 3086 3453 est
3134 3399 3277 3468 quod
3325 3399 3572 3455 etiamin

1975 3510 2207 3568 corpore
2235 3495 2471 3550 humano
2517 3491 2869 3562 principalem
2910 3505 3021 3560 pne
3049 3489 3299 3544 omnibus
3326 3489 3575 3545 sensibus

1977 3589 2161 3646 locum
2189 3588 2337 3642 visus
2367 3583 2607 3655 accepit:
2657 3583 2725 3638 ab
2765 3582 2980 3637 interno
3010 3581 3215 3637 scilicet
3242 3581 3425 3636 calore
3453 3597 3575 3637 eor—

1977 3681 2062 3736 dis
2090 3694 2155 3734 ac
2177 3677 2379 3748 jecoris
2402 3715 2416 3738 ,
2449 3674 2665 3743 igniculi
2693 3673 2912 3744 quidam
2942 3672 3248 3728 indefessim
3280 3672 3577 3727 scintillan-

1979 3780 2099 3839 tes,
2152 3771 2204 3825 in
2253 3782 2521 3825 cameram
2567 3764 2797 3836 capitis,
2852 3764 3003 3835 quasi
3052 3765 3104 3818 in
3158 3764 3353 3819 cmlnm
3402 3762 3575 3819 nostri

1980 3862 2227 3933 corporis
2254 3858 2562 3915 subvolant.
2620 3855 2699 3910 Ex
2747 3855 2946 3925 quibus
2992 3855 3129 3911 radii
3171 3871 3269 3926 per
3296 3854 3578 3910 oculorum

1981 3953 2158 4010 media
2187 3950 2390 4023 profusi
2432 3964 2496 4004 ac
2523 3948 2710 4003 lumini
2738 3956 2930 4003 extero
2959 3948 3258 4013 commixti,
3290 3961 3580 4017 corporqu

1988 4048 2042 4102 in
2072 4061 2194 4115 qua:
2225 4042 2511 4097 inciderint
2557 4056 2877 4111 repercussu
2902 4082 2916 4107 ,
2948 4040 3295 4095 retroversim
3326 4038 3585 4093 cedentes

1986 4133 2301 4190 earumdem
2332 4132 2547 4186 colores
2576 4147 2641 4186 ac
2671 4130 2874 4184 formas
2905 4130 3174 4184 hauriunt.
3230 4129 3584 4185 Animadver-

1991 4228 2058 4282 tis
2086 4226 2249 4293 igitur
2290 4237 2555 4278 summum
2606 4221 2659 4274 in
2710 4220 2992 4274 elementis
3039 4221 3257 4289 ignem,
3289 4220 3585 4291 pulcherri-

1989 4332 2132 4373 mam
2179 4317 2233 4370 in
2284 4313 2557 4371 coloribus
2600 4312 2818 4375 lucem,
2864 4312 3188 4381 prmcipuum
3238 4311 3289 4365 in
3339 4310 3589 4367 sensibus

1990 4409 2183 4463 visum.
2238 4390 2392 4460 Hune
2419 4404 2617 4459 merito
2646 4409 2812 4474 atque
2840 4402 3079 4472 potentia
3109 4400 3321 4456 auditus
3350 4402 3589 4471 insequi-

1995 4508 2116 4554 tur:
2150 4498 2224 4553 illi
2277 4498 2545 4553 elemento
2590 4494 2620 4534 ιι
2669 4511 2929 4566 compar,
2980 4494 3125 4564 quod
3169 4492 3341 4549 Graeci
3389 4502 3590 4550 vocant

292 4583 445 4637 enim
471 4582 563 4637 vel
588 4560 830 4637 amarum
860 4582 914 4636 in
945 4560 1049 4637 illo
1062 4582 1146 4638 vel
1174 4581 1331 4637 dulce
1354 4560 1454 4636 est.
1506 4580 1734 4636 Naribus
1756 4580 1871 4636 odo-

1995 4592 2225 4647 trlhera:
2256 4591 2347 4661 qui
2394 4590 2520 4645 licet
2566 4604 2634 4645 ex
2679 4589 2820 4645 aeris
2860 4580 2933 4643 sit
2975 4596 3164 4643 natura
3190 4629 3204 4655 ,
3256 4596 3433 4642 tamen
3460 4587 3591 4657 quia

294 4687 385 4729 res
415 4673 746 4743 accipimus;
778 4673 980 4729 olfactu
1006 4681 1183 4729 tamen
1213 4673 1469 4729 olfactum
1490 4690 1598 4728 non
1628 4674 1887 4742 capimus,

296 4765 427 4834 quia
460 4764 594 4820 nihil
626 4765 737 4820 olet
765 4764 1012 4821 olfactus.
1069 4765 1137 4820 Et
1160 4766 1378 4821 auribus
1405 4780 1566 4821 voces
1594 4766 1886 4832 haurimus,

295 4855 395 4911 sed
425 4870 552 4913 cum
581 4856 715 4910 nihil
740 4865 897 4910 sonet
924 4856 1162 4921 auditus,
1195 4856 1368 4927 ipsum
1394 4871 1502 4911 non
1529 4856 1776 4911 audimus
1800 4859 1893 4910 a'u-

299 4949 499 5003 ditum.
539 4947 823 5005 Coloratas
849 4949 1021 5005 oculis
1052 4949 1252 5005 formas
1290 4949 1623 5021 aspicimus,
1644 4958 1698 5003 et
1727 4950 1897 5004 oculis

299 5042 432 5111 quia
477 5042 734 5097 colorata:
771 5040 1120 5111 formamque
1166 5050 1322 5107 sunt,
1353 5042 1662 5098 cernimus:
1696 5043 1788 5098 sed
1818 5044 1898 5097 vi-

299 5148 451 5198 sum,
474 5134 604 5202 quia
632 5148 732 5189 nec
760 5134 1031 5188 coloratus
1058 5148 1161 5189 nec
1188 5133 1451 5189 formatus
1483 5141 1589 5200 est,
1618 5149 1724 5189 non
1752 5136 1899 5189 vide-

302 5240 429 5281 mus
456 5244 469 5275 :
497 5225 696 5295 jugiter
734 5240 969 5294 namque
997 5225 1300 5282 videremus
1327 5226 1372 5281 si
1401 5227 1604 5281 luceret
1630 5227 1804 5292 visus;
1847 5235 1902 5280 et

304 5318 618 5373 audiremus
663 5333 881 5387 semper
918 5318 964 5372 si
1011 5326 1230 5374 sonaret
1277 5318 1522 5384 auditus;
1554 5328 1609 5372 et
1635 5326 1902 5387 perpetuo

306 5408 693 5473 odoraremur,
726 5410 771 5465 si
797 5407 1062 5478 fragraret
1093 5407 1351 5475 olfactus;
1383 5416 1438 5464 et
1465 5409 1772 5466 indefessim
1798 5425 1900 5479 gu—

305 5510 598 5567 staremus,
630 5503 674 5557 si
703 5510 920 5572 saperet
946 5509 1222 5570 gustatus;
1259 5510 1624 5570 mternumque
1653 5512 1902 5573 tangere-

385 5640 413 5668 ι
454 5628 772 5698 Orthodox.,
815 5633 952 5686 inter
988 5630 1265 5688 invisibile.
1310 5630 1640 5689 Bibliotheca
1683 5634 1902 5694 Patrum

313 5698 653 5772 Parisiensis,
686 5710 848 5772 prout
883 5702 1168 5757 edidimus.
1202 5702 1272 5755 At
1319 5701 1688 5772 Lugdunensis
1722 5725 1733 5758 :
1769 5707 1904 5772 Quia

320 5774 454 5825 ’utcr
499 5770 704 5828 visibile
734 5775 1094 5843 incorporeum
1138 5782 1215 5828 est
1239 5811 1254 5838 ,
1286 5781 1337 5827 ct
1364 5770 1545 5846 corpus
1596 5770 1801 5832 visibile
1829 5789 1905 5834 est

1995 4683 2251 4755 quasdam
2294 4682 2445 4751 quasi
2486 4681 2817 4736 fmeulentias
2844 4696 2876 4735 e
2904 4679 3169 4749 supremis
3196 4679 3307 4735 suis
3334 4679 3592 4735 deorsum

1997 4792 2186 4831 versus
2213 4775 2361 4830 velut
2407 4774 2458 4828 in
2508 4773 2727 4828 fundum
2758 4773 2970 4841 digerit,
3006 4772 3193 4841 purior
3222 4780 3386 4841 atque
3414 4772 3588 4827 subti-

1999 4870 2104 4924 lior
2132 4868 2275 4922 hunc
2303 4865 2663 4937 procellosum
2713 4879 2893 4919 aerem
2942 4872 2997 4917 et
3025 4864 3344 4919 naturaliter
3371 4865 3595 4935 nubige-

2000 4977 2127 5015 num
2157 4969 2212 5015 et
2240 4961 2359 5015 loco
2388 4967 2443 5013 et
2470 4958 2729 5026 dignitate
2758 4956 3139 5025 supereminet.
3173 4954 3312 5012 Hine
3339 4965 3422 5013 est
3448 4957 3593 5030 quod

2002 5053 2318 5124 purissimus
2347 5066 2441 5105 aer
2474 5049 2769 5105 faciliorem
2799 5054 2854 5102 et
2892 5048 3104 5117 longius
3144 5057 3417 5120 patentem
3466 5049 3595 5104 facit

2004 5144 2262 5197 auditum.
2322 5141 2457 5196 Nam
2499 5142 2637 5196 sicut
2666 5140 2805 5196 oculi
2834 5140 2953 5195 sine
2982 5139 3169 5197 formis
3197 5157 3483 5213 corporum
3514 5151 3598 5195 at-

2004 5250 2110 5304 que
2137 5234 2374 5288 extrario
2405 5232 2603 5287 lumine
2624 5232 2979 5302 contemplari
3002 5242 3299 5303 nequeunt;
3331 5233 3409 5287 sic
3438 5247 3597 5286 aures

2007 5328 2106 5382 nisi
2137 5342 2262 5381 aere
2291 5334 2386 5380 aut
2414 5341 2672 5395 percusso
2700 5334 2794 5381 aut
2815 5325 2978 5383 flante
3000 5344 3107 5382 non
3135 5326 3372 5380 sentiunt
3396 5343 3408 5377 :
3442 5324 3511 5377 ita
3543 5332 3600 5377 et

2009 5424 2219 5478 narium
2249 5437 2460 5477 sensus.
2513 5420 2648 5475 Nam
2696 5421 2835 5477 sicut
2873 5437 2967 5477 aer
3001 5422 3147 5476 sonis
3174 5420 3423 5483 inficitur,
3457 5426 3515 5471 ut
3544 5418 3598 5472 in

2013 5514 2232 5568 auribus
2280 5519 2539 5582 Operetur
2584 5510 2862 5578 auditum;
2893 5511 2971 5567 sic
3012 5509 3194 5565 itidem
3222 5509 3337 5579 ipse
3365 5507 3600 5564 inﬁcitur

2008 5645 2141 5699 illud
2168 5644 2365 5699 visibile
2392 5660 2710 5715 corporeum.
2742 5652 2845 5699 etc.

2084 5716 2109 5755 δ
2150 5716 2233 5769 AI.
2265 5731 2490 5783 compos.
