3946 6182
379 312 475 368 7H

1635 273 1948 334 IiAliERTl
1989 268 2118 325 CLA
2127 264 2357 322 l'lllANl

3536 242 3626 305 7‘3

380 424 636 483 odoribus
662 461 677 488 ,
725 428 785 474 ut
830 418 883 473 in
915 414 1131 471 naribus
1160 409 1321 464 faciat
1364 401 1680 463 odoratam;
1710 405 1734 430 η
1767 391 1962 463 quibus
1990 395 2039 450 Α
2069 383 2198 439 mihi
2227 381 2443 436 vindico
2466 418 2480 445 ,
2513 374 2659 448 quod
2686 390 2794 431 non
2820 374 3057 430 humana
3087 369 3292 426 tantum
3317 409 3331 434 ,
3359 366 3447 422 sed
3476 370 3628 423 omnis

1722 486 1729 488 4
1868 479 1899 488 ι..
2207 471 2219 484 ο
2274 486 2284 488 ,
2332 469 2413 488 ,-ε
2435 484 2496 488 ___
2536 483 2637 488 ,ΝΔ
2674 466 2845 488 ...ι....Δ
2877 476 2991 488 ...ηρ
3016 477 3077 488 ...-
3109 475 3232 488 ...ηιι
3294 457 3384 488 ,Διὶ
3412 473 3473 488 Α-
3502 457 3628 488 ιιι-11η

382 519 560 573 inesse
581 511 916 575 naturaliter,
946 504 1045 560 nisi
1066 507 1294 558 attracto
1316 510 1440 550 acre
1464 507 1571 547 non
1594 486 1843 544 sentitur.
1860 479 1971 535 Gu-

383 606 563 665 standi
600 618 729 661 vero
776 613 966 655 sensus
994 595 1195 661 absque
1242 584 1485 643 humoris
1524 573 1847 635 adminiculo
1875 584 1972 624 ne-

384 709 654 769 quaquam
680 704 839 759 agere
858 701 917 741 se
936 696 1115 755 posse,
1139 679 1265 734 hinc
1289 674 1507 732 evidens
1535 669 1664 723 facit
1686 662 1968 735 judicium,

385 764 530 858 quod
558 783 689 839 nihil
718 777 966 850 sapidum
985 819 999 844 ,
1036 774 1083 829 si
1113 769 1375 840 accipitur
1403 765 1582 831 lingua
1612 764 1814 820 arente,
1845 767 1970 807 sen-

382 847 534 933 titur.
593 871 672 928 De
699 847 850 926 tactu
876 880 1008 922 vero
1036 861 1267 919 dubitari
1305 873 1411 913 non
1439 852 1672 916 restium,
1702 847 1972 903 elemento

385 976 544 1024 terra:
572 979 691 1020 esse
712 959 1061 1017 simillimum.

440 1058 518 1129 ‘ll.
558 1058 670 1125 Age
699 1066 840 1108 nunc
876 1048 944 1103 ad
974 1044 1104 1101 illud
1146 1046 1369 1112 prapter
1396 1036 1542 1129 quod
1585 1033 1684 1087 ista
1714 1026 1970 1084 tractavi-

386 1165 527 1213 mus,
559 1153 915 1202 revertamur.
946 1137 1027 1192 En
1048 1136 1193 1190 visus
1214 1139 1268 1187 et
1288 1132 1464 1184 lucem
1492 1118 1546 1181 et
1574 1125 1677 1178 alia
1706 1137 1803 1193 per
1824 1134 1975 1175 eam-

386 1210 756 1307 demvcorpora
776 1228 1138 1299 contemplata
1155 1221 1298 1279 videt
1313 1235 1377 1275 ac
1395 1217 1576 1274 sentit.
1600 1210 1976 1281 Nunquiduam

387 1331 489 1386 sibi
536 1305 737 1396 aliquid
765 1323 890 1377 hinc
916 1320 1141 1386 usurpat
1187 1308 1436 1367 auditus?
1481 1305 1715 1360 Rursum
1766 1308 1979 1356 meatus

388 1419 600 1475 aurium
633 1427 797 1469 sonos
826 1417 881 1466 et
919 1408 1180 1463 formatas
1217 1399 1487 1470 accipiunt
1514 1409 1695 1449 voces.
1727 1388 1979 1459 Nunquid

388 1509 515 1564 hinc
562 1503 761 1575 aliquid
790 1501 892 1557 sibi
923 1498 1157 1553 vindicat
1201 1490 1391 1547 visus?
1432 1486 1536 1542 Per
1581 1492 1747 1551 antra,
1768 1481 1979 1537 narium

388 1599 604 1670 generis
626 1593 892 1652 innumeri
922 1591 1165 1661 capimus
1193 1585 1406 1642 odores.
1438 1579 1579 1634 Nihil
1610 1584 1758 1633 certe
1784 1574 1852 1629 de
1897 1571 1982 1626 his

389 1689 590 1746 sentire
616 1687 760 1742 valet
780 1683 1009 1738 auditus.
1035 1674 1196 1733 Forte
1225 1676 1277 1730 in
1307 1686 1562 1743 saporum
1607 1667 1981 1737 exploratione

2076 471 2296 529 omnino
2326 469 2504 525 anima
2535 483 2643 523 non
2672 466 2847 522 solum
2877 476 2991 519 non
3014 477 3081 517 ex
3107 475 3263 527 aere,
3294 457 3388 514 sed
3411 473 3478 512 ex
3502 457 3631 513 nullo

2073 577 2297 632 prorsus
2320 561 2585 616 consistat
2628 570 2858 627 corpore
2899 550 3271 609 ratiocinando
3317 548 3631 620 probabitur;

2076 656 2156 712 fas
2185 655 2289 721 erit
2317 661 2375 709 ut
2402 653 2558 709 nobis
2581 658 2672 706 aut
2693 647 3022 713 consentias,
3053 653 3146 699 aut
3173 645 3433 713 ignoscas.

2703 782 2930 841 CAPUT
2966 780 3058 836 1X.

2238 903 2480 956 Animam
2507 917 2572 955 ea:
2602 898 2745 954 nullo
2769 911 2983 964 prorsus
3011 907 3225 963 corpore
3245 896 3493 943 constare.

2148 1033 2266 1092 Jam
2306 1033 2553 1105 superius
2596 1030 2798 1103 patuit,
2832 1027 2970 1097 ignis
3018 1024 3346 1080 elementum
3392 1017 3643 1073 elemento

2080 1128 2222 1184 aeris
2244 1127 2384 1182 sicut
2398 1125 2521 1180 loco
2537 1164 2552 1189 ,
2576 1123 2649 1176 ita
2676 1120 2842 1175 etiam
2863 1115 3107 1189 potentia
3127 1111 3491 1184 praeeminere.
3504 1105 3643 1175 Quod

2079 1219 2363 1277 evidenter
2384 1213 2622 1271 ostendit
2649 1210 2787 1280 ignis
2816 1210 2918 1264 iste
2944 1215 3219 1270 terrenus,
3247 1200 3342 1271 qui
3368 1198 3647 1253 mobilitate

2081 1312 2171 1366 vix
2197 1303 2691 1378 comprehensibili,
2719 1301 2869 1357 velut
2901 1299 2955 1353 in
2976 1296 3251 1363 regionem
3279 1305 3430 1346 suam
3455 1302 3645 1343 sursum

2078 1417 2268 1458 versus
2284 1394 2510 1455 naturali
2535 1393 2776 1467 pondere
2801 1391 3025 1461 rapitur.
3049 1385 3202 1454 Quod
3220 1384 3268 1440 si
3294 1381 3455 1438 etiam
3474 1395 3539 1436 ex
3558 1380 3650 1433 hoc

2081 1510 2191 1549 non
2220 1492 2441 1547 daretur
2468 1487 2708 1558 agnosci,
2739 1485 2827 1542 vel
2854 1484 2981 1539 hinc
3006 1478 3292 1536 manifesto
3321 1475 3487 1547 possit
3505 1472 3649 1528 intel-

2083 1585 2193 1653 ligi,
2215 1583 2359 1653 quod
2381 1582 2556 1637 omnis
2576 1595 2670 1634 aer
2689 1577 2821 1634 solis
2846 1574 3131 1647 prtesentia
3158 1569 3425 1634 clarescit,
3449 1576 3501 1622 et
3519 1574 3654 1620 teneo

2083 1676 2285 1753 brescit
2329 1672 2588 1728 absentia.
2615 1668 2722 1725 Sed
2747 1676 2805 1723 et
2832 1664 2960 1722 illud
3006 1662 3255 1718 maxima:
3284 1657 3504 1713 rationis
3547 1660 3648 1716 est.

391 1780 638 1837 odoratui
693 1774 1057 1833 communicat
1106 1767 1328 1838 gustus?
1358 1765 1464 1819 Aut
1492 1762 1560 1817 ad
1587 1758 1866 1815 sentienda
1895 1773 1982 1812 as—
2012 1761 2055 1819 B
2084 1750 2227 1836 quod
2250 1779 2344 1819 aer
2370 1764 2551 1831 ignem
2579 1760 2785 1831 parum
2811 1767 2873 1812 ιιι
2901 1755 3094 1818 (ιειιεεεηἱ
3119 1766 3221 1807 nec
3249 1759 3432 1804 tamen
3455 1746 3517 1800 ab
3542 1755 3654 1798 aere

393 1887 525 1944 pera
550 1870 636 1925 vel
664 1869 802 1923 levia
831 1862 1064 1936 gustatui
1093 1858 1358 1931 permittit
1387 1852 1585 1922 aliquid
1611 1852 1820 1906 tactus?
1848 1845 1988 1904 Ecce

393 1978 521 2030 vox,
552 1962 672 2017 visu
702 1973 865 2014 sensu
903 1952 1257 2011 eminentiore
1283 1961 1393 2002 non
1422 1944 1661 2000 cernitur
1691 1960 1704 1995 :
1746 1940 1838 1994 lux
1864 1954 1989 2009 per-

396 2055 525 2111 inde
569 2066 678 2108 non
708 2049 962 2104 auditur:
1011 2060 1117 2099 vox
1156 2040 1377 2096 naribus
1404 2042 1553 2092 certe
1583 2048 1691 2089 non
1729 2030 1941 2101 capitur
1972 2044 1985 2082 :

395 2153 550 2217 gustu
580 2141 872 2212 fragrantia
901 2153 1010 2193 non
1039 2133 1301 2204 accipitur
1330 2148 1345 2185 :
1378 2143 1541 2199 sapor
1571 2132 1777 2180 tantum
1813 2122 1867 2176 in
1895 2134 1992 2177 ore

398 2237 644 2296 sentitur.

986 2314 1217 2372 CAPUT
1257 2311 1389 2370 VIII.

402 2415 551 2484 Quod
578 2412 747 2471 omnis
767 2412 948 2484 anima
965 2424 1029 2464 ea:
1053 2406 1197 2461 nullo
1224 2419 1434 2484 prorsus
1452 2400 1720 2463 elemento,
1745 2404 1835 2449 aut
1862 2411 1991 2467 quo-

890 2479 1010 2534 libet
1037 2475 1251 2548 corpore
1269 2475 1337 2529 sit
1359 2475 1522 2546 facta.

472 2596 614 2652 Ecce
631 2594 799 2651 habes
819 2590 1165 2655 omnigenum
1180 2598 1377 2653 corpus
1397 2596 1463 2636 ex
1486 2577 1736 2635 omnibus
1765 2574 1998 2629 elemen-

406 2690 474 2745 tis
503 2688 557 2742 in
586 2686 843 2741 fabricam
862 2674 1109 2750 corporis
1134 2672 1355 2730 humani
1376 2679 1593 2727 aeterna:
1619 2661 1759 2722 illius
1778 2664 1996 2720 musica:

407 2781 498 2835 vix
524 2776 899 2847 cogitabilibus
921 2770 1094 2826 modis
1122 2776 1286 2837 atque
1312 2763 1605 2819 harmoniae
1633 2760 1840 2814 ratione
1866 2772 1995 2828 per-

407 2873 655 2929 mixtum.
687 2867 838 2935 Elige
877 2879 1020 2919 nunc
1044 2877 1111 2916 ex
1139 2875 1248 2929 quo
1276 2871 1566 2926 corporum
1595 2867 1791 2922 genere
1817 2850 1996 2904 anima

406 2964 495 3026 sit,
528 2962 573 3016 si
600 2974 796 3028 corpus
824 2964 909 3010 est
936 2953 1135 3007 anima.
1169 2948 1304 3015 Quia
1342 2948 1386 3004 si
1413 2954 1515 3011 est,
1547 2953 1641 3027 aut
1666 2959 1734 2997 ex
1775 2957 1879 2996 uno
1900 2940 1999 2995 bo-

413 3067 550 3118 rum,
574 3059 666 3105 aut
684 3065 753 3104 ex
782 3045 1066 3115 aliquibus,
1093 3048 1185 3095 aut
1213 3055 1279 3094 ex
1306 3037 1556 3093 omnibus
1570 3020 1896 3104 corporibus
1916 3040 2001 3087 est

413 3143 626 3219 anima,
657 3147 751 3193 aut
776 3101 889 3191 non
910 3141 994 3188 est
1034 3145 1249 3201 corpus.
1285 3126 1394 3183 Sed
1432 3126 1558 3195 quid
1585 3101 1726 3179 nunc
1768 3122 1999 3178 faciam?
2025 3101 2070 3163 (ἶ

414 3215 524 3301 quo
553 3244 644 3286 me
664 3237 894 3289 vertam,
917 3222 1213 3279 acutissimi
1243 3229 1298 3274 et
1333 3216 1627 3274 doctissimi
1654 3215 2001 3284 disputatoris

416 3321 631 3391 ingenio
658 3327 715 3374 et
761 3326 878 3372 arte
922 3312 1262 3386 prmventus?
1311 3309 1413 3376 Qui
1458 3308 1667 3364 scilicet
1698 3306 2003 3373 intelligens

417 3414 622 3467 nullum
649 3425 847 3480 corpus
893 3422 1013 3462 esse
1037 3420 1195 3475 posse
1215 3444 1230 3469 ,
1264 3404 1365 3458 nisi
1412 3409 1505 3456 aut
1545 3400 1911 3472 principaliter
1935 3413 2004 3453 ex

418 3504 585 3559 nihilo
624 3512 886 3563 creatum,
931 3499 1069 3554 sicut
1113 3511 1401 3566 corporum
1442 3501 1567 3548 sunt
1592 3493 1881 3555 elementa,
1912 3499 2004 3544 aut

417 3612 485 3652 ex
509 3596 593 3651 bis
630 3594 907 3661 analogica
950 3591 1159 3645 ratione
1207 3588 1514 3650 formatum,
1547 3588 1779 3640 animam
1811 3592 2006 3654 corpus

417 3703 539 3743 esse
566 3688 892 3749 decernens;
922 3682 1111 3736 maluit
1133 3679 1382 3734 eamdem
1406 3694 1474 3731 ex
1497 3693 1603 3731 uno
1636 3675 2005 3745 principalium

418 3792 709 3846 corporum
735 3775 1005 3829 aestimare
1044 3770 1258 3834 factam,
1298 3783 1459 3837 quam
1480 3782 1546 3821 ex
1572 3767 1822 3821 omnibus
1844 3765 2008 3821 fuisse

420 3866 802 3936 compositam.
834 3861 1041 3916 Callide
1072 3859 1320 3914 videlicet
1360 3867 1549 3912 cautus
1578 3857 1813 3925 ingenio,
1838 3858 2006 3913 noluit

421 3957 615 4012 anima:
643 3953 995 4009 substantiam
1026 3950 1317 4004 multorum
1358 3963 1650 4018 corporum
1680 3961 2008 4016 congregare

423 4047 680 4108 mixtura,
711 4060 781 4099 ne
821 4058 888 4097 ex
936 4042 1126 4096 iisdem
1172 4047 1450 4095 contracta
1498 4039 1775 4109 principiis
1817 4040 2011 4107 quibus

424 4154 624 4209 corpus
652 4137 964 4202 extrui-ium,
998 4134 1044 4189 si
1072 4132 1294 4203 perinde
1339 4132 1607 4187 diceretur
1630 4131 1869 4200 potuisse
1902 4129 2013 4185 for-

425 4232 581 4297 mari,
613 4238 838 4285 eatenus
873 4227 1144 4283 videretur
1190 4239 1349 4294 posse
1384 4223 1623 4279 dissolvi.
1672 4223 2015 4293 Quapmpter

426 4338 608 4378 aerem
642 4321 876 4390 delegit,
904 4335 972 4374 ex
1000 4334 1108 4388 quo
1146 4327 1240 4372 aut
1263 4318 1352 4373 cui
1380 4316 1611 4370 animam
1641 4315 1868 4369 similem
1898 4315 2013 4369 fore

426 4416 711 4481 decernat;
763 4412 1022 4482 adjiciens
1074 4410 1439 4466 testimonium
1490 4407 1574 4462 sui
1636 4408 1817 4461 nescio
1861 4405 2014 4475 cujus

2090 1854 2292 1932 aliquid
2311 1855 2517 1925 patitur
2543 1852 2679 1920 ignis
2707 1858 2766 1904 ut
2811 1848 3022 1917 frigeat.
3053 1843 3161 1899 Aer
3205 1839 3526 1912 quibuslibet
3549 1848 3654 1889 vaso

2090 1949 2223 2004 culis
2279 1947 2479 2003 includi
2524 1952 2581 2001 et
2627 1940 2891 1999 contineri
2935 1943 3144 2010 potest;
3168 1949 3296 1990 eum
3328 1932 3432 1986 hoc
3457 1939 3656 1999 prorsus

2090 2041 2201 2110 igni
2229 2055 2338 2095 non
2365 2037 2591 2094 accidat.
2635 2034 2734 2090 Est
2761 2046 2889 2103 ergo
2919 2031 3056 2101 ignis
3102 2042 3230 2083 aere
3278 2022 3550 2096 perspicua
3576 2032 3655 2073 ras

2091 2134 2240 2189 tione
2270 2129 2634 2203 praestantior.
2665 2126 2824 2183 Visus
2847 2139 2978 2179 vero
3006 2120 3163 2175 nobis
3195 2132 3263 2173 ex
3291 2116 3413 2184 igne
3438 2119 3541 2176 est,
3576 2109 3656 2179 qui

2093 2199 2289 2294 utique
2321 2236 2513 2278 sensus
2550 2216 2756 2274 homini
2784 2215 3083 2281 bellumque
3127 2205 3434 2265 communis
3458 2199 3657 2258 est:sic

2095 2322 2274 2368 tamen
2304 2320 2363 2367 ut
2382 2309 2654 2365 nonnullae
2679 2304 3018 2361 irrationales
3044 2301 3346 2355 animantes
3371 2309 3478 2367 pra:
3500 2291 3658 2347 homi—

2093 2406 2252 2460 nibus
2270 2404 2489 2473 vigeant
2516 2400 2764 2456 acumine
2783 2394 3018 2452 videndi.
3049 2393 3107 2448 Si
3135 2405 3266 2460 ergo
3288 2387 3469 2457 negari
3496 2381 3659 2452 nequit

2093 2498 2240 2569 quod
2266 2498 2414 2553 visus
2440 2511 2507 2552 ex
2537 2495 2659 2563 igne
2686 2502 2787 2558 est,
2812 2498 2870 2546 et
2896 2485 3191 2545 secundum
3244 2492 3390 2537 tuam
3420 2478 3658 2534 rationem

2096 2591 2276 2645 anima
2299 2604 2369 2644 ex
2396 2602 2553 2653 aere;
2584 2583 2910 2641 eminentior
2947 2592 3078 2648 ergo
3119 2584 3204 2633 est
3249 2573 3505 2642 dignitate
3546 2564 3658 2621 sub-

2095 2683 2309 2739 stantiae
2336 2681 2524 2737 oculus
2569 2676 2808 2749 pecudis,
2835 2687 2996 2744 quam
3044 2670 3224 2724 animo
3273 2662 3520 2721 hominis.
3541 2656 3659 2725 Quia

2097 2773 2188 2830 ille
2214 2789 2281 2829 ex
2311 2773 2453 2841 igne,
2483 2778 2539 2826 et
2559 2747 2673 2825 haec
2700 2782 2769 2824 ex
2797 2779 2942 2820 aere.
2962 2761 3079 2817 Non
3108 2772 3240 2828 ergo
3270 2754 3532 2812 immerito
3557 2747 3658 2803 ani-

2097 2880 2240 2920 mam
2268 2863 2497 2919 localem
2518 2867 2691 2931 putat,
2730 2864 2788 2913 et
2833 2857 3069 2912 claustro
3110 2850 3359 2920 corporis
3405 2842 3659 2901 continuat

2098 2955 2317 3022 includi,
2342 2956 2437 3024 qui
2461 2952 2706 3009 eamdem
2730 2949 2932 3005 aeriam
2948 2944 3170 3015 judicat.
3188 2941 3517 2997 Alterutrum
3540 2944 3661 2988 nunc

2102 3049 2264 3117 igitur
2301 3022 2468 3114 eli—gas
2496 3048 2709 3115 oportet
2741 3058 2753 3093 :
2798 3046 2891 3094 aut
2943 3036 3271 3092 deteriorem
3315 3033 3430 3086 visu
3469 3022 3661 3099 pecudis

2104 3142 2358 3205 animam,
2403 3139 2448 3193 si
2481 3138 2713 3201 aeriam;
2744 3141 2837 3188 aut
2865 3146 2973 3186 non
2998 3128 3219 3192 aeriam,
3249 3125 3298 3179 si
3352 3117 3658 3194 przestantio-

2105 3232 2443 3289 rem.Cernis
2469 3244 2632 3299 quam
2655 3226 2810 3282 facile
2832 3225 3062 3278 indocta:
3089 3221 3405 3287 ﬁgmentum
3441 3223 3661 3283 praesunt-

2104 3325 2304 3397 ptionis
2320 3324 2556 3385 evanuit,
2573 3327 2932 3391 praeterquam
2949 3316 3225 3369 innumera
3237 3322 3404 3380 super
3417 3307 3518 3361 hoc
3528 3313 3663 3367 argu-

2104 3416 2334 3472 mentari
2355 3413 2813 3485 promptissimum
2832 3409 2952 3464 est?
2967 3405 3174 3475 Nempe
3195 3404 3240 3458 si
3266 3402 3414 3458 aeria
3433 3406 3530 3461 est,
3554 3406 3663 3461 ergo

2109 3505 2346 3562 tenebrze
2374 3505 2535 3568 illius,
2565 3500 2814 3571 corporei
2836 3498 2995 3568 hujus
3020 3495 3153 3551 solis
3179 3493 3486 3553 abscessus;
3516 3494 3567 3540 et
3590 3484 3665 3536 lux

2106 3600 2243 3667 ejus,
2274 3598 2433 3667 hujus
2458 3596 2624 3666 ipsius
2657 3593 2842 3649 itidem
2870 3590 3001 3646 solis
3028 3588 3293 3643 adventus
3316 3593 3420 3641 est.
3453 3578 3664 3636 Falsum-

2106 3707 2214 3761 que
2235 3692 2338 3745 erit
2362 3688 2511 3753 illud,
2543 3686 2686 3757 quod
2731 3683 3061 3751 evangelista
3104 3678 3439 3750 pronuntiat,
3468 3673 3665 3728 dicens:

2107 3781 2242 3836 Erat
2275 3774 2366 3836 luas
2394 3795 2531 3844 uera,
2555 3793 2668 3849 qua:
2694 3773 2955 3830 illuminat
2981 3786 3186 3826 omnem
3208 3768 3467 3822 hominem
3490 3760 3665 3816 renitu-

2111 3885 2207 3929 tem
2238 3875 2293 3928 in
2321 3874 2455 3927 hunc
2482 3869 2727 3925 mundum
2751 3865 2932 3939 (Joan.
2963 3880 3001 3929 ι,
3032 3862 3110 3932 9).
3142 3860 3210 3915 Et
3238 3859 3367 3914 illud
3394 3855 3533 3927 quod
3556 3864 3666 3922 pro-

2108 3967 2272 4036 pheta
2306 3962 2405 4017 sub
2428 3969 2769 4032 peccatorum
2800 3971 3025 4028 persona
3047 3954 3286 4022 loquitur
3316 3970 3330 4004 :
3363 3949 3546 4003 Lumen
3565 3954 3668 4013 ergo

2104 4034 2323 4127 justitiae
2370 4070 2474 4119 non
2528 4051 2657 4106 luxit
2704 4049 2872 4112 nobis,
2903 4057 2951 4100 et
2980 4045 3060 4101 sol
3102 4061 3205 4100 non
3256 4053 3337 4098 est
3381 4050 3517 4098 ortus
3543 4034 3669 4090 nobis

2115 4147 2267 4216 (Sap.
2301 4160 2353 4200 v.
2388 4144 2464 4213 6).
2497 4140 2745 4212 Nunquid
2770 4142 2856 4194 isti
2896 4140 3038 4193 hunc
3064 4150 3390 4205 corporeum
3419 4130 3576 4187 solem
3603 4124 3671 4179 vi-

2111 4215 2302 4292 ventes
2331 4237 2381 4289 iu
2411 4236 2515 4289 hoc
2543 4232 2742 4287 mundo
2763 4246 2872 4286 non
2899 4227 3184 4284 viderunt?
3205 4225 3312 4282 Sed
3336 4215 3670 4291 incorporale!

2114 4327 2256 4387 oculi
2299 4330 2471 4384 solem
2513 4328 2889 4395 incorporeum
2930 4320 3294 4392 requirebant.
3328 4314 3488 4372 Valde
3515 4317 3671 4364 autem

2120 4424 2313 4481 mirum
2340 4420 2568 4484 videtur,
2597 4418 2641 4471 si
2671 4417 2759 4471 lux
2780 4416 2881 4470 ista
2908 4413 3105 4469 habeat
3132 4411 3317 4465 oculos
3345 4421 3478 4478 quos
3503 4396 3671 4457 illumi-

428 4508 680 4572 aucwris’
712 4504 868 4574 cuius
895 4503 1009 4557 hmo
1034 4500 1197 4554 verba
1237 4507 1362 4554 sum
1390 4517 1403 4551 ³
1436 4496 1721 4551 Namnam
1752 4506 1890 4560 “‘"t'
1935 4497 2016 4549 ί¹¹⁶
2043 4472 2094 4532 D
2123 4525 2243 4581 net;
2270 4514 2358 4569 illa
2383 4472 2568 4566 autem
2595 4524 2720 4564 vera
2745 4524 2849 4563 ann
2879 4507 3091 4562 habeat.
3110 4502 3273 4557 Autsi
3298 4472 3510 4561 habeat,
3533 4484 3671 4548 siculi

428 4600 563 4670 quit,
583 4597 844 4669 spiritales
858 4603 1079 4657 naturae,
1101 4600 1157 4644 ut
1184 4591 1377 4662 angeli,
1399 4588 1699 4659 archangeli
1722 4597 2017 4659 caztera'que

425 4692 639 4743 virtutes
670 4705 688 4742 :
715 4690 830 4759 ipsa
867 4699 1065 4757 quoque
1088 4683 1264 4736 anima
1290 4688 1499 4745 nostra,
1547 4680 1623 4733 rel
1647 4691 1782 4733 certe
1806 4696 1893 4732 aer
1913 4684 2017 4733 iste

430 4779 649 4843 subtilis,
669 4789 837 4833 tanien
853 4779 1170 4847 incorporea:
1191 4773 1482 4828 nullatenus
1503 4774 1840 4827 mstimanda'.
1867 4772 2015 4826 HtL‘C‘

430 4873 553 4925 eine
595 4870 920 4923 mandantur
943 4867 1107 4920 verba
1155 4863 1516 4919 membranis?
1545 4861 1614 4916 Et
1658 4863 1798 4916 istud
1842 4864 2018 4930 agitur

432 4959 726 5027 negotium,
749 4957 893 5025 quod
920 4956 1160 5024 agimus?
1187 4952 1360 5007 Missis
1384 4953 1647 5017 omnibus,
1680 4953 1780 5007 hac
1806 4959 2012 5006 tantum

433 5051 585 5104 lance
614 5046 899 5117 pendebat,
931 5057 991 5099 ut
1016 5045 1063 5099 si
1097 5045 1329 5099 animam
1374 5053 1468 5098 aut
1513 5059 1582 5099 ex
1626 5059 1753 5098 aere
1795 5042 2011 5108 factam,

431 5149 524 5194 aut
568 5138 681 5192 aeri
721 5135 947 5192 similem
978 5137 1115 5189 ratio
1139 5135 1377 5192 discussa
1424 5134 1765 5204 patefecerit;
1796 5151 1935 5190 nunc
1962 5136 2014 5189 in

431 5230 743 5295 adversarii,
785 5236 912 5282 tunc
965 5228 1019 5281 in
1063 5229 1301 5294 magistri
1354 5231 1677 5283 sententiam
1707 5230 1932 5299 pedibus
1959 5238 2020 5285 ut

435 5326 609 5388 aiunt,
660 5328 962 5383 transeam;
1005 5317 1029 5355 ι’
1059 5317 1268 5371 veniam
1296 5319 1632 5388 deprecatus,
1670 5320 1869 5375 erroris
1912 5320 2018 5374 Inei

434 5424 648 5483 egomet
684 5412 918 5468 nuntius.
942 5410 1037 5465 ειη
1081 5420 1260 5464 autem
1296 5411 1589 5481 propalam:
1616 5413 1860 5468 veritatis
1894 5413 2018 5484 jure

517 5629 542 5656 ⁸
563 5625 645 5679 Al.
678 5626 856 5707 quibus
881 5626 1049 5706 inesse
1068 5623 1375 5681 naturaliter
1389 5631 1621 5691 constat,
1653 5623 1756 5678 nisi
1783 5629 2004 5679 attracto

451 5711 568 5750 auc
589 5712 691 5752 non
709 5705 909 5752 sentiri.

2120 4623 2245 4663 vere
2292 4607 2472 4670 habet,
2520 4602 2665 4659 unde
2700 4601 2869 4656 videri
2909 4600 3286 4668 incorporeum
3336 4599 3535 4665 potest;
3579 4598 3669 4639 non

2116 4698 2293 4753 solum
2323 4713 2428 4752 non
2457 4696 2679 4761 aerium,
2712 4691 2805 4748 sed
2827 4690 3062 4746 arbitror
3090 4703 3194 4743 non
3210 4700 3332 4743 esse
3356 4690 3667 4753 corporeum.

2748 4844 2978 4900 CAPUT
3016 4841 3083 4897 Χ.

2227 4959 2377 5026 Quod
2393 4959 2507 5030 jam
2529 4958 2699 5029 [arma
2728 4966 2818 5010 aut
2849 4955 3139 5037 substantia
3161 4966 3268 5008 non
3295 4950 3460 5023 potest
3484 4945 3579 5001 dici

2792 5038 3030 5081 materta.

2191 5142 2320 5195 lllnzl
2335 5141 2445 5211 jam
2468 5141 2629 5210 quale
2657 5146 2760 5204 est,
2792 5138 2936 5208 quod
2966 5138 3018 5191 in
3045 5137 3163 5206 ipso
3190 5127 3557 5204 disputationis
3579 5131 3665 5176 tum

2116 5235 2380 5306 principio
2409 5230 2804 5287 admonendum
2831 5228 3101 5285 credidisti
3122 5241 3240 5282 esse
3263 5225 3530 5282 lectorem,
3544 5221 3595 5269 ιιι
3609 5208 3667 5264 ad

2119 5326 2400 5382 subtiliora
2438 5321 2721 5391 cogitanda
2762 5323 2998 5376 animum
3023 5323 3382 5389 pmpararet;
3411 5319 3463 5367 et
3498 5312 3664 5362 nunc:

2119 5417 2344 5474 summis
2371 5416 2439 5471 ad
2459 5418 2586 5484 ima,
2609 5416 2677 5471 ab
2704 5413 3036 5486 incorporeis
3062 5412 3131 5466 ad
3157 5422 3417 5483 corporea
3433 5393 3662 5460 rationale

3554 5546 3559 5571 l

2186 5622 2211 5662 1³
2234 5623 2317 5680 Al.
2350 5640 2440 5679 nec
2461 5622 2778 5695 deprecatus,
2808 5635 3036 5677 errorem
3061 5626 3386 5692 postponam.
