3920 6176
177 309 270 363 TIS

1376 307 1461 360 DE
1501 303 1723 359 STATU
1764 302 2000 356 ΛΝἷΜίΕ
2043 303 2164 357 LIB.
2205 304 2243 358 l.

3331 305 3437 361 7H

175 434 417 482 nostrum
464 423 676 478 conaris
708 422 1008 477 abducere?
1049 419 1114 473 Et
1140 419 1292 489 quasi
1322 420 1523 474 docens
1558 435 1658 474 nos
1686 418 1751 471 ad
1782 422 1831 482 Α
1859 419 2130 475 nonnullis
2157 417 2604 488 disputationibus
2633 427 2898 484 astruuut,
2930 429 2985 475 et
3025 420 3168 489 ipsos
3194 419 3330 473 lunsc
3354 422 3438 475 vel

176 518 386 573 subtilia
416 516 614 571 mentis
635 515 850 570 oculum
875 528 1198 584 praeparare,
1219 512 1382 581 paulo
1403 519 1524 580 post
1552 509 1757 578 adjicis,

177 616 229 662 et
255 607 424 661 dicis:
453 605 720 675 Quidquid
740 612 979 658 creatum
1007 611 1109 668 est,
1136 601 1414 656 materiam
1443 600 1632 666 videri,
1656 615 1760 668 qua

178 711 496 766 corpoream
525 710 645 750 esse
673 695 939 749 decernis.
972 693 1028 749 Si
1060 693 1232 748 adhuc
1261 700 1506 746 creatura
1536 690 1762 745 materia

179 795 276 852 est,
311 787 550 841 nondum
597 799 728 853 ergo
774 784 1038 840 formatus
1067 800 1146 840 es.
1198 783 1334 850 Quia
1381 782 1576 837 dicitur
1605 781 1714 836 Deo
1747 803 1757 836 :

180 887 204 915 ι
235 874 340 940 Qui
361 876 548 929 creasti
575 875 835 928 hominem
858 890 923 928 ex
946 875 1165 928 materia
1189 873 1422 942 infami.
1449 872 1764 926 Formarum

180 977 361 1024 autem
391 968 506 1022 sive
538 967 714 1021 minus
736 968 848 1022 sive
878 968 1108 1037 amplius
1145 981 1243 1036 pro
1271 965 1528 1035 qualitate
1560 965 1647 1019 vel
1675 977 1770 1032 ge-

180 1078 308 1118 nere
335 1061 700 1130 speciosarum
752 1060 941 1129 plenus
970 1067 1052 1114 est
1097 1058 1346 1114 mundus.
1388 1056 1610 1111 Materia
1638 1071 1767 1111 vero

181 1153 424 1210 informis
474 1161 585 1217 est,
642 1152 980 1221 mundusque
1021 1151 1302 1207 formatus.
1346 1149 1463 1204 Non
1512 1156 1592 1202 est
1639 1161 1769 1215 ergo

181 1253 428 1301 creatura
456 1245 703 1298 materia.

791 1331 1018 1388 CAPUT
1054 1331 1144 1387 XI.

185 1424 335 1490 Quod
363 1440 512 1480 omne
533 1423 778 1496 quidquid
805 1425 1163 1496 incorporeum
1207 1423 1312 1476 sive
1349 1436 1651 1492 corporeum
1675 1427 1768 1484 est,

597 1496 884 1547 increatum
913 1495 1014 1547 dici
1045 1509 1148 1547 non
1173 1501 1356 1561 potest.

252 1607 383 1664 Post
409 1608 525 1661 hsce
563 1607 960 1675 argumentaris
979 1621 1043 1662 ac
1069 1605 1201 1661 dicis
1236 1624 1248 1658 :
1281 1604 1486 1660 Idcirco
1518 1604 1770 1673 incorpo-

183 1711 338 1752 reum
386 1706 630 1752 creatum
672 1698 747 1751 nil
777 1712 918 1757 esse.
958 1698 1080 1766 quia
1131 1697 1391 1766 quidquid
1445 1695 1636 1751 factori
1673 1711 1774 1750 suo

1863 511 1992 566 solis
2017 511 2202 579 globos
2223 511 2552 581 incorporeis
2576 512 2824 567 videlicet
2844 513 3118 582 spiritibus
3147 512 3244 567 sub
3265 512 3442 566 divina

1864 601 2094 670 quadam
2130 610 2310 656 mente
2357 603 2612 670 vegetari.
2647 602 2753 657 Sed
2793 614 3006 674 oportet
3034 618 3292 672 agnoscas
3339 604 3444 658 hoc

1866 691 2006 747 idem
2028 693 2412 759 testimonium,
2447 711 2554 750 non
2573 695 2744 750 solum
2768 712 2866 766 pro
2891 698 3155 751 sententia
3191 705 3280 751 tua
3305 713 3406 752 con
3425 729 3438 738 -

1868 791 1948 837 tra
1980 799 2080 838 nos
2109 783 2262 850 nihil,
2293 785 2387 839 sed
2417 785 2672 840 adversus
2701 785 2940 843 eamdem
2969 804 3068 857 pro
3088 787 3240 842 nobis
3262 788 3443 842 valere

1870 873 2178 945 plurimum.
2217 875 2369 942 Quod
2399 891 2465 932 eo
2495 878 2590 931 tibi
2620 877 2831 941 accidit,
2865 879 2988 947 quia
3013 880 3441 950 philosophicam

1868 979 1976 1019 non
2023 965 2369 1032 intelligendo
2412 951 2753 1032 sententiam,
2793 968 2919 1023 illud
2947 986 3044 1040 pro
3069 980 3159 1025 tu‘a
3196 971 3447 1027 videlicet

1868 1064 2022 1127 parte
2049 1057 2296 1127 posuisti,
2325 1057 2468 1128 quod
2508 1059 2676 1130 probe
2703 1060 3032 1116 intellectum
3064 1079 3168 1116 non
3199 1064 3298 1118 nisi
3351 1083 3446 1120 no-

1869 1150 1995 1204 stris
2025 1159 2228 1204 tantum
2252 1149 2426 1226 possit
2469 1153 2709 1220 partibus
2747 1151 3044 1222 sullragari.
3076 1153 3130 1209 Si
3156 1157 3298 1210 enim
3327 1173 3448 1211 cor-

1871 1255 2068 1310 poreos
2096 1227 2314 1310 spiritus
2341 1257 2462 1296 esse
2491 1242 2796 1312 phi1050phi
2827 1244 3111 1310 dixissent,
3145 1247 3196 1300 in
3228 1263 3446 1302 eorum-

1875 1331 1995 1386 dem
2026 1348 2133 1386 non
2180 1331 2575 1406 definientium,
2599 1334 2696 1388 sed
2741 1335 3117 1392 arbitrantium
3144 1339 3322 1408 potius
3351 1355 3448 1393 au-

1873 1423 2122 1475 ctoritate
2140 1429 2282 1476 totus
2300 1423 2646 1479 nihilominus
2667 1429 3144 1494 argumentationis
3160 1438 3262 1483 tua:
3283 1431 3448 1485 cardo

1874 1513 2149 1568 titubnrct.
2179 1512 2314 1568 Cum
2341 1530 2469 1569 vero
2492 1515 2565 1569 illi
2589 1532 2695 1570 non
2725 1517 3050 1584 dubitanter,
3083 1521 3174 1574 sed
3196 1521 3446 1587 scienter,

1875 1619 1982 1658 non
2022 1619 2334 1674 corporeos,
2397 1606 2490 1661 sed
2537 1617 2854 1678 corporatos
2919 1611 3138 1680 spiritus
3188 1612 3450 1681 dixerint,

1875 1710 2055 1750 nonne
2101 1695 2395 1750 dinoscitur
2441 1696 2798 1768 quodcunque
2825 1707 2909 1754 est
2953 1711 3295 1771 corporatum
3347 1721 3452 1759 non

182 1789 668 1860 comprehensibile
706 1791 793 1856 sit,
826 1790 1202 1859 incorporeum
1257 1804 1375 1844 esse
1422 1803 1530 1843 non
1579 1787 1766 1858 possit.
1802 1790 1849 1850 B
1876 1801 1993 1840 esse
2013 1788 2370 1856 corporeum?
2399 1786 2648 1858 Alioquin
2677 1806 2987 1859 corporeos,
3009 1808 3114 1846 non
3141 1803 3456 1862 corporatos

183 1880 296 1936 Sub
327 1883 428 1936 hac
450 1894 579 1949 ergo
609 1881 820 1936 ratione
851 1881 966 1950 ipse
991 1881 1093 1936 sibi
1123 1881 1261 1935 Deus
1287 1881 1500 1950 ignotus
1525 1887 1608 1934 est
1642 1897 1653 1932 :
1686 1879 1778 1948 qui

184 1975 228 2030 si
256 1973 457 2028 idcirco
487 1973 862 2043 incorporeum
884 1972 1015 2026 nihil
1031 1972 1253 2038 creavit,
1278 1987 1377 2026 nec
1397 1971 1600 2041 aliquid
1627 1985 1780 2025 crea-

185 2075 305 2120 tam
329 2064 574 2119 notitiam
605 2064 864 2118 creatoris
893 2063 1194 2130 excederet,
1211 2079 1329 2118 cum
1350 2064 1439 2118 vel
1459 2077 1779 2133 corporeum

185 2157 276 2212 vel
306 2157 687 2224 incorporeum
702 2155 833 2209 nihil
863 2155 966 2210 nisi
987 2155 1323 2224 pmcedcnte
1343 2155 1564 2209 scientia
1594 2169 1782 2210 crean-

186 2251 258 2305 tis
305 2247 590 2312 exstiterit,
619 2246 869 2302 videlicet
922 2246 1049 2316 qnia
1083 2247 1215 2300 nihil
1252 2246 1500 2301 nesciens
1534 2245 1679 2300 fecit.
1711 2243 1783 2300 Se

188 2343 368 2412 ipsum
398 2354 527 2408 ergo
549 2354 659 2409 prae
687 2339 936 2394 omnibus
990 2339 1196 2404 nescit,
1237 2339 1328 2406 qui
1375 2337 1786 2407 incorporaliter

185 2429 467 2490 antecellit
513 2447 725 2487 omnem
754 2431 1106 2486 substantiam
1153 2445 1310 2500 quam
1341 2427 1570 2485 ereavit.
1592 2429 1668 2484 Ac
1687 2445 1786 2500 per

185 2525 298 2579 hoc
326 2523 502 2592 major
523 2536 581 2576 se
627 2522 744 2592 ipso
771 2529 875 2588 est,
915 2522 1007 2590 qui
1030 2521 1112 2575 sui
1153 2537 1322 2592 capax
1349 2535 1456 2575 non
1500 2527 1602 2574 est.
1632 2519 1787 2587 Quod

184 2615 321 2685 quia
343 2613 451 2668 dici
477 2613 686 2668 ratione
718 2627 824 2667 non
854 2611 1064 2676 sinitur,
1095 2625 1433 2680 consequens
1454 2617 1555 2676 est,
1579 2617 1636 2664 ut
1666 2611 1788 2666 ideo

185 2707 574 2774 incorporeum
602 2702 877 2773 quippiam
907 2701 933 2740 δ
978 2701 1260 2766 creaverit,
1310 2715 1379 2755 ne
1408 2701 1509 2756 sibi
1546 2706 1788 2756 creatum

186 2795 404 2866 aliquid
436 2794 972 2864 incomprehensibile
1000 2809 1120 2849 esse
1149 2794 1344 2863 possit;
1369 2808 1488 2848 cum
1512 2778 1626 2862 ipse
1653 2808 1793 2846 sum-

187 2903 321 2942 mus
371 2887 725 2954 incorporeus
755 2883 857 2938 sibi
885 2883 1099 2952 ignotus
1134 2898 1256 2938 esse
1298 2899 1406 2938 non
1435 2883 1627 2953 possit.
1656 2881 1792 2938 Vide

185 2991 360 3051 quam
389 2991 560 3047 parvo
587 2975 804 3043 negotio
833 2974 1077 3029 veritatis
1105 2975 1255 3030 calor
1275 2973 1580 3043 frigentium
1600 2975 1792 3029 verbo-

186 3087 316 3126 rum
350 3068 574 3139 pruinas
604 3064 927 3135 liquefaciat.
960 3064 1028 3119 Et
1055 3081 1175 3120 cum
1213 3065 1516 3120 discernere
1545 3079 1786 3134 nequeas

1880 1875 2101 1945 spiritus
2141 1889 2258 1930 esse
2301 1873 2599 1932 dixissent:
2631 1879 2754 1949 quia
2801 1879 2930 1948 illud
2984 1890 3064 1936 est
3113 1898 3455 1952 corporeum,

1880 1967 2025 2037 quod
2045 1969 2396 2040 incorporeus
2421 1971 2640 2039 spiritus
2667 1972 2901 2040 animat;
2926 1973 3053 2028 illud
3083 1984 3262 2030 autem
3286 1977 3461 2032 incor-

1881 2075 2125 2130 poreum,
2148 2075 2255 2129 quo
2279 2077 2476 2132 corpus
2503 2064 2789 2117 animatur.
2813 2064 3149 2136 Quapropter
3176 2084 3295 2122 cum
3325 2068 3462 2122 dilu-

1883 2151 2002 2206 cide
2024 2151 2345 2207 vivilicatum
2367 2169 2564 2224 corpus
2592 2154 2660 2208 ab
2682 2156 2998 2226 incorporeo
3027 2157 3326 2213 viviﬁcante
3354 2159 3461 2214 dis-

1883 2243 2170 2308 creverint,
2197 2242 2409 2298 videtur
2430 2245 2557 2298 mihi
2586 2244 2728 2315 quod
2750 2246 2849 2300 iste
2880 2248 3122 2318 corporis
3150 2249 3459 2315 advocatus,

1885 2339 1979 2387 aut
2004 2332 2431 2403 philosophicam
2461 2334 2527 2389 de
2557 2335 2856 2391 substantia
2892 2337 3215 2410 incorporali
3243 2350 3461 2395 sentcn-

1884 2424 2014 2480 tiam
2031 2440 2136 2480 non
2153 2426 2493 2492 intellexerit,
2511 2435 2602 2482 aut
2633 2445 2965 2500 nequaquam
2990 2448 3088 2502 pro
3109 2447 3166 2487 se
3195 2433 3465 2502 objectare

1887 2513 2131 2570 debuerit
2152 2517 2251 2570 sub
2280 2515 2396 2586 ipso
2426 2517 2596 2572 sancti
2626 2517 2933 2590 llieronymi
2962 2523 3197 2578 nomine.

1956 2603 2021 2659 ΙΙ.
2053 2604 2323 2674 Sequitur,
2356 2610 2411 2661 et
2451 2607 2690 2678 adjungit
2721 2626 2733 2661 :
2764 2608 2824 2664 Si
2851 2611 3051 2682 angeli,
3085 2611 3273 2682 inquit,
3318 2613 3466 2668 aule-

1889 2699 1990 2751 stia
2029 2697 2181 2750 etiam
2228 2713 2446 2769 corpora
2486 2699 2555 2752 ad
2587 2702 3022 2771 comparationem
3069 2700 3167 2755 Dei
3206 2703 3468 2757 immunda

1888 2805 2000 2844 esse
2049 2789 2311 2853 dicuntur,
2370 2790 2493 2860 quid
2546 2799 2697 2860 putas
2744 2791 2894 2846 homo
2941 2795 3311 2849 existimandus
3357 2797 3469 2850 est?

1890 2877 2159 2946 Quantum
2197 2879 2376 2949 video,
2406 2881 2823 2939 violentissimus
2868 2883 3170 2957 diSputator
3203 2903 3302 2942 nec
3331 2886 3470 2942 istud

1893 2971 2162 3039 intelligit.
2189 2971 2422 3040 Angelos
2447 2973 2588 3028 enim
2620 2975 2778 3030 unitls
2806 2975 2976 3031 credit
3004 2993 3122 3034 esse
3141 2979 3468 3044 substantirr,

1892 3069 1952 3115 ut
1979 3062 2170 3118 melius
2196 3062 2263 3117 de
2287 3062 2552 3118 sideribus
2580 3066 2795 3130 sentiat,
2822 3081 2941 3135 quae
2970 3077 3282 3138 corporales
3311 3070 3470 3140 spiri-

186 3177 218 3215 a
248 3167 450 3215 creato
477 3157 788 3222 materiam,
821 3156 888 3210 ab
938 3154 1154 3210 informi
1195 3155 1480 3211 formatum
1501 3197 1517 3224 ,
1561 3156 1628 3211 ab
1667 3170 1792 3210 aere
1819 3153 1863 3214 C
1897 3161 1980 3208 tus
1994 3153 2216 3222 judicat.
2247 3153 2495 3222 Nunquid
2523 3155 2611 3209 hic
2637 3155 2780 3209 aliud
2799 3157 2882 3211 vir
2907 3157 3095 3213 doctus
3117 3159 3473 3230 Hieronymus

187 3253 481 3323 spiritum;
515 3249 566 3303 in
595 3249 883 3317 imaginem
905 3247 999 3302 Dei
1030 3248 1363 3318 pronuntias,
1405 3255 1658 3317 tanquam
1687 3264 1791 3318 po-

187 3345 538 3400 tissimorum
573 3343 758 3407 sciter,
808 3341 900 3410 qui
947 3341 1215 3396 minorum
1260 3341 1506 3410 probaris
1554 3340 1788 3408 ignarus.

186 3434 318 3490 lam
368 3448 512 3487 nunc
540 3432 965 3486 testimoniorum
994 3432 1080 3487 vel
1109 3431 1341 3486 maxime
1397 3430 1619 3500 penuria
1667 3445 1791 3484 coa-

187 3534 344 3588 ctus,
376 3524 447 3578 de
489 3523 725 3592 quodam
766 3537 931 3592 opere
959 3522 1132 3577 sancti
1173 3521 1485 3593 Hieronymi
1506 3521 1792 3590 capitulum

189 3617 474 3688 quoddam
505 3614 670 3686 (quod
699 3615 914 3684 quidem
945 3623 998 3669 te
1027 3621 1240 3670 constat
1282 3630 1391 3669 non
1442 3613 1791 3682 intellexisse)

187 3706 502 3776 subjungis,
528 3706 620 3774 qui
653 3706 730 3759 ait
763 3723 776 3757 :
827 3702 1020 3760 Globos
1057 3706 1287 3759 siderum
1333 3711 1636 3774 corporales
1683 3720 1796 3758 esse

188 3799 420 3871 spiritus
440 3795 774 3850 arbitrantur.
791 3795 1016 3851 Omnem
1033 3797 1124 3865 qui
1145 3795 1451 3861 arbitratur,
1477 3803 1666 3850 nutare
1686 3810 1794 3850 non

188 3889 432 3945 dubium
461 3895 562 3942 est.
596 3886 819 3942 Beatam
845 3902 976 3942 vero
1009 3885 1394 3958 Hieronymum
1431 3886 1496 3942 de
1524 3887 1798 3957 spiritibus

188 3980 512 4050 corporalis
530 3977 884 4048 quorumdam
901 3977 1106 4033 referre
1127 3977 1261 4033 dicis
1289 3978 1570 4034 arbitrium
1592 3996 1606 4045 ;
1637 3979 1728 4048 qni
1751 3979 1797 4035 si

187 4069 609 4132 arbitrantium,
656 4069 764 4124 hoc
821 4075 933 4133 est,
965 4067 1324 4123 dubitantium
1367 4069 1609 4137 sequitur
1659 4071 1799 4124 forte

185 4160 551 4223 sententiam,
584 4174 706 4214 cum
732 4158 924 4214 eodem
947 4172 1164 4228 quoque
1191 4166 1250 4213 tu
1278 4173 1523 4228 sequere.
1554 4157 1799 4228 Cumque

186 4269 317 4310 non
343 4251 448 4306 nisi
461 4251 530 4305 ab
554 4249 854 4319 ignorantia
874 4248 1248 4320 proficiscatur
1266 4249 1512 4305 dubietas
1532 4249 1798 4305 arbitran-

181 4347 287 4412 tis,
326 4342 576 4412 agnoscis
603 4347 658 4397 te
678 4341 835 4396 nobis
855 4339 1218 4409 quaerentibus
1236 4341 1541 4406 veri-tatem,
1571 4355 1672 4412 pro
1692 4355 1798 4394 una

181 4452 372 4508 quam
403 4434 674 4505 polliceris
712 4434 954 4498 scientia,
981 4433 1271 4489 multorum
1300 4433 1624 4488 nescientias
1653 4441 1796 4488 attu-

1893 3243 2091 3298 dixisse
2113 3243 2438 3308 censebitur,
2464 3245 2565 3299 nisi
2600 3247 2912 3314 angelorum
2939 3264 3163 3320 corpora
3195 3250 3472 3305 babilitatc

1893 3335 1975 3389 sui
1997 3343 2159 3403 atque
2187 3335 2446 3404 potentia,
2478 3336 2725 3391 humanis
2754 3336 2910 3406 longe
2941 3349 3195 3407 praestare
3229 3341 3474 3410 corpori--

1892 3427 2026 3481 bus?
2054 3424 2262 3480 Pariter
2299 3441 2420 3480 cum
2461 3425 2595 3481 dixit
2628 3445 2640 3479 :
2674 3426 2734 3482 Si
2762 3429 2952 3499 angeli,
2985 3437 3039 3484 et
3067 3429 3279 3499 adjecit,
3322 3430 3474 3483 cccle-

1893 3519 1993 3571 stia
2021 3519 2172 3571 etiam
2202 3533 2453 3587 corpora;
2495 3517 2600 3573 duo
2629 3520 2870 3588 quantam
2909 3520 3129 3590 intelligi
3160 3522 3345 3584 voluit,
3372 3539 3473 3574 ar.-

1895 3610 2034 3681 gelos
2063 3617 2118 3664 et
2158 3608 2384 3664 caelestia
2423 3627 2658 3682 corpora.
2691 3611 2825 3678 Quia
2861 3629 2982 3668 cum
3009 3613 3230 3683 angelici
3259 3614 3474 3685 spiritus

1895 3701 2166 3770 corporati
2212 3702 2338 3768 sint,
2370 3710 2496 3757 sunt
2524 3703 2576 3756 in
2619 3704 2756 3760 ccelo
2786 3705 3029 3775 quaedam
3057 3721 3174 3776 qum
3210 3707 3324 3762 sola
3345 3706 3475 3762 ‘sunt

1895 3809 2144 3864 corpora.
2192 3795 2359 3864 igitur
2405 3797 2680 3852 evidenter
2736 3799 2968 3854 ostendit
3021 3799 3222 3855 nullum
3281 3816 3476 3871 corpus

1896 3885 2191 3954 quamlibet
2237 3902 2546 3957 supremum
2583 3889 2722 3954 loco,
2765 3891 3058 3960 quamlibet
3083 3901 3276 3963 potens
3304 3901 3472 3956 metu,

1897 3976 2230 4046 incorporeis
2259 3993 2416 4047 posse
2437 3981 2694 4052 praeponi.
2725 3980 2957 4037 Rursum
2977 3997 3045 4037 ex
3073 3985 3478 4053 comparatione

1899 4066 2120 4135 gradum
2141 4066 2344 4122 faciens
2372 4069 2501 4122 dicit
2526 4087 2538 4121 :
2567 4068 2715 4124 Adeo
2743 4070 2936 4126 divinis
2961 4072 3234 4127 hominem
3255 4088 3476 4143 compa-

1899 4159 2008 4214 rari
2036 4172 2142 4211 non
2179 4173 2356 4228 posse,
2387 4166 2446 4212 ut
2473 4174 2572 4213 nec
2597 4159 2802 4228 angelis
2829 4160 3016 4230 possit.
3048 4159 3313 4216 Discernit
3339 4178 3478 4234 prse—

1905 4255 2050 4303 terea
2079 4262 2277 4317 corpus
2304 4255 2360 4302 et
2384 4262 2598 4302 carnem
2618 4289 2632 4313 ,
2664 4249 2785 4318 quia
2816 4264 2936 4304 cum
2966 4251 3140 4305 omnis
3169 4265 3295 4307 caro
3317 4253 3477 4307 etiam

1901 4354 2098 4410 corpus
2117 4339 2206 4404 sit,
2229 4353 2339 4392 non
2367 4352 2529 4393 omne
2557 4353 2753 4408 corpus
2780 4346 2862 4395 est
2889 4355 3034 4395 caro.
3067 4338 3220 4396 Unde
3245 4340 3480 4411 Aposto-

1899 4431 1982 4486 lus
2007 4447 2021 4483 ε
2052 4430 2170 4484 Alia
2190 4446 2310 4485 caro
2338 4429 2618 4496 volucrum,
2643 4432 2748 4485 alia
2777 4447 2900 4486 caro
2925 4433 3160 4503 piscium,
3185 4433 3290 4487 alia
3312 4441 3482 4486 autem

182 4533 357 4587 lisse.
409 4527 543 4581 Nam
583 4541 705 4582 cum
740 4526 893 4596 quasi
933 4525 1312 4596 probatissimo
1341 4525 1653 4582 testimonio
1682 4526 1798 4595 ejus
1823 4519 1875 4584 Ι)
1901 4522 2181 4576 hominum.
2208 4520 2278 4575 Et
2318 4538 2537 4594 corpora
2565 4523 2788 4578 calestia
2807 4532 2855 4578 et
2876 4540 3092 4594 corpora
3136 4525 3395 4579 terrestria
3421 4525 3438 4595 (
3462 4524 3483 4578 ῐ

183 4620 404 4683 utaris,
436 4617 528 4686 qui
547 4615 614 4671 de
641 4617 721 4672 eis
740 4616 988 4671 dubitans
1014 4628 1241 4685 quorum
1265 4617 1584 4672 testimoniis
1610 4616 1794 4681 utitur,

182 4723 246 4768 et
282 4725 395 4767 cos
423 4708 728 4763 dubitantes
757 4705 1089 4775 atl'ert..qu65
1119 4713 1287 4761 testes
1314 4706 1560 4774 adhibet;
1589 4707 1716 4777 quid
1746 4714 1800 4762 te

182 4815 377 4875 posse
400 4797 750 4869 pronuntiare
771 4796 1098 4852 censendum
1127 4803 1226 4862 est,
1258 4796 1350 4866 qui
1381 4798 1449 4852 ab
1470 4797 1704 4852 auctoris
1723 4797 1800 4851 tui

179 4889 511 4949 dubitantis
531 4896 752 4944 auctore
777 4887 958 4950 dubio,
992 4887 1183 4941 tertius
1208 4888 1322 4957 ipse
1345 4887 1454 4957 jam
1485 4889 1731 4943 dubitas?

819 5020 1045 5077 CAPUT
1077 5021 1188 5076 XII.

178 5119 577 5194 Quodaucter
605 5114 774 5184 operis
799 5114 940 5168 illius
966 5113 1317 5194 philosophos
1345 5129 1449 5194 non
1487 5113 1800 5194 intelligens,

261 5187 464 5262 globos
486 5183 711 5238 siderum
738 5189 1036 5262 corporales
1064 5183 1276 5254 spiritus
1305 5183 1600 5262 arbitratus.
1621 5183 1706 5247 sit,
1753 5191 1801 5262 et

261 5252 499 5328 angelos
519 5271 740 5328 corpora
761 5252 871 5307 esse
897 5252 1172 5328 decernat;
1220 5259 1400 5306 contra
1429 5269 1542 5324 qua:
1569 5252 1802 5320 Apostoli

262 5323 582 5382 testimonio
607 5323 670 5376 de
689 5325 1060 5378 resurrectione
1084 5323 1268 5376 utitur.

259 5438 316 5495 Ι.
349 5435 500 5491 Istud
520 5448 620 5503 ego
643 5442 824 5488 tamen
852 5433 1204 5526 philosophos
1238 5435 1454 5500 reperio
1480 5434 1681 5501 dicere,
1708 5438 1800 5504 qui

263 5588 300 5616 ι
341 5573 522 5627 Locus
573 5574 750 5622 exstat
801 5565 927 5636 Sap.
979 5584 1052 5631 xi,
1101 5567 1188 5632 £8,
1234 5569 1328 5624 sed
1367 5569 1474 5623 alio
1501 5584 1681 5624 sensu.
1713 5570 1801 5627 Sic

169 5650 361 5709 enim
384 5642 455 5696 ibi
470 5641 537 5695 de
559 5639 913 5709 omnipotenti
930 5652 1088 5709 manu
1106 5639 1227 5692 Dei:
1254 5644 1473 5697 κτίσασα
1495 5661 1526 5696 τ
1555 5664 1580 5692 ν
1610 5643 1800 5709 κόσμον

170 5707 236 5789 ἐξ
263 5715 513 5791 ἀμόρφου
534 5709 675 5771 ὕλης,
706 5707 835 5774 Quae
853 5708 1054 5762 creavit
1093 5709 1346 5763 mundum
1378 5724 1445 5763 cx
1476 5707 1801 5766 materia'iu-

501 5799 776 5872 .PATBOL.
824 5812 982 5871 Lm.

1901 4611 2021 4668 Cor.
2045 4629 2136 4679 xv,
2168 4610 2254 4676 39,
2276 4611 2366 4684 40)
2397 4631 2409 4665 :
2427 4613 2713 4699 .evidenter
2742 4614 3047 4681 ostendens,
3072 4622 3342 4670 terrenum
3362 4629 3484 4668 cor-

1901 4720 2002 4775 pus
2027 4705 2192 4758 etiam
2226 4719 2442 4758 carnem
2463 4701 2596 4771 fore,
2627 4706 2844 4762 caeleste
2867 4720 2995 4759 vero
3033 4721 3140 4760 non
3170 4705 3331 4759 etiam
3360 4719 3484 4758 car-

1903 4811 2046 4852 nem.
2077 4795 2156 4850 Ne
2184 4794 2322 4852 forte
2349 4797 2436 4852 hic
2482 4796 2656 4866 aptari
2681 4789 2968 4851 conveniat
2996 4795 3125 4850 illud
3155 4795 3298 4866 quod
3328 4811 3483 4850 eum-

1906 4887 2025 4943 dem
2073 4887 2455 4958 Hieronymum
2504 4887 2699 4942 dicere.
2729 4887 2946 4941 memini
2975 4931 2990 4954 ,
3042 4886 3218 4958 globos
3260 4889 3486 4943 siderant

1912 4989 2208 5050 corporales
2240 4995 2350 5033 esse
2385 4979 2594 5047 spiritus
2640 4977 2978 5033 arbitrantur.
3029 4977 3100 5034 Ut
3146 4979 3259 5050 ipsa
3312 4980 3486 5036 sidera

1907 5069 2021 5124 sive
2041 5069 2350 5138 angelorum
2368 5083 2613 5138 corpora,
2637 5083 2860 5139 corpora
2890 5069 3076 5139 utique
3098 5071 3336 5126 cmlestia
3358 5069 3483 5126 sint:

1906 5176 2026 5218 cum
2051 5161 2126 5216 illi
2152 5163 2372 5232 spiritus
2395 5162 2485 5231 qui
2516 5163 2630 5216 istis
2654 5162 2924 5232 corporati
2945 5170 3087 5230 sunt,
3107 5163 3354 5234 corporei
3381 5178 3486 5218 non

1906 5255 2030 5311 sint.
2055 5252 2204 5309 Sicut
2231 5260 2286 5307 et
2304 5253 2473 5308 Deum
2500 5253 2726 5309 dicimus
2746 5255 3100 5322 incarnatum,
3133 5263 3188 5311 et
3215 5255 3350 5310 sicut
3373 5254 3484 5324 ipsa

1907 5339 2084 5401 anima
2095 5347 2326 5400 humana
2342 5346 2668 5412 incar'natur,
2684 5347 3000 5421 utique-cum
3018 5343 3485 5401 administrandam

1906 5438 2127 5507 suscipit
2165 5451 2403 5492 carnem.
2453 5436 2551 5492 Cui
2596 5439 2890 5507 quamlibet
2918 5438 3045 5494 illud
3071 5437 3297 5509 accidat,
3342 5433 3482 5505 quml

1907 5577 2096 5648 (armi,
2109 5590 2203 5629 seu
2231 5577 2416 5639 invisa,
2440 5585 2499 5630 ut
2521 5578 2687 5633 habet
2705 5577 2950 5648 Vulgata.

1981 5645 2007 5682 ι’
2038 5646 2120 5700 ΔΙ.
2145 5661 2249 5699 non
2273 5650 2534 5704 creaverit.

3129 5804 3204 5863 23
