3946 6182
464 225 582 282 ~illi

1666 193 1669 196 ⁴
1723 225 2031 281 MAMERTI
2070 226 2434 283 CLAUDIANI

3601 237 3696 294 7M

469 346 741 414 Scriptura
771 351 1016 406 testatur,
1044 342 1224 397 dicens
1256 363 1267 394 :
1297 339 1493 412 Corpus
1517 341 1652 413 quod
1679 341 2039 410 corrumpitur,
2074 344 2122 402 Α
2149 339 2276 394 dum
2328 342 2414 395 vel
2461 340 2782 406 bibendum,
2837 341 2923 395 ubi
2973 357 3078 398 non
3123 343 3490 401 dormiendum
3542 365 3698 418 neque

472 444 718 508 aggravat
745 436 970 488 animam
993 433 1143 505 (Sap.
1172 451 1245 498 ix,
1276 433 1375 504 l5)
1400 453 1411 486 :
1445 450 1550 488 non
1581 444 1757 488 tamen
1780 435 1830 488 in
1855 450 2051 505 corpus

469 527 711 582 converti
761 525 1082 581 credendum
1134 533 1234 590 est,
1268 525 1563 592 quamlibet
1612 523 1849 594 pondere
1878 525 2056 579 carnis

470 624 754 680 oneretur;
787 615 908 682 quia
958 629 1057 667 nec
1102 629 1299 683 corpus
1331 629 1563 682 unquam
1597 615 1649 668 in
1680 616 1870 669 animm
1899 624 2051 669 natu-

469 721 581 759 ram
604 705 1038 770 commutabitur,
1070 705 1366 774 quamlibet
1404 704 1592 758 eadem
1622 712 1906 773 vegetante
1937 719 2048 759 mo-

467 806 685 862 veatur;
737 797 973 865 alioquin
1016 812 1123 850 non
1153 796 1255 850 erit
1301 811 1513 864 corpus.
1546 795 1699 850 Unde
1741 795 1870 850 illud
1908 796 2052 865 quod

469 888 755 958 Apostolus
783 887 911 940 dixit
940 905 951 939 :
994 885 1063 940 Et
1108 904 1328 956 corpora
1359 888 1581 941 caelestia
1607 895 1660 940 et
1698 904 1916 958 corpora
1949 896 2052 941 ter-

467 979 649 1032 restria
681 977 739 1048 (I
775 975 898 1032 Cor.
931 994 1017 1042 xv,
1052 977 1175 1049 40):
1209 987 1516 1033 utrumnam
1561 977 1627 1032 de
1658 979 1859 1046 angelis
1887 993 1953 1032 an
1983 979 2051 1034 de

467 1067 747 1133 sideribus,
775 1083 840 1121 an
863 1067 1090 1121 terrenis
1111 1069 1411 1136 quibusque
1434 1068 1748 1137 corporibus
1769 1067 1834 1122 de
1856 1068 2050 1136 quibus

468 1173 574 1213 non
604 1167 685 1212 est
713 1158 955 1228 quaestio,
984 1159 1206 1227 intelligi
1228 1159 1480 1227 voluerit,
1504 1174 1569 1214 ex
1599 1159 2049 1228 consequentibus

467 1251 760 1321 apparebit.
785 1250 1151 1320 Indisjunctim
1175 1267 1406 1320 namque
1433 1268 1559 1306 mox
1581 1251 1763 1320 adjicit
1793 1267 1856 1308 ac
1881 1253 2008 1307 dicit
2031 1271 2044 1306 :

467 1345 583 1398 Alia
604 1346 880 1401 caelestium
903 1347 1102 1418 gloria,
1143 1345 1249 1399 alia
1279 1352 1449 1398 autent
1480 1347 1796 1398 terrestrium
1820 1346 1837 1415 (
1857 1344 2042 1416 lbid.).

467 1434 532 1489 Et
578 1451 696 1505 qua:
744 1438 830 1492 illa
860 1436 1096 1492 cmlestia
1125 1441 1305 1490 essent
1352 1450 1607 1504 corpora,
1663 1443 1722 1488 ut
1771 1435 2050 1490 evidenter

467 1528 771 1583 ostenderet
803 1548 814 1582 :
849 1529 988 1594 Alia,
1020 1529 1210 1596 inquit,
1229 1528 1440 1582 claritas
1469 1527 1614 1593 solis,
1637 1535 1686 1580 et
1707 1526 1811 1580 alia
1835 1527 2046 1580 claritas

467 1621 620 1685 lance,
650 1631 699 1674 et
729 1621 833 1674 alia
879 1621 1092 1674 claritas
1130 1620 1412 1674 stellarum.
1448 1617 1612 1673 Stella
1657 1621 1793 1673 enim
1821 1636 1852 1671 a
1897 1618 2045 1672 stella

2154 431 2453 484 coeundum
2499 439 2580 486 est
2619 448 2631 482 :
2680 432 2923 486 transibit
2964 441 3135 490 totum
3175 437 3402 492 animale
3428 452 3612 508 corpus
3651 440 3699 495 in

2153 521 2392 589 spiritale
2428 537 2641 591 corpus,
2673 523 2798 591 quia
2826 531 2880 577 et
2907 525 3083 579 anima
3115 534 3226 581 tota
3257 529 3501 584 transibit
3529 532 3578 584 in
3604 533 3702 602 spi-

2152 611 2334 676 ritum,
2365 620 2419 665 et
2459 613 2561 666 erit
2585 619 2753 666 totum
2783 615 3020 683 spiritale
3048 631 3241 686 corpus
3271 627 3488 688 propter
3515 621 3704 676 inhabi-

2155 709 2358 755 tantem
2387 702 2652 772 spiritum.
2685 702 2786 769 Qui
2810 706 2992 773 utique
3039 707 3258 776 spiritus
3300 708 3346 762 si
3383 709 3437 762 in
3483 709 3582 764 hac
3607 713 3704 764 vita

2152 793 2456 862 concupivit
2483 794 2738 850 adversus
2762 811 2996 862 carnem,
3027 805 3083 851 et
3107 799 3505 868 concupiscenti
3533 799 3708 854 adver-

2152 897 2270 937 sum
2298 898 2358 937 se
2385 885 2533 938 carni
2563 900 2671 939 non
2699 887 2860 940 cessit
2884 903 2898 951 ;
2920 886 3042 954 jure
3071 887 3122 941 in
3149 898 3409 942 aeternum
3434 890 3564 943 nihil
3591 890 3705 944 illud

2152 974 2476 1030 difﬁcultatis
2503 977 2718 1039 sentiet,
2743 977 2894 1046 cujus
2913 977 3253 1034 ditlicultates
3280 979 3515 1035 caelestis
3539 981 3705 1034 auxilii

2150 1065 2346 1119 virtute
2373 1067 2665 1135 superavit.
2696 1066 2805 1121 Nec
2830 1083 2926 1137 par
2952 1069 3053 1122 erit
3081 1077 3141 1124 ut
3165 1078 3474 1138 exaequetur
3499 1069 3706 1126 Domino

2150 1156 2241 1224 qui
2271 1155 2444 1210 eidem
2472 1157 2630 1210 cessit
2669 1157 2881 1223 invitus,
2913 1165 2967 1212 et
2996 1159 3049 1212 in
3091 1161 3230 1213 servi
3266 1167 3404 1214 statu
3452 1168 3707 1214 remaneat

2149 1246 2240 1314 qui
2269 1245 2397 1300 vicit
2422 1246 2774 1301 voluntarius.
2806 1245 3068 1313 Quocirca
3096 1249 3253 1303 datur
3296 1250 3540 1318 intelligi,
3581 1253 3706 1320 quod

2148 1339 2286 1392 sicut
2312 1338 2364 1392 in
2392 1340 2494 1394 hac
2524 1340 2630 1394 vita
2655 1341 2846 1394 anima:
2872 1340 3120 1396 humana:
3152 1342 3453 1397 substantia
3481 1343 3707 1412 incorpo-

2149 1429 2334 1484 raliter
2360 1429 2620 1497 dignitate
2645 1431 2729 1486 sui
2755 1433 2922 1486 anteit
2961 1448 3156 1504 corpus
3193 1433 3458 1498 animale;
3491 1434 3562 1486 ita
3603 1440 3708 1502 post

2148 1521 2593 1595 resurrectionem
2633 1523 3223 1592 remunerationemque
3267 1524 3497 1577 anteibit
3535 1537 3708 1592 corpus

2149 1609 2407 1677 spiritale.
2438 1609 2606 1674 Omne
2640 1622 2819 1668 autem
2848 1614 2991 1683 quod
3019 1615 3245 1684 spiritali
3290 1631 3524 1684 corpore
3550 1616 3709 1684 potius

469 1711 640 1779 ili/fert
669 1712 720 1765 in
752 1713 947 1782 gloria,
978 1713 1050 1765 ita
1081 1720 1127 1764 et
1164 1711 1467 1764 resurrectio
1496 1719 1811 1784 mortyorum
1856 1709 1896 1780 (1
1927 1710 2045 1764 Cor.
2079 1695 2124 1755 Β
2153 1709 2254 1766 θεῖν
2279 1717 2476 1772 corpus
2503 1711 2560 1757 ιη
2579 1704 2810 1760 ωἰήιτοτ
2833 1721 2940 1760 non
2969 1715 3052 1761 est
3085 1724 3097 1758 :
3128 1719 3256 1775 ergo
3273 1707 3426 1776 juxta
3456 1707 3611 1776 huius
3634 1721 3710 1760 ne-

471 1820 557 1865 xv,
583 1803 640 1855 .ll
657 1843 671 1868 ,
697 1802 816 1872 ω).
849 1802 1104 1856 Eamdem
1121 1803 1326 1858 scilicet
1347 1803 1566 1868 docens,
1591 1816 1710 1870 qua:
1732 1809 1815 1856 est
1843 1803 1896 1856 in
1918 1802 2052 1856 side-

470 1910 586 1947 rum
617 1895 875 1962 qualitate
914 1894 1348 1963 discrepantiam,
1379 1894 1814 1948 resuscitatorum
1854 1908 2049 1963 corpo-

469 2003 585 2040 rum
618 1986 729 2040 fore
760 2003 856 2056 pro
887 1986 1200 2040 meritorum
1241 1985 1552 2040 diversitate
1595 1984 1920 2038 distantiam.
1953 1983 2051 2038 Hic

472 2077 655 2145 utique
686 2077 886 2145 absque
909 2075 1158 2144 ambiguo
1188 2074 1376 2134 doctor
1403 2075 1637 2141 gentium
1683 2075 1750 2129 de
1799 2074 1912 2128 sola
1962 2090 2049 2129 re-

471 2166 802 2220 surrectione
839 2165 1193 2219 humanorum
1223 2180 1511 2235 corporum
1533 2165 1828 2234 disputans,
1861 2164 2048 2234 hujus-

471 2255 616 2310 modi
647 2255 1133 2327 comparationibus
1163 2270 1289 2309 usus
1315 2263 1415 2308 est.
1444 2253 1576 2308 Nam
1607 2254 1685 2310 sic
1708 2270 1923 2308 causam
1947 2255 2050 2310 loci

472 2347 630 2416 hujus
661 2347 950 2416 ingreditur
982 2365 994 2400 :
1039 2345 1187 2400 Dicet
1208 2346 1441 2417 ‘aliquis,
1476 2345 1740 2411 Quomodo
1786 2356 2052 2417 resurgent

471 2439 699 2494 mortui?
720 2440 857 2510 quali
884 2448 1050 2492 autem
1077 2454 1289 2508 corpore
1336 2437 1536 2490 venient
1573 2438 1590 2507 (
1613 2434 1774 2500 Ibid.,
1819 2434 1921 2506 55)
1942 2439 1962 2489 ?
1984 2434 2050 2489 Et

473 2531 540 2585 ab
562 2533 665 2586 hoc
689 2531 808 2586 loco
830 2545 997 2600 usque
1020 2528 1083 2582 ad
1116 2529 1271 2582 istam
1306 2527 1371 2582 de
1393 2526 1654 2582 sideribus
1684 2527 2048 2596 comparatio-

474 2637 617 2686 nem,
646 2621 697 2675 id
728 2621 900 2690 ipsum
922 2620 1037 2674 sine
1064 2619 1284 2673 alterius
1311 2616 1622 2686 cujusquam
1640 2632 1812 2672 causa:
1829 2617 2048 2685 interje-

473 2716 650 2770 ctione
680 2715 1034 2784 persequitur,
1061 2712 1257 2766 nullam
1287 2709 1487 2764 faciens
1513 2709 1580 2764 de
1611 2709 1785 2763 anima
1816 2709 2048 2764 mentio-

473 2822 630 2870 nem;
657 2819 722 2859 ne
745 2805 947 2860 scilicet
981 2801 1110 2856 illud
1137 2801 1280 2870 quod
1308 2799 1374 2854 de
1401 2800 1547 2866 solis,
1581 2800 1720 2854 luna:
1747 2795 2049 2853 stellarum.

433 2945 448 2962 κ
475 2913 601 2967 que,
644 2912 927 2967 corporum
957 2894 1160 2950 scilicet
1193 2891 1506 2956 cmlestium,
1538 2889 1851 2947 ditl‘ereutiis
1879 2889 2049 2944 disse--

475 2987 602 3050 ruit,
631 2996 652 3024 ³
675 3003 814 3041 szevo
844 2985 979 3041 forte
1003 2983 1202 3054 judicio
1225 2981 1290 3036 de
1313 2980 1589 3036 animabus
1609 2979 1806 3034 dictum
1827 2980 2051 3050 quisque

477 3079 716 3134 sentiret.

1013 3215 1026 3229 ν
1054 3147 1281 3203 CAPUT
1322 3147 1453 3202 xm.

898 3239 975 3293 De
1004 3240 1373 3294 resurrectione
1400 3239 1615 3309 plenius.

547 3350 697 3406 Nunc.
724 3365 850 3419 ergo
894 3351 938 3404 si
969 3351 1259 3406 humanum
1299 3367 1514 3421 corpus,
1549 3358 1818 3406 terrenum
1845 3350 2049 3405 scilicet

480 3455 640 3515 atquc
668 3444 1060 3509 moribundum,
1086 3445 1137 3498 in
1186 3443 1235 3498 id
1266 3445 1448 3513 gloria:
1478 3444 1959 3509 transformabitur,
1993 3454 2046 3499 ut

478 3535 571 3590 liat
597 3535 662 3590 de
707 3535 907 3590 carnali
953 3535 1189 3606 spiritale
1209 3578 1222 3600 ,
1254 3536 1545 3590 secundum
1592 3535 1926 3605 Apostolum,
1957 3537 2047 3604 qui

477 3627 552 3680 ait
578 3643 592 3677 :
625 3627 921 3679 Seminatuf
949 3641 1130 3696 corpus
1160 3625 1405 3690 animale,
1433 3635 1662 3696 resurget
1687 3644 1867 3697 corpus
1896 3628 2052 3697 spiri-

479 3716 582 3769 tale
607 3714 792 3786 (Ibid.,
819 3713 937 3784 M);
970 3723 1024 3768 et
1054 3715 1229 3768 anima
1272 3715 1499 3769 humana
1529 3717 1606 3771 sic
1634 3727 1775 3772 nunc
1798 3719 2051 3788 spiritalis

479 3814 580 3868 est,
612 3812 672 3859 ut
699 3808 878 3858 tamen
925 3820 1119 3874 corpus
1160 3806 1229 3860 sit
1261 3823 1273 3858 :
1308 3820 1435 3874 ergo
1462 3807 1691 3862 humana
1720 3824 1847 3864 caro
1878 3820 2051 3866 trans-

477 3894 678 3949 feretur
705 3894 757 3947 in
792 3894 981 3947 animae
1020 3894 1354 3962 dignitatem,
1384 3911 1504 3951 cum
1546 3896 1685 3952 facta
1732 3897 1890 3955 fuerit
1927 3917 2050 3956 cor--

481 3999 578 4053 pus
604 3983 860 4053 spiritale.
892 3982 958 4036 Et
986 3984 1160 4038 anima
1198 3999 1317 4053 qum
1352 3987 1563 4056 corpori
1587 3986 1731 4056 juste
1759 3990 2048 4052 dominata,

478 4090 595 4143 quae
624 4074 848 4130 Domino
895 4074 982 4145 pie
1029 4073 1279 4129 famulata
1319 4083 1418 4143 est,
1450 4092 1568 4146 qua:
1614 4079 1780 4134 Deum
1810 4065 2054 4137 itideliter

479 4166 718 4231 credidit,
749 4175 841 4220 aut
864 4165 1104 4222 fortassis
1133 4175 1188 4222 et
1233 4167 1416 4235 scivit;
1449 4178 1723 4239 exmquata
1753 4171 1852 4225 sibi
1891 4187 2054 4227 carne

477 4275 594 4324 sua,
626 4260 740 4330 ipsa
769 4275 982 4330 quoque
1006 4260 1136 4314 nihil
1160 4275 1264 4330 pro
1293 4262 1604 4318 substantiae
1645 4264 1901 4332 qualitate
1928 4278 2056 4335 pro:

477 4353 797 4406 movebitur.
832 4351 898 4405 Et
925 4353 1013 4407 ubi
1042 4361 1124 4407 est
1163 4352 1308 4417 illud,
1343 4370 1448 4408 non
1477 4356 1566 4426 qui
1612 4355 1826 4410 oculum
1853 4357 2049 4422 carnis,

477 4443 569 4498 sed
593 4445 683 4512 qui
714 4444 926 4498 oculum
969 4443 1147 4498 cordis
1191 4445 1546 4510 mundaverit,
1595 4445 1763 4501 Deum
1809 4427 2130 4505 videbittn

475 4533 607 4588 Nam
634 4532 780 4587 Beati
806 4533 996 4588 mundo
1024 4533 1191 4599 corde,
1225 4537 1467 4606 quoniam
1501 4536 1601 4607 ipsi
1625 4535 1788 4590 Deum
1812 4539 2053 4594 videbunt

479 4622 693 4703 (Matth.
721 4641 773 4690 v,
805 4623 883 4694 8).
915 4622 1057 4692 Ergo
1104 4622 1284 4679 forsan
1316 4625 1707 4682 beatiﬁcabitur
1731 4643 1927 4698 corpus
1954 4645 2053 4699 pro

477 4717 639 4772 modo
685 4733 812 4784 suo,
862 4725 917 4772 et
963 4719 1138 4772 anima
1186 4718 1370 4773 itidem
1413 4735 1512 4790 pro
1556 4721 1718 4777 modo
1763 4738 1880 4778 suo.
1921 4724 2054 4779 Illud

482 4809 865 4874 immutabitur,
891 4817 948 4864 ut
967 4811 1173 4880 spiritui
1194 4827 1291 4880 per
1315 4813 1492 4866 omnia
1522 4813 1586 4868 ad
1617 4823 1801 4869 nutum
1827 4818 2053 4882 serviat,

477 4901 564 4954 cui
603 4908 892 4956 contumax
920 4917 1060 4972 saepe
1086 4904 1300 4958 restitit.
1334 4903 1401 4958 Et
1429 4905 1543 4960 huic
1583 4907 1970 4973 immutabitur,
1997 4920 2055 4965 ut

478 4993 646 5049 Deum
661 4993 857 5058 videat,
875 5009 1033 5064 quem
1055 4994 1330 5064 ﬂagrantia
1358 5006 1520 5052 castze
1551 4999 1788 5054 caritatis
1807 5001 2049 5055 inbiavit.

481 5082 549 5138 Et
576 5083 829 5152 quoniam
870 5083 1156 5155 Apostolus
1181 5088 1457 5155 spiritum,
1491 5089 1725 5143 animam
1745 5105 2054 5160 corpusque

480 5174 758 5238 discrevit,
780 5174 1023 5244 inquiens
1039 5217 1053 5239 ,
1074 5184 1128 5228 ut
1155 5177 1349 5246 integer
1369 5176 1578 5246 spiritus
1606 5187 1788 5244 vester,
1809 5187 1860 5232 et
1879 5183 2053 5234 anima

481 5277 528 5319 et
555 5283 735 5338 corpus
769 5266 813 5339 (Ι
844 5265 1019 5322 Thess.
1046 5283 1104 5330 v,
1135 5265 1225 5336 23)
1248 5309 1262 5330 ,
1293 5267 1416 5335 quia
1456 5278 1578 5338 post
1606 5271 2054 5326 resurrectionem

483 5372 588 5411 non
617 5357 918 5412 animaliter
946 5355 1226 5411 vivendum
1257 5365 1367 5424 est;
1398 5359 1600 5413 scilicet
1633 5361 1722 5414 ubi
1750 5376 1856 5414 non
1887 5361 2053 5416 eden-

551 5573 575 5600 ι
617 5561 698 5614 Al.
729 5577 892 5615 servo.
925 5559 1086 5614 Forte
1113 5559 1256 5612 hero.

2150 1794 2370 1848 cessarii
2395 1795 2498 1848 mei
2527 1803 2831 1862 tractatum,
2858 1799 2950 1866 qui
2980 1798 3198 1866 angelos
3227 1799 3341 1853 sola
3369 1814 3494 1853 esse
3521 1807 3710 1852 tantum

2150 1901 2378 1956 corpora
2407 1887 2667 1955 decernit,
2697 1890 2926 1943 humana
2950 1890 3242 1945 substantia
3263 1891 3509 1960 angelica
3535 1900 3707 1945 natura

2149 1977 2250 2030 erit
2275 1977 2512 2032 inferior.
2545 1977 2762 2034 Certum
2791 1994 3020 2048 namque
3058 1981 3234 2035 divina
3274 1983 3599 2036 auctoritate
3635 1996 3709 2035 re-

2147 2067 2399 2136 tinemus,
2423 2077 2731 2125 sanctorum
2751 2086 2976 2140 corpora
3005 2087 3123 2142 qua:
3143 2072 3410 2126 immutari
3441 2073 3709 2127 merebun-

2150 2166 2255 2224 tur,
2281 2160 2334 2213 in
2361 2160 2585 2229 gloriam
2628 2163 2882 2230 angelicis
2911 2164 3235 2232 exaequanda
3262 2165 3608 2234 corporibus,
3636 2164 3709 2218 di-

2149 2258 2306 2306 cente
2333 2251 2562 2307 Domino
2588 2268 2600 2304 :
2629 2251 2700 2305 Et
2724 2263 2873 2307 erunt
2909 2255 3039 2308 sicut
3067 2255 3240 2326 angeli
3273 2255 3327 2308 in
3353 2255 3481 2309 caelo
3514 2254 3706 2326 (Matth.

2151 2358 2280 2406 xxu,
2313 2341 2424 2412 50).
2457 2341 2513 2396 Si
2541 2343 2701 2410 igitur
2740 2344 2913 2412 angeli
2943 2346 3200 2415 spiritalia
3243 2354 3449 2400 tantum
3499 2362 3709 2416 corpora

2149 2441 2274 2488 sunt
2302 2435 2566 2504 uniusque
2594 2437 2924 2503 substantiae,
2955 2446 3008 2493 et
3037 2440 3359 2508 provehetur
3397 2456 3597 2510 corpus
3623 2442 3712 2493 hu-

2149 2540 2368 2579 manum
2397 2526 2462 2580 ad
2505 2527 2730 2595 angelici
2770 2531 3011 2598 corporis
3057 2529 3405 2598 dignitatem:
3436 2531 3604 2586 homo
3629 2547 3710 2584 an-

2150 2615 2270 2684 gelo
2298 2617 2556 2685 qualitate
2595 2619 2837 2688 corporis
2867 2621 3247 2690 exsequabitur,
3280 2621 3542 2689 dignitate
3573 2623 3710 2692 spiri~

2151 2715 2236 2761 tus
2265 2707 2615 2776 prteminebit.
2646 2707 2797 2775 Quod
2825 2711 2890 2774 si,
2922 2719 2980 2766 ut
3007 2720 3091 2767 est
3135 2713 3335 2781 utique,
3378 2711 3590 2766 videtur
3623 2711 3710 2765 ab-

2151 2799 2368 2855 surdum
2407 2817 2418 2852 :
2451 2801 2647 2870 duplex
2686 2816 2816 2870 ergo
2857 2811 2941 2857 est
2989 2804 3246 2872 angelica,
3275 2803 3433 2858 sicuti
3483 2812 3569 2857 est
3619 2803 3710 2856 hu-

2153 2908 2331 2959 mana,
2391 2894 2708 2960 substantia,
2757 2896 2959 2952 habens
3004 2911 3198 2966 corpus
3244 2897 3408 2949 totius
3454 2894 3711 2949 facilitatis

2153 2985 2504 3056 maximaeque
2532 2986 2958 3057 pulchritudinis,
2989 2986 3135 3056 quod
3159 2986 3462 3041 hominibus
3485 3002 3606 3042 cum
3636 2985 3712 3052 ju-

2079 3055 2124 3119 C
2153 3075 2312 3131 betur
2357 3055 2617 3147 appareat
2653 3095 2664 3129 :
2699 3078 2904 3132 habens
2955 3055 3350 3147 incorporeum,
3399 3093 3510 3146 quo
3558 3076 3710 3130 Deum

2150 3180 2363 3236 semper
2390 3167 2589 3222 videat.
2618 3167 2779 3223 Juxta
2807 3169 2938 3224 illud
2969 3169 3334 3237 evangeliciun
3370 3181 3480 3236 quo
3523 3167 3710 3222 dictum

2150 3268 2267 3314 est:
2295 3258 2429 3324 Quia
2455 3260 2624 3331 angeli
2660 3278 2837 3315 eorum
2875 3277 3073 3330 semper
3109 3259 3280 3314 vident
3321 3261 3506 3330 faciem
3547 3258 3711 3312 Patris

2149 3351 2251 3406 mei
2284 3351 2494 3423 (Matth.
2521 3368 2663 3418 xvm,
2695 3352 2804 3423 10).

2743 3445 2965 3502 CAPUT
3004 3445 3141 3500 XIV.

2294 3539 2601 3610 Spiritualia
2627 3542 2883 3611 corporeis
2912 3540 3072 3595 oculis
3097 3539 3254 3593 uideri
3284 3555 3385 3594 non
3416 3555 3581 3608 posse.

2223 3630 2388 3686 Valde
2434 3638 2614 3686 autem
2658 3638 2850 3701 stupeo
2876 3629 3146 3700 quomodo
3174 3630 3437 3698 quispiam
3465 3625 3711 3680 Christia-

2152 3737 2270 3789 nus,
2303 3722 2542 3778 doctoris
2570 3723 2864 3792 praesertim
2912 3721 3051 3788 loco,
3082 3719 3320 3784 deﬁniat,
3351 3719 3569 3774 cuilibet
3596 3718 3705 3786 pul-

2153 3813 2305 3880 chro,
2335 3813 2556 3867 cuilibet
2601 3812 2813 3867 sublimi
2858 3812 3089 3881 corpori,
3136 3809 3350 3880 corpori
3381 3816 3558 3862 tamen
3589 3821 3708 3859 con-

2155 3903 2519 3973 templabilem
2549 3902 2718 3958 Deum
2749 3903 2881 3966 fore,
2911 3911 2968 3956 et
2995 3899 3350 3955 universalem
3378 3897 3543 3951 videri
3572 3896 3710 3949 loca-

2152 3994 2277 4049 liter
2330 4010 2526 4064 posse;
2557 4009 2676 4049 cum
2713 3994 2878 4047 Deum
2920 3990 3100 4046 videre
3140 3989 3245 4044 hoc
3279 3989 3350 4042 sit
3403 3986 3709 4054 intelligere.

2154 4082 2492 4139 Intellectum
2518 4097 2647 4138 vero
2677 4083 2902 4137 localem
2939 4097 3049 4137 non
3089 4095 3234 4145 esse,
3264 4079 3346 4134 vel
3379 4075 3712 4145 intelligendo

2154 4176 2546 4246 cognoscimus.
2579 4173 2714 4240 Quia
2755 4174 2801 4228 si
2847 4173 3151 4228 intellectus
3180 4171 3364 4225 localis
3412 4177 3526 4232 est,
3555 4167 3712 4222 locale

2155 4267 2259 4322 erit
2287 4272 2343 4320 et
2369 4264 2514 4334 quod
2542 4263 2873 4329 intelligitur.
2906 4262 3048 4317 Nihil
3077 4261 3220 4316 enim
3251 4259 3422 4314 locale
3451 4267 3550 4322 est,
3579 4254 3710 4326 quod

2156 4373 2265 4413 non
2293 4364 2349 4412 et
2375 4357 2547 4426 ipsum
2577 4356 2725 4411 locus
2752 4363 2851 4409 est.
2886 4353 2954 4407 At
3001 4354 3047 4407 si
3085 4353 3390 4408 intellectus
3419 4351 3633 4414 localis;
3660 4355 3713 4401 ct

2156 4447 2211 4501 in
2238 4447 2343 4501 hoc
2373 4447 2530 4511 Deus,
2563 4445 2688 4515 quia
2717 4443 2822 4498 hoc
2862 4443 3174 4509 intelligitur
3214 4441 3354 4495 Deus
3388 4458 3401 4492 :
3428 4454 3555 4507 ergo
3582 4439 3710 4492 hica-

2156 4539 2221 4593 lis
2268 4549 2352 4593 est
2396 4539 2553 4594 Deus.
2597 4536 2750 4602 Quod
2795 4537 2919 4604 quia
2958 4541 3240 4604 repugnat,
3289 4533 3587 4599 intelligere
3622 4543 3708 4583 nos

2157 4640 2391 4701 oportet,
2435 4638 2684 4684 constare
2729 4628 3002 4682 hominem
3049 4641 3116 4680 ex
3163 4639 3426 4694 corporeo
3470 4631 3526 4677 et
3553 4623 3706 4676 ineor-

2156 4739 2355 4794 porco,
2405 4730 2633 4790 utroque
2687 4721 2742 4774 in
2798 4719 2986 4774 melius
3027 4716 3370 4772 reformando
3419 4733 3432 4769 :
3481 4722 3707 4770 constare

2157 4815 2403 4882 angelum
2433 4828 2499 4867 ex
2529 4826 2754 4880 corpore
2784 4817 2840 4865 et
2866 4809 3084 4878 spiritu,
3117 4807 3380 4876 praecipua
3411 4807 3554 4861 inter
3575 4816 3705 4859 crea-

2156 4913 2303 4959 turas
2331 4903 2590 4972 dignitate
2636 4899 2864 4956 formato
2899 4918 2911 4952 :
2943 4898 2971 4938 b
3012 4899 3230 4968 spiritus
3271 4897 3344 4950 illi
3386 4910 3615 4964 namque
3639 4897 3707 4947 est

2157 4999 2301 5051 omni
2331 4998 2519 5067 spiritu
2565 5001 2748 5049 creato
2777 4992 3077 5062 potentior;
3109 5005 3304 5058 corpus
3333 4989 3409 5042 illi
3452 4987 3705 5059 potissimo

2156 5089 2395 5143 omnium
2417 5087 2681 5142 elemento
2702 5084 3002 5147 sublimius,
3025 5079 3316 5136 secundum
3347 5079 3479 5134 illud
3507 5075 3720 5158 prophej

2159 5181 2340 5243 ticum,
2373 5178 2463 5232 ubi
2495 5165 2746 5244 angelica
2783 5173 3078 5230 substantia
3119 5171 3315 5241 duplex
3363 5170 3485 5224 sine
3522 5166 3707 5223 dubita.

2157 5271 2305 5325 tione
2335 5267 2666 5337 perhibetur,
2698 5281 2806 5334 quo
2841 5264 2952 5319 dict
2987 5278 3040 5317 m
3071 5269 3154 5316 est
3187 5278 3199 5312 :
3235 5256 3336 5322 Qui
3365 5259 3492 5329 facit
3518 5252 3709 5326 angelos

2158 5379 2277 5416 suos
2305 5361 2535 5428 spiritus,
2567 5367 2617 5411 et
2641 5357 2903 5414 ministros
2930 5369 3049 5409 suos
3095 5354 3265 5423 ignem
3291 5359 3526 5404 urentem
3553 5342 3704 5410 (Psal.

552 5632 576 5670 δ
618 5629 912 5698 Utrobique
953 5629 1046 5689 illi.
1091 5628 1292 5696 scilicet
1332 5627 1537 5692 angelo.
1575 5627 1643 5682 At
1689 5629 1758 5682 al.
1812 5629 2037 5701 Spiritus
2062 5631 2214 5689 ille...
2249 5645 2430 5699 corpus
2457 5626 2603 5681 illud.
