3920 6176
181 262 276 318 717

1368 256 1452 312 DE
1491 250 1713 310 STATU
1753 247 1986 304 ΑΝΙΜίΕ
2029 251 2153 305 LIB.
2194 249 2234 306 l.

3326 251 3427 307 718

178 393 279 441 cut,
314 376 392 448 4).
425 373 608 444 Ignem
637 388 765 428 vero
816 388 924 426 non
956 365 1070 426 esse
1117 369 1381 438 Spiritum,
1422 375 1478 422 et
1507 366 1754 436 spiritum
1784 367 1832 425 Α
1861 379 1927 417 eo
1958 363 2074 431 ipso
2102 364 2188 417 vel
2224 363 2451 417 maxime
2480 376 2586 431 quo
2613 362 2834 418 creavit.
2864 360 2996 415 Nam
3027 368 3080 416 et
3109 363 3339 417 animam
3370 382 3432 419 a-

181 468 400 538 perinde
429 467 608 535 ignem
637 480 745 518 non
775 478 920 526 esse,
953 460 1292 514 manifestum
1335 466 1434 516 est.
1482 456 1617 522 Quia
1649 471 1754 509 non

182 559 298 614 istic
331 555 618 624 allegorice
659 553 859 622 aliquid
905 549 1274 620 accipiendum
1305 554 1418 611 est,
1464 546 1601 600 sicut
1631 542 1760 597 illud

181 650 268 704 ubi
299 650 376 702 ait
406 647 664 701 Dominus
697 664 709 696 :
745 643 927 715 Ignem
947 643 1058 696 ueni
1088 642 1287 694 mittere
1313 641 1366 692 in
1394 647 1581 690 terram
1604 633 1756 706 (Luc.

182 757 273 807 xu,
308 738 422 808 49),
453 753 573 793 cum
624 736 690 790 de
734 742 923 790 sancto
954 733 1155 802 Spiritu
1196 731 1418 784 diceret.
1450 727 1567 781 Non
1614 726 1758 780 enim

183 831 328 888 credi
361 831 439 884 las
479 836 562 884 est
591 828 798 881 animas
841 825 1101 878 humanas
1131 822 1198 876 ad
1245 833 1484 874 amorem
1522 817 1760 871 divinum

187 922 603 994 participatione
658 918 883 986 angelici
939 916 1158 985 spiritus
1227 912 1577 974 inﬂammari;
1635 910 1757 979 quia

183 1015 375 1070 eodem
405 1013 550 1067 dono
584 1010 761 1065 bonus
797 1016 879 1062 est
905 1006 1090 1070 homo,
1123 1019 1230 1073 quo
1275 1003 1449 1057 bonus
1489 1007 1572 1055 est
1600 1015 1762 1069 ange-

182 1106 287 1166 lus,
321 1111 378 1158 et
429 1101 620 1157 eodem
667 1099 812 1154 dono
860 1104 1086 1164 uterque
1131 1093 1324 1148 beatus
1364 1099 1465 1146 est.
1508 1089 1680 1145 Ambo
1710 1089 1762 1143 id

185 1197 358 1266 ipsum
389 1193 579 1248 eadem
609 1191 911 1253 voluntate,
943 1187 1131 1242 eodem
1163 1184 1368 1239 scilicet
1395 1182 1585 1251 spiritu
1615 1190 1639 1217 η
1670 1196 1762 1235 cu-

183 1286 360 1358 piunt.
394 1283 566 1337 Ambo
594 1282 700 1336 hoc
727 1279 866 1334 idem
909 1278 1224 1346 incorporea
1267 1273 1561 1342 capacitate
1589 1271 1766 1342 perci-

186 1378 363 1448 piunt.
391 1373 460 1428 Et
489 1373 547 1425 lit
593 1371 778 1433 homo,
810 1368 1049 1435 angelus,
1081 1373 1136 1420 et
1179 1363 1319 1418 Deus
1349 1379 1498 1443 unus
1513 1361 1761 1431 Spiritus,

185 1467 338 1536 juxta
366 1463 683 1533 Apostolum
730 1460 994 1514 dicentem
1028 1474 1041 1510 :
1078 1454 1176 1519 Qui
1223 1455 1450 1509 adhaeret
1489 1452 1597 1506 Deo
1635 1469 1765 1506 unus

185 1559 400 1629 spiritus
448 1564 525 1608 est
571 1553 612 1624 (l
659 1551 780 1606 Cor.
812 1567 882 1616 vn,
916 1549 1025 1620 l7).
1057 1548 1174 1602 Non
1227 1555 1407 1601 autem
1457 1546 1611 1599 video
1658 1559 1765 1612 quo

183 1655 349 1720 pacto
397 1661 594 1714 corpus
642 1644 964 1711 incorporeo
1012 1637 1407 1706 contemperari
1453 1642 1654 1705 queat,
1709 1642 1768 1688 ut

1860 456 2003 509 nima
2033 457 2457 526 praestantiorem
2497 471 2637 525 sche
2673 464 2726 510 et
2753 456 3060 526 experimur
3088 463 3142 510 et
3187 456 3433 512 dicimus.

1861 549 1968 606 Nec
1997 558 2176 604 tamen
2207 551 2449 626 eamdem
2476 567 2633 621 quam
2661 549 2954 606 secundum
2984 551 3280 620 potentiam
3307 565 3440 620 prte-

1861 642 2174 695 stantiorem
2204 641 2445 707 dicimus,
2471 641 2761 696 secundum
2793 641 2988 694 molem
3019 656 3136 709 qua:
3178 641 3321 694 nulla
3361 641 3437 694 illi

1865 738 1968 802 est,
1995 733 2262 790 credimus
2291 749 2410 788 esse
2457 733 2735 801 majorem.
2768 733 2899 787 Illud
2929 734 3089 787 etiam
3136 749 3233 787 nec
3267 739 3317 786 te
3347 747 3435 785 ar-

1863 821 2027 879 bitmt
2062 822 2297 886 difﬁteri,
2329 825 2621 894 quamlibet
2649 824 2843 878 multas
2872 824 3076 877 animas
3095 823 3331 892 perfecte
3353 838 3441 877 sa-

1867 913 2072 982 pientes
2118 930 2228 968 non
2275 915 2394 984 plus
2440 930 2628 984 sapere
2669 915 2808 969 idem
2861 914 3035 967 anima
3082 914 3315 984 perfecte
3359 929 3440 967 sas

1866 1002 2045 1071 piente
2079 1019 2092 1056 :
2127 1019 2225 1059 nec
2254 1005 2397 1074 quod
2428 1020 2529 1058 una
2559 1004 2880 1058 omnimodis
2903 1005 3047 1059 volet
3077 1005 3273 1069 anima,
3301 1005 3440 1058 mul-

1865 1101 1947 1148 tas
1973 1093 2022 1147 id
2052 1095 2373 1149 omnimodis
2404 1095 2631 1149 volendo
2655 1095 2774 1164 plus
2797 1095 2932 1148 velle
2961 1113 2972 1146 :
3003 1110 3100 1149 nec
3125 1095 3267 1164 quod
3297 1110 3439 1164 qua»

1866 1201 2076 1254 cunque
2106 1187 2308 1256 optime
2336 1187 2671 1251 meminerit,
2716 1188 2911 1240 multas
2951 1187 3141 1241 melius
3171 1187 3441 1242 memoria:

1866 1279 2155 1333 tenacitate
2199 1279 2524 1332 meminisse.
2580 1275 2788 1347 Corpus
2835 1274 2960 1332 vero
3007 1285 3060 1332 et
3109 1277 3228 1347 plus
3281 1278 3443 1333 habet

1866 1371 2116 1444 ponderis
2146 1385 2395 1439 magnum
2435 1384 2593 1438 quam
2633 1384 2852 1438 parvum
2873 1409 2886 1434 ,
2919 1377 2972 1423 et
2999 1369 3224 1423 validior
3251 1385 3442 1439 corpo-

1869 1480 1985 1518 rum
2016 1462 2298 1516 multitudo
2346 1475 2507 1530 quam
2553 1461 2824 1530 paucitas,
2857 1467 2912 1513 et
2954 1459 3141 1516 fortius
3169 1461 3442 1530 quippiam

1868 1570 2058 1608 manus
2085 1554 2284 1618 multae,
2317 1567 2476 1621 quam
2506 1551 2727 1618 singulae
2756 1549 2842 1604 vel
2885 1551 3136 1612 retinent,
3172 1550 3252 1605 vel
3318 1562 3444 1604 sus;

1871 1646 2079 1711 tinent,
2129 1644 2214 1696 vel
2243 1642 2566 1712 prOpellunt.
2617 1640 2769 1695 Nunc
2813 1641 3196 1709 consequentia
3243 1639 3444 1710 disqui‘

185 1754 330 1792 unus
379 1736 598 1805 Spiritus
623 1733 744 1802 jure
771 1732 997 1786 dicatur.
1043 1728 1098 1782 Si
1127 1728 1272 1782 enim
1308 1741 1502 1796 corpus
1541 1732 1624 1779 est
1651 1724 1769 1777 ani-
1802 1729 1843 1786 Β
1872 1753 2068 1791 ramus,

184 1845 297 1894 ma,
331 1826 698 1882 immutabitur
725 1839 854 1892 ergo
899 1836 1237 1892 corporeum,
1270 1827 1330 1873 ut
1359 1833 1476 1873 esse
1522 1833 1642 1873 cum
1688 1817 1772 1870 in-

186 1934 461 1990 corporeo
492 1933 656 1971 unum
686 1916 873 1986 possit.
908 1913 1083 1983 Atque
1113 1914 1186 1967 ita
1215 1913 1282 1967 ad
1331 1913 1475 1965 illam
1505 1910 1770 1965 rationem

187 2008 504 2065 necessario
552 2007 776 2070 reditur,
809 2019 912 2073 qua
955 2005 1331 2073 incorporeum
1371 2001 1571 2069 aliquid
1599 2001 1772 2055 creari

187 2100 436 2171 potuisse
465 2097 679 2152 dicitur.
714 2095 846 2149 Nam
881 2096 925 2148 si
955 2100 1134 2164 potest
1179 2108 1245 2147 ex
1294 2106 1556 2160 corporeo
1597 2092 1775 2144 incor-

189 2205 420 2261 poreum
468 2188 600 2252 ﬁeri,
633 2188 807 2256 potuit
844 2193 901 2239 et
941 2201 1009 2240 ex
1052 2185 1220 2238 nihilo
1257 2183 1446 2238 creari.
1480 2182 1590 2235 Nisi
1635 2180 1776 2236 forte

189 2285 412 2339 dicatur
440 2278 893 2336 incommutabilis
921 2277 1061 2331 Deus
1089 2277 1252 2330 veluti
1283 2289 1683 2343 corporascere,
1717 2280 1778 2326 ut

190 2390 362 2430 unum
394 2373 564 2444 possit
594 2386 711 2426 esse
741 2386 862 2424 cum
897 2383 1142 2438 corpore.
1170 2365 1274 2420 Sed
1303 2365 1406 2419 hoc
1443 2364 1775 2433 perditorum

189 2464 574 2536 quorumpiam
606 2460 736 2516 ﬁdes
764 2460 989 2525 habeat;
1021 2459 1144 2528 quia
1173 2458 1216 2512 si
1245 2457 1327 2510 vel
1359 2456 1550 2524 angelo
1575 2456 1661 2509 vel
1686 2455 1780 2509 ho-

189 2557 329 2613 mini
360 2557 636 2610 adhzerere
680 2553 792 2608 Deo
837 2553 1041 2606 bonum
1084 2557 1189 2612 est,
1222 2565 1330 2606 non
1361 2547 1426 2602 ad
1473 2557 1776 2602 creaturam

188 2649 624 2706 deteriorabitur
651 2654 865 2701 creator
890 2643 1360 2706 incommutabilis,
1394 2640 1486 2696 sed
1516 2641 1584 2694 ad
1623 2655 1777 2694 crea-

190 2751 374 2796 torem
405 2739 681 2793 mutabilis
708 2743 952 2792 creatura
981 2733 1243 2805 proﬁciet.
1280 2732 1429 2788 Unde
1459 2733 1511 2786 in
1536 2731 1779 2800 Evange-

190 2834 264 2888 lio
301 2832 564 2886 Dominus
601 2830 730 2884 dicit
761 2848 774 2882 :
807 2828 990 2894 Pater,
1018 2829 1122 2881 sint
1167 2828 1255 2880 isti
1301 2829 1355 2880 in
1409 2825 1554 2880 nobis
1597 2839 1773 2888 unum,

191 2926 330 2978 sicut
357 2931 408 2976 et
437 2939 531 2977 nos
551 2938 724 2975 sumus
752 2937 910 2974 unum
941 2919 1117 2990 (Joan.
1146 2935 1270 2984 xvn,
1301 2912 1411 2991 21).

798 3029 1024 3086 CAPUT
1059 3027 1173 3086 XV.

2458 1801 2686 1858 CAPUT
2713 1801 2862 1890 XVI.

2289 1896 2502 1948 Animas
2531 1911 2639 1948 esse
2665 1896 3014 1963 incorporeas.

1944 2009 2175 2072 Habent,
2226 2009 2402 2078 inquis
2425 2049 2439 2073 ,
2473 2008 2665 2062 anima:
2705 2006 2996 2062 secundum
3025 2020 3082 2061 se
3111 2021 3303 2075 corpus
3341 2021 3447 2076 quo

1875 2100 2187 2162 subsistunt,
2220 2098 2345 2151 licet
2373 2098 2597 2151 multum
2629 2105 2682 2150 et
2723 2096 3210 2165 incomparabiliter
3233 2097 3448 2151 tenuius

1874 2207 2036 2260 quam
2065 2198 2246 2244 nostra
2275 2197 2398 2242 sunt
2427 2203 2670 2257 corpora.
2704 2187 3011 2256 Accipiatur
3043 2187 3134 2250 ita,
3168 2187 3210 2240 si
3243 2187 3313 2240 ita
3343 2195 3447 2242 est.

1874 2281 2007 2336 Illud
2037 2280 2359 2350 respondeas
2389 2279 2566 2342 velim,
2607 2279 2735 2344 Quis
2772 2288 2853 2332 est
2883 2279 2981 2332 iste
3010 2279 3097 2348 qui
3139 2279 3265 2333 dicit
3297 2298 3311 2333 :
3343 2279 3449 2334 Ηρ-

1877 2375 1967 2430 bet
2007 2375 2184 2428 anima
2228 2388 2423 2442 corpus
2470 2371 2962 2440 incomparabiliter
2989 2372 3236 2436 tenuius,
3286 2387 3448 2442 quam

1877 2477 2059 2523 nostra
2088 2474 2212 2521 sunt
2236 2466 2504 2536 corpora?
2533 2464 2586 2518 Si
2605 2465 2791 2518 animae
2818 2465 2977 2521 verba
3014 2465 3110 2518 ista
3140 2472 3282 2527 sunt,
3306 2465 3449 2534 quod

1877 2575 2072 2628 corpus
2103 2573 2220 2612 esse
2250 2572 2406 2611 suum
2435 2556 2564 2611 dicit
2588 2556 2730 2624 quod
2762 2555 2873 2626 ipsa
2896 2565 2995 2621 est,
3028 2565 3118 2610 aut
3146 2557 3287 2610 istud
3309 2556 3452 2626 quod

1877 2652 2144 2709 sentiﬁcat
2185 2659 2503 2719 vegetatque
2531 2649 2767 2703 carnale.
2803 2649 2941 2719 (Ipsa
2990 2650 3130 2703 enim
3178 2649 3306 2704 dicit
3334 2651 3452 2704 ani-

1878 2760 1964 2798 ma
2018 2761 2030 2797 :
2081 2743 2314 2797 Tenuius
2377 2748 2460 2796 est
2515 2757 2710 2810 corpus
2766 2741 2992 2803 animae,
3045 2755 3206 2809 quam
3259 2755 3454 2810 corpus

1879 2836 2102 2904 meum.)
2149 2833 2301 2900 Quod
2351 2840 2433 2895 est
2479 2847 2560 2886 con
2577 2847 2671 2900 pus
2699 2829 2841 2898 quod
2887 2846 3034 2883 suum
3077 2830 3218 2884 dicat
3255 2831 3452 2894 anima,

1881 2929 1983 2982 nisi
2030 2926 2158 2981 illud
2186 2925 2328 2995 quod
2374 2925 2488 2996 ipsa
2520 2930 2600 2978 est
2625 2963 2638 2986 ,
2672 2924 2715 2977 si
2759 2938 2952 2992 corpus
2997 2928 3079 2976 est
3108 2923 3322 2976 anima?
3351 2921 3456 2976 Aut

1881 3021 2040 3088 igitur
2069 3017 2245 3071 anima
2286 3031 2479 3085 corpus
2508 3029 2608 3080 eet,
2641 3030 2738 3069 nec
2766 3022 2912 3068 recte
2935 3029 3127 3084 corpus
3155 3013 3295 3068 istud
3333 3029 3454 3068 car-

191 3123 352 3188 Quod
389 3140 637 3198 corporea
679 3124 850 3176 omnia
892 3122 1228 3198 adjunctione
1268 3125 1350 3179 sui
1395 3125 1598 3198 majora
1644 3126 1777 3197 ﬁant
1803 3085 1850 3151 Ο
1883 3127 2042 3167 neum
2087 3126 2240 3166 suum
2277 3108 2399 3164 dicit
2427 3152 2440 3174 ,
2473 3112 2602 3179 quia
2645 3110 2823 3178 potius
2853 3107 2978 3161 illuil
3011 3115 3092 3161 est
3131 3123 3283 3161 suum
3313 3107 3456 3176 quod

257 3207 316 3248 et
360 3195 523 3247 multa
562 3210 713 3263 quam
743 3209 938 3261 pauca;
971 3196 1273 3263 incorporea
1305 3213 1422 3249 vero
1470 3195 1652 3250 anima
1685 3214 1777 3252 nec

260 3273 527 3336 augeatur
553 3265 606 3317 in
631 3264 818 3328 multis,
843 3281 934 3316 nec
961 3266 1224 3318 minuatur
1250 3267 1300 3317 in
1324 3267 1560 3336 singulis.

261 3378 381 3433 Nec
429 3391 557 3431 vero
605 3376 749 3430 credi
801 3376 924 3430 licet
970 3389 1308 3444 quorumque
1347 3377 1778 3447 conjunctionem

193 3485 492 3540 corporum
514 3467 773 3521 unitatem
800 3466 1072 3522 Trinitatis
1112 3468 1328 3535 imitari,
1357 3478 1450 3523 aut
1482 3471 1654 3524 eidem
1695 3471 1778 3524 in-

193 3562 592 3621 confusibiliter
646 3577 803 3632 posse
850 3563 1084 3616 misceri.
1139 3560 1293 3616 Patet
1341 3563 1483 3617 enim
1539 3563 1777 3631 liquido,

193 3655 485 3726 quodlibet
531 3669 693 3707 unum
733 3668 928 3722 corpus
973 3653 1118 3723 paris
1159 3653 1398 3723 corporis
1443 3653 1783 3722 adjunctione

196 3746 486 3820 duplicari.
517 3743 642 3799 Esse
671 3743 778 3798 illic
822 3760 1050 3808 sursum,
1092 3742 1374 3806 deorsum,
1417 3741 1681 3809 dextrum,
1711 3745 1783 3798 si-

195 3841 456 3903 nistrum,
481 3835 716 3890 anterius
737 3843 896 3902 atque
914 3822 1201 3904 posterius.
1223 3833 1352 3889 Esse
1374 3834 1481 3889 illic
1503 3840 1599 3904 pro
1624 3835 1782 3889 modo

196 3930 607 4000 magnitudinis,
632 3929 1034 3997 longitudinem,
1059 3927 1408 3990 latitudinem,
1428 3925 1778 3980 altitudinem.

197 4017 254 4078 In
313 4022 432 4077 Deo
462 4036 589 4075 vero
619 4022 732 4090 ipsa
761 4019 1020 4073 Trinitate
1048 4017 1206 4086 hujus
1247 4016 1595 4072 secabilitatis
1624 4026 1678 4071 et
1707 4017 1786 4072 lo-

198 4115 440 4171 calitatis
469 4120 647 4182 partes
671 4120 725 4166 et
763 4111 932 4180 spatia
961 4125 1081 4164 esse
1109 4125 1215 4163 non
1254 4107 1476 4162 dicimus
1495 4149 1508 4174 ,
1536 4107 1602 4161 ad
1637 4107 1788 4176 cujus

197 4205 616 4262 similitudinem
661 4219 825 4257 unum
873 4218 972 4257 nos
1016 4217 1135 4257 esse
1179 4217 1464 4270 secumque
1500 4201 1636 4254 uniri
1679 4215 1784 4256 non

199 4313 405 4368 posse,
438 4295 566 4350 dicit
596 4295 708 4364 ipse
733 4293 824 4364 qui
853 4292 995 4359 fecit,
1027 4295 1167 4350 sicut
1206 4293 1259 4346 in
1299 4291 1608 4362 apostolicis
1635 4291 1784 4346 Aeti-

201 4390 305 4443 bus
344 4387 594 4454 legimus,
632 4386 774 4454 quod
803 4403 932 4440 unus
977 4386 1290 4440 credentium
1314 4425 1327 4449 ,
1360 4401 1587 4456 unusque
1613 4384 1786 4439 volen-

1880 3206 1994 3275 ipsa
2024 3210 2105 3257 est
2131 3220 2142 3254 :
2177 3210 2266 3255 aut
2300 3201 2346 3257 si
2373 3199 2510 3255 istud
2540 3214 2733 3266 corpus
2759 3200 2947 3252 animae
2977 3215 3170 3269 corpus
3194 3210 3294 3264 est,
3320 3198 3453 3269 ipsa,

1880 3302 1941 3348 ut
1965 3294 2121 3347 datur
2144 3292 2386 3358 intelligi,
2430 3306 2538 3343 non
2573 3297 2656 3342 est
2683 3303 2895 3356 corpus.
2928 3286 3058 3342 Post
3098 3290 3282 3343 itidem
3323 3307 3455 3344 con-

1878 3385 2071 3439 sultori
2100 3399 2198 3437 suo
2241 3383 2318 3436 sic
2358 3380 2636 3449 loquitur:
2683 3375 2878 3446 Objicis
2919 3379 3044 3430 mihi
3079 3377 3190 3431 ideo
3222 3380 3455 3431 animum

1881 3496 1986 3533 non
2015 3494 2125 3531 esse
2153 3491 2470 3546 corpoream,
2511 3472 2630 3542 quia
2653 3487 2742 3523 nec
2766 3469 2945 3522 loculis
2975 3470 3061 3533 sit,
3093 3487 3182 3524 nec
3207 3471 3457 3542 qualitate

1881 3579 1970 3622 aut
1996 3569 2282 3640 quantitate
2320 3563 2609 3618 subsistat:
2648 3560 2781 3633 quod
2819 3559 2962 3629 cujus
3003 3558 3213 3629 periculi
3246 3561 3314 3612 sit
3356 3577 3457 3614 cre-

1884 3661 2022 3725 dere,
2063 3662 2116 3714 in
2159 3654 2580 3728 consequentibus
2618 3651 3098 3708 demonstrabimus.
3147 3649 3301 3705 Nunc
3342 3669 3456 3706 uero

1882 3753 1937 3804 in
1961 3751 2054 3804 hoc
2085 3757 2334 3802 tractatus
2364 3747 2526 3801 nostri
2555 3754 2691 3800 statu
2715 3745 2889 3798 habita
2918 3743 3236 3798 discussione
3265 3741 3465 3815 pende-

1887 3841 1977 3906 bit,
2008 3851 2062 3893 ut
2091 3841 2135 3894 si
2171 3856 2262 3893 nec
2292 3838 2471 3892 localis
2500 3837 2566 3890 sit
2600 3853 2691 3890 nec
2724 3836 3002 3906 quantitati
3036 3835 3319 3906 subjuceat,
3351 3851 3458 3889 esse

1884 3950 1999 3988 eam
2037 3932 2245 3986 indubie
2291 3933 2652 4001 incorpoream
2701 3928 2903 3981 credas.
2948 3927 3007 3981 Si
3046 3945 3160 3981 vero
3208 3944 3322 3981 eam
3369 3927 3460 3980 de-

1885 4024 2334 4078 monstraverimus
2356 4023 2640 4094 quantitate
2655 4018 2991 4072 determinari
3012 4019 3181 4072 lorove
3196 4017 3458 4080 concludi;

1885 4121 2252 4184 consequenter
2278 4128 2393 4165 eam
2430 4111 2584 4162 etiam
2631 4125 2844 4178 corpore
2891 4109 3178 4171 contineri,
3229 4123 3320 4160 nec
3351 4108 3462 4177 ipse

1880 4205 1994 4275 jam
2023 4203 2240 4256 dubites.
2273 4199 2486 4268 Statum
2527 4214 2723 4266 nempe
2761 4205 3021 4251 tractatus
3052 4197 3126 4250 tui
3158 4197 3212 4250 in
3252 4198 3462 4252 articuli

1887 4298 2042 4352 istius
2080 4294 2388 4350 conditione
2416 4291 2673 4363 posuisti,
2707 4299 2764 4345 ut
2805 4291 2846 4344 si
2876 4290 3062 4345 localis
3091 4298 3144 4344 et
3169 4291 3461 4359 quantitati

1887 4385 2168 4456 subjacens
2191 4384 2370 4438 anima
2404 4381 2619 4453 probari
2643 4381 2850 4451 possit,
2874 4388 3268 4450 consequenter
3297 4382 3462 4436 etiam

204 4483 337 4534 tium
368 4486 484 4532 erat
513 4478 713 4530 animus
742 4486 789 4528 et
817 4493 904 4529 cor
941 4493 1101 4529 unum
1143 4475 1276 4544 (Act.
1310 4490 1381 4539 tv,
1413 4474 1523 4544 52).
1555 4473 1669 4529 Non
1701 4483 1784 4529 ta-
1812 4457 1866 4516 D
1889 4493 2150 4548 corporea
2182 4475 2494 4532 crederetur
2523 4493 2535 4527 :
2565 4490 2725 4544 quam
2769 4481 2949 4529 tamen
2980 4473 3139 4544 paulo
3172 4482 3297 4545 post
3323 4475 3461 4527 intra

203 4584 332 4623 men
380 4582 509 4621 reor
537 4566 728 4619 multas
757 4566 960 4620 animas
1000 4566 1072 4619 ita
1111 4564 1212 4618 sibi
1259 4563 1421 4618 fuisse
1449 4564 1781 4633 conjunctas,

203 4670 264 4714 ut
292 4659 475 4726 major
512 4657 755 4728 quaedam
783 4673 850 4712 ex
877 4657 1057 4712 multis
1085 4657 1360 4712 animabus
1386 4657 1560 4710 anima
1601 4655 1783 4721 ﬁeret,

203 4752 336 4818 quia
370 4747 604 4802 Trinitas
630 4762 726 4818 per
748 4762 905 4816 quam
928 4755 981 4800 et
1008 4762 1128 4800 cum
1156 4760 1262 4814 qua
1291 4761 1476 4801 omnes
1497 4746 1652 4800 bona:
1676 4747 1788 4800 ani-

202 4854 310 4892 ma:
342 4837 480 4890 ﬁunt
509 4852 690 4892 unum.
740 4836 766 4874 ι’
805 4835 914 4891 Nec
957 4837 1010 4890 in
1054 4835 1160 4889 ulla
1191 4850 1259 4889 ex
1299 4835 1484 4890 eadem
1530 4835 1788 4891 Trinitate

199 4943 447 4997 persona
471 4927 647 4981 minor
673 4933 756 4982 est
783 4941 941 4995 quam
969 4926 1021 4980 in
1050 4925 1238 4988 tribus,
1270 4941 1370 4980 nec
1394 4927 1445 4980 in
1476 4926 1644 4981 tribus
1671 4941 1784 4987 ma-

197 5018 290 5085 jor
322 5023 412 5070 est
438 5031 596 5085 quam
625 5017 677 5071 in
707 5016 946 5085 singulis.
978 5014 1067 5071 Sic
1089 5023 1142 5071 et
1170 5017 1357 5070 animae
1385 5016 1632 5071 humana:
1659 5019 1786 5071 sub-

199 5107 413 5162 stantia
443 5105 512 5159 ad
538 5105 653 5174 ejus
681 5105 1034 5159 imitationem
1077 5105 1227 5173 cujus
1267 5105 1442 5175 imago
1471 5115 1570 5171 est,
1602 5122 1702 5161 nec
1730 5108 1783 5162 in

196 5198 396 5251 multis
438 5195 727 5250 secundum
756 5195 987 5264 aliquam
1017 5196 1213 5250 molem
1246 5195 1419 5266 major
1458 5205 1572 5264 est,
1604 5212 1704 5252 nec
1732 5198 1786 5252 in

196 5285 435 5354 singulis
457 5287 745 5340 secundum
767 5287 998 5356 aliquam
1026 5287 1220 5342 molem
1251 5289 1444 5343 minor.
1476 5289 1608 5355 Quia
1637 5289 1785 5345 vide-

194 5375 336 5430 licet
360 5376 615 5445 potentiae
643 5385 768 5431 sunt
788 5377 906 5442 illita,
939 5393 1046 5432 non
1072 5393 1318 5448 corpora.
1349 5377 1569 5434 Creatas
1605 5389 1786 5435 autem

195 5469 480 5536 potentias
508 5469 736 5523 creatrix
765 5470 947 5538 utique
983 5470 1220 5539 potentia
1255 5471 1375 5540 jure
1403 5473 1782 5542 supereminet,

276 5660 301 5684 ι
352 5646 434 5698 Al.
468 5650 696 5718 capiunt.

1886 4567 2124 4638 pectoris
2163 4565 2434 4624 ofﬁcinam
2483 4566 2774 4621 varietates
2820 4565 3205 4633 cogitationum
3245 4579 3465 4619 suarum

1891 4657 2110 4730 ﬁngere,
2131 4667 2188 4713 et
2207 4666 2386 4714 motus
2407 4659 2609 4728 agitare
2632 4657 2969 4727 pronuntias.

2459 4765 2687 4822 CAPUT
2717 4765 2876 4821 XVII.

1891 4863 2131 4916 Animam
2177 4861 2290 4914 sine
2335 4861 2443 4913 ulla
2487 4860 2786 4981 differlfntia
2829 4854 3014 4923 loca'li,
3065 4861 3221 4914 vitam
3263 4863 3464 4932 corpori

2397 4943 2404 4978 ς
2564 4940 2625 4981 tn
2663 4945 2799 4981 uere.

2401 4943 2404 4946 ’
2564 4940 2580 4981 ι
2584 4940 2625 4982 ri
2632 4940 2799 4982 tmere.

1964 5025 2040 5079 Ac
2067 5023 2297 5093 primum
2324 5036 2504 5091 quasso
2526 5021 2854 5090 respondeas
2887 5039 2898 5073 :
2925 5020 3043 5092 Ipsa
3070 5023 3250 5079 anima
3269 5010 3382 5093 quo
3413 5025 3465 5079 in

1891 5114 2014 5168 loco
2059 5113 2130 5168 sit
2172 5112 2415 5182 corporis
2439 5151 2453 5177 ,
2503 5111 2558 5165 in
2589 5118 2706 5166 toto
2746 5118 2866 5178 est,
2907 5128 2976 5166 an
3020 5113 3075 5168 in
3102 5116 3291 5184 parte?
3318 5113 3373 5170 Si
3412 5115 3466 5169 in

1890 5212 2046 5274 parte
2079 5211 2180 5268 est,
2207 5199 2662 5271 quemadmodum
2702 5202 3013 5258 universum
3040 5203 3240 5276 ubique
3273 5220 3466 5274 corpus

1893 5303 2078 5350 movet
2107 5301 2265 5364 atque
2301 5294 2605 5350 sentiﬁcat?
2638 5293 2694 5348 Si
2723 5295 2776 5348 in
2803 5302 2920 5350 toto
2947 5303 3046 5361 est,
3078 5295 3346 5365 quomodo
3381 5296 3466 5352 in-

1896 5393 1976 5439 tra
2005 5385 2172 5439 solius
2199 5385 2436 5454 pectoris
2465 5382 2735 5440 ofﬁcinam
2768 5385 3124 5453 cogitationes
3158 5400 3284 5440 suas
3316 5382 3467 5454 ﬁngit

1895 5485 1949 5530 et
1970 5482 2149 5554 motus
2170 5475 2424 5530 exercet?
2455 5473 2537 5528 An
2567 5473 2790 5530 forsitan
2823 5490 2929 5530 non
2956 5475 3128 5530 solum
3159 5474 3212 5529 in
3243 5481 3466 5544 pectore

1965 5653 1989 5691 δ
2029 5652 2347 5718 Ortltodox.,
2383 5652 2496 5709 Nec
2527 5656 2685 5707 nulla.
