3946 6182
468 187 590 249 ’719

1726 186 2041 245 ΜΑΜΕΒΤΙ
2077 183 2442 244 CLAUDIAM

3607 192 3705 253 τε»

487 312 597 370 est,
625 302 717 359 sed
744 299 910 358 etiam
938 301 991 356 in
1021 303 1199 373 capite
1232 319 1244 355 :
1276 316 1378 358 nec
1401 302 1456 356 in
1493 300 1668 371 capite
1698 307 1932 377 tantum,
1958 297 2054 354 sed
2081 298 2333 368 AAtque
2378 306 2438 354 ut
2460 274 2536 353 .id
2582 296 2870 353 doceamus
2913 298 3179 368 exemplo,
3209 298 3425 369 digitum
3452 309 3590 359 certe
3615 306 3705 361 nisi

484 396 538 451 in
561 394 743 465 planta
762 401 924 462 atque
953 392 1008 446 in
1028 392 1275 447 ossibus?
1295 390 1362 445 Et
1389 391 1691 461 ubicunque
1712 389 1948 444 animam
1975 388 2057 443 lo-

483 486 672 541 caliter
698 498 819 539 esse
849 482 1051 548 credis,
1084 482 1193 537 illic
1214 482 1376 537 etiam
1405 481 1649 536 localiter
1676 481 1866 551 sapere
1896 486 1951 535 et
1976 479 2057 534 lo-

482 576 669 631 calitcr
687 574 923 640 cogitare
943 569 1217 628 fateberis.
1235 570 1304 626 Et
1322 571 1581 640 quoniam
1599 571 1645 627 si
1669 584 1931 640 corporea
1952 577 2054 635 est,

481 672 706 720 eatenus
745 663 890 718 inest
917 662 1171 732 corpori,
1213 669 1274 716 ut
1302 662 1440 717 sicut
1470 676 1607 731 aqua
1637 670 1812 715 utrem
1844 659 2057 714 minore

480 755 566 811 sui
594 760 748 824 parte
777 752 1018 807 minores
1047 759 1229 821 partes
1275 751 1391 820 ejus
1430 750 1689 820 impleat,
1740 758 1797 805 et
1849 747 2056 818 majore

480 845 746 916 majores;
779 844 1085 900 necessario
1115 843 1375 911 sequitur,
1393 846 1467 897 ‘ut
1512 850 1568 898 et
1597 841 1771 912 major
1799 842 1875 896 illi
1916 841 2057 909 cogi-

482 936 615 991 tatio
654 935 709 989 in
755 940 976 1004 pectore
1013 934 1116 999 sit,
1159 941 1215 988 et
1243 933 1422 989 minor
1459 934 1513 987 in
1541 932 1708 1002 digito
1743 951 1755 985 :
1789 939 1951 1002 atque
1980 932 2054 987 ita

481 1033 704 1095 quotam
731 1032 942 1094 partem
962 1024 1186 1094 quisque
1215 1024 1460 1093 corporis
1487 1023 1717 1079 viventis
1746 1022 2056 1090 absciderit,

481 1125 656 1173 totam
681 1130 897 1186 quoque
924 1100 1137 1185 partem
1154 1114 1347 1169 animm
1371 1114 1676 1184 vegetantis
1705 1113 1947 1169 abscidit.
1982 1113 2057 1171 Ac

480 1224 580 1281 per
625 1208 729 1264 hoc
759 1224 867 1263 non
895 1214 1044 1261 tanta
1074 1206 1177 1262 erit
1222 1206 1277 1261 in
1324 1207 1503 1261 anima
1551 1207 1735 1278 utique
1763 1206 1926 1265 debili
1969 1207 2057 1262 vel

481 1296 751 1366 cogitandi
797 1297 916 1362 vis,
969 1297 1056 1351 vel
1116 1295 1357 1367 potentia
1406 1296 1807 1351 reminiscendi.
1859 1297 2055 1351 Aerem

479 1402 714 1456 namque
745 1386 834 1459 (ex
863 1403 971 1457 quo
1012 1394 1105 1441 aut
1133 1387 1219 1442 cui
1248 1386 1479 1442 similem
1510 1387 1748 1443 animum
1778 1403 1897 1444 esse
1925 1404 2055 1458 pro-

479 1479 719 1556 nuntias)
743 1476 1014 1533 dividuum
1035 1476 1430 1545 secabilemque
1460 1493 1622 1535 nemo
1652 1478 1881 1536 dubitat.
1922 1480 2056 1535 Nam

478 1580 534 1625 et
563 1585 685 1626 cum
715 1566 904 1622 ﬁamus
933 1575 988 1623 et
1016 1565 1285 1634 reﬂamus,
1317 1568 1607 1638 particulas
1633 1567 1749 1637 ejus
1776 1568 2055 1624 haurimus

2159 396 2336 444 stante
2362 404 2525 443 manu
2568 402 2787 443 movere
2831 403 2937 442 non
2984 404 3306 458 possumus;
3347 401 3520 445 motus
3545 402 3705 448 autem

2156 479 2367 535 brachii
2402 477 2470 533 ab
2506 464 2713 533 h'umeri
2750 478 3040 534 stabilitate
3077 487 3180 534 est.
3218 477 3287 533 Et
3312 488 3370 534 ut
3396 496 3501 548 non
3528 481 3706 539 diutius

2158 569 2525 632 immoremur,
2563 566 2615 620 in
2644 566 2934 634 gradiendo
2970 568 3153 638 utique
3192 583 3289 638 pes
3328 584 3464 624 unus
3492 567 3709 638 ﬁgendus

2158 664 2259 722 est,
2290 664 2349 710 ut
2376 657 2512 711 alter
2537 656 2846 725 promoveri
2884 664 3065 724 queat.
3116 655 3261 711 Tene
3290 657 3428 712 istud
3460 693 3474 718 ,
3502 668 3526 695 ι
3556 660 3707 729 pauli-

2158 763 2283 819 sper
2326 747 2489 803 animi
2534 756 2738 804 motum
2799 762 2830 802 a
2879 749 3118 819 corporis
3164 759 3315 805 motu
3356 748 3705 806 discernimus.

2159 839 2292 897 Nam
2319 838 2490 905 sicut,
2520 846 2579 893 ut
2602 853 2762 909 supra
2788 837 2987 893 dictum
3017 848 3131 904 est,
3160 838 3301 894 Deus
3326 841 3584 895 stabiliter
3602 858 3710 898 mo-

2159 941 2331 996 vetur,
2360 931 2439 986 sic
2465 930 2642 985 anima
2671 931 3054 1000 temporaliter.
3080 929 3394 1003 Temporale
3423 942 3507 988 est
3526 943 3707 1000 autem,

2157 1024 2303 1097 quod
2331 1023 2491 1094 paulo
2520 1031 2646 1078 ante
2674 1023 2901 1092 superba
2919 1064 2934 1090 ,
2966 1040 3107 1079 nunc
3136 1024 3378 1091 humilis;
3408 1026 3559 1097 prius
3585 1027 3707 1093 laeta,

2159 1130 2302 1170 nunc
2352 1114 2547 1180 tristis;
2596 1112 2783 1168 dilexit
2809 1121 2934 1169 ante
2956 1155 2972 1180 ,
3022 1130 3164 1171 nunc
3189 1116 3331 1182 odit;
3358 1118 3512 1187 prius
3534 1118 3710 1188 aliquid

2158 1204 2363 1269 oblita,
2407 1219 2549 1259 nunc
2592 1203 2854 1259 meminit.
2920 1202 3234 1273 Hujusmodi
3277 1215 3458 1263 autem
3500 1208 3713 1265 motibus

2157 1297 2335 1351 anima
2366 1311 2475 1350 non
2502 1294 2864 1351 communicat
2898 1295 3144 1365 corpori,
3173 1296 3363 1366 quibus
3392 1300 3613 1355 immoto
3642 1299 3709 1352 ni-

2158 1368 2721 1454 hilominus'corpore
2772 1392 3039 1440 movetur.
3090 1384 3241 1442 Unde
3299 1388 3460 1444 datur
3511 1389 3710 1458 intelligi

2158 1477 2392 1550 animam
2418 1491 2515 1546 per
2555 1484 2762 1545 tempus
2791 1475 3071 1531 illocaliter
3098 1479 3323 1543 moveri,
3351 1487 3517 1548 atque
3543 1480 3608 1533 ab
3631 1495 3711 1533 ea-

2156 1565 2277 1621 dem
2334 1581 2529 1637 corpus
2587 1573 2642 1621 et
2702 1566 3069 1635 temporaliter
3110 1575 3165 1620 et
3205 1567 3451 1622 localiter
3499 1570 3713 1635 moveri;

478 1671 536 1717 et
573 1661 845 1715 reddimus
868 1699 881 1724 ,
915 1674 1049 1728 quas
1095 1659 1151 1712 in
1181 1667 1391 1728 pastum
1418 1659 1586 1714 totius
1613 1661 1855 1730 corporis
1901 1677 2052 1716 vente
2082 1671 2132 1731 Β
2156 1655 2399 1712 eamdem
2429 1672 2555 1712 vero
2581 1672 2611 1711 a
2638 1671 2865 1727 corpore
2894 1655 3133 1711 localiter
3158 1659 3379 1714 moveri.

479 1753 579 1807 illa:
609 1751 829 1821 capiunt
856 1764 992 1818 quas
1031 1752 1279 1825 ἀρτηρίας
1310 1747 1485 1804 Grieci
1521 1752 1750 1815 vocant;
1782 1766 1880 1821 per
1920 1766 2054 1820 quas

449 1844 621 1898 idem
666 1858 760 1897 aer
806 1842 860 1896 in
904 1848 1400 1910 temperamentum
1450 1842 1612 1896 trium
1660 1843 2052 1897 elementorum

469 1933 790 2004 puhnonum
837 1945 1053 2001 quoque
1083 1929 1349 1986 indefessa
1379 1931 1676 1999 agitatione
1704 1930 2050 2002 dispergitur.

476 2025 581 2081 Sed
621 2024 666 2080 si
704 2025 929 2079 haustus
956 2038 1068 2091 aer,
1093 2021 1246 2091 juxta
1274 2023 1600 2078 sententiam
1630 2029 1776 2078 tuam
1794 2064 1810 2090 ,
1843 2022 1911 2077 ad
1938 2022 2054 2077 ani-

475 2133 579 2174 ma:
616 2117 851 2188 pertinet
878 2122 1092 2186 pastum
1112 2154 1127 2180 ,
1167 2115 1293 2183 quia
1325 2114 1532 2170 scilicet
1559 2130 1646 2171 res
1675 2114 1820 2169 aeria
1851 2129 2051 2171 conve-

477 2211 691 2266 nienter
728 2208 892 2263 alitur
919 2222 1044 2262 aere
1079 2225 1092 2259 :
1126 2220 1254 2275 ergo
1278 2247 1292 2272 ,
1343 2207 1482 2262 sicut
1509 2222 1669 2276 supra
1698 2206 1900 2263 dictum
1929 2214 2013 2261 est
2033 2245 2050 2270 ,

475 2316 600 2357 cum
644 2313 871 2368 corpore
918 2296 1065 2367 quod
1109 2303 1324 2366 vegetat
1366 2297 1562 2366 recipit
1608 2297 1925 2352 sectionem.
1957 2296 2054 2351 Vis

474 2397 622 2444 certe
651 2387 929 2443 memoriae
948 2385 1014 2455 ad
1037 2393 1207 2441 totam
1228 2386 1346 2441 sine
1366 2386 1663 2463 quaestione
1682 2385 1918 2457 pertinet
1946 2386 2055 2439 ani-

474 2496 639 2535 mam.
694 2475 867 2533 Omne
920 2491 1085 2547 porro
1140 2491 1338 2546 corpus
1400 2475 1698 2544 quamlibet
1752 2489 2005 2543 magnum
2034 2516 2048 2541 ,

473 2569 772 2641 quamlibet
800 2584 1042 2640 parvum,
1075 2568 1249 2624 secari
1277 2567 1520 2637 profecto
1549 2574 1728 2637 potest
1755 2585 1766 2620 :
1799 2567 1944 2636 quod
1972 2565 2053 2621 id-

472 2648 617 2717 circo
648 2662 722 2715 illi
754 2659 978 2722 accidit,
1011 2659 1135 2731 quia
1175 2659 1418 2730 partibus
1446 2666 1679 2717 constat.
1713 2659 1849 2715 Nam
1892 2660 2050 2735 quid-

370 2794 379 2798 -
473 2752 602 2823 quid
632 2744 841 2822 partem
888 2750 1073 2816 habet,
1106 2758 1285 2821 potest
1324 2752 1509 2821 utique
1538 2751 1741 2819 dividi,
1773 2752 1898 2824 quia
1926 2769 2051 2824 pars

471 2851 655 2913 potest
683 2857 713 2896 a
744 2851 895 2912 parte
922 2840 1123 2897 divelli.
1157 2842 1496 2912 Quapropter
1523 2843 1573 2897 si
1599 2859 1794 2913 corpus
1824 2851 1905 2900 est
1934 2846 2050 2900 ani-

474 2949 580 2999 ma,
613 2932 806 3002 recipit
833 2934 1020 3002 utique
1060 2931 1357 2987 sectionem
1393 2950 1405 2984 :
1438 2933 1482 2988 si
1510 2934 1702 3004 recipit
1730 2935 2045 3000 sectionem,

2222 1748 2286 1804 ll.
2326 1748 2504 1819 Atque
2532 1756 2589 1803 ut
2617 1748 2721 1807 hoc
2748 1748 2941 1819 ipsum,
2971 1748 3016 1804 si
3044 1763 3150 1817 quo
3178 1748 3338 1805 modo
3361 1765 3580 1820 queam,
3607 1766 3712 1806 ver-

2152 1839 2236 1895 bis
2263 1840 2484 1910 planum
2510 1840 2724 1906 faciam,
2757 1840 3042 1895 attentiore
3070 1841 3199 1894 mihi
3230 1842 3433 1897 lectore
3464 1858 3600 1913 opus
3626 1853 3712 1897 est.

2152 1930 2294 1987 Ecce
2335 1930 2401 1986 ad
2438 1930 2638 2000 aliquid
2673 1930 3011 1986 scribendum
3053 1932 3135 1986 vel
3166 1930 3617 1989 fabrefaciendum
3667 1942 3713 1988 ut

2153 2038 2350 2077 manus
2402 2030 2681 2079 moveatur
2726 2022 2916 2077 animm
2961 2032 3122 2078 nutus
3175 2023 3491 2080 intenditur.
3546 2026 3715 2081 Anima

2152 2113 2500 2183 conspicatur
2545 2111 2891 2181 incorporeas
2938 2111 3218 2168 illocaliter
3265 2115 3467 2171 fortnas
3496 2156 3511 2181 ,
3543 2116 3716 2185 quibus

2154 2204 2640 2264 indissociabiliter'
2664 2203 2849 2274 juncta
2872 2246 2888 2271 ,
2943 2206 3055 2260 sive
3103 2207 3402 2277 superjecta
3453 2209 3716 2277 subjectis,

2152 2296 2266 2351 sive
2292 2294 2533 2365 subjecta
2579 2294 2892 2365 superje‘ctis
2914 2336 2929 2363 ,
2979 2305 3034 2351 et
3061 2296 3354 2352 membrum
3385 2306 3503 2353 tota
3532 2308 3715 2364 movet,

2153 2396 2210 2444 et
2253 2387 2545 2443 formarum
2590 2387 2904 2442 varietatem
2952 2395 3062 2444 tota
3090 2389 3372 2445 sentificat.
3412 2389 3551 2447 Cum
3579 2406 3716 2462 ergo,

2153 2489 2213 2535 ut
2239 2480 2440 2536 dictum
2466 2488 2567 2546 est,
2595 2480 2810 2536 aeternis
2837 2479 2940 2534 illis
2968 2481 3275 2551 eisdemque
3301 2497 3521 2553 semper
3548 2483 3718 2539 formis

2154 2570 2378 2635 intenta,
2409 2571 2477 2625 ad
2520 2569 2765 2640 exempla
2813 2570 3120 2626 earumdem
3167 2571 3457 2628 formarum
3493 2582 3721 2643 tetrago-

2152 2677 2301 2727 num,
2333 2661 2445 2715 sive
2474 2660 2807 2730 hexagonum
2845 2661 2929 2716 vel
2970 2662 3252 2717 rotundum
3282 2678 3604 2733 corporeum
3631 2678 3718 2735 per

2151 2767 2349 2822 corpus
2376 2749 2587 2805 etlicere
2635 2752 2878 2813 molitur;
2928 2760 3073 2807 certe
3102 2752 3147 2809 si
3185 2752 3440 2808 aliorsum
3468 2763 3716 2819 mentem,

2153 2844 2367 2899 oculum
2414 2841 2616 2897 scilicet
2642 2858 2793 2896 suum
2812 2884 2826 2908 ,
2859 2844 3110 2907 verterit,
3142 2851 3199 2897 ut
3226 2852 3351 2914 puta
3380 2842 3571 2900 volens
3597 2859 3716 2913 qua-

2152 2932 2306 2987 drum
2336 2930 2512 2987 facere
2540 2931 2826 2986 rotundum
2866 2931 3094 3003 cogitet;
3146 2941 3239 2985 aut
3276 2932 3464 2987 volens
3492 2935 3715 2990 scribere

474 3025 665 3093 recipit
712 3023 1190 3091 imminutionem;
1246 3024 1291 3080 si
1337 3023 1770 3080 imminutionem
1820 3026 2044 3097 recipit,
2077 3028 2123 3089 (ἶ
2152 3019 2302 3076 Pauli
2332 3038 2557 3087 nomen.
2590 3023 2791 3091 cogitet
2832 3038 3025 3078 nomen
3065 3021 3297 3078 Simonis
3332 3042 3346 3077 ε
3389 3041 3572 3081 nonne
3597 3043 3715 3097 pro-

473 3116 681 3189 perdlta
729 3116 959 3186 quisque
986 3115 1093 3171 vivi
1122 3117 1364 3186 corporis
1392 3123 1546 3187 parte
1568 3158 1585 3183 ,
1616 3118 1807 3172 animae
1834 3133 2048 3189 quoque

473 3208 651 3279 perdit
697 3215 928 3279 partem.
971 3205 1104 3262 Cum
1155 3215 1308 3279 parte
1338 3224 1464 3263 vero
1511 3208 1704 3264 animae
1757 3209 1897 3279 perit
1925 3225 2049 3281 pars

458 3300 760 3355 memoriae.
814 3297 1006 3354 Anima
1053 3314 1181 3370 ergo
1227 3299 1376 3369 cujus
1423 3300 1705 3357 imminuta
1745 3302 2045 3358 substantia

451 3397 572 3455 test,
604 3390 783 3446 minus
825 3388 986 3446 debet
1031 3390 1217 3460 utique
1259 3391 1588 3447 meminisse.
1623 3391 1699 3447 Ae
1726 3408 1823 3463 per
1868 3393 1973 3449 hoc
2001 3393 2049 3449 si

460 3479 660 3535 localis
705 3486 790 3535 est
818 3480 999 3535 anima
1024 3520 1039 3545 ,
1071 3478 1389 3535 multimoda
1419 3487 1600 3551 potest
1628 3482 1866 3538 sectione
1900 3497 2050 3538 com-

460 3570 677 3637 minui,
724 3576 783 3625 et
826 3569 1129 3639 frequentia
1168 3570 1613 3625 comminutionis
1658 3570 1881 3626 aboleri.
1941 3571 2050 3631 Sed

469 3664 594 3733 quia
632 3661 776 3717 istud
804 3677 955 3717 mens
981 3677 1133 3727 sana,
1173 3676 1241 3716 ne
1274 3659 1449 3717 dicam
1478 3660 1656 3726 docta,
1686 3678 1797 3717 non
1824 3664 2045 3734 recipit;

457 3761 529 3807 ait
556 3751 837 3808 illocalitas
859 3751 1048 3805 animae
1070 3761 1331 3821 quantum
1358 3767 1456 3821 per
1485 3767 1584 3807 nos
1610 3752 1709 3807 sub
1736 3768 1839 3824 ope
1867 3753 2055 3815 divina.

458 3841 696 3914 proferri
724 3841 965 3914 potuerit
1003 3841 1175 3910 magis
1218 3849 1513 3912 appareat,
1582 3841 1650 3898 de
1678 3842 1913 3901 motibus
1946 3845 2049 3901 dis-

467 3948 714 3988 seramus
746 3950 760 3985 :
793 3932 919 4003 quia
948 3931 1170 3987 dubium
1211 3947 1323 3988 non
1370 3933 1508 3999 erit,
1558 3932 1700 3989 sicut
1726 3948 1922 4005 corpus
1964 3941 2048 3990 est

467 4024 613 4095 quod
642 4031 891 4080 movetur
929 4024 1176 4080 localiter
1196 4065 1212 4092 ,
1246 4024 1319 4078 ita
1366 4040 1477 4081 non
1529 4040 1650 4083 esse
1678 4042 1876 4098 corpus
1904 4026 2049 4098 quod

466 4116 719 4173 localiter
746 4131 856 4173 non
885 4122 1155 4172 movetur.

1033 4202 1261 4261 CAPUT
1301 4205 1482 4262 XVIII.

1018 4296 1144 4351 Tres
1173 4314 1284 4352 esse
1312 4307 1497 4352 motus.

2153 3111 2303 3167 tinus
2340 3113 2408 3169 ad
2454 3114 2508 3168 id
2561 3115 2964 3190 exprimendum
3008 3116 3121 3172 sive
3172 3115 3502 3184 ﬁgurandum
3554 3119 3715 3186 agitur

2150 3209 2330 3257 motus
2367 3203 2621 3271 membri,
2653 3203 2719 3259 ad
2756 3204 2900 3274 quod
2934 3204 3270 3274 cogitandum
3313 3208 3525 3262 transiit
3564 3216 3715 3263 nutus

2151 3293 2349 3348 animi?
2377 3294 2550 3350 Stabit
2586 3310 2713 3365 ergo
2750 3296 2927 3351 anima
2958 3298 3010 3351 in
3048 3300 3501 3370 contemplatione
3527 3299 3714 3355 forma-

2148 3404 2269 3443 rum
2324 3394 2383 3441 ut
2432 3395 2648 3443 moveat
2685 3404 2882 3458 corpus
2908 3389 2961 3443 in
2990 3388 3302 3459 figuratione
3340 3391 3710 3448 formabilium.

2150 3478 2280 3546 Qua:
2326 3477 2616 3533 formarum
2661 3479 2859 3534 veritas
2905 3480 3005 3535 nisi
3049 3482 3301 3536 rationali
3347 3484 3711 3554 conspicabilis

2150 3586 2258 3624 non
2288 3578 2388 3626 est.
2427 3569 2547 3627 Stat
2591 3569 2736 3625 enim
2781 3571 2955 3626 omnis
3000 3572 3178 3626 anima
3205 3572 3259 3626 in
3287 3574 3524 3643 appetitu
3555 3573 3713 3628 ratio—

2150 3660 2257 3716 nali
2304 3669 2360 3715 et
2405 3660 2459 3715 in
2505 3659 2753 3716 consilio.
2794 3660 2912 3716 Non
2958 3671 3137 3717 autem
3165 3662 3419 3719 credibile
3447 3674 3525 3719 est
3551 3664 3712 3735 quod,

2148 3766 2270 3807 cum
2316 3757 2450 3805 nutu
2495 3751 2688 3807 animae
2734 3751 3009 3821 scriptoris
3055 3768 3244 3807 manus
3288 3753 3354 3808 ad
3382 3752 3711 3809 scribendum

2148 3848 2412 3904 movetur,
2444 3840 2622 3895 anima
2649 3854 2861 3910 quoque
2881 3856 3071 3896 manus
3091 3842 3382 3911 agitatione
3402 3853 3708 3899 moveatur:

2146 3946 2267 4002 quae
2290 3932 2393 3988 nisi
2418 3932 2717 3988 litterarum
2746 3932 2945 3989 formas
2974 3933 3316 3991 immobiliter
3343 3942 3504 4005 atque
3531 3935 3710 3990 illaca-

2146 4021 2271 4077 liter
2297 4022 2581 4092 aspiceret,
2614 4024 2832 4080 easdem
2859 4033 3008 4079 motu
3036 4024 3323 4094 digitorum
3352 4024 3591 4081 localiter
3614 4023 3711 4081 for-

2146 4124 2296 4167 mare
2323 4127 2432 4166 non
2459 4120 2662 4182 posset.

2215 4200 2303 4257 Ill.
2344 4201 2451 4258 Sed
2497 4202 2721 4259 forsitan
2759 4203 2928 4260 dicis:
2975 4202 3069 4259 Illa
3115 4220 3240 4275 pars
3282 4205 3474 4261 animm
3512 4220 3622 4274 qua:
3655 4205 3708 4259 in

2146 4294 2428 4349 scribentis
2474 4293 2653 4363 digitis
2693 4302 2775 4350 est
2797 4337 2811 4362 ,
2861 4304 3124 4364 movetur,
3157 4304 3210 4352 et
3237 4297 3442 4366 reliqua
3472 4304 3575 4351 non
3599 4311 3708 4350 nio—

536 4388 576 4442 1.
619 4387 752 4443 Tres
781 4402 909 4459 ergo
939 4395 1118 4443 motus
1145 4403 1283 4454 esse,
1319 4388 1571 4456 stabilem,
1597 4389 1873 4456 illocalem,
1904 4390 2044 4446 loca-
2072 4387 2127 4447 Β
2148 4394 2319 4442 vetur.
2360 4385 2475 4443 Hoc
2503 4387 2578 4441 illi
2613 4400 2777 4459 porro
2807 4387 3139 4444 contendunt
3177 4389 3266 4459 qui
3306 4389 3536 4443 animam
3585 4404 3704 4459 par-

462 4482 679 4553 temque,
707 4480 818 4550 jam
848 4488 1031 4536 notum
1059 4488 1158 4534 est.
1190 4478 1408 4536 Stabilis
1437 4484 1615 4537 motus
1645 4480 1743 4537 Dei
1769 4489 1888 4549 est,
1919 4483 2042 4539 illo-

462 4573 596 4628 calis
641 4574 831 4629 animm
853 4614 870 4640 ,
924 4563 1110 4628 localis
1154 4573 1415 4643 corporis.
1467 4570 1685 4629 Stabilis
1732 4583 1911 4631 motus
1961 4583 2044 4631 est

465 4663 611 4732 quod
638 4662 782 4718 Deus
826 4670 1129 4718 creaturam
1177 4677 1285 4717 non
1314 4674 1529 4732 semper
1555 4660 1712 4730 fecit;
1743 4664 1835 4720 sed
1865 4673 2043 4720 tamen

465 4754 711 4808 eamdem
750 4768 856 4808 non
896 4767 1036 4808 nova
1061 4753 1336 4809 voluntate
1363 4760 1491 4810 tunc
1514 4770 1699 4810 creare
1726 4746 1894 4811 voluit
1920 4768 2043 4812 cum

461 4842 666 4896 creavit
687 4881 704 4907 ,
751 4842 875 4911 quia
923 4854 1137 4914 semper
1182 4851 1308 4899 tunc
1333 4843 1504 4899 voluit
1531 4854 1715 4900 creare
1743 4860 1865 4901 cum
1892 4844 2037 4902 t‘ecit.

464 4930 606 4984 Tunc
675 4931 931 5001 temporis
990 4930 1309 5000 signiﬁcatio
1377 4939 1478 4987 est.
1539 4932 1754 5004 Semper
1809 4950 1917 4989 non
1971 4935 2040 4989 ad

459 5030 672 5090 tempus
694 5021 941 5091 pertinet.
985 5016 1126 5076 Tunc
1147 5035 1275 5090 ergo
1302 5021 1443 5077 istud
1471 5020 1538 5075 ad
1565 5021 1885 5093 principium
1911 5031 2041 5079 tem-

457 5114 606 5177 poris
651 5113 919 5184 pertinet,
965 5130 1069 5169 non
1097 5113 1163 5168 ad
1191 5122 1401 5184 tempus
1423 5154 1438 5178 ,
1470 5113 1593 5186 quia
1625 5122 2066 5187 temporanenm-

456 5210 665 5258 motum
692 5203 953 5259 stabilitas
981 5202 1320 5273 sempiterna:
1346 5203 1633 5260 voluntatis
1666 5205 1903 5261 includit.
1956 5205 2033 5262 Ac
2056 5222 2071 5231 '

457 5306 554 5363 per
582 5293 687 5350 hoc
728 5306 941 5363 semper
987 5301 1115 5347 tunc
1155 5291 1293 5347 velle
1338 5294 1544 5351 stabilis
1588 5304 1767 5351 motus
1793 5286 2036 5352 estfllic

458 5391 676 5459 oportet
711 5385 942 5456 accipias
977 5383 1110 5437 nihil
1138 5383 1340 5437 moveri
1372 5400 1529 5455 posse
1558 5386 1655 5440 nisi
1692 5387 1759 5442 ab
1786 5387 2030 5471 immoto.

533 5564 557 5592 ³
596 5562 680 5617 Al.
714 5576 815 5617 cuu
838 5559 1114 5630 paulisper.
1147 5559 1310 5616 Forte
1337 5561 1476 5616 dum.

2148 4476 2296 4531 tilem
2323 4483 2544 4546 putant,
2574 4491 2878 4547 quanquam
2908 4476 3286 4534 indissociabili
3312 4478 3698 4558 consequentia,

2144 4566 2479 4637 si'corporea
2501 4566 2658 4634 foret,
2689 4569 2899 4639 partilis
2926 4560 3083 4624 foret.
3124 4569 3256 4636 Quia
3283 4578 3339 4625 et
3366 4572 3558 4641 partile
3570 4567 3701 4647 quod

2143 4674 2484 4730 corporeum,
2516 4666 2571 4713 et
2597 4674 2912 4731 corporeum
2939 4675 3097 4715 omne
3123 4659 3265 4732 quod
3291 4661 3507 4731 partile.
3541 4657 3702 4730 Inqui-

2144 4762 2325 4805 ramus
2370 4750 2532 4818 igitur
2576 4747 2621 4804 si
2669 4748 2890 4804 discindi
2920 4748 2972 4802 in
3001 4756 3183 4818 partes
3210 4748 3421 4804 animus
3457 4758 3626 4821 queat,
3650 4755 3702 4799 et

2148 4843 2384 4897 amoveri
2415 4849 2567 4912 parte
2595 4842 2676 4896 sui
2705 4857 2804 4912 pro
2832 4841 3077 4911 corporis
3105 4850 3254 4911 parte
3277 4842 3471 4911 possit,
3503 4857 3598 4897 nec
3621 4857 3695 4899 ne.

2144 4932 2440 4987 videamus.
2503 4931 2582 4988 Ac
2621 4933 2852 5002 primum
2893 4930 3022 4986 illud
3051 4924 3382 4987 excutienda:
3411 4929 3699 5002 quiestionis

2141 5022 2300 5091 hujus
2349 5024 2787 5093 potissimumque
2832 5023 2903 5077 sit
2945 5021 3120 5088 nobis,
3155 5028 3235 5090 ut,
3276 5022 3321 5078 si
3350 5022 3515 5078 habet
3541 5030 3696 5094 partes

2144 5114 2354 5167 animus
2378 5153 2393 5179 ,
2443 5115 2613 5169 secari
2662 5114 2832 5184 possit
2870 5113 2923 5168 in
2965 5121 3163 5184 partes.
3208 5111 3563 5167 Advertamus
3586 5121 3693 5177 ergo

2143 5205 2355 5269 animo,
2385 5205 2528 5274 quod
2565 5205 2769 5261 nullum
2806 5222 3001 5276 corpus
3040 5212 3133 5259 aut
3162 5200 3308 5272 tangi
3335 5202 3492 5258 simul
3521 5210 3689 5263 totum,

2139 5303 2232 5348 aut
2282 5296 2439 5349 simul
2488 5304 2706 5366 tangere
2759 5304 2927 5352 totum
2964 5301 3162 5367 potest.
3203 5292 3271 5349 Et
3308 5294 3485 5349 anima
3521 5295 3571 5350 in
3597 5290 3697 5351 suis

2141 5386 2441 5459 quibusque
2470 5391 2703 5446 motibus
2732 5389 2816 5445 vel
2845 5388 3050 5445 actibus
3081 5396 3193 5446 tota
3222 5384 3381 5442 simul
3409 5394 3506 5443 est.
3552 5381 3688 5447 Nam.
