3946 6182
298 465 396 546 tat

1480 465 1566 518 DE
1605 462 1826 519 STATU
1866 461 2103 518 ΑΝΙΜᾸΞ
2147 460 2270 516 L113.
2311 459 2350 518 l.

3449 470 3571 524 τίὲιέ

295 591 354 638 ut
380 595 541 650 supra
569 578 989 650 disputavimus,
1022 594 1182 636 omne
1217 593 1411 650 corpus
1437 577 1732 648 quamlibet
1757 591 1872 633 ma-
1899 581 1953 636 Α
1978 551 2208 628 essentia
2239 572 2437 626 divina.
2475 572 2677 628 iiut-sus
2703 575 2878 628 anima
2909 575 3141 629 humana
3169 565 3276 629 non
3307 576 3552 632 euntibus

286 688 454 742 gnum
473 711 488 736 ,
539 673 832 741 quamlibet
869 673 1178 738 minimum,
1207 672 1370 726 habet
1399 667 1785 739 longitudinem
1815 676 1870 723 et

1975 663 2240 732 subjacet.
2285 663 2452 718 Porro
2480 679 2676 733 corpus
2705 665 2980 734 quodlibet
3008 665 3250 736 subjacet
3280 669 3548 724 omnibus.

289 763 645 818 altitudinem.
710 762 963 832 Subjacet
1007 772 1186 817 autem
1232 778 1328 833 pro
1374 778 1596 817 numero
1636 761 1866 831 partium
1973 752 2106 806 Nam
2135 753 2203 807 de
2249 752 2361 807 D60
2416 769 2521 808 non
2551 754 2776 809 dicimus
2823 750 2999 824 qualis
3025 766 3123 822 est,
3157 759 3279 826 Quia
3309 775 3415 813 non
3449 775 3550 828 pu-

288 868 383 908 sex
437 855 620 922 utique
668 854 919 909 motibus.
980 851 1222 908 Movetur
1261 860 1440 908 autem
1482 867 1642 906 omne
1670 864 1866 933 corpus

219 985 226 990 .
287 959 521 1007 sursum,
552 945 802 999 deorsum
831 961 846 1010 ;
898 945 949 998 in
980 944 1225 998 dextrum
1263 959 1326 999 ac
1359 943 1655 1009 sinistrum,
1685 940 1862 1011 prior-

285 1053 380 1091 sus
408 1045 464 1092 et
490 1046 776 1091 retrorsus.
819 1033 1063 1090 Movetur
1099 1044 1276 1089 autem
1311 1036 1475 1090 etiam
1515 1042 1663 1087 motu
1694 1032 1858 1101 septi-

286 1144 396 1194 mo,
427 1129 569 1182 sicut
595 1135 676 1182 est
704 1136 834 1184 rota:
863 1137 917 1183 et
945 1128 1231 1198 sphicroidi
1256 1145 1268 1180 :
1301 1127 1391 1198 qui
1414 1124 1656 1196 proiecto
1684 1132 1862 1178 motus

283 1221 352 1276 ad
379 1220 694 1276 aeternitatis
721 1219 972 1274 indicium
1002 1236 1032 1273 a
1060 1233 1138 1285 se,
1170 1226 1224 1273 et
1251 1233 1348 1289 per
1374 1233 1453 1282 se,
1485 1225 1540 1271 et
1569 1217 1619 1269 in
1650 1230 1708 1270 se
1735 1229 1860 1284 per-

284 1313 480 1380 agitur.
540 1310 706 1366 Omne
735 1312 896 1380 igitur
923 1327 1146 1381 corpus,
1179 1319 1236 1365 ut
1263 1311 1526 1374 diximus,
1557 1324 1651 1363 sex
1679 1315 1861 1379 partes

283 1400 526 1467 habens,
575 1417 668 1456 sex
716 1403 949 1457 motibus
989 1402 1308 1471 subjaeens,
1360 1402 1521 1456 habet
1549 1401 1732 1470 utique
1761 1415 1858 1470 pro

281 1493 633 1548 crassitudine
679 1493 761 1548 sui
806 1493 1004 1562 aliquid
1057 1493 1220 1549 etiam
1269 1492 1522 1548 medium.
1581 1490 1866 1546 Exteriore-

283 1598 513 1650 namque
534 1582 584 1636 in
609 1583 921 1651 corporibus
945 1584 1163 1638 omnino
1187 1583 1330 1638 nulla
1360 1589 1557 1648 essent,
1582 1581 1626 1635 si
1648 1582 1858 1636 interna

283 1687 500 1741 quoque
530 1688 636 1727 non
678 1682 878 1728 essent.
917 1673 1203 1740 Quodlibet
1245 1690 1372 1744 ergo
1414 1690 1611 1750 corpus
1648 1674 1856 1732 etiamsi

278 1774 304 1799 α
337 1763 576 1818 clausum
614 1779 774 1818 manu
813 1765 867 1819 in
896 1765 1250 1821 exterioribus
1277 1767 1386 1822 suis
1413 1781 1510 1837 per
1539 1773 1708 1821 totum
1737 1773 1856 1820 tan.

275 1862 455 1923 gatur,
483 1853 537 1907 in
566 1852 908 1909 interioribus
937 1863 1082 1909 certe
1111 1870 1216 1910 non
1247 1856 1498 1924 tangitur.
1541 1854 1675 1910 ilinc
1701 1860 1850 1924 patet

1971 851 2076 898 test
2103 845 2404 912 comparari
2451 847 2602 913 quasi
2633 846 2697 899 ad
2726 847 2866 901 aliud
2893 893 2905 915 ,
2939 856 2997 901 ut
3025 849 3253 914 dicatur,
3294 850 3414 904 talis
3446 858 3544 904 est.

1963 933 2078 990 Nec
2127 935 2355 990 dicimus
2397 945 2628 1007 quantus
2674 947 2792 1003 est,
2845 939 2969 1008 quia
3012 955 3117 994 non
3154 941 3294 994 mole
3323 956 3547 1009 magnus

1971 1033 2068 1083 est.
2109 1024 2218 1081 Nec
2246 1026 2373 1095 quid
2402 1027 2581 1090 habet,
2614 1029 2737 1097 quia
2769 1029 2900 1082 nihil
2929 1044 3034 1082 non
3064 1031 3244 1084 habet.
3275 1030 3383 1085 Nec
3411 1047 3545 1099 quo-

1967 1115 2126 1174 modo
2173 1125 2283 1183 est,
2333 1118 2457 1188 quia
2500 1119 2533 1188 i;
2554 1134 2613 1173 se
2641 1119 2833 1173 modus
2859 1128 2958 1174 est.
3026 1120 3136 1174 Nec
3161 1120 3400 1175 habitum
3428 1121 3544 1190 ejus

1962 1207 2309 1276 _nquirimus,
2339 1210 2462 1279 quia
2501 1209 2740 1264 continet
2778 1211 2978 1264 omnia.
3045 1209 3158 1265 Nec
3182 1211 3384 1275 locum,
3415 1195 3539 1280 quia

1959 1313 2068 1354 non
2097 1299 2199 1354 nisi
2228 1316 2424 1371 corpus
2452 1302 2504 1356 in
2534 1302 2654 1356 loco
2683 1310 2782 1356 est.
2835 1302 2943 1357 Nec
2975 1309 3209 1372 tempus,
3242 1304 3365 1373 quia
3396 1319 3539 1358 sem-

1954 1392 2236 1462 piternitas
2283 1402 2384 1449 est.
2442 1393 2552 1449 Nec
2585 1402 2796 1457 actum,
2845 1395 3102 1463 quoniam
3142 1394 3524 1463 quietusragit.

1957 1483 2067 1540 Nec
2096 1485 2419 1555 passionem,
2446 1487 2571 1554 quia
2596 1501 2701 1540 non
2726 1486 2942 1555 patitur.
2971 1484 3090 1538 Iam
3118 1484 3344 1548 decima,
3372 1485 3536 1538 immo

1955 1577 2126 1646 prima
2156 1585 2237 1631 est
2259 1577 2376 1647 ipsa
2404 1577 2721 1642 substantia,
2753 1577 2820 1632 de
2849 1593 2952 1648 qua
2982 1578 3096 1633 lucc
3120 1576 3530 1646 pmdicamenta

1953 1675 2228 1723 texuntur.

2545 1737 2777 1794 CAPUT
2815 1737 2933 1792 XX.

2330 1827 2570 1882 Animam
2606 1830 2842 1898 qualitati
2869 1827 2959 1884 sub
2956 1829 3149 1900 jacere.

275 1959 441 1999 omne
469 1959 665 2014 corpus
694 1952 862 2000 totum
892 1945 1050 2000 simul
1079 1947 1224 2016 tangi
1252 1961 1359 2001 non
1387 1961 1564 2017 posse.
1604 1945 1714 2018 Nec
1742 1961 1850 2000 uno
1879 1937 1928 2000 Β
2023 1935 2264 1991 Humana
2307 1952 2434 1993 vero
2483 1939 2661 1993 anima
2708 1939 2846 1994 είουι
2872 1940 3226 2008 quantitatem
3256 1954 3360 1994 "0"
3390 1941 3526 1994 τεσί-

276 2035 330 2089 in
361 2035 481 2092 loco
509 2051 629 2093 esse
676 2038 968 2108 quamlibet
1013 2039 1318 2105 minimum,
1343 2047 1532 2093 'totum
1562 2052 1720 2108 posse
1746 2055 1758 2090 :
1793 2044 1851 2093 ut

269 2135 406 2199 puta
454 2142 676 2198 granum
726 2132 1011 2201 papaveris
1055 2139 1148 2186 aut
1193 2133 1489 2202 quotalibet
1531 2146 1655 2202 pars
1700 2131 1851 2201 grani

270 2225 446 2295 ipsius
471 2242 482 2277 :
533 2225 675 2295 quod
703 2227 809 2282 illic
838 2242 946 2282 non
976 2227 1139 2281 habet
1166 2227 1418 2282 inferiora
1447 2242 1542 2281 sua
1573 2227 1664 2280 ubi
1693 2241 1851 2296 supe-

269 2318 417 2371 riora
439 2356 458 2382 ,
505 2333 605 2374 nec
651 2319 756 2374 illic
794 2319 1014 2374 dextera
1049 2320 1137 2374 ubi
1167 2320 1418 2386 sinistra,
1451 2335 1550 2375 nec
1579 2320 1848 2374 anteriora

266 2407 383 2462 illic
411 2406 501 2462 ubi
535 2409 849 2478 posteriora.
913 2409 1099 2464 Anima
1146 2426 1276 2466 vero
1306 2419 1357 2465 et
1388 2418 1501 2464 tota
1530 2426 1628 2481 per
1655 2427 1849 2482 corpus

264 2498 439 2563 videt,
473 2510 527 2552 et
556 2506 668 2554 tota
697 2501 934 2555 visorum
963 2501 1172 2568 recolit,
1205 2511 1259 2557 et
1290 2510 1400 2557 tota
1431 2502 1617 2568 audit,
1650 2510 1703 2557 et
1734 2511 1847 2558 tota

262 2603 530 2643 sonorum
560 2590 934 2657 reminiscitur,
967 2601 1021 2647 et
1051 2599 1164 2648 tota
1192 2593 1466 2656 odoratur,
1500 2601 1554 2648 et
1581 2600 1694 2648 tota
1716 2595 1844 2650 odo-

263 2694 391 2732 rum
419 2680 689 2746 meminit,
721 2690 775 2735 et
805 2691 915 2735 tota
943 2698 1038 2752 per
1065 2683 1296 2752 linguam
1315 2724 1329 2750 ,
1362 2692 1542 2754 atque,
1576 2691 1634 2738 ut
1660 2685 1848 2740 volunt

261 2771 381 2838 alii,
414 2786 512 2839 per
536 2771 768 2840 palatum
798 2790 1014 2843 sapores
1047 2776 1206 2829 sentit
1227 2775 1550 2845 eosdemque
1571 2776 1845 2842 discernit,

259 2868 320 2913 et
353 2867 468 2914 tota
500 2862 666 2929 tangit
711 2863 848 2916 lenia
895 2879 1117 2933 quaeque
1157 2873 1210 2919 et
1249 2881 1470 2935 aspera;
1512 2873 1622 2921 tota
1652 2867 1846 2937 probat

256 2958 432 3019 atque
471 2950 754 3020 improbat.
815 2951 1005 3008 Mirum
1034 2963 1213 3010 autem
1237 2956 1449 3010 videtur
1470 2956 1626 3026 juxta
1657 2971 1845 3011 neces-

256 3041 483 3095 sitatem
524 3041 807 3098 localitatis
849 3052 1177 3115 temporum,
1210 3047 1348 3103 sicut
1394 3063 1555 3118 supra
1594 3048 1839 3116 disserui,

254 3131 411 3200 quod
437 3132 614 3187 anima
643 3140 814 3189 totum
842 3150 1036 3205 corpus
1065 3143 1177 3191 tota
1208 3145 1436 3207 vegetat,
1469 3147 1522 3194 et
1547 3147 1658 3195 toto
1680 3140 1840 3194 nihil-

255 3224 480 3278 ominus
522 3225 732 3280 vivente
777 3243 1005 3298 corpore
1034 3234 1255 3300 totoque
1283 3231 1581 3299 sentiente,
1609 3246 1707 3302 per
1735 3231 1839 3286 iiii-

1952 2028 2059 2099 pit,
2093 2029 2166 2084 ita
2193 2027 2435 2099 subjaeet
2461 2031 2724 2100 qualitati.
2767 2031 2899 2086 Nam
2927 2031 2973 2086 si
3000 2032 3067 2088 de
3094 2032 3346 2101 quopiam
3373 2032 3529 2100 quaie

1951 2119 2022 2174 sit
2067 2135 2262 2190 corpus
2308 2121 2425 2190 ejus
2473 2121 2791 2191 inquirimus
2817 2162 2831 2187 ,
2879 2122 2958 2178 sic
3003 2121 3252 2177 videlicet
3299 2122 3527 2191 qualitas

1949 2211 2195 2280 corporis
2242 2211 2525 2267 indicatur.
2581 2212 2780 2268 Flavus
2825 2221 2908 2268 est
2954 2213 3044 2268 ille
3067 2251 3081 2276 ,
3133 2213 3376 2268 oculatus
3420 2223 3522 2281 est,

1949 2300 2114 2370 pallet
2143 2300 2231 2356 ille
2259 2301 2345 2355 vel
2373 2301 2525 2370 niger
2553 2308 2653 2356 est.
2693 2300 2788 2356 Sin
2818 2315 2945 2357 vero
2975 2302 3043 2357 de
3070 2303 3248 2358 anima
3275 2303 3524 2358 consula-

1949 2406 2088 2454 mus,
2119 2392 2192 2447 ita
2220 2393 2374 2448 nobis
2401 2393 2630 2462 qualitas
2657 2392 2772 2463 ejus
2799 2394 3097 2450 ostenditur
3121 2415 3133 2448 :
3165 2397 3393 2466 superba
3419 2404 3522 2461 est,

1948 2483 2163 2540 humilis
2191 2493 2299 2551 est,
2344 2485 2599 2541 iracunda
2623 2527 2637 2551 ,
2683 2487 2968 2556 tranquilla
2996 2494 3079 2542 est
3105 2505 3116 2540 :
3148 2488 3306 2543 valde
3331 2489 3522 2543 memi~

1949 2575 2046 2641 nit,
2078 2583 2170 2629 aut
2204 2576 2455 2632 celeriter
2491 2576 2841 2632 obliviscitur.
2882 2577 3161 2644 Quantitas
3190 2578 3371 2634 itidem
3399 2595 3518 2633 cor.

1946 2665 2093 2735 poris
2121 2665 2165 2719 si
2193 2675 2493 2735 quaeratur,
2521 2666 2642 2735 jure
2682 2667 2840 2724 nobis
2866 2667 3078 2730 dicitur,
3112 2667 3251 2724 illius
3279 2670 3331 2723 in
3362 2670 3522 2739 pedes

1944 2759 2179 2827 quinque
2209 2753 2543 2828 protenditur
2571 2760 2876 2828 longitudo,
2925 2760 3064 2814 latus
3091 2768 3174 2815 est
3202 2761 3411 2817 duobus
3439 2761 3522 2815 iti-

1944 2850 2067 2905 dem
2118 2851 2377 2920 pedibus,
2431 2851 2589 2906 habet
2635 2853 2687 2906 in
2737 2867 2920 2907 crasso
2975 2852 3327 2908 tantumdem.
3387 2853 3522 2909 Nunt

1943 2941 2216 3008 quantitas
2261 2940 2452 2994 animae
2498 2941 2615 2996 istis
2673 2926 2915 3010 signatur
2961 2942 3201 3006 indiciis,
3232 2950 3324 2996 aut
3351 2942 3404 2996 in
3434 2943 3522 3000 illa

1944 3030 2161 3100 longum
2212 3033 2298 3088 vel
2347 3033 2512 3087 latum
2558 3033 2644 3088 vel
2693 3034 2922 3104 spissum
2977 3034 3176 3104 aliquid
3215 3035 3522 3090 invenitur?

1943 3123 2097 3190 Quod
2123 3124 2167 3178 si
2199 3124 2271 3178 ita
2300 3132 2421 3188 est,
2473 3132 2622 3180 tanto
2668 3125 2894 3196 quisque
2933 3125 3153 3195 majoris
3179 3126 3283 3181 erit
3309 3127 3520 3191 animae,

1941 3220 2145 3282 quanto
2186 3215 2425 3284 corporis
2463 3216 2780 3285 capacioris.
2837 3216 2947 3273 Nec
2987 3233 3219 3287 unquam
3249 3219 3520 3288 perexigui

255 3315 467 3368 nimam
496 3324 703 3385 partem
732 3319 972 3386 corporis
993 3359 1007 3385 ,
1059 3320 1203 3389 quod
1232 3330 1314 3376 est
1345 3323 1506 3389 visus,
1540 3331 1651 3377 tota
1681 3324 1841 3378 simul

1945 3304 2184 3375 corporis
2246 3305 2518 3361 hominem
2578 3307 2975 3374 magnanimum
3025 3323 3154 3363 vere
3200 3309 3519 3398 diceremus,

253 3405 461 3475 aesipit
509 3405 724 3462 formas.
797 3407 866 3464 Et
923 3425 1019 3480 per
1063 3409 1301 3480 ejusdem
1345 3414 1587 3483 corporis
1631 3421 1840 3484 partem

254 3495 408 3564 quod
457 3503 538 3550 est
583 3497 820 3565 auditus,
873 3506 982 3554 tota
1029 3501 1185 3556 simul
1213 3502 1406 3573 accipit
1431 3517 1608 3559 voces.
1650 3502 1717 3557 Et
1742 3519 1842 3574 per

251 3583 513 3652 exiguum
566 3587 775 3640 narium
819 3590 1117 3644 membrum
1165 3592 1328 3646 sentit
1359 3599 1470 3647 tota
1498 3591 1834 3662 fragrantias.

255 3675 320 3729 Et
352 3692 454 3746 per
479 3679 722 3744 gustandi
751 3694 963 3736 sensum
991 3689 1103 3736 tota
1132 3681 1384 3752 dijudicat
1410 3700 1660 3755 saporum
1688 3685 1838 3741 dilic-

252 3769 484 3822 reutias.
524 3768 593 3822 Et
635 3770 808 3826 calida
852 3772 937 3826 vel
981 3772 1169 3841 frigida
1197 3790 1406 3841 summo
1438 3785 1642 3830 tantum
1671 3777 1836 3846 digito

181 3861 188 3868 ‘
254 3868 374 3914 tota
405 3859 682 3916 discernit.
742 3861 798 3916 Si
827 3877 954 3932 ergo
985 3863 1230 3920 localiter
1267 3871 1380 3920 tota
1416 3865 1568 3920 adest
1595 3866 1748 3923 oculo
1779 3875 1836 3922 ut

251 3948 477 4014 videat,
524 3951 794 4018 quomodo
841 3953 1088 4008 omnibus
1129 3955 1284 4009 simul
1312 3957 1556 4011 sensibus
1587 3964 1696 4012 tota
1726 3973 1832 4011 non

251 4039 448 4105 deest,
483 4047 539 4092 ut
568 4041 763 4110 ubique
795 4050 903 4097 tota
933 4045 1165 4119 sentiat,
1215 4053 1270 4100 et
1315 4045 1549 4114 singulas
1593 4047 1834 4116 corporis

249 4139 438 4199 partes
485 4147 589 4186 non
619 4133 858 4203 partibus
885 4136 996 4190 suis
1017 4176 1032 4200 ,
1065 4136 1156 4191 sed
1199 4144 1312 4191 tota
1340 4135 1368 4176 ι)
1397 4147 1626 4206 vegetet,
1659 4149 1712 4194 et
1739 4155 1835 4209 per

250 4221 526 4275 diversum
555 4223 712 4278 simul
743 4233 855 4280 tota
895 4227 1198 4282 sentilicet?
1241 4225 1375 4283 Cum
1416 4242 1544 4297 ergo
1573 4231 1685 4285 hiec
1711 4231 1831 4298 pni-

248 4327 396 4365 mam
449 4313 691 4369 localiter
743 4317 966 4371 actitare
1015 4319 1385 4387 persuaseris,
1437 4327 1563 4375 tunc
1610 4320 1833 4376 localem

250 4403 385 4456 mihi
434 4405 674 4461 eamdem
725 4408 809 4461 vel
855 4409 1099 4478 partilem
1151 4410 1514 4480 persuadebis.
1560 4410 1627 4465 Et
1656 4419 1833 4466 tamen

247 4494 368 4550 haec
397 4495 570 4552 adhuc
597 4499 776 4553 omnia
807 4500 1006 4554 homini
1033 4501 1329 4570 bellumque
1359 4503 1658 4557 communia
1687 4511 1830 4558 sunt.

839 4631 1066 4688 CAPUT
1093 4633 1236 4690 XIX.

603 4743 784 4800 Anima
808 4748 1081 4818 quantitati
1109 4763 1212 4803 non
1241 4745 1487 4822 subiacet.

314 4851 485 4921 igitur
529 4853 574 4908 si
622 4855 899 4912 illocalitas
946 4860 1136 4914 anima:
1177 4861 1263 4916 vel
1293 4861 1627 4931 aliquatenus
1654 4879 1822 4933 appa—

245 4941 353 4995 ruit
374 4983 387 5004 ,
421 4957 543 4996 cum
573 4945 808 5000 nondum
837 4947 904 5003 de
931 4950 1242 5021 principali,
1286 4951 1389 5006 hoc
1415 4961 1529 5018 est,
1559 4949 1625 5008 de
1654 4954 1822 5010 ratio-

244 5032 356 5085 nali
405 5040 592 5088 nostro
637 5035 1050 5107 disputaverim;
1083 5041 1136 5095 in
1164 5056 1271 5112 quo
1299 5043 1483 5111 utique
1507 5043 1823 5115 incorpora-

243 5117 368 5174 litas
421 5129 582 5192 atque
629 5125 912 5183 illocalitas
971 5129 1166 5186 clarius
1224 5132 1454 5188 elucebit
1498 5151 1511 5187 :
1561 5143 1824 5204 quatenus

245 5213 424 5266 anima
455 5229 553 5270 nec
579 5218 863 5284 quantitati
891 5221 1165 5289 subjaceat
1201 5223 1541 5280 disseramus.
1575 5235 1596 5264 α
1626 5223 1818 5292 Quam-

247 5300 374 5354 libet
403 5303 490 5358 ubi
521 5305 765 5362 localitas
793 5324 899 5364 non
929 5319 1029 5377 est,
1062 5314 1334 5381 quantitas
1356 5329 1476 5369 esse
1498 5329 1604 5369 non
1630 5315 1820 5385 possit,

245 5391 366 5456 quia
398 5392 497 5448 sibi
546 5395 618 5449 ita
669 5407 856 5454 mutuo
903 5401 1019 5456 hinc
1065 5401 1252 5457 eadem
1304 5419 1441 5458 nexa
1492 5413 1617 5459 sunt
1645 5413 1823 5460 utaut

248 5489 529 5554 utrumque
577 5487 630 5541 in
681 5489 862 5557 aliquo
909 5507 1028 5562 esse
1071 5494 1270 5563 possit,
1322 5503 1414 5550 aut
1443 5504 1709 5551 neutrum.
1743 5496 1820 5551 Ex

248 5572 350 5627 illis
397 5575 749 5635 Aristotelicis
794 5580 1092 5654 Categoriis
1139 5587 1268 5641 nulli
1316 5603 1535 5658 prorsus
1581 5589 1822 5656 subjacet

321 5781 345 5851 ς’
381 5773 698 5851 Ortliodox.,
732 5785 912 5851 plausit
938 5803 1196 5840 manuum.

317 5841 344 5881 ⁵
383 5847 460 5899 Al.
495 5865 555 5904 se
586 5841 796 5922 vrgetrt.

1941 3410 2066 3451 cum
2113 3396 2342 3463 ingentis
2402 3395 2747 3465 corpulentia:
2803 3396 3164 3467 pusillanimes
3210 3395 3522 3468 plerumque

1940 3484 2196 3539 dicamus.
2262 3483 2411 3538 Sicut
2439 3484 2664 3538 dicimus
2688 3523 2702 3546 ,
2752 3487 3121 3553 magnanimus
3160 3486 3373 3558 Moyses
3399 3503 3521 3543 cum

1941 3575 2109 3630 Rubri
2137 3575 2302 3629 maris
2330 3574 2441 3628 vias
2469 3575 2766 3645 intrepidus
2791 3575 2984 3632 ductor
3012 3576 3258 3642 intravit;
3297 3585 3350 3631 et
3370 3579 3519 3647 parvi

1937 3669 2101 3723 animi
2122 3668 2382 3738 populus,
2411 3667 2504 3736 qui
2531 3666 2635 3722 hoc
2664 3667 2840 3738 ipsum
2885 3667 3193 3722 facillimum
3231 3666 3376 3723 factu
3401 3669 3520 3724 fore

1934 3759 2049 3815 Deo
2093 3760 2443 3830 promittente
2491 3776 2600 3814 non
2649 3760 2894 3816 credidit.
2954 3757 3092 3816 Ecce
3130 3761 3312 3830 populi
3355 3761 3517 3816 totius

1936 3849 2116 3903 animo
2145 3849 2302 3903 unius
2342 3848 2575 3904 hominis
2602 3849 2838 3904 animum
2881 3849 2998 3904 sine
3025 3849 3371 3918 ambiguitate
3398 3864 3514 3904 nia-

1929 3939 2104 4010 iorem
2130 3940 2354 3996 dicimus
2380 3957 2394 3994 :
2417 3941 2666 3997 videlicet
2686 3942 2902 4008 virtute,
2926 3957 3032 3997 non
3058 3942 3220 3997 mole.
3252 3941 3514 4010 Quoniam

1931 4031 1980 4085 si
2021 4031 2164 4085 mole
2210 4030 2384 4099 major
2427 4031 2599 4087 moles
2651 4039 2812 4097 esset,
2856 4033 2941 4087 vel
2967 4032 3192 4087 duarum
3220 4032 3515 4088 animarum

1932 4135 2093 4190 quam
2121 4120 2302 4186 unius,
2334 4135 2442 4176 non
2469 4120 2591 4176 dico
2619 4122 2924 4176 multarum.
2975 4121 3071 4176 Est
3098 4135 3226 4190 ergo
3256 4123 3310 4175 in
3338 4121 3514 4177 anima

1933 4211 2165 4281 qualitas
2187 4251 2201 4275 ,
2247 4210 2343 4266 sed
2383 4212 2658 4280 quantitas
2688 4227 2793 4266 non
2823 4219 2941 4266 est:
2975 4212 3230 4281 quoniam
3261 4211 3404 4281 quod
3431 4209 3513 4263 af-

1934 4302 2169 4358 fectuum
2204 4301 2550 4356 mutabilitati
2595 4301 2832 4369 subjacet
2861 4340 2876 4367 ,
2921 4285 3234 4371 qualitatem
3281 4300 3509 4370 recipit;

1933 4392 2079 4462 quod
2107 4405 2234 4446 vero
2259 4406 2367 4446 non
2389 4390 2552 4445 habet
2577 4391 2794 4456 molem,
2819 4406 2924 4446 non
2948 4391 3108 4446 habet
3135 4390 3508 4460 quantitatem.

1935 4483 2072 4540 Hinc
2097 4495 2180 4539 est
2205 4483 2350 4553 quod
2377 4483 2646 4539 emoriens
2668 4497 2827 4537 omne
2856 4499 3052 4553 corpus
3079 4483 3371 4536 animatum
3401 4496 3509 4536 non

1935 4575 2131 4636 amittit
2166 4577 2398 4630 animam
2422 4615 2437 4640 ,
2490 4576 2585 4631 sed
2633 4576 2851 4631 dimittit
2887 4594 2898 4629 :
2931 4576 3056 4645 quia
3103 4591 3209 4631 non
3239 4575 3508 4643 egreditur

1853 4686 1902 4747 ι)
1923 4667 2070 4736 quod
2097 4683 2208 4722 non
2234 4668 2522 4724 includitur
2553 4687 2566 4722 :
2623 4684 2726 4725 nec
2753 4669 3012 4724 amittitur
3039 4667 3182 4736 quod
3219 4682 3327 4722 non
3357 4673 3508 4720 tene-

1936 4766 2040 4814 tur.
2081 4757 2139 4813 Si
2167 4759 2308 4814 enim
2337 4766 2568 4827 tenetur,
2593 4775 2700 4814 non
2729 4759 2990 4813 amittitur
3016 4774 3032 4816 :
3063 4763 3117 4812 et
3142 4758 3189 4812 si
3219 4773 3325 4812 non
3354 4756 3508 4810 amit~

1933 4855 2156 4915 teretur,
2207 4865 2367 4905 nemo
2413 4859 2734 4905 moreretur.
2807 4847 2955 4904 Unde
3000 4863 3107 4903 non
3154 4847 3385 4917 poetice,
3414 4845 3506 4902 sed

1930 4938 2300 5009 philosophice
2328 4925 2581 5008 Papinius
2610 4940 2687 4994 ait
2713 4937 2739 4976 ει
2768 4956 2780 4992 ε

2086 5081 2138 5110 ._..
2165 5045 2256 5096 Odi
2281 5052 2418 5096 artus
2434 5046 2754 5110 fragilemque
2774 5047 2902 5098 hunc
2925 5048 3142 5110 corporis
3164 5059 3305 5098 usum

2091 5107 2410 5160 Desertorem
2443 5107 2611 5162 animi.

1999 5227 2149 5295 Quod
2179 5235 2237 5283 ut
2263 5229 2432 5297 magis
2459 5237 2668 5299 pateat,
2687 5230 2790 5285 hoc
2830 5230 3000 5301 ipsum
3031 5231 3335 5300 diligentius
3381 5245 3504 5284 ven-

1929 5319 2143 5374 tilemus
2164 5357 2180 5382 ,
2210 5327 2370 5387 atque
2399 5320 2466 5374 ab
2495 5329 2738 5375 extremo
2768 5323 3057 5377 viventium
3097 5335 3294 5389 genere
3321 5321 3388 5375 ad
3416 5337 3502 5374 ra-

1901 5408 2185 5463 tionalem
2231 5424 2446 5478 quoque
2487 5411 2650 5465 vitam
2689 5410 2974 5466 ordinatim
3013 5411 3382 5479 gradatimque
3411 5425 3502 5464 ve-

1931 5498 2160 5554 niamus.
2185 5497 2256 5554 Ut
2277 5499 2376 5553 tria
2398 5499 2488 5553 illa
2517 5502 2839 5566 memoriam,
2865 5500 3152 5564 consilium,
3176 5500 3502 5554 voluntatem.

1928 5588 2125 5656 quibus
2153 5589 2399 5643 humana:
2427 5589 2618 5648 animae
2645 5599 2860 5647 constat
2890 5590 3095 5655 unitas,
3129 5588 3308 5645 videre
3337 5590 3500 5658 possi-

2005 5802 2024 5827 ε
2071 5791 2150 5844 Al.
2191 5791 2329 5845 Licet
2357 5807 2404 5848 et
2429 5797 2533 5858 ubi,
2565 5805 2667 5850 etc.

1999 5859 2022 5895 ἀ
2063 5863 2264 5917 Statius
2288 5861 2541 5935 Papinius
2572 5867 2660 5918 lib.
2695 5881 2784 5919 vm
2806 5863 3105 5922 Thebaidos
3134 5873 3395 5921 extremo.
