3946 6182
495 327 599 384 725

1729 322 2045 381 MAMERTI
2082 322 2447 383 CLAUDIAM

3596 331 3682 389 'm

492 459 633 511 mus,
653 443 943 515 quamlibet
969 441 1213 499 rationali
1241 447 1402 512 atque
1430 440 1727 496 irrationali
1755 439 2067 496 meminisse
2096 441 2143 500 A
2171 440 2493 510 prolabitur.
2534 439 2660 498 Haec
2688 455 2817 512 ergo
2853 440 3189 499 dissonantia
3222 445 3581 502 contrariorum
3602 449 3683 507 sibi

492 546 778 590 commune
806 534 891 589 sit.

1081 620 1306 678 CAPUT
1334 621 1470 677 XXI.

528 715 831 771 Memoriam
860 716 1105 771 rationali
1132 726 1181 771 et
1206 716 1502 771 irrationali
1542 717 1731 769 anima:
1760 729 2033 768 commune

700 803 847 841 esse:
876 786 1109 860 quodque
1130 788 1299 842 omnis
1320 795 1557 840 creatura
1581 787 1648 863 sit
1671 784 1846 839 homo.

558 897 599 952 ι.
641 896 795 953 Unde
840 914 948 954 non
997 899 1200 969 absque
1245 914 1375 954 vero
1422 898 1654 953 dicitur:
1710 897 1769 951 In
1806 898 2066 954 memoria

488 1003 610 1043 esse
659 988 892 1044 hominis
936 989 1264 1067 pecudisque
1309 986 1619 1044 conﬁnium.
1671 987 1803 1042 Nam
1831 995 1886 1042 et
1912 988 2068 1044 nidos

486 1079 712 1135 ciconiae
758 1087 921 1149 atque
966 1080 1278 1135 hirundines
1323 1087 1448 1151 post
1498 1095 1698 1134 annum
1724 1079 1980 1146 revisunt,
2013 1088 2069 1134 et

486 1170 612 1239 equi
637 1170 844 1225 stabula
890 1178 1181 1242 repetunt,
1229 1179 1285 1226 et
1329 1186 1491 1227 canes
1529 1172 1778 1227 dominos
1800 1186 2067 1241 recogno—

488 1270 659 1317 scunt.
700 1261 808 1318 Sed
845 1264 1099 1333 quoniam
1128 1263 1320 1318 anima:
1347 1264 1647 1319 belluarum
1676 1264 1779 1318 etsi
1806 1264 2066 1330 imagines

486 1353 727 1409 locorum
768 1356 1083 1410 naturaliter
1122 1356 1383 1421 retinent,
1417 1355 1581 1425 ipsius
1610 1363 1789 1410 tamen
1816 1354 2066 1410 substan-

486 1446 574 1499 tiae
600 1460 710 1500 sum
747 1446 1025 1502 scientiam
1068 1463 1176 1502 non
1204 1447 1424 1514 habent,
1465 1448 1518 1503 in
1546 1447 1921 1505 recordatione
1948 1463 2066 1503 cor-

484 1536 747 1603 poralium
776 1553 956 1593 rerum
985 1552 1118 1607 quas
1146 1553 1243 1608 per
1270 1539 1514 1608 corporis
1556 1553 1746 1595 sensus
1770 1538 2064 1594 hauserunt

486 1629 790 1683 necessario
827 1641 1128 1695 remanent,
1177 1638 1233 1686 et
1260 1630 1616 1686 ratiocinandi
1649 1646 1758 1686 non
1798 1630 2060 1686 habentes

482 1717 697 1773 oculum
722 1759 736 1784 ,
786 1734 894 1775 non
941 1720 1115 1774 dicam
1167 1735 1327 1789 supra
1353 1706 1413 1775 se
1457 1720 1675 1793 aliquid,
1707 1720 1800 1775 sed
1829 1736 1887 1775 se
1916 1721 2060 1791 ipsas

2173 547 2461 603 corporum
2485 574 2500 601 ,
2550 541 2609 589 ut
2654 533 2939 603 quodlibet
2981 535 3166 590 vivens
3210 551 3397 606 corpus
3433 540 3617 602 existat,
3641 543 3684 596 in

2173 621 2460 691 quamdam
2511 626 2905 681 concinentiam
2949 627 3156 696 cogitur
3184 633 3313 681 nutu
3339 628 3586 682 creatoris.
3622 627 3685 685 Ex

2173 711 2256 767 his
2283 720 2465 769 autem
2493 715 2775 770 elementis
2821 725 3054 786 quatuor
3079 731 3195 786 qua:
3222 717 3480 772 moderate
3505 720 3687 774 musice-

2170 818 2277 873 que
2304 805 2358 859 in
2406 808 2616 862 arboris
2661 808 2825 863 vitam
2874 809 2975 863 sibi
3000 810 3303 874 concinuut,
3331 809 3371 865 si
3395 810 3511 879 quid
3534 818 3687 867 contra

2171 909 2477 951 mensuram
2521 897 2611 952 vel
2650 898 2914 968 superfuit
2964 897 3105 953 forte
3152 899 3235 953 vel
3277 899 3460 961 defuit,
3487 901 3688 968 aegrescit

2169 986 2333 1042 arbor
2377 988 2492 1059 ipsa
2538 989 2767 1058 primum
2794 1031 2808 1056 ,
2858 990 3053 1046 dehinc
3092 990 3349 1044 emoritur
3380 989 3531 1045 veluti
3574 990 3688 1046 victa

2169 1077 2448 1148 languore.
2499 1079 2691 1137 Cernis
2719 1082 2841 1137 istic
2866 1081 3264 1138 dissonantibus
3291 1083 3355 1136 ab
3372 1082 3570 1137 unitatis
3592 1098 3688 1137 con-

2166 1161 2423 1225 cinentia'
2448 1161 2692 1243 corporis
2732 1174 3002 1244 partibus,
3042 1174 3210 1228 vitam
3251 1173 3422 1244 potius
3447 1187 3473 1226 a
3499 1188 3687 1243 corpore

2165 1261 2343 1318 deseri
2387 1279 2549 1333 quam
2595 1265 2793 1319 dimitti
2840 1281 2869 1320 a
2914 1267 3023 1320 vita
3064 1280 3281 1335 corpus.
3334 1262 3541 1318 Constat
3562 1264 3687 1330 igitur

2165 1370 2379 1411 omnem
2432 1358 2600 1412 vitam
2652 1373 2753 1413 nec
2802 1358 3048 1413 localiter
3097 1356 3383 1412 abscedere
3426 1370 3456 1409 a
3480 1369 3684 1425 corpore,

2164 1462 2266 1503 nec
2292 1448 2347 1503 in
2378 1463 2610 1519 corpore
2639 1450 2785 1505 velut
2812 1449 2867 1504 in
2896 1450 3016 1506 loco
3044 1464 3195 1516 esse,
3226 1462 3327 1504 nec
3352 1447 3571 1502 localiter
3593 1462 3687 1503 cor-

2161 1537 2279 1607 pori
2310 1537 2588 1595 accedere.

2228 1628 2316 1683 Ill.
2358 1628 2457 1686 Hic
2484 1631 2531 1686 si
2557 1633 2850 1689 causalium
2876 1634 3146 1690 rationum
3173 1627 3376 1690 secreta
3402 1633 3578 1686 rimare
3597 1630 3689 1684 ani-

2160 1719 2486 1789 madvertas,
2519 1723 2646 1779 licet
2672 1724 2856 1781 defore
2879 1726 2967 1780 vix
3006 1726 3092 1781 his
3131 1726 3431 1782 viventibus
3475 1725 3685 1789 animam,

482 1809 666 1866 videre
690 1826 800 1866 non
828 1819 1070 1883 possunt.
1104 1811 1315 1866 Gratias
1344 1798 1472 1880 ergo
1501 1813 1546 1867 si
1572 1828 1679 1867 non
1707 1820 1935 1881 quantas
1962 1812 2056 1867 de-
2087 1806 2133 1867 B
2158 1811 2255 1866 sed
2284 1828 2391 1868 non
2420 1813 2605 1871 defore
2634 1816 3009 1887 incorpoream
3037 1818 3223 1873 vitam.
3257 1817 3428 1887 Atque
3463 1825 3517 1870 ut
3555 1831 3686 1869 unum

481 1901 591 1967 bet,
624 1909 680 1956 at
706 1914 937 1973 quantas
965 1911 1176 1975 potest,
1216 1905 1451 1959 creatori
1476 1920 1574 1959 suo
1603 1911 1748 1961 totus
1775 1905 1938 1959 homo
1966 1920 2055 1960 re~

480 1994 647 2061 ferat,
678 1995 770 2065 qui
811 1994 887 2049 illi
915 1992 1198 2050 ineﬂ‘abilis
1227 1994 1571 2067 benignitatis
1598 1995 1846 2063 largitate
1873 2009 2057 2050 essen-

480 2085 608 2140 tiam
635 2100 756 2141 cum
779 2085 1075 2156 lapidibus,
1114 2087 1278 2141 vitam
1306 2087 1616 2147 seminalem
1645 2102 1765 2142 cum
1793 2086 1975 2142 herbis
2003 2094 2058 2141 et

478 2176 795 2242 arboribus,
839 2178 1003 2233 vitam
1049 2178 1348 2232 sensualem
1378 2178 1730 2247 eamdemque
1770 2177 2054 2232 animalem

477 2284 597 2323 cum
625 2268 937 2338 pecudibus,
987 2270 1153 2324 vitam
1202 2270 1521 2324 rationalem
1568 2285 1688 2325 cum
1731 2269 1936 2338 angelis
1962 2268 2055 2324 de-

476 2361 573 2415 dit.
613 2360 780 2430 Igitur
824 2372 885 2415 ut
930 2361 1219 2417 herbarum
1265 2377 1482 2432 quoque
1528 2370 1583 2416 et
1610 2361 1861 2417 fruticum
1892 2362 2053 2416 vitam

476 2452 848 2523 incorpoream
877 2468 996 2508 esse
1026 2459 1243 2521 pateat,
1294 2451 1645 2522 eamdemque
1684 2468 1789 2508 non
1820 2452 1992 2507 amitti
2021 2468 2052 2507 a

474 2558 721 2615 corpore,
749 2544 844 2599 sed
870 2544 1064 2601 dimitti
1095 2562 1107 2597 :
1140 2559 1322 2614 quaero
1351 2560 1382 2597 a
1412 2552 1465 2599 te
1483 2585 1497 2609 ,
1528 2544 1724 2598 herbas
1750 2551 1806 2598 et
1833 2542 2051 2598 arbusta

475 2647 652 2695 utrum
682 2655 750 2696 ne
801 2655 964 2710 neges
1013 2640 1212 2705 vivere,
1246 2655 1314 2694 an
1356 2638 1577 2694 forsitan
1622 2640 1767 2694 dicas
1811 2639 1896 2694 his
1923 2639 2054 2708 ipsis

476 2730 775 2785 viventibus
819 2731 1086 2800 aliquibus
1134 2738 1192 2785 ut
1237 2732 1422 2785 vivant
1462 2731 1668 2785 animas
1708 2731 1904 2785 inesse.
1946 2729 2053 2785 Sed

476 2822 708 2888 animata
731 2822 777 2876 si
803 2830 999 2889 essent,
1030 2830 1181 2877 motu
1222 2823 1442 2892 proprio
1467 2838 1576 2876 non
1604 2828 1882 2886 carerent,
1925 2821 2051 2890 quia

473 2922 597 2969 sunt
640 2928 761 2983 quae
805 2922 1088 2969 moventur
1124 2922 1276 2969 motu
1320 2928 1428 2968 non
1467 2914 1716 2983 proprio.
1777 2911 2052 2969 Sentirent

474 3005 636 3060 etiam
660 3005 853 3060 vulnus
880 3002 1157 3061 indictum.
1198 3004 1306 3060 Sed
1345 3005 1460 3061 haec
1509 3005 1704 3061 talibus
1730 3019 1839 3060 non
1877 3005 2052 3061 inesse

475 3098 559 3153 vel
576 3097 643 3153 de
662 3097 864 3153 ossium
892 3097 1150 3164 sectione,
1182 3105 1237 3153 et
1262 3097 1580 3168 capillorum
1604 3105 1766 3166 atque
1794 3098 2050 3166 unguium

2159 1904 2374 1974 aliqu'od
2396 1921 2466 1961 ex
2485 1908 2630 1961 omni
2653 1908 2917 1963 seminum
2946 1922 3144 1976 genere
3172 1908 3477 1977 deligamus,
3504 1919 3687 1973 granum

2157 2003 2306 2051 certe
2336 1997 2496 2052 tritici
2519 2006 2733 2067 quantae
2756 1999 2826 2054 sit
2850 1998 3233 2066 magnitudinis
3261 1997 3471 2063 scimus,
3508 2001 3555 2049 et
3576 1995 3689 2062 ejus-

2142 2086 2278 2142 .dem
2327 2090 2627 2160 capacitate
2669 2090 2754 2146 sui
2782 2099 2809 2129 ι
2837 2090 3053 2146 modum
3083 2088 3529 2145 mole'metimur.
3557 2083 3689 2151 Cujus

2156 2177 2350 2249 siquid
2380 2180 2647 2235 internum
2676 2196 2999 2252 corporeum
3044 2180 3231 2236 videre
3282 2179 3510 2243 velimus,
3553 2177 3689 2231 scisso

2155 2268 2346 2324 eodem
2398 2270 2530 2325 nihil
2577 2271 2677 2326 nisi
2701 2279 2908 2327 tantum
2943 2272 3224 2328 candentis
3257 2270 3409 2326 farris
3450 2268 3689 2340 aspicimus

2154 2367 2413 2429 quantum
2442 2362 2619 2418 brevis
2647 2363 2917 2433 capacitas
2964 2364 3289 2419 tenuissimae
3317 2363 3449 2418 cutis
3489 2359 3686 2416 includit.

2154 2449 2293 2506 Ecce
2321 2451 2417 2507 tibi
2448 2453 2499 2507 in
2527 2455 2704 2524 spatio
2750 2456 3018 2526 Corporali
3046 2471 3313 2510 summam
3340 2454 3481 2522 grani
3507 2451 3686 2506 triticei.

2155 2541 2231 2596 Da
2261 2551 2316 2597 tu
2350 2560 2491 2615 nunc
2518 2545 2572 2600 in
2600 2545 2704 2602 hoc
2731 2547 2919 2603 eodem
2947 2548 3172 2617 granulo
3219 2546 3555 2617 corporaliter
3585 2542 3688 2599 mihi

2152 2638 2393 2688 tumores
2421 2636 2738 2703 germinum,
2766 2637 3053 2693 herbarum
3103 2639 3352 2703 virentia,
3381 2638 3590 2692 calamos
3615 2634 3689 2688 sti-

2152 2722 2417 2793 pularum,
2448 2728 2718 2797 spicarum
2763 2729 2990 2800 hispida,
3022 2730 3160 2785 levia
3189 2728 3482 2801 palearum,
3508 2726 3687 2798 pinguia

2151 2815 2380 2885 frugum,
2405 2824 2568 2888 atque
2596 2834 2663 2875 ex
2683 2820 2766 2876 his
2795 2820 3075 2876 indefessis
3100 2819 3598 2891 multiplicandorum
3617 2831 3687 2870 se-

2150 2907 2295 2961 mina
2322 2908 2585 2965 seminum
2623 2922 2742 2980 qua:
2768 2912 2947 2967 omnia
2974 2912 3030 2965 in
3059 2911 3150 2966 illo
3171 2919 3301 2966 sunt
3328 2909 3552 2979 granulo,
3588 2921 3688 2962 cau-

2150 2997 2352 3055 salibus
2378 3002 2614 3072 reposita
2635 3002 2876 3058 secretis.
2907 3001 3059 3058 Nune
3087 3003 3255 3070 igitur
3281 3009 3374 3057 aut
3400 3008 3571 3057 cuncta
3594 3011 3688 3066 qua:

2152 3091 2220 3147 de
2259 3094 2552 3150 seminibus
2575 3094 2842 3166 prodeunt
2871 3096 3011 3151 intra
3039 3095 3231 3151 eadem
3260 3096 3459 3151 semina
3485 3104 3689 3162 corpora-

474 3190 785 3261 pnecisione
813 3190 1207 3260 cognoscimus,
1235 3204 1356 3260 quae
1380 3189 1495 3245 sine
1524 3189 1633 3245 ullo
1661 3204 1822 3245 sensu
1849 3188 2050 3245 doloris
2076 3171 2120 3235 ε
2152 3182 2276 3238 liter
2302 3184 2546 3252 ostende,
2576 3193 2668 3240 aut
2690 3185 2980 3241 herbarum
3028 3200 3250 3257 quoque
3270 3187 3433 3240 vitam
3477 3186 3687 3251 incorpo'

474 3283 855 3340 abscindimus.
896 3281 992 3339 Est
1039 3296 1168 3353 ergo
1215 3284 1377 3340 etiam
1430 3282 1504 3339 ibi
1550 3283 1676 3351 vita,
1710 3282 1803 3338 ubi
1831 3298 1938 3339 non
1970 3291 2053 3339 est

540 3466 608 3521 ll.‘
646 3466 840 3539 Aspice
869 3482 1010 3523 nunc
1035 3467 1103 3523 ad
1130 3467 1518 3524 conﬁciendam
1538 3466 1679 3523 hanc
1700 3466 1870 3537 ipsam
1898 3466 2054 3523 arbo-

471 3557 544 3611 ris
567 3556 733 3612 vitam
761 3558 1000 3613 omnium
1023 3558 1410 3613 elementorum
1457 3556 1818 3627 particulatim
1844 3557 2049 3612 semina

470 3648 810 3704 convenisse.
867 3649 963 3704 Est
1000 3649 1076 3703 illi
1116 3648 1365 3724 videlicet
1401 3657 1547 3703 terra
1589 3648 1643 3702 in
1671 3647 2045 3714 crassitudine,

368 3806 377 3811 θ
471 3754 610 3809 aqua
660 3742 714 3795 in
763 3740 1013 3807 humore,
1045 3755 1140 3795 aer
1166 3740 1219 3795 in
1247 3739 1651 3810 progressione,
1684 3739 1820 3807 ignis
1846 3740 1901 3794 in
1928 3750 2050 3809 ger-

469 3833 636 3888 mine.
692 3829 750 3886 Si
779 3838 960 3886 autem
985 3830 1055 3886 de
1081 3845 1208 3887 aere
1231 3838 1315 3887 est
1342 3830 1541 3895 anima,
1574 3838 1666 3885 aut
1691 3831 1806 3886 aeri
1834 3832 2044 3899 similis,

473 3932 533 3978 ut
578 3930 635 3978 tu
682 3922 999 3993 pronuntias
1032 3940 1044 3975 :
1076 3936 1208 3991 ergo
1254 3922 1504 3977 arborem
1550 3937 1658 3977 non
1683 3922 1905 3991 negabis
1930 3923 2048 3977 ani-

468 4021 697 4077 matam,
729 4012 855 4084 quia
875 4012 1215 4084 perspicuum
1241 4020 1326 4068 est
1352 4011 1464 4067 aeri
1490 4012 1719 4067 similem
1747 4012 1924 4067 inesse
1952 4026 2047 4067 na-

471 4114 665 4167 turam.
702 4104 961 4163 lnferiora
996 4112 1297 4176 temperato
1333 4120 1513 4160 rerum
1540 4104 1728 4160 ordine
1755 4105 2047 4176 superiori-

469 4197 572 4253 bus
622 4195 951 4264 afliciuntur,
1005 4204 1279 4253 transacto
1324 4195 1528 4252 scilicet
1573 4195 1771 4265 frigore
1814 4195 2045 4251 brumali

468 4303 569 4360 per
592 4290 997 4345 conversionem
1045 4289 1195 4353 coeli,
1225 4303 1447 4344 recursu
1476 4287 1710 4343 siderum
1728 4325 1744 4352 ,
1774 4287 1925 4342 calor
1951 4303 2043 4342 su-

466 4379 819 4450 perveniens,
861 4393 1043 4433 aerem
1068 4377 1171 4433 sibi
1198 4385 1254 4433 et
1280 4377 1402 4433 loco
1430 4383 1487 4432 et
1514 4384 1706 4431 natura
1738 4376 2044 4445 proximum

465 4470 616 4540 prius
668 4467 853 4526 afficit.
902 4468 1004 4536 Qui
1039 4470 1293 4539 quoniam
1337 4476 1488 4523 tanto
1537 4467 1707 4537 gradu
1756 4468 1866 4537 igni
1903 4469 2047 4524 cedit

2152 3290 2300 3330 ream
2347 3276 2624 3333 conﬁtere.
2672 3275 2740 3333 Et
2784 3279 3090 3350 pronuntia,
3122 3280 3168 3334 si
3193 3279 3391 3349 placet,
3420 3287 3688 3347 corpoream

2152 3367 2386 3424 hominis
2413 3369 2666 3437 animam,
2696 3377 2753 3425 et
2779 3382 3095 3440 corpoream
3119 3368 3329 3425 fruticis
3367 3370 3540 3423 vitam.
3567 3360 3689 3431 Quod

2151 3457 2277 3529 quia
2321 3468 2481 3514 nemo
2507 3457 2784 3514 hoininurh
2828 3458 3082 3514 incolumi
3127 3450 3310 3529 potesl
3356 3453 3688 3526 ferrejudicio,

2152 3554 2488 3608 transeamus
2515 3548 2581 3603 ad
2610 3549 2846 3603 animata
2874 3550 3126 3617 viventia,
3158 3564 3283 3619 qum
3312 3564 3420 3604 non
3445 3548 3601 3603 solum
3626 3542 3689 3597 vis

2152 3646 2300 3705 vunt,
2332 3640 2427 3695 sed
2455 3641 2616 3696 etiam
2642 3641 2899 3697 sentiunt.
3342 3692 3347 3699 ,
3536 3636 3544 3642 ’

2217 3729 2307 3786 IV.
2348 3729 2443 3786 Est
2467 3746 2596 3802 ergo
2618 3731 2670 3787 in
2691 3731 2896 3803 pecude
2916 3731 3266 3802 corruptibile
3285 3745 3477 3801 corpus
3501 3735 3549 3784 et
3581 3739 3691 3781 mor-

2149 3820 2274 3877 talis
2324 3822 2523 3889 anima,
2575 3837 2696 3892 qum
2736 3823 2900 3879 vitam
2929 3823 3172 3893 corporis
3201 3838 3304 3878 nec
3332 3820 3572 3890 anticipat
3611 3828 3690 3869 nec

2148 3911 2176 3952 ³³
2206 3914 2511 3985 posticipat.
2545 3913 2707 3969 Vides
2733 3928 2862 3984 ergo
2889 3913 3035 3983 quod
3065 3914 3185 3969 vitm
3211 3912 3457 3969 seminali
3484 3924 3624 3979 quam
3645 3906 3689 3959 in

2146 4004 2327 4061 herbis
2354 4005 2691 4075 arbustisque
2712 4005 3035 4076 reperimus,
3061 4005 3118 4062 in
3144 4019 3378 4075 corpore
3397 4000 3598 4074 pecudis
3613 4010 3690 4067 per

2147 4097 2417 4168 appetitus
2435 4097 2628 4152 animae
2647 4112 2863 4152 sensum
2878 4105 3191 4166 motumque
3203 4098 3405 4152 tribuat
3422 4112 3434 4161 ;
3452 4095 3523 4149 sic
3541 4100 3689 4145 tamen

2145 4188 2191 4243 si
2240 4184 2415 4258 ipsum
2466 4202 2662 4258 corpus
2716 4187 3099 4244 convenienter
3144 4185 3428 4241 elementis
3450 4178 3689 4245 analogia:

2145 4277 2553 4336 concinentibus
2581 4279 2751 4348 probe
2776 4277 2974 4340 valeat,
3000 4284 3056 4332 et
3090 4276 3309 4332 nutibus
3363 4274 3543 4330 animre
3582 4281 3689 4324 con-

2143 4377 2405 4426 sentaneo
2431 4368 2685 4425 motionis
2707 4367 2997 4424 concordet
3016 4367 3300 4436 obsequio.
3333 4362 3597 4433 Quomodo
3617 4374 3689 4412 δυο

2145 4467 2255 4515 tem
2302 4459 2361 4513 lit
2403 4467 2463 4514 ut
2491 4459 2668 4513 anima
2707 4458 2900 4514 eodem
2937 4466 3070 4513 nutu
3119 4472 3312 4512 sanum
3353 4454 3688 4518 inﬁrmumque

467 4567 671 4631 quanto
714 4560 829 4630 ipse
856 4560 1008 4628 aquis
1035 4560 1254 4625 eminet,
1298 4574 1397 4629 per
1440 4559 1650 4615 radices
1678 4560 1930 4615 arborum
1959 4561 2044 4619 vel

2152 4552 2443 4608 membrum
2468 4551 2796 4623 dispariliter
2815 4552 3067 4606 moveat?
3087 4548 3226 4605 Ecce
3247 4550 3340 4605 ille
3369 4550 3505 4603 lavce
3531 4554 3687 4599 manus

466 4650 843 4720 quorumpiam
868 4649 1167 4719 germinum
1198 4649 1267 4705 de
1296 4657 1452 4704 terrae
1480 4649 1681 4704 intimis
1707 4664 1844 4718 aqua
1873 4657 2043 4705 attra—

466 4742 584 4796 hit:
627 4756 695 4797 eo
748 4741 892 4813 quod
943 4741 1080 4810 ignis
1125 4741 1448 4796 elementum
1498 4741 1680 4796 omnia
1725 4742 2043 4797 naturaliter

464 4832 680 4901 rapiens
728 4832 1047 4902 tepefactum
1075 4846 1254 4887 aerem
1283 4830 1351 4886 ad
1386 4845 1447 4886 se
1491 4831 1653 4901 cogit,
1701 4845 1903 4901 perque
1950 4847 2041 4886 ar-

464 4922 611 4976 boris
632 4921 921 4977 medullam
938 4923 1017 4977 sic
1042 4923 1156 4993 ipse
1177 4922 1357 4977 haurit
1377 4936 1579 4987 aerem,
1595 4922 1674 4977 sic
1701 4937 1795 4976 aer
1822 4937 2038 4992 aquam,

463 5013 543 5067 sic
570 5026 708 5081 aqua
737 5018 954 5066 terram.
993 5011 1147 5068 Unde
1174 5021 1258 5069 est
1284 5013 1428 5083 quod
1458 5012 1618 5067 etiam
1646 5026 1745 5067 nos
1771 5027 1867 5082 per
1889 5011 2041 5066 ﬁstu-

464 5105 567 5159 lam
590 5144 605 5169 ,
659 5104 745 5158 vel
797 5102 1158 5173 cuiuscemodi
1206 5106 1393 5159 tibiam
1436 5111 1669 5159 attracto
1697 5118 1843 5170 aere,
1874 5118 2040 5172 aquas

464 5196 804 5253 indifliculter
864 5197 1156 5253 haurimus.
1231 5196 1300 5250 Et
1341 5211 1374 5251 e
1426 5203 1713 5264 puteorum
1760 5194 2039 5266 profundis

460 5288 749 5361 artiﬁciose
776 5299 1056 5359 compacto
1093 5287 1526 5343 machinamento
1553 5285 1786 5356 quodam
1825 5300 2037 5340 sursum

462 5398 648 5439 versus
695 5382 835 5438 unda
881 5383 1097 5451 gravior
1146 5382 1216 5437 ob
1262 5388 1511 5435 naturam
1548 5379 1778 5448 cogitur,
1811 5385 1866 5432 et
1893 5378 2035 5432 aeris

461 5475 783 5532 adminiculo
829 5476 885 5530 in
932 5481 1188 5542 angustos
1239 5471 1490 5526 tubarum
1537 5476 1746 5525 meatus
1783 5468 1837 5522 vi
1892 5482 2041 5522 com-

459 5569 611 5641 pulsa
664 5569 814 5624 labro
862 5576 1018 5622 tenus
1066 5580 1225 5635 supra
1275 5577 1542 5618 summum
1591 5560 1737 5633 putei
1779 5571 2035 5631 expressa

534 5699 559 5725 κ
598 5684 680 5739 Al.
709 5687 845 5739 modi
869 5684 1070 5739 molem.
1166 5752 1195 5754 __
1401 5747 1444 5754 __
1492 5744 1503 5754 _
1677 5743 1709 5754 η
1745 5742 1799 5754 η,
1895 5741 1928 5754 ,,
2010 5741 2022 5753 ,

530 5759 558 5798 ιο
597 5754 916 5825 Posticipnre
969 5767 1110 5808 nove
1149 5752 1369 5806 dictum.
1401 5743 1713 5813 Huiusmodi
1741 5741 2026 5798 Claudiani

2142 4645 2327 4714 vigore
2371 4644 2534 4709 valet,
2584 4659 2739 4699 usum
2764 4642 2968 4697 dextrae
2994 4643 3102 4698 ictu
3130 4649 3190 4696 ut
3234 4642 3437 4697 assolet
3483 4632 3687 4694 humoris

2142 4736 2319 4791 amisit
2351 4753 2364 4789 :
2388 4750 2577 4790 manus
2606 4734 2815 4803 reliquo
2837 4733 3115 4789 adhaerens
3134 4733 3371 4803 corpori,
3403 4731 3499 4787 etsi
3526 4742 3619 4783 non
3644 4724 3686 4777 in

2142 4826 2336 4882 eodem
2362 4827 2549 4895 vigore
2569 4826 2623 4880 in
2645 4826 2833 4882 eadem
2856 4833 3134 4895 permanet
3159 4826 3357 4895 specie,
3389 4838 3488 4878 nec
3535 4829 3686 4873 tanien

2139 4917 2304 4972 servit
2331 4917 2545 4977 nutibus
2574 4916 2781 4971 animae.
2802 4915 2941 4982 Quid
2962 4916 3220 4981 dicemus,
3247 4916 3402 4985 pulsa
3424 4910 3601 4969 exinde
3618 4907 3687 4960 lo-

2141 5010 2331 5065 caliter
2350 5009 2510 5064 cessit
2538 5009 2751 5063 anima?
2779 5018 2834 5065 et
2858 5024 2966 5079 quo
3010 5010 3177 5063 abiit?
3217 5023 3325 5076 quo
3353 5005 3473 5061 inde
3515 5002 3687 5057 disces-

2138 5102 2243 5157 sit?
2272 5101 2377 5157 Sed
2396 5100 2536 5156 forte
2563 5101 2630 5155 ad
2646 5101 2904 5171 reliquam
2926 5110 3133 5171 partem
3157 5101 3240 5155 sui
3269 5114 3329 5155 se
3356 5085 3685 5157 contulit,sed

2133 5193 2245 5263 jam
2270 5199 2441 5248 totum
2469 5207 2665 5262 corpus
2688 5193 2944 5263 implebat
2971 5193 3169 5246 anima.
3210 5189 3326 5245 Non
3354 5194 3526 5260 potest
3553 5178 3683 5247 adjici

2136 5284 2298 5354 pleno
2325 5283 2599 5353 quippiam
2625 5285 2754 5352 quin
2783 5281 3147 5352 supereﬂluat.
3201 5280 3341 5349 Ergo
3369 5274 3597 5333 fortassis
3614 5285 3686 5323 ex-

2137 5375 2429 5431 halandum
2450 5382 2534 5430 est
2552 5375 2750 5443 aliquid
2772 5376 2962 5429 anima:
2987 5374 3072 5428 vel
3092 5371 3456 5433 eructandum,
3477 5374 3561 5421 aut
3578 5375 3687 5431 quo-

2138 5481 2250 5535 quo
2277 5464 2438 5522 modo
2459 5463 2825 5535 digerendum,
2843 5480 2909 5520 eo
2934 5464 3078 5535 quod
3098 5478 3206 5519 non
3235 5464 3493 5528 integrum
3514 5465 3682 5522 corpus

2140 5574 2251 5614 non
2278 5558 2538 5628 integram
2563 5558 2740 5628 capiat
2760 5558 3013 5612 animam.
3048 5554 3175 5611 Haec
3200 5561 3345 5609 certe
3371 5551 3564 5618 absque
3586 5559 3682 5597 am-

2134 5673 2283 5731 locus
2309 5674 2512 5745 Cangio
2540 5671 2944 5730 animadversus
2972 5671 3027 5727 in
3057 5655 3351 5734 Glossario.‘
