3920 6176
229 400 326 458 7‘15

1390 382 1478 440 DE
1516 376 1740 438 STATU
1780 372 2017 435 ΑΜΜΕ
2060 377 2184 433 LIB.
2226 379 2266 434 l.

3383 374 3493 430 726'

232 520 376 587 υἱευο
403 507 657 578 consequi
684 519 902 562 necesse
918 509 1021 569 est,
1041 502 1086 556 si
1108 513 1304 570 corpus
1324 506 1407 554 est
1427 497 1623 552 anima.
1644 495 1798 562 Quod
1830 499 1873 554 Α
1904 495 1982 549 sic
2011 495 2086 548 ait
2118 513 2129 546 :
2164 492 2290 547 Cum
2318 509 2494 546 sumus
2515 492 2570 546 in
2593 509 2825 563 corpore,
2869 493 3262 564 peregrinantur
3315 507 3344 542 α
3395 490 3493 544 Do-

232 607 466 680 quoniam
489 603 603 656 fieri
627 613 964 668 nequaquam
995 602 1190 665 potest,
1224 591 1352 647 illud
1376 591 1555 661 potius
1584 590 1797 680 intuere

235 679 363 769 quod
390 711 493 751 non
544 693 721 746 anima
768 687 1068 757 imperandi
1098 686 1204 738 vim
1234 681 1485 753 perdidit,
1537 679 1631 735 sed
1659 680 1802 732 vires
1831 682 1839 691 '

237 785 479 842 serviendi
517 797 707 836 manus
761 779 957 833 amisit.
1000 775 1095 830 lllo
1121 775 1264 830 enim
1295 781 1352 827 ut
1374 780 1500 841 puta
1531 769 1803 839 sanguinis

237 884 418 948 impetu
442 871 838 929 conniventium
854 869 1242 923 elementorum
1264 863 1544 917 harmonia
1572 861 1801 924 turbata,

236 967 431 1036 corpori
462 964 714 1019 adimitur
741 959 1008 1016 serviendi
1033 955 1380 1027 possibilitas,
1411 962 1466 1007 et
1494 952 1676 1006 animo
1705 951 1804 1005 do-

240 1056 459 1112 minandi
490 1053 694 1110 accedit
719 1050 1025 1114 difﬁcultas,
1047 1057 1101 1103 et
1128 1047 1312 1117 incipit
1335 1060 1455 1100 esse
1485 1044 1639 1099 oneri
1662 1041 1807 1111 quod

239 1155 342 1202 erat
361 1146 494 1200 usui.
525 1143 641 1198 Non
662 1149 845 1196 tamen
874 1140 1051 1193 anima
1081 1135 1332 1191 movendi
1359 1135 1468 1188 vim
1497 1131 1809 1203 perdidit,si

240 1239 520 1292 membrum
575 1233 960 1289 convenienter
1009 1244 1067 1283 se
1109 1227 1423 1282 necessaria:
1452 1223 1677 1279 motioni
1702 1238 1808 1276 non

242 1327 469 1398 praebuit.
502 1325 571 1379 Et
594 1326 644 1379 in
667 1323 908 1392 quolibet
933 1320 1103 1375 oculis
1125 1325 1304 1388 capto,
1334 1325 1593 1386 quantum
1620 1312 1687 1368 ad
1704 1313 1814 1366 ani-

243 1435 368 1474 mam
416 1423 644 1488 spectat,
695 1421 941 1470 remanet
989 1413 1070 1467 vis
1115 1410 1332 1465 videndi
1368 1409 1667 1478 corporalia
1715 1421 1814 1476 per

242 1526 437 1580 corpus,
468 1509 565 1564 sed
594 1522 793 1576 organa
821 1505 1186 1561 membrorum
1208 1501 1478 1566 deﬁciunt,
1502 1502 1696 1570 quibus
1717 1517 1813 1570 po-

248 1602 427 1656 tentias
479 1614 607 1653 suas
660 1605 875 1652 exserat
928 1595 996 1650 ad
1042 1594 1318 1649 sentienda
1349 1607 1629 1662 corporea.
1663 1590 1815 1646 Sicut

244 1705 359 1760 ergo
385 1690 595 1744 ratione
642 1688 922 1758 perspicua
971 1687 1140 1741 claret
1190 1684 1409 1752 liquido,
1444 1699 1552 1736 nou
1583 1683 1816 1736 animam

244 1783 468 1838 membro
489 1781 654 1835 debili
678 1779 920 1834 localiter
948 1778 1173 1848 pulsam,
1205 1777 1299 1831 sed
1323 1776 1389 1830 ab
1418 1776 1608 1829 animze
1637 1775 1817 1828 inten-

1901 587 2063 641 mino.
2095 587 2352 640 Audemus
2381 595 2549 640 autem
2577 595 2624 638 et
2660 585 2845 639 bonam
2887 586 3202 640 voluntatem
3249 581 3493 637 habemus

1903 679 2070 749 magis
2093 679 2412 748 peregrinari
2441 695 2472 730 α
2500 693 2732 748 corpore,
2759 686 2807 729 et
2828 685 3103 748 prtesentcs
3125 692 3236 729 esse
3267 674 3337 727 ad
3385 673 3494 728 Do-

1903 772 2100 824 minum
2132 770 2194 836 (ll
2218 769 2338 824 Cor.
2369 787 2419 836 v,
2446 769 2496 834 6,
2529 769 2606 840 8).
2632 769 2787 836 Quid,
2814 785 3013 838 qumso,
3047 770 3148 824 dici
3177 769 3373 823 clarius
3395 784 3494 837 po-

1906 863 2048 916 test?
2096 861 2285 915 Omnia
2332 877 2559 931 corpora
2609 862 2722 916 sive
2767 877 2944 916 crassa
2972 861 3055 914 vel
3085 861 3286 929 gravia,
3322 868 3380 913 ut
3408 866 3492 913 est

1908 968 2046 1022 aqua
2093 953 2179 1006 vel
2227 961 2391 1019 terra,
2442 954 2553 1008 sive
2583 953 2761 1006 tenuia
2793 961 2847 1006 et
2874 953 3035 1018 levia,
3067 960 3124 1005 ut
3153 961 3234 1006 est
3263 952 3399 1020 ignis
3441 959 3496 1005 et

1909 1063 2022 1112 aer,
2046 1047 2157 1100 sive
2187 1047 2274 1100 illa
2297 1061 2415 1115 qua:
2437 1062 2504 1100 ex
2527 1047 2608 1100 his
2638 1045 2870 1100 conﬁunt
2899 1045 3231 1098 seminalitt-r
3253 1045 3496 1098 coeunti-

1909 1137 2029 1201 bus,
2062 1138 2304 1207 corporis
2335 1138 2552 1191 nomine
2582 1136 2780 1191 includi
2825 1153 2933 1191 non
2984 1135 3288 1203 ambigitur.
3333 1133 3498 1200 Quid—

1911 1228 2038 1298 quid
2069 1238 2246 1282 autem
2275 1228 2567 1296 qualelibet
2617 1243 2814 1298 corpus
2869 1236 2950 1282 est
2977 1227 3083 1282 diei
3113 1235 3291 1297 potest
3333 1225 3539 1280 levius.

1912 1335 2128 1390 corpus,
2190 1319 2400 1374 tenuius
2442 1335 2658 1389 corpus,
2717 1319 2948 1374 habilius
2975 1333 3194 1388 corpus,
3224 1317 3504 1372 sublimius

1914 1426 2130 1480 corpus,
2183 1410 2380 1465 clarius
2409 1426 2606 1480 corpus
2640 1427 2654 1477 ;
2713 1426 2818 1465 non
2850 1417 3028 1463 tamen
3052 1409 3356 1480 potestdici
3404 1410 3509 1463 nisi

1915 1518 2130 1571 corpus.
2174 1501 2463 1571 Apostolus
2511 1511 2690 1556 autem
2745 1502 2870 1570 quid
2903 1502 3072 1556 dicit?
3106 1500 3232 1555 Cum
3255 1519 3427 1558 sumus
3451 1502 3504 1555 in

1917 1610 2148 1664 corpore,
2201 1594 2590 1664 percgrinamur
2629 1611 2660 1646 a
2691 1592 2934 1648 Domino.
2961 1593 3183 1648 Videtur
3203 1594 3334 1647 mihi
3363 1594 3520 1662 quod

1921 1699 2258 1753 nequaquam
2288 1685 2622 1754 peregrinari
2671 1684 2723 1738 in
2764 1700 2992 1753 corpore
3025 1685 3258 1738 animam
3282 1685 3504 1746 diceret,

1920 1777 1964 1831 si
1995 1777 2240 1831 eamdem
2263 1792 2460 1846 corpus
2484 1792 2604 1831 esse
2630 1785 2895 1832 censeret.
2926 1777 3060 1843 Quia
3105 1779 3149 1832 si
3178 1779 3354 1830 anima
3383 1794 3507 1832 cor—

245 1874 379 1928 tione
401 1871 574 1926 vivaci
627 1869 927 1924 membrum
955 1869 1212 1936 languore
1243 1875 1479 1936 torpens,
1510 1865 1656 1919 velut
1684 1879 1819 1932 qua-
1848 1869 1895 1927 B
1922 1884 2020 1939 pus
2042 1876 2123 1923 est
2150 1876 2204 1923 et
2225 1868 2599 1938 peregrinatur
2628 1869 2681 1922 in
2704 1884 2933 1937 corpore
2963 1909 2978 1933 ,
3028 1869 3082 1921 in
3108 1883 3203 1930 sua
3227 1883 3355 1936 ergo
3385 1869 3510 1922 sub-

244 1965 354 2020 dam
400 1963 590 2018 mortis
643 1962 836 2018 vicinia
884 1959 1267 2015 dissidentem:
1302 1959 1374 2011 ita
1405 1973 1528 2012 cum
1569 1954 1816 2009 animalis

243 2055 528 2125 cuiuspiam
585 2068 778 2123 corpus
827 2051 1156 2106 dissonantia
1205 2050 1286 2104 sui
1332 2048 1606 2114 desiderii,
1634 2063 1820 2102 recur-

245 2147 468 2201 rentibus
507 2144 578 2199 ad
629 2144 877 2212 regiones
921 2157 1044 2197 suas
1087 2141 1474 2195 elementorum
1521 2138 1815 2209 particulis,

245 2239 406 2292 anima
439 2254 547 2293 non
577 2237 785 2291 habens
813 2249 920 2304 quo
951 2233 1276 2289 intentiones
1299 2248 1424 2286 suas
1451 2231 1702 2300 explicet,
1725 2246 1821 2301 pe-

244 2329 382 2382 cudis
401 2328 634 2398 deperit,
667 2326 899 2380 humana
927 2324 1234 2393 requiescit.
1268 2323 1348 2377 Ab
1378 2323 1460 2376 his
1491 2330 1669 2377 tamen
1701 2329 1821 2375 tan-

247 2431 346 2474 tum
374 2421 612 2474 motibus
641 2419 836 2488 quibus
864 2433 1060 2487 corpus
1088 2416 1340 2471 movebat
1369 2431 1467 2486 per
1519 2416 1656 2484 loca,
1709 2417 1824 2488 ipsa

246 2524 333 2579 per
359 2518 572 2580 tempus
600 2509 886 2564 illocaliter
912 2515 1079 2562 mota.

309 2601 369 2655 ν.
409 2601 528 2656 Νοη
579 2616 638 2656 se
692 2615 833 2655 nunc
873 2599 1052 2668 aliqua
1108 2599 1273 2654 veluti
1312 2601 1630 2670 corpuscula
1658 2601 1828 2656 oculis

246 2693 428 2748 mentis
463 2692 760 2761 obiectent,
793 2699 852 2744 ut
881 2691 1088 2745 animas
1117 2691 1307 2760 positis
1334 2692 1653 2762 corporibus
1678 2707 1826 2762 qum-

247 2785 356 2839 dam
379 2785 492 2840 loca
523 2784 669 2838 aeris
699 2791 789 2838 aut
818 2782 1103 2851 cujuslibet
1131 2783 1384 2838 elementi
1414 2799 1679 2854 occupare
1708 2801 1828 2840 cre—

247 2874 441 2930 damus.
468 2875 808 2930 lntellectum
829 2883 999 2940 tuum,
1032 2874 1078 2927 si
1107 2881 1283 2942 potes,
1318 2873 1574 2944 intellige,
1619 2875 1704 2931 cui
1729 2876 1831 2930 soli

247 2981 358 3021 cum
401 2966 600 3036 angelo
650 2967 763 3021 hmc
813 2965 995 3021 videre
1035 2981 1348 3020 concessum
1377 2976 1477 3022 est.
1509 2966 1648 3022 Num
1677 2968 1833 3038 quip-

233 3046 376 3128 piam
406 3061 457 3114 in
482 3058 762 3114 intellectu
786 3067 877 3113 tuo
898 3058 1134 3126 longum,
1159 3057 1327 3113 latum
1350 3067 1442 3113 aut
1461 3059 1630 3114 altum
1645 3059 1834 3116 vides?

248 3149 372 3204 Num
401 3149 667 3221 Splendor
702 3149 859 3204 ullius
887 3163 1162 3217 corporeae
1188 3148 1322 3204 lucis
1348 3151 1421 3205 ibi
1451 3151 1668 3206 rutilat?
1695 3149 1832 3206 Num

1918 1961 2115 2014 stantia
2165 1960 2554 2035 peregrinatgr,
2586 1974 2688 2013 nec
2716 1974 2949 2028 unquam
2999 1960 3197 2028 poterit
3225 1975 3330 2014 non
3355 1975 3509 2029 pere—

1920 2050 2140 2118 grinari,
2185 2064 2303 2117 quae
2354 2050 2470 2104 sine
2504 2065 2563 2103 se
2593 2063 2716 2103 esse
2743 2065 2851 2102 non
2899 2049 3117 2118 poterit.
3152 2047 3302 2102 Nulla
3327 2059 3506 2104 autem

1921 2157 2009 2196 res
2048 2157 2106 2196 se
2151 2142 2324 2210 ipsam
2355 2142 2622 2195 ullatenus
2645 2141 2861 2206 amittit,
2885 2140 3010 2215 quia
3033 2155 3140 2193 non
3162 2149 3342 2209 potest
3363 2141 3515 2209 qui!-

1922 2249 2082 2301 quam
2113 2248 2232 2287 esse
2261 2241 2383 2302 post
2406 2247 2484 2287 se.
2517 2231 2750 2286 Facilius
2776 2230 2920 2285 enim
2945 2239 3028 2284 est
3062 2230 3264 2299 aliquid
3295 2247 3516 2300 prorsus

1925 2323 2130 2378 aboleri
2160 2337 2228 2378 ne
2256 2322 2548 2392 quidquam
2585 2324 2653 2378 sit
2681 2337 2841 2392 quam
2869 2337 2927 2376 se
2957 2328 3010 2376 et
3040 2322 3286 2376 amittere
3333 2331 3388 2378 et
3413 2326 3516 2378 sibi

1927 2431 2229 2486 superesse.
2277 2415 2381 2468 Ant
2423 2415 2584 2482 igitur
2630 2415 2807 2467 anima
2855 2429 3053 2483 corpus
3099 2422 3198 2480 est,
3250 2424 3303 2468 et
3334 2413 3519 2469 fefellit

1930 2506 2254 2577 Apostolus;
2279 2514 2373 2560 aut
2397 2506 2442 2561 si
2471 2505 2845 2576 peregrinatur
2866 2504 2921 2559 in
2942 2520 3190 2574 corpore,
3217 2506 3393 2560 anima
3412 2523 3520 2560 non

1931 2605 2012 2652 θδι
2040 2611 2256 2668 corpus'
2511 2667 2740 2724 CAPUT
2778 2667 2940 2723 xxu.

2114 2763 2382 2828 Quomodo
2411 2763 2590 2816 anima
2625 2763 2988 2834 peregrinatur
3015 2765 3071 2817 in
3109 2779 3339 2833 corpore.

2004 2877 2044 2932 Ι.
2089 2877 2353 2947 Subjicias
2391 2876 2477 2931 his
2518 2875 2763 2932 fortaSsis
2810 2892 2874 2932 ac
2914 2876 3097 2932 dicas:
3132 2875 3414 2943 Quomodo
3435 2877 3520 2931 hic

1935 2979 2140 3026 tantum
2170 2970 2502 3041 peregrinari
2522 2969 2718 3026 dicitur
2747 2971 2924 3024 anima
2963 2985 3029 3025 eo
3051 2969 3195 3040 quod
3223 2970 3292 3024 sit
3322 2970 3375 3024 in
3406 2985 3522 3024 cor-

1934 3063 2105 3132 pore?
2154 3059 2212 3116 Si
2264 3057 2714 3117 resurrectionem
2768 3061 2939 3131 probe
2985 3060 3281 3126 credimus,
3341 3061 3394 3115 in
3434 3059 3521 3114 illa

1936 3167 2153 3222 quoque
2169 3159 2372 3206 aeterna
2395 3152 2572 3222 patria
2597 3167 2705 3207 non
2725 3151 2844 3206 sine
2873 3151 3192 3221 corporibus
3241 3150 3403 3205 futuri
3432 3168 3523 3206 su-

248 3241 426 3309 aliquis
455 3240 746 3297 cantilena:
793 3239 1128 3296 modiﬁcatus
1182 3248 1238 3295 et
1281 3256 1378 3310 per
1407 3249 1620 3312 tempus
1661 3241 1832 3300 ﬂuens
1857 3243 1906 3307 C
1935 3259 2073 3298 mus.
2100 3243 2199 3299 Hic
2218 3244 2550 3314 respondeas
2624 3244 2805 3309 velim,
2831 3253 3134 3299 utrumnam
3165 3245 3363 3301 idcirco
3384 3263 3524 3302 nunc

247 3344 402 3384 Citl'IOI‘
429 3331 545 3385 illic
576 3331 806 3390 insonat,
839 3337 932 3384 aut
975 3332 1346 3385 evanescentis
1375 3331 1678 3401 fragrantia:
1706 3349 1830 3390 sua-

249 3424 374 3477 vitas
401 3421 576 3486 halat,
611 3430 704 3476 aut
731 3421 930 3491 aliquid
977 3421 1096 3476 istic
1145 3422 1518 3492 corpulentum
1551 3425 1709 3494 sapit,
1743 3435 1835 3481 aut

250 3513 437 3583 aliquid
476 3515 649 3569 molle
678 3515 762 3569 vel
791 3513 983 3568 durum
1012 3515 1258 3570 localiter
1281 3515 1552 3584 tangitur?
1580 3517 1740 3573 Visus
1766 3518 1833 3572 il-

248 3606 342 3661 lius
365 3606 623 3663 claresbit
653 3608 936 3678 sapientia,
960 3608 1285 3664 tenebrescit
1305 3608 1628 3678 insipientia.
1672 3609 1836 3665 Atidi-

250 3708 328 3754 tus
355 3700 495 3755 illius
528 3699 745 3754 fallacia
775 3697 1082 3766 oﬁ'enditur,
1125 3700 1352 3755 veritate
1379 3700 1658 3756 mulcetur.
1707 3701 1834 3758 Illo-

247 3793 426 3849 caliter
456 3795 576 3849 illic
604 3792 805 3861 fragrat
833 3793 1076 3862 aequitas,
1103 3792 1250 3848 foetet
1278 3793 1532 3864 iniquitas
1557 3812 1569 3847 :
1601 3795 1836 3850 vanitate

253 3885 498 3950 tabescit,
546 3885 747 3940 virtute
788 3884 1106 3954 pinguescit.
1161 3883 1323 3940 Miser
1370 3892 1454 3940 est
1481 3887 1837 3943 contubernio

253 3975 513 4040 stultitim,
570 3975 764 4030 beatus
818 3975 1103 4044 complexu
1149 3976 1443 4046 sapientiae.
1477 3976 1646 4032 Totus
1677 3978 1839 4046 igitur

255 4068 433 4123 oculus
461 4078 566 4134 est,
597 4067 724 4137 quia
757 4074 900 4122 totus
931 4069 1094 4135 videt,
1126 4078 1178 4123 et
1208 4077 1382 4124 totum
1431 4071 1579 4140 quod
1623 4072 1840 4143 inspicit

255 4157 408 4214 videt.
470 4159 766 4226 Quodlibet
794 4171 974 4214 autem
1029 4175 1226 4229 corpus
1275 4176 1375 4215 nec
1405 4169 1574 4215 totum
1605 4161 1834 4229 videtur,

254 4267 347 4304 nec
377 4261 552 4308 totum
584 4252 749 4307 videt.
783 4251 951 4306 Totus
973 4251 1189 4306 auditus
1213 4259 1315 4318 est,
1346 4252 1472 4321 quia
1496 4260 1666 4307 totum
1696 4253 1838 4323 quod

253 4341 394 4396 audit
425 4351 574 4398 totus
605 4342 778 4398 audit:
803 4340 1011 4413 Corpus
1057 4350 1236 4397 autem
1266 4343 1398 4396 nihil
1447 4350 1619 4398 totum
1669 4343 1834 4398 audit.

253 4429 315 4486 Et
361 4443 507 4491 totus
538 4435 817 4502 odoratur,
846 4441 1024 4503 gustat
1052 4448 1115 4489 ac
1145 4434 1331 4502 tangit,
1374 4440 1496 4490 cum
1537 4434 1838 4504 hujusmodi

257 4528 426 4580 unitas
474 4535 531 4581 et
571 4526 815 4595 potentia
863 4525 917 4579 in
948 4539 1178 4596 corpore
1207 4540 1325 4580 esse
1364 4541 1471 4580 non
1504 4527 1692 4596 possit.
1727 4526 1841 4582 lloc

1936 3335 2113 3389 anima
2164 3331 2448 3405 peregrina
2497 3334 2724 3400 dicatur,
2767 3334 2891 3403 quia
2924 3335 2976 3389 in
3014 3351 3242 3406 corpore
3261 3343 3524 3401 moratur,

1935 3441 2003 3479 an
2032 3425 2158 3496 quia
2198 3425 2252 3479 in
2301 3425 2391 3478 tali
2433 3425 2502 3479 sit
2541 3426 2805 3494 corpore?
2830 3424 2976 3480 Istud
3005 3441 3200 3495 nempe
3228 3442 3444 3496 corpus,
3470 3439 3528 3482 ut

1934 3531 2096 3587 supra
2126 3517 2440 3582 memoravi,
2473 3523 2722 3587 aggravat
2742 3519 2971 3571 animam
3001 3517 3156 3589 (Sap.
3187 3535 3263 3583 ix,
3292 3516 3378 3588 15)
3417 3535 3526 3574 non

1936 3611 2029 3666 illo
2077 3611 2262 3680 utique
2313 3605 2555 3680 pondere
2602 3608 2747 3676 quod
2776 3607 2936 3678 pendi
2965 3617 3176 3680 potest,
3207 3611 3330 3681 quia
3357 3612 3402 3666 si
3432 3612 3524 3668 illo

1937 3716 2046 3771 quo
2098 3702 2322 3770 quisque
2367 3699 2571 3755 viribus
2600 3699 2720 3770 plus
2746 3699 2964 3766 valebit,
3009 3717 3075 3756 eo
3117 3702 3285 3771 magis
3329 3719 3527 3774 corpus

1941 3793 2118 3849 inedia
2161 3792 2247 3848 vel
2290 3791 2549 3861 aegritudo
2590 3799 2615 3828 ι
2657 3793 2973 3846 tenuaverit.
2999 3790 3152 3849 Unde
3179 3794 3285 3850 hoc
3312 3809 3548 3864 quoque

1939 3884 2166 3938 multum
2197 3884 2394 3938 nostris
2422 3883 2740 3953 astipulatur
2767 3883 3097 3950 rationibus,
3151 3885 3295 3954 quod
3325 3886 3526 3955 liquido

1941 3979 2108 4033 claret
2130 3978 2424 4032 secundum
2457 3977 2600 4031 illam
2624 3977 2788 4030 vitam
2817 3991 2937 4045 quae
2959 3977 3114 4033 nobis
3152 3995 3274 4033 cum
3319 3977 3529 4048 pecudi-

1939 4072 2040 4127 bus
2085 4079 2184 4137 est,
2233 4071 2465 4124 hominis
2520 4070 2753 4124 animam
2801 4083 2964 4125 exeso
3008 4081 3168 4139 atque
3195 4070 3347 4125 arido
3368 4085 3529 4139 quam

1941 4171 2098 4234 pasto
2128 4178 2190 4217 ac
2212 4163 2523 4218 succuleuto
2568 4178 2797 4234 corpore
2825 4164 2994 4230 magis
3021 4163 3253 4217 onerari.
3287 4161 3440 4229 Quod
3462 4179 3529 4218 eo

1943 4253 2001 4308 ﬁt
2044 4254 2170 4323 quia
2225 4252 2426 4309 fessum
2472 4269 2670 4324 corpus
2712 4271 2818 4310 non
2851 4255 2924 4309 ita
2946 4255 3089 4308 valet
3117 4255 3282 4310 animi
3313 4257 3530 4311 nutibus

1943 4343 2084 4400 facili
2111 4353 2263 4400 motu
2291 4344 2492 4400 servire
2511 4384 2527 4410 ,
2557 4354 2612 4401 et
2632 4360 2865 4401 onerosa
2907 4346 2987 4401 illi
3011 4355 3113 4413 est,
3142 4362 3248 4402 non
3277 4347 3530 4417 ponderis

1943 4436 2197 4504 gravitas,
2231 4435 2326 4491 sed
2346 4436 2540 4504 agendi
2581 4435 2882 4493 difﬁcultas.
2917 4436 2995 4494 Ac
3021 4437 3246 4510 perinde
3267 4438 3529 4493 si-bellui-

1945 4543 2068 4582 nam
2114 4528 2279 4582 vitam
2311 4542 2472 4598 quam
2522 4528 2675 4584 nobis
2703 4529 2823 4585 istic
2851 4530 3026 4585 inesse
3072 4528 3409 4584 manifestum
3451 4539 3532 4584 est

256 4623 429 4668 autem
457 4615 661 4670 ideirco
692 4614 764 4668 illi
795 4621 987 4684 suapte
1008 4621 1198 4667 natura
1247 4623 1349 4679 est,
1378 4616 1502 4683 quia
1529 4615 1600 4669 ibi
1628 4617 1732 4671 hoc
1759 4626 1842 4671 est
1874 4611 1922 4672 D
1946 4619 2265 4687 cogitamus,
2297 4636 2494 4690 corpus
2532 4620 2674 4676 istud
2700 4637 2808 4676 non
2864 4629 3118 4689 aggravat
3163 4622 3416 4675 animam.
3476 4622 3534 4676 Si

255 4704 432 4759 videre
480 4705 630 4774 quod
681 4705 899 4770 audire;
928 4704 1032 4760 hoc
1077 4703 1264 4760 audire
1288 4705 1431 4774 quod
1461 4705 1712 4771 olfacere,
1737 4708 1841 4764 hoc

255 4795 484 4851 olfacere
513 4795 659 4866 quod
686 4803 920 4864 gustare,
943 4795 1045 4850 hoc
1066 4803 1283 4864 gustare
1303 4797 1447 4866 quod
1470 4805 1706 4867 tangere.
1738 4799 1845 4856 Sed

255 4894 547 4940 occurrunt
576 4888 766 4940 anima:
794 4887 1091 4956 phantasia;
1137 4902 1446 4957 corporum,
1503 4889 1696 4958 quibus
1748 4906 1844 4960 per

256 4990 444 5032 sensus
491 4978 740 5048 corporis
768 4977 981 5045 ail‘eeta,
1012 4995 1122 5034 non
1153 4979 1306 5044 locis,
1337 4981 1431 5035 sed
1471 4981 1694 5037 fallaciis
1741 4985 1845 5039 cir-

257 5071 654 5125 cumscribitur.
697 5070 764 5123 Et
794 5072 916 5140 quia
964 5071 1175 5126 illorum
1207 5079 1412 5126 tantum
1443 5073 1687 5127 meminit
1705 5089 1842 5144 quo-

259 5177 372 5214 rum
394 5163 606 5232 species
626 5177 724 5233 per
745 5179 944 5233 corpus
962 5163 1186 5232 accepit,
1213 5163 1345 5218 nihil
1365 5179 1485 5218 esse
1507 5165 1677 5220 credit
1699 5166 1848 5235 quid-

260 5255 382 5320 quid
415 5256 524 5310 tale
551 5273 656 5310 non
681 5255 856 5310 fuerit.
889 5255 998 5311 Nec
1025 5256 1294 5325 suspirare
1323 5265 1502 5326 potest
1531 5257 1605 5310 illi
1636 5258 1841 5328 patriae,

261 5344 325 5399 de
347 5362 452 5416 qua
484 5347 539 5400 in
571 5347 707 5402 hanc
743 5348 1231 5417 peregrinationem
1279 5350 1472 5402 merito
1516 5348 1846 5418 pmcipitata

263 5445 360 5499 est,
393 5453 515 5491 cum
567 5439 894 5508 peregrinari
924 5454 982 5493 se
1030 5438 1252 5493 nesciat.
1282 5437 1614 5507 Peregrinari
1639 5455 1697 5495 se
1721 5455 1850 5495 vero

264 5528 314 5581 in
345 5545 576 5600 corpore
603 5533 740 5586 scire
761 5547 866 5586 non
891 5531 1107 5601 poterit,
1133 5530 1179 5584 si
1208 5545 1403 5600 corpus
1432 5545 1551 5585 esse
1576 5546 1636 5587 se
1656 5533 1845 5587 credit.

267 5618 412 5675 Unde
459 5623 544 5676 vir
592 5625 700 5690 ille,
733 5640 892 5695 quem
921 5624 1000 5680 sui
1028 5623 1136 5692 jam
1159 5623 1459 5678 substantia
1491 5640 1598 5679 non
1627 5625 1846 5693 latebat,

331 5812 357 5841 ⁸
401 5807 480 5857 Al.
519 5814 777 5864 tenuerat.

1948 4725 2079 4765 vero
2105 4711 2246 4764 illam
2274 4725 2393 4780 qua:
2414 4728 2537 4767 cum
2577 4713 2783 4781 angelis
2813 4712 2916 4767 erit
2940 4712 3246 4782 aspicimus,
3281 4722 3556 4781 aggravat,

1951 4802 2184 4856 animam
2208 4802 2523 4872 occupando
2549 4819 2666 4858 eam
2694 4813 2854 4872 atque
2883 4803 3154 4858 illiciendo
3186 4804 3268 4859 vel
3293 4820 3554 4860 necesse»

1949 4894 2061 4959 riis,
2079 4895 2165 4949 vel
2186 4896 2519 4966 voluptuosis
2535 4894 2816 4964 deﬁgendo
2839 4895 3083 4950 eamdem
3108 4897 3159 4950 in
3179 4898 3400 4967 pulchra
3423 4914 3536 4954 cor-

1950 5001 2104 5057 pora,
2145 4995 2201 5040 et
2229 5002 2259 5040 a
2288 4987 2744 5056 contemplatione
2772 5002 2991 5042 summa:
3013 4988 3422 5057 pulchritudinis
3443 4991 3556 5045 αἱ)-

1951 5077 2216 5131 ducendo.
2248 5076 2357 5131 Isto
2387 5089 2514 5144 ergo
2543 5077 2688 5147 quod
2715 5077 2801 5132 vel
2839 5079 2954 5133 esui
2981 5088 3073 5133 aut
3101 5081 3253 5151 potui
3283 5096 3534 5136 necessa-

1952 5168 2033 5223 rio
2054 5157 2110 5222 in
2129 5168 2355 5223 salutem
2378 5169 2620 5238 corporis
2643 5185 2778 5238 opus
2799 5171 3140 5240 impenditur,
3168 5173 3251 5228 vel
3273 5169 3537 5240 superflue

1951 5261 2286 5330 voluptatum
2337 5261 2490 5328 nugis
2546 5261 2759 5315 animus
2814 5271 3129 5335 occupatur,
3159 5263 3242 5317 vel
3274 5262 3440 5331 plagis
3473 5276 3537 5315 ac

1949 5350 2226 5407 doloribus
2245 5367 2343 5421 per
2367 5366 2562 5423 corpus
2591 5350 2863 5420 aﬁligitur,
2897 5367 3188 5422 aggravare
3218 5351 3460 5407 eamdem
3482 5362 3544 5408 et.

1953 5460 2052 5516 pro
2082 5443 2420 5498 multitudine
2447 5460 2510 5499 ac
2538 5442 2849 5500 difﬁcultate
2892 5445 3118 5501 actionis
3147 5458 3372 5498 onerare
3407 5461 3533 5513 per-

1954 5536 2197 5604 spicuum
2219 5543 2320 5590 est.
2355 5535 2421 5588 Et
2445 5535 2557 5591 hare
2580 5545 2662 5592 est
2688 5537 2777 5591 illa
2807 5535 3166 5606 peregrinatio
3189 5533 3254 5589 de
3276 5551 3380 5603 qua
3411 5535 3540 5590 dicit

1958 5625 2244 5695 Apostolus
2280 5644 2290 5678 :
2351 5624 2480 5682 Cum
2510 5645 2684 5683 sumus
2729 5629 2780 5682 in
2822 5644 3050 5696 corpore,
3091 5627 3478 5698 peregrirwnuu'
3513 5641 3546 5678 rt
