3946 6182
393 369 491 427 727

1659 355 1971 416 MAMERTI
2009 354 2378 415 CLAUDIAM

3547 362 3648 419 733

394 487 635 543 Domino.
658 485 791 540 Cum
820 499 944 540 vero
971 483 1039 538 ad
1068 482 1213 537 illam
1251 477 1491 550 corporis
1516 475 1966 548 permutationem
1995 473 2042 531 A
2070 471 2213 533 dam.
2261 472 2355 540 qui
2397 470 2509 527 sive
2554 471 2794 542 spiritus,
2845 470 2960 529 sive
2985 486 3159 540 mens,
3180 470 3292 529 sive
3316 471 3649 542 intellectus,

392 577 697 648 pervenerit
734 576 824 644 qui
858 572 1137 638 meruerit,
1159 570 1225 627 de
1253 585 1358 640 qua
1386 568 1528 624 idem
1556 567 1684 622 dicit
1718 584 1730 620 :
1774 565 1967 619 Omnes

392 682 729 738 resurgemus,
783 664 872 719 sed
912 680 1013 718 non
1038 678 1215 718 omnes
1238 657 1622 716 immutabimur
1653 657 1695 728 (Ι
1723 654 1844 710 Cor.
1877 671 1965 719 xv,

391 758 513 828 51),
560 773 668 812 non
722 755 959 811 obviabit
1013 763 1139 810 tunc
1166 752 1381 808 nutibus
1426 749 1617 804 anima:
1639 762 1832 818 corpus
1854 744 1970 799 ani-

389 850 531 904 male
577 834 724 917 quod
768 862 877 902 non
904 846 1024 911 erit,
1055 844 1150 900 sed
1178 859 1274 914 per
1302 842 1482 898 omnia
1510 839 1707 895 serviet
1729 834 1969 907 spiritale

389 955 585 1010 corpus
609 938 754 1008 quod
775 938 897 993 erit.
925 936 1033 992 Sed
1059 950 1159 991 nec
1176 933 1305 989 illud
1331 932 1602 1004 quippiam
1628 927 1971 998 concupiscet

388 1030 688 1100 indignum,
735 1043 837 1084 nec
863 1027 977 1082 haec
1018 1025 1219 1095 aliquid
1256 1022 1538 1094 imperabit
1583 1019 1855 1089 injustum.
1900 1015 1968 1071 Et

388 1120 644 1190 quoniam
673 1125 857 1175 sancta
885 1117 1062 1173 anima
1086 1116 1281 1172 aﬂectu
1299 1121 1449 1171 casto
1477 1114 1531 1169 in
1552 1113 1719 1167 Deum
1740 1110 1963 1182 rapitur,

389 1210 757 1265 animadverte
786 1223 886 1264 nec
913 1206 1398 1279 peregrinationem
1450 1204 1526 1258 illi
1568 1202 1794 1258 localem
1847 1214 1967 1257 esse

389 1317 491 1358 nec
518 1302 768 1372 patriam.
816 1298 1063 1368 Nunquid
1094 1299 1146 1353 in
1192 1298 1295 1353 hac
1321 1297 1431 1352 vita
1459 1294 1601 1351 Deus
1622 1309 1742 1350 cum
1787 1293 1966 1348 anima

388 1407 496 1449 non
520 1400 620 1458 est,
679 1391 889 1447 etiamsi
918 1390 1032 1460 ipsa
1060 1404 1181 1445 cum
1208 1387 1323 1444 Deo
1347 1403 1456 1444 non
1484 1387 1592 1443 sit?
1621 1385 1777 1441 Aliud
1822 1385 1965 1441 enim

386 1491 470 1539 est
494 1497 611 1539 esse
631 1497 751 1538 cum
777 1480 908 1548 Deo,
941 1480 1082 1535 aliud
1123 1496 1229 1534 non
1255 1494 1376 1535 esse
1395 1478 1509 1534 sine
1536 1478 1648 1533 Deo
1673 1496 1685 1531 :
1709 1477 1834 1548 quia
1855 1492 1965 1533 non

386 1574 631 1631 localiter
651 1573 719 1629 ad
750 1572 897 1627 illum
925 1572 1156 1638 venitur,
1179 1585 1281 1626 nec
1310 1569 1555 1626 localiter
1580 1569 1647 1624 ab
1674 1568 1765 1624 illo
1788 1568 1963 1624 diSce-

386 1666 549 1720 ditur.
580 1660 814 1719 Proinde
838 1663 1014 1718 anima
1041 1661 1131 1717 illa
1170 1677 1294 1718 cum
1342 1659 1453 1717 Deo
1481 1668 1583 1727 est,
1632 1674 1753 1730 quae
1796 1660 1961 1729 videt,

386 1756 492 1810 hoc
537 1761 642 1821 est,
691 1755 939 1823 intelligit
989 1753 1180 1809 Deum.
1210 1752 1279 1808 Et
1307 1752 1399 1807 illa
1423 1767 1545 1808 cum
1582 1752 1694 1808 Deo
1724 1740 1831 1806 non
1855 1759 1959 1817 est,

2070 576 2234 616 unum
2279 569 2441 631 atque
2487 561 2627 618 idem
2676 570 2780 630 est,
2813 564 2920 624 etsi
2945 564 3157 622 diverso
3186 565 3406 621 nomine
3433 566 3647 622 dicitur.

2069 648 2212 720 Ergo
2232 651 2376 722 quod
2396 660 2478 708 est
2497 652 2634 723 lapis
2662 653 2730 710 ad
2753 654 3045 709 inanimum
3065 656 3268 720 vivens,
3301 656 3406 712 hoc
3426 665 3516 711 est
3540 656 3652 712 ina-

2068 743 2269 799 nimum
2295 745 2479 800 vivens
2498 744 2565 801 ad
2584 745 2879 807 animatum
2899 746 3101 803 vivens.
3126 746 3196 801 Et
3221 747 3362 817 quod
3413 755 3503 805 est
3538 748 3654 804 ina-

2066 834 2268 889 nimum
2292 836 2479 890 vivens
2498 835 2565 891 ad
2586 837 2878 893 animatum
2898 837 3107 903 vivens,
3126 837 3231 893 hoc
3249 843 3333 893 est
3351 838 3652 893 animatum

2065 922 2252 978 vivens
2297 925 2365 980 ad
2412 925 2682 981 viventem
2732 935 2790 982 et
2835 926 3246 996 intelligentem.
3292 928 3657 984 Administrat

2066 1017 2395 1074 irrationalis
2415 1019 2593 1075 anima
2619 1034 2817 1092 corpus
2835 1019 3085 1086 animale,
3113 1019 3168 1075 in
3195 1020 3428 1077 salutem
3447 1020 3658 1076 scilicet

2065 1106 2219 1176 ejus:
2252 1115 2310 1163 et
2336 1108 2676 1165 administrat
2696 1110 2931 1165 animam
2973 1111 3301 1166 rationalem
3343 1111 3659 1168 intellectus

2066 1195 2291 1252 rationis
2312 1211 2502 1270 capax,
2529 1198 2585 1254 in
2611 1199 2842 1257 salutem
2867 1199 3121 1255 videlicet
3147 1200 3341 1256 animm
3367 1201 3659 1256 rationalis

2066 1296 2327 1359 operante
2342 1296 2504 1360 atque
2523 1289 2936 1347 administrante
2949 1289 3064 1348 Deo
3078 1292 3359 1362 principali
3381 1300 3660 1362 potestate

2065 1382 2125 1430 et
2149 1376 2327 1431 stabili
2353 1377 2614 1444 motione,
2639 1385 2807 1450 atque
2836 1380 3051 1436 initiato
3081 1380 3513 1438 substantiamm
3542 1396 3661 1437 car-

2065 1465 2193 1522 dine
2217 1484 2229 1520 :
2262 1467 2495 1538 primum
2523 1476 2584 1524 ut
2605 1470 2734 1533 sint,
2761 1468 3019 1541 deinceps
3039 1479 3099 1526 ut
3125 1487 3225 1542 pro
3246 1471 3412 1528 modo
3441 1471 3535 1527 vel
3556 1486 3660 1527 me-

2064 1556 2173 1612 rito
2211 1557 2395 1613 taliter
2436 1559 2547 1614 sint
2598 1560 2834 1633 qualiter
2862 1576 2983 1618 esse
3009 1561 3209 1618 debere
3237 1563 3327 1619 ille
3346 1563 3658 1629 constituit,

2065 1646 2157 1716 qui
2185 1663 2295 1702 non
2324 1648 2426 1703 nisi
2466 1649 2613 1716 justc
2655 1650 2908 1707 universa
2951 1650 3209 1723 disponit.
3259 1652 3398 1707 Nam
3421 1654 3569 1709 sicut
3593 1653 3661 1711 de

2065 1736 2383 1809 corporibus
2423 1739 2495 1795 ibi
2541 1741 2629 1797 vel
2657 1741 2731 1795 ibi
2752 1757 2873 1797 esse
2894 1750 3118 1813 propter
3144 1743 3443 1801 localitatis
3463 1760 3659 1801 neces-

386 1863 505 1915 qua:
533 1847 719 1915 utique
746 1862 856 1901 non
896 1846 1142 1914 intelligit
1169 1843 1359 1899 Deum.
1408 1843 1549 1898 Deus
1577 1850 1756 1899 autem
1801 1842 1856 1898 et
1885 1843 1961 1897 in-

2067 1829 2280 1885 sitatem
2304 1844 2540 1899 congrue
2567 1830 2783 1901 dicitur,
2830 1834 2905 1887 ita
2934 1831 3001 1888 de
3030 1833 3310 1889 animabus
3338 1841 3576 1905 propter
3594 1834 3660 1890 il-

386 1938 645 2008 telligenti
692 1946 883 1993 etnon
930 1936 1247 2005 intelligenti
1273 1937 1424 1990 adest
1442 1935 1743 1990 illocaliter.
1774 1933 1881 1990 Sed
1907 1935 1963 1990 in

387 2038 593 2083 tantum
614 2028 735 2083 istic
766 2027 1134 2098 peregrinatur
1156 2027 1210 2081 in
1236 2008 1490 2108 quantuih
1512 2040 1608 2097 per
1636 2024 1963 2095 voluptatem

385 2134 451 2174 ac
478 2110 973 2193 d'oloresxcorporis
990 2133 1087 2187 per
1113 2117 1231 2171 loca
1258 2117 1344 2171 vel
1384 2124 1645 2187 tempora,
1668 2131 1767 2186 per
1792 2116 1963 2186 phan-

385 2209 549 2263 tasias
575 2214 630 2262 et
650 2207 1023 2278 phantasmata
1052 2221 1083 2260 a
1103 2207 1297 2261 summi
1324 2206 1452 2261 boni
1499 2206 1962 2277 contemplatione

384 2304 689 2364 revocatur,
711 2296 857 2367 quod
883 2305 1009 2352 tunc
1039 2305 1062 2333 ⁸
1094 2296 1159 2350 ad
1184 2295 1401 2366 plenum
1425 2312 1531 2352 non
1555 2296 1677 2361 erit,
1710 2313 1821 2351 cum
1843 2313 1960 2351 cor-

383 2389 623 2461 ruptibile
667 2390 762 2444 hoc
804 2389 1029 2443 induerit
1056 2387 1607 2459 incorruptibilitatem,
1653 2397 1702 2443 et
1745 2386 1965 2443 mortale

383 2481 611 2536 induerit
636 2479 1079 2535 immortalitatem
1107 2477 1295 2550 (lbid.,

456 2569 519 2624 11.
561 2569 692 2636 Qua:
719 2584 839 2625 cum
870 2569 943 2623 ita
989 2569 1116 2634 sint,
1165 2567 1536 2638 peregrinatur
1561 2566 1735 2622 anima
1758 2567 1811 2622 in
1841 2583 1959 2623 cor-

383 2675 535 2731 pore,
569 2661 722 2730 cujus
749 2661 1113 2731 corruptione,
1168 2660 1444 2716 debilitate
1471 2666 1633 2731 atque
1670 2659 1960 2728 indigentia

385 2768 417 2807 a
452 2752 647 2822 patria,
671 2752 775 2807 hoc
801 2761 905 2816 est,
947 2767 977 2807 a
1006 2751 1119 2807 Deo
1142 2759 1438 2822 separatur.
1470 2749 1607 2807 Puto
1626 2758 1808 2805 autem
1835 2751 1961 2805 sub-

384 2845 634 2901 stantiam
682 2844 835 2913 cujus
858 2843 1224 2913 peregrinatio
1270 2843 1443 2898 locale
1470 2849 1553 2898 est
1583 2849 1744 2912 atque
1763 2857 1959 2911 corpo-

384 2952 558 2998 reum,
590 2943 645 2990 et
672 2934 826 3005 cujus
854 2934 1023 3006 patria
1054 2934 1430 3006 incorporeum
1460 2942 1515 2990 et
1560 2934 1793 2997 illocale,
1849 2950 1957 2990 non

387 3027 647 3082 veraciter
672 3025 776 3080 dici
803 3005 888 3080 vel
933 3005 1250 3095 corpoream
1275 3023 1360 3079 vel
1386 3005 1633 3080 localem.
1663 3022 1721 3077 In
1749 3022 1841 3078 illo
1863 3037 1957 3078 au—

386 3125 497 3171 tem
532 3115 893 3186 peregrinatio
922 3131 1029 3169 non
1058 3114 1180 3181 erit,
1210 3113 1363 3184 cujus
1390 3114 1537 3169 nullo
1566 3114 1807 3185 appetitu
1827 3129 1955 3186 pro-

2064 1917 2395 1974 localitatem
2439 1919 2529 1976 vel
2575 1921 2887 1991 qualitatem
2911 1922 3034 1978 talis
3061 1936 3184 1978 esse
3217 1923 3308 1979 vel
3331 1924 3526 1978 taliter
3539 1923 3660 1994 jure

2064 2010 2459 2078 pronuntiatur.
2479 2010 2612 2078 Quia
2633 2012 2773 2067 sicut
2798 2014 2999 2070 viventi
3016 2017 3227 2085 corpori
3244 2016 3551 2085 jucundum
3579 2024 3660 2072 est

2063 2101 2368 2158 luculentUS
2408 2104 2563 2183 locus
2614 2104 2704 2160 vel
2743 2112 3079 2176 temperatus
3106 2122 3221 2175 aer,
3252 2108 3327 2162 ita
3357 2107 3659 2164 viviﬁcanti

2064 2193 2246 2249 animo
2295 2193 2651 2266 tranquillitas
2696 2194 2752 2250 in
2804 2197 3141 2266 cogitatione.
3194 2205 3251 2254 et
3313 2201 3590 2255 securitas
3625 2215 3659 2254 a

2065 2286 2280 2341 timore.
2302 2284 2515 2353 Itidem,
2538 2287 2680 2344 sicut
2701 2288 2933 2359 poenalia
2953 2296 3077 2345 sunt
3097 2292 3311 2362 corpori
3328 2292 3657 2349 tenebrosus

2064 2377 2223 2434 locus
2251 2385 2308 2434 et
2327 2394 2487 2450 asper
2513 2387 2769 2451 attactus,
2799 2384 2876 2438 sic
2902 2382 3082 2438 animo
3126 2385 3386 2454 cogitanti
3419 2386 3657 2442 instabi-

2061 2471 2186 2529 litas
2213 2479 2271 2529 et
2296 2472 2938 2542 angustize’formidandze.
2963 2479 3151 2549 Agitur
3178 2496 3308 2551 ergo
3329 2483 3519 2537 anima
3546 2497 3656 2538 non

2062 2580 2164 2636 per
2189 2564 2386 2634 locum,
2409 2566 2504 2623 sed
2532 2584 2630 2640 pro
2660 2569 2948 2627 ad‘ectuum
2975 2570 3289 2628 diversitate
3320 2581 3378 2628 et
3404 2574 3653 2630 delecta-

2062 2654 2245 2710 biliter
2263 2661 2319 2710 et
2345 2658 2651 2727 pmnaliter.
2680 2658 2817 2716 Illud
2836 2669 3021 2718 tamen
3046 2663 3234 2734 liquet,
3264 2664 3503 2721 animam
3538 2664 3653 2720 sine

2063 2759 2293 2816 corpore
2341 2746 2758 2819 incorporaliter
2783 2766 2883 2822 per
2922 2750 3149 2809 aﬂ‘ectus
3174 2754 3263 2825 pie
3308 2754 3395 2809 vel
3423 2748 3652 2811 mulceri

2061 2835 2149 2890 vel
2178 2834 2340 2909 amigi
2386 2852 2545 2908 posse
2577 2856 2589 2892 :
2620 2855 2818 2912 corpus
2845 2841 2962 2897 sine
2990 2844 3169 2898 anima
3214 2844 3303 2899 vel
3329 2845 3523 2900 suavia
3564 2846 3649 2900 vel

2061 2928 2297 2997 poenalia
2326 2930 2527 2985 sentire
2555 2946 2665 2986 non
2692 2947 2871 3003 posse.
2914 2933 3121 2992 Anima:
3158 2935 3319 3004 igitur
3346 2946 3650 3008 eorporate

2060 3023 2147 3073 est
2172 3032 2270 3089 per
2289 3034 2484 3091 corpus
2513 3023 2719 3079 sentire
2739 3038 3024 3094 corporea,
3056 3024 3338 3098 eidemque
3378 3029 3503 3084 sine
3524 3044 3648 3085 cor-

2060 3124 2194 3180 pore
2223 3111 2403 3168 videre
2432 3114 2773 3184 incorporea.
2816 3114 2959 3187 Ergo
3013 3124 3074 3173 ut
3111 3133 3309 3190 corpus
3346 3119 3646 3175 inanimum

385 3208 615 3273 licietur,
636 3207 783 3263 nullo
802 3207 982 3262 renisu
1000 3206 1368 3289 occupabitur,
1396 3205 1545 3261 nullo
1576 3206 1813 3278 pondere
1832 3222 1963 3278 prte-
1985 3190 2033 3261 Β
2063 3200 2201 3256 nihil
2240 3202 2427 3270 sentit,
2458 3204 2532 3259 ita
2561 3206 2772 3261 animus
2800 3207 2915 3263 sine
2944 3220 3170 3280 corpore
3215 3225 3481 3280 corporea
3530 3212 3647 3266 uni-

383 3299 648 3372 pedietur.
692 3295 865 3363 Patet,
894 3305 952 3352 ut
999 3299 1249 3363 arbitror,
1300 3297 1531 3354 animam
1578 3313 1686 3353 non
1733 3299 1785 3353 in
1814 3299 1959 3354 omni

384 3404 631 3461 corpore,
664 3387 757 3445 sed
785 3389 838 3443 in
866 3389 1068 3444 carnali
1097 3395 1304 3443 tantum
1332 3403 1562 3458 corpore
1599 3388 1957 3459 peregrinari;

384 3482 509 3552 quia
538 3481 752 3537 carnale
797 3495 993 3552 corpus
1021 3479 1220 3547 obviat,
1252 3487 1308 3534 et
1334 3468 1575 3550 Spirital'e
1594 3479 1868 3549 'proirimat
1887 3479 1962 3534 in-

385 3575 676 3645 corporeis.
704 3571 865 3642 Ergo,
888 3580 949 3627 ut
973 3572 1261 3641 aliquando
1280 3571 1346 3626 de
1375 3578 1555 3627 nostra
1576 3567 1800 3637 tantum,
1824 3571 1961 3626 sicut

382 3667 644 3738 prolocuti
673 3678 875 3730 sumus,
904 3664 1197 3719 substantia
1244 3662 1587 3727 disseramus,
1627 3663 1747 3732 quis
1785 3670 1961 3734 potest

382 3759 608 3830 abyssos
634 3758 909 3813 memoriae
936 3756 1081 3812 solus
1110 3755 1308 3810 intueri
1336 3762 1392 3809 et
1440 3761 1593 3809 antra
1639 3756 1960 3826 penetrare?

382 3850 441 3904 In
496 3850 596 3903 ista
641 3848 770 3902 mihi
823 3856 906 3903 est
943 3846 1199 3918 quidQuid
1235 3862 1462 3918 usquam
1490 3846 1732 3902 colorum
1763 3848 1961 3902 forma-

381 3952 607 4008 rnmque
628 3937 757 4006 vidi,
802 3938 858 3992 in
878 3937 978 3993 hac
998 3937 1254 4008 quidquid
1280 3937 1566 3992 verborum
1590 3936 1677 3993 vel
1704 3952 1956 3994 sonorum

380 4046 481 4103 per
507 4046 664 4086 aures
695 4028 901 4100 accepi,
953 4029 1006 4083 in
1035 4029 1137 4085 bac
1164 4027 1423 4099 quidquid
1441 4028 1664 4083 odorum
1685 4043 1783 4100 per
1801 4044 1959 4086 nares

382 4122 601 4193 attraxi,
622 4124 675 4178 in
702 4123 806 4178 hac
827 4120 1082 4193 quidquid
1109 4135 1359 4192 saporum
1380 4118 1687 4176 diversitate
1710 4121 1957 4190 cognovi,

382 4218 438 4271 in
492 4216 594 4271 hac
646 4214 901 4286 quidquid
954 4221 1099 4269 tactu
1152 4212 1430 4270 nuntiante
1478 4211 1743 4280 diLscrevi;
1777 4214 1831 4269 in
1856 4214 1961 4270 hac

383 4306 513 4361 mihi
548 4306 782 4375 reposita
808 4303 1205 4374 quodammodo
1231 4311 1356 4359 sunt
1383 4311 1439 4359 et
1462 4305 1807 4374 grammatica
1836 4319 1957 4360 cum

385 4396 453 4451 de
480 4395 774 4450 dialecticis
817 4394 1044 4459 dissero,
1092 4403 1148 4449 et
1192 4395 1462 4451 rhetorica
1492 4410 1614 4452 cum
1642 4391 1709 4452 dé
1736 4410 1956 4465 geome—

384 4486 553 4551 tricis,
579 4495 635 4541 et
676 4485 995 4553 astrologica
1024 4500 1146 4539 cum
1174 4484 1243 4540 de
1269 4485 1487 4541 musicis
1505 4528 1519 4551 ,
1550 4493 1606 4540 ct
1634 4485 1749 4541 btcc
1797 4487 1955 4541 simul

2061 3302 2218 3347 versa
2240 3307 2349 3348 non
2370 3294 2553 3349 sentit.
2576 3294 2715 3353 Hinc
2733 3305 2818 3352 est
2836 3298 2978 3369 quod
2997 3300 3161 3355 etiam
3188 3300 3313 3355 dtun
3342 3316 3545 3374 corpus
3565 3302 3646 3357 ad-

2060 3383 2331 3439 ministrat
2350 3393 2511 3458 atque
2532 3387 2817 3450 sentiﬁcat.
2833 3390 2876 3444 si
2890 3390 3107 3460 quando
3129 3392 3183 3445 in
3209 3406 3417 3447 summa
3432 3393 3647 3449 eadem-

2059 3489 2167 3544 que
2212 3490 2426 3547 semper
2480 3477 2768 3545 attollitur,
2815 3480 2890 3534 ita
2916 3481 3318 3551 quodammodo
3344 3498 3646 3553 corporeos

2059 3565 2263 3622 deserit
2299 3583 2489 3624 sensus
2528 3568 2596 3623 ab
2643 3569 2938 3641 iisdemque
2985 3571 3266 3628 illocaliter
3292 3572 3560 3638 abscedit,
3589 3581 3647 3630 ut

2059 3674 2243 3717 coram
2288 3662 2465 3732 posita
2493 3678 2605 3717 non
2649 3663 2850 3728 videat,
2877 3671 2936 3718 ut
2955 3664 3109 3733 jukta
3138 3665 3386 3721 sonantia
3416 3682 3532 3721 non
3552 3681 3646 3721 au-

2059 3751 2191 3815 diat,
2220 3758 2286 3807 'ut
2323 3768 2636 3825 pcrcursam
2662 3751 2891 3822 legendo
2916 3754 3168 3824 paginam
3205 3770 3316 3810 non
3352 3755 3639 3825 intelligat.

2061 3841 2226 3898 Adest
2254 3843 2429 3898 anima
2454 3851 2513 3897 ut
2531 3859 2631 3914 per
2653 3844 2867 3899 oculum
2895 3844 3197 3899 litterarum
3227 3846 3379 3915 signa
3401 3846 3640 3914 colligat,

2058 3932 2353 4004 eademque
2375 3933 2430 3988 in
2457 3934 2689 4004 syllabas
2717 3934 2918 3989 sociata
2943 3933 3237 4004 conjungat
3256 3950 3321 3990 ac
3353 3951 3453 4007 per
3473 3935 3639 3991 verba

2057 4024 2389 4092 distinguat;
2432 4033 2489 4080 et
2523 4040 2633 4080 non
2681 4023 2837 4081 adest
2865 4033 2925 4080 ut
2951 4025 3078 4096 quid
3106 4042 3205 4096 per
3230 4024 3418 4082 haec,"
3450 4026 3641 4083 fecerit

2057 4115 2214 4170 sciat.
2262 4113 2409 4184 Lego
2434 4115 2579 4171 clare
2607 4115 2826 4186 aliquid,
2855 4117 3244 4186 pronuntiante
3270 4132 3357 4172 me
3382 4117 3524 4172 alter
3553 4120 3639 4172 in—

2058 4208 2273 4276 telligit,
2306 4208 2399 4279 qui
2421 4207 2475 4262 in
2505 4206 2558 4263 id
2586 4207 2782 4264 mentis
2808 4208 3021 4263 oculum
3056 4207 3204 4277 ligit;
3232 4222 3334 4278 ego
3372 4224 3505 4264 vero
3526 4210 3640 4279 ipse

2058 4301 2186 4373 quid
2233 4301 2456 4370 legerim
2496 4302 2700 4370 nescio,
2733 4302 2860 4372 quia
2891 4301 2947 4355 in
2985 4301 3131 4357 aliud
3151 4301 3327 4356 anima
3357 4294 3640 4358 illocaliter

2058 4395 2265 4451 intenta
2304 4393 2567 4450 discessit.
2613 4393 2858 4464 Denique
2884 4410 3007 4449 cum
3050 4393 3117 4449 ad
3146 4394 3524 4464 memetipsum
3552 4391 3637 4447 vel

2058 4483 2364 4543 admonitus
2391 4481 2581 4550 redeo,
2615 4498 2719 4554 ego
2759 4484 2872 4555 ipse
2898 4500 3019 4539 sum
3058 4484 3150 4554 qui
3171 4484 3355 4552 utique
3375 4482 3561 4549 redeo,
3583 4492 3639 4538 et

384 4578 565 4631 omnia
597 4590 715 4631 cum
762 4574 830 4629 de
881 4573 1234 4629 arithmeticis
1281 4573 1434 4645 juxta
1477 4573 1679 4630 formas
1723 4577 1954 4645 partium
1982 4567 2034 4625 D
2059 4587 2160 4643 ego
2181 4574 2295 4644 ipse
2323 4589 2439 4628 sum
2466 4573 2532 4628 ad
2553 4588 2712 4644 quem
2736 4572 2922 4628 redeo.
2944 4569 3013 4627 Et
3032 4587 3241 4628 mecum
3264 4587 3374 4626 non
3393 4569 3489 4638 fui,
3512 4570 3635 4641 quia

381 4665 565 4721 mundi
593 4680 725 4734 quas
752 4664 930 4729 video,
959 4663 1027 4718 de
1054 4663 1138 4717 his
1164 4676 1297 4733 quas
1323 4678 1432 4719 non
1458 4663 1616 4720 video
1669 4664 1959 4720 adminicu-

383 4759 528 4813 lante
554 4757 761 4812 ratione
789 4770 1138 4826 cognoscens,
1169 4756 1487 4827 incorporea
1514 4757 1768 4855 mundum
1797 4772 1958 4828 capa-

383 4846 545 4902 citate
564 4846 911 4916 complector.

939 4935 1166 4991 CAPUT
1202 4928 1390 4991 XXIII.

388 5027 539 5095 Quod
573 5027 750 5081 animo
784 5028 1093 5099 incorporea
1131 5028 1305 5083 videat
1332 5044 1429 5099 per
1455 5044 1529 5093 se,
1573 5043 1819 5101 corporea
1840 5045 1956 5085 vero

1010 5114 1102 5167 per
1118 5115 1325 5168 corpus.

454 5207 561 5263 Sed
572 5207 717 5263 'dicis
736 5207 867 5262 mihi
895 5226 906 5260 :
932 5207 1047 5264 Non
1076 5209 1329 5265 mundum
1358 5211 1615 5266 memOria
1637 5211 1960 5282 complecte-

382 5302 475 5369 ris,
504 5301 597 5357 sed
627 5298 851 5369 ﬁguram
879 5299 1081 5355 mundi.
1114 5300 1208 5356 Vel
1236 5316 1303 5356 cx
1333 5301 1437 5357 hoc
1464 5301 1699 5370 intelligo
1727 5302 1956 5355 animam

270 5396 279 5403 '
382 5411 491 5450 non
539 5408 659 5450 esse
702 5408 1039 5465 corpoream,
1069 5393 1191 5462 quia
1212 5393 1361 5449 vides
1381 5392 1624 5448 eamdem
1652 5407 1752 5447 nec
1772 5406 1960 5462 corpo-

381 5485 515 5540 ralia
538 5484 897 5555 corporaliter
916 5498 1074 5554 posse
1102 5483 1432 5554 conspicere.
1466 5481 1603 5538 Huic
1622 5496 1751 5552 ergo
1778 5497 1959 5553 super-

380 5576 588 5647 positus
639 5583 724 5632 est
767 5592 873 5631 non
902 5575 1042 5641 loco,
1070 5575 1161 5632 sed
1183 5576 1235 5631 vi
1266 5590 1327 5631 ac
1358 5575 1599 5646 potentia
1626 5574 1813 5663 oculus
1834 5575 1956 5661 qui-

453 5700 479 5728 ιι
627 5696 694 5760 ad
715 5689 879 5760 plene.

452 5760 481 5801 ι
511 5759 595 5814 Al.
629 5759 891 5830 delecerit.

2059 4665 2129 4720 ad
2155 4680 2242 4721 me
2269 4680 2368 4736 per
2396 4665 2754 4731 intervallum,
2784 4681 2896 4719 non
2925 4665 3050 4733 loci,
3080 4664 3177 4720 sed
3197 4664 3456 4734 temporis
3480 4663 3633 4718 redii.

2058 4757 2127 4813 Et
2169 4765 2325 4814 extra
2361 4772 2447 4812 me
2475 4772 2586 4811 non
2624 4756 2721 4821 fui,
2752 4756 2878 4827 quia
2904 4755 3022 4810 sine
3052 4771 3138 4810 me
3177 4769 3298 4810 esse
3321 4770 3432 4810 non
3461 4754 3633 4825 potui.

2057 4849 2178 4919 Ipsa
2209 4860 2231 4888 θ
2261 4849 2382 4904 istic
2409 4855 2493 4904 est
2521 4848 2717 4917 anima,
2749 4855 2809 4902 ut
2850 4862 2947 4918 per
2980 4846 3195 4904 oculum
3234 4861 3352 4917 quae
3388 4846 3635 4914 leguntur

2060 4942 2268 5008 videat;
2292 4948 2349 4997 et
2376 4940 2490 5013 ipsa
2515 4940 2636 4995 istic
2663 4955 2777 4995 non
2803 4947 2907 5005 est,
2930 4946 2991 4993 ut
3009 4953 3129 5010 qua:
3157 4938 3407 5006 leguntur
3432 4953 3544 4993 non
3563 4937 3635 4991 in-

2061 5033 2286 5101 telligat.
2318 5030 2424 5085 Aut
2450 5046 2562 5085 non
2589 5029 2783 5100 saepius
2809 5029 2915 5084 hoc
2935 5030 3139 5093 evenit,
3166 5035 3224 5083 ut
3249 5028 3363 5083 sive
3385 5027 3634 5097 hujusce-

2060 5122 2207 5178 modi
2247 5118 2569 5175 lectionibus
2611 5117 3085 5174 accommodantes
3112 5118 3309 5185 visum,
3338 5116 3455 5172 sive
3501 5116 3634 5171 rela-

2059 5212 2194 5268 tioni
2216 5211 2508 5282 cujuspiam
2536 5208 2853 5264 adhibentes
2875 5208 3133 5274 auditum,
3158 5223 3278 5262 cum
3304 5207 3421 5261 haec
3448 5207 3631 5262 eadem

2059 5318 2168 5359 non
2199 5301 2373 5357 minus
2401 5299 2626 5367 intelligi
2663 5314 2822 5370 quam
2867 5297 3036 5353 videri
3060 5303 3220 5367 atque
3251 5295 3421 5351 audiri
3443 5293 3630 5350 facilli-

2060 5408 2207 5450 mum
2234 5393 2324 5457 sit,
2351 5399 2579 5462 utroque
2622 5397 2802 5444 tamen
2822 5404 2983 5444 sensu
3002 5402 3168 5443 sonos
3194 5402 3258 5441 ac
3285 5386 3438 5454 signa
3458 5382 3633 5453 capia-

2061 5500 2213 5551 mus;
2257 5498 2380 5539 cum
2418 5482 2545 5554 quid
2612 5479 2728 5535 haec
2804 5478 2993 5535 eadem
3016 5475 3320 5548 signiﬁcent
3342 5493 3451 5532 non
3480 5473 3631 5531 intel-

2062 5575 2321 5646 ligamus?
2349 5570 2416 5627 Et
2445 5582 2624 5628 tamen
2679 5585 2889 5625 rursum
2920 5570 2972 5625 in
3003 5570 3056 5625 id
3109 5568 3253 5641 quod
3308 5568 3631 5625 intellectum

2134 5700 2155 5729 τ
2190 5687 2273 5743 Al.
2307 5688 2437 5753 itur,
2472 5697 2583 5743 tum
2610 5686 2716 5755 hic,
2749 5694 2859 5741 tum
2888 5686 3047 5755 paulo
3067 5693 3207 5756 post.
