3920 6176
214 348 320 404 729

1392 354 1480 407 DE
1519 353 1745 409 sum
1783 317 2019 407 mm
2063 354 2187 411 LIB.
2229 357 2266 414 l.

3379 370 3483 425 730

214 479 321 518 non
347 469 477 550 erat
503 462 672 520 animi
695 465 989 522 referentes
1027 466 1293 532 obtutum,
1325 468 1528 538 absque
1551 467 1655 522 ulla
1685 467 1788 522 hoc
1815 467 1868 526 Α
1893 469 2150 538 animam,
2191 472 2315 540 quia
2360 473 2486 529 illud
2516 477 2659 544 quod
2700 477 3088 546 subjiciendum
3119 495 3237 534 esse
3276 481 3480 550 dixisti,

212 553 355 608 idem
384 549 698 610 difficultate
720 555 1267 625 comprehendimus.-

769 707 996 764 CAPUT
1034 709 1220 764 XXIV.

211 817 360 884 Quod
390 837 493 894 non
524 829 610 894 est
650 822 796 876 aliud
823 824 1018 894 anima,
1057 822 1203 894 aliud
1246 823 1788 894 memoria,cogitati0

350 890 428 943 rel
455 890 705 957 voluntas,
739 909 852 944 cum
881 893 990 946 hare
1017 893 1194 946 eadem
1221 909 1326 945 una
1353 894 1421 946 sit
1448 890 1641 946 anima.

277 1018 316 1073 Ι.
349 1020 457 1075 Sed
486 1022 762 1091 subjungis
790 1037 852 1076 ac
877 1023 1010 1078 dicis
1038 1041 1050 1074 :
1076 1023 1232 1076 Aliud
1257 1030 1344 1077 est
1371 1023 1561 1076 anima:
1595 1030 1785 1088 status,

205 1111 349 1166 aliud
379 1112 424 1166 is
447 1113 537 1180 qui
567 1111 633 1167 de
661 1114 838 1167 anima
880 1113 1116 1168 nascitur
1156 1112 1496 1180 cogitationis
1541 1110 1782 1166 allectus.

203 1199 563 1267 Quamobrem
591 1211 683 1256 aut
711 1201 813 1256 hoc
840 1202 1018 1270 potius
1044 1201 1415 1256 testimandum
1441 1209 1543 1264 est,
1569 1201 1714 1269 quod
1740 1200 1786 1256 si

202 1289 418 1358 quando
455 1291 555 1344 sibi
603 1291 801 1361 aliquid
850 1291 1184 1360 imaginatur,
1230 1292 1399 1360 magis
1443 1303 1467 1327 ⁸·
1507 1307 1628 1346 cum
1674 1292 1787 1346 suis

199 1381 341 1436 intra
402 1382 748 1451 semetipsum
796 1383 1030 1437 motibus
1076 1392 1387 1452 occupetur.
1444 1381 1511 1437 Et
1553 1383 1600 1437 si
1654 1383 1782 1452 quid

199 1471 341 1527 aliud
372 1481 457 1527 est
484 1473 628 1541 quod
657 1474 898 1542 aspicere
925 1474 1154 1540 videtur,
1184 1474 1353 1542 magis
1378 1474 1427 1528 ei
1457 1475 1510 1528 in
1539 1475 1786 1530 recorda-

198 1563 358 1617 tionis
385 1563 608 1632 speculo
638 1563 990 1619 describatur.
1040 1564 1185 1620 Istud
1226 1572 1473 1619 naturam
1522 1573 1576 1619 tu
1626 1573 1784 1635 putas

193 1652 310 1722 ejus
335 1668 478 1719 esse,
511 1669 615 1708 non
645 1669 875 1723 pmnam.
899 1654 1210 1723 Idcircoque
1238 1656 1414 1710 anima
1435 1663 1528 1709 tua
1553 1654 1608 1708 in
1630 1669 1783 1710 reco-

189 1744 434 1812 gnitione
459 1745 540 1799 sui
571 1746 785 1810 fallitur,
817 1747 941 1814 quia
966 1746 1065 1800 sibi
1092 1745 1427 1800 adversantia
1456 1761 1555 1816 pro
1575 1760 1636 1801 se
1663 1761 1781 1800 am-

1896 567 2120 615 eatenus
2138 562 2368 618 animam
2398 567 2574 622 solere
2603 569 2958 638 requiescere,
2993 580 3050 625 ut
3088 587 3308 640 prorsus
3335 575 3483 641 cogi-

1895 653 1972 701 tet
2000 649 2150 716 nihil,
2177 660 2326 706 caret
2349 669 2496 710 vero.
2531 655 2720 712 Anima
2760 675 2953 729 nempe
2995 662 3204 716 variare
3244 664 3478 730 cogitata

1891 748 2088 810 potest,
2131 759 2238 797 non
2260 748 2496 813 cogitare
2517 764 2623 802 non
2651 757 2844 819 potest.
2879 752 3014 818 Quid
3037 761 3213 808 autem
3241 755 3371 822 illud
3395 763 3480 810 est

1891 831 2034 900 quod
2077 834 2347 889 somniare
2375 835 2620 904 dicimur,
2651 840 2751 894 nisi
2791 843 2935 909 quod
2975 857 3041 896 ne
3090 842 3229 897 fesso
3258 845 3476 913 quidem

1889 934 2120 989 corpore
2161 924 2214 977 in
2257 940 2584 996 somnosque
2623 931 2861 985 resoluto
2889 933 3080 987 anima:
3109 934 3186 988 vis
3211 949 3239 987 a
3267 936 3474 1002 cogita-

1891 1011 2128 1068 tionibus
2173 1019 2360 1071 vacat?
2410 1018 2544 1074 Tota
2591 1037 2721 1077 vero
2761 1024 2832 1077 ibi
2863 1032 2945 1079 est
2982 1025 3068 1079 ubi
3098 1027 3316 1094 cogitat,
3348 1028 3473 1095 quia

1890 1112 2003 1159 tota
2033 1108 2250 1175 cogitat.
2286 1110 2484 1166 Verum
2517 1122 2570 1166 tu
2603 1114 2798 1170 idcirco
2827 1116 2912 1170 vel
2938 1117 3170 1172 maxime
3192 1118 3259 1172 de
3286 1119 3474 1172 animm

1887 1204 2030 1251 statu
2069 1197 2290 1265 falleris,
2318 1203 2444 1272 quia
2491 1205 2635 1259 aliud
2683 1207 2934 1272 animam,
2968 1208 3107 1262 aliud
3137 1225 3256 1264 esse
3281 1211 3472 1265 animm

1886 1289 2181 1357 potentiam
2217 1292 2411 1346 credis.
2443 1293 2595 1360 Quod
2633 1297 2775 1350 enim
2817 1299 3018 1365 cogitat
3055 1299 3301 1354 accidens
3355 1300 3472 1367 ejus

1886 1386 1996 1444 est,
2027 1379 2325 1436 substantia
2371 1399 2502 1439 vero
2546 1401 2667 1455 qua:
2706 1389 2927 1455 cogitat.
2972 1389 3086 1444 Hoc
3123 1389 3365 1457 equidem
3401 1390 3470 1445 de

1883 1467 2162 1525 voluntate
2205 1481 2418 1542 oportet
2459 1489 2735 1544 agnoscas.
2779 1477 2912 1533 Nam
2962 1480 3100 1535 sicut
3143 1488 3253 1535 tota
3290 1480 3468 1536 anima

1884 1561 2139 1628 cogitatio
2186 1571 2287 1630 est,
2337 1565 2412 1620 ita
2449 1568 2623 1622 anima
2666 1577 2778 1624 tota
2825 1571 3075 1626 voluntas
3115 1579 3223 1637 est;
3254 1579 3308 1625 et
3345 1586 3467 1640 qua:

1883 1651 2119 1724 perfecte
2141 1655 2272 1720 vult,
2299 1663 2412 1710 tota
2440 1659 2572 1712 vult.
2597 1657 2683 1724 Et,
2707 1669 2766 1714 ut
2791 1676 2950 1730 supra
2973 1661 3172 1716 dictum
3194 1668 3295 1724 est,
3323 1676 3468 1730 qua)-

1886 1758 2098 1812 cunque
2127 1745 2202 1798 illi
2231 1746 2366 1800 velle
2387 1748 2678 1803 accidentia
2701 1758 2799 1814 est,
2827 1751 3000 1818 ipsum
3028 1765 3156 1804 vero
3184 1751 3320 1804 velle
3341 1750 3467 1804 sub-

189 1833 464 1904 plectitur,
509 1842 564 1888 et
609 1850 705 1904 per
740 1849 929 1889 sensus
963 1836 1205 1905 corporis
1234 1834 1562 1890 fallaciarum
1592 1834 1781 1890 affecta
1809 1818 1856 1880 Β
1883 1835 2078 1888 stantia
2108 1842 2208 1889 est.
2249 1835 2383 1891 [line
2423 1838 2585 1891 etiam
2631 1838 2686 1892 in
2734 1839 2900 1893 sacris
2947 1839 3136 1894 litteris
3179 1840 3467 1893 voluntatis

189 1925 456 1991 ludibriis,
489 1935 712 1980 eatenus
751 1925 1050 1995 implicatur
1079 1941 1264 1981 errore
1303 1934 1364 1980 ut
1403 1935 1657 1995 tanquam
1686 1925 1781 1979 ab-

187 2031 316 2072 sens
338 2018 440 2072 sibi
466 2033 525 2072 se
553 2026 773 2086 quaerat,
817 2033 938 2074 cum
988 2020 1100 2088 ipsa
1147 2019 1216 2073 sit
1263 2033 1507 2088 quaerens
1547 2033 1623 2072 se.
1657 2016 1777 2070 Non

187 2108 334 2162 enim
367 2108 495 2162 illud
524 2117 605 2162 est
632 2109 807 2162 anima
835 2109 978 2178 quod
1017 2109 1293 2178 qumritur,
1326 2108 1422 2163 sed
1462 2108 1603 2176 quod
1633 2123 1780 2178 qua:-

184 2201 286 2265 rit;
317 2200 575 2269 quidquid
601 2201 740 2254 enim
769 2202 980 2269 quaerit,
1006 2209 1159 2256 extra
1188 2217 1247 2255 se
1275 2209 1376 2255 est.
1408 2200 1515 2254 Nec
1536 2215 1779 2269 quaerere

184 2290 262 2344 illi
294 2307 428 2359 opus
457 2299 560 2354 est,
606 2290 707 2344 nisi
750 2290 893 2359 quod
934 2307 1114 2346 secum
1144 2307 1249 2345 non
1280 2299 1378 2345 est.
1428 2289 1547 2360 Ipsa
1594 2298 1776 2344 autem

182 2397 372 2436 secum
405 2391 506 2445 est,
537 2382 660 2451 quia
705 2381 820 2436 sine
855 2396 912 2436 se
958 2382 1088 2436 nihil
1126 2391 1225 2436 est.
1258 2381 1509 2446 Quaerere
1555 2396 1615 2436 se
1648 2395 1776 2450 ergo

182 2489 298 2527 non
327 2472 530 2536 debuit,
554 2473 677 2540 quia
699 2473 816 2528 sine
841 2489 901 2527 se
926 2489 1048 2528 esse
1076 2490 1182 2528 non
1212 2474 1404 2543 potuit.
1439 2474 1778 2543 QuaprOpter

180 2580 307 2620 eum
335 2579 396 2618 se
426 2580 532 2619 non
554 2565 669 2619 sine
696 2580 754 2619 se
779 2566 987 2635 qumrit,
1018 2568 1319 2621 necessario
1347 2567 1400 2620 in
1430 2567 1573 2620 aliud
1595 2567 1773 2621 incur-

177 2658 267 2721 rit,
305 2657 431 2726 quia
463 2672 568 2710 non
591 2665 769 2726 potest
797 2673 854 2712 se
894 2657 1133 2713 invenire
1161 2660 1277 2714 sine
1303 2674 1383 2714 se.
1416 2658 1543 2714 Haec
1572 2668 1653 2713 est
1683 2659 1772 2712 illa

178 2747 388 2808 illusio,
420 2763 582 2817 quam
608 2749 699 2816 qui
731 2749 977 2818 intelligit
1004 2750 1168 2814 dolet,
1201 2765 1265 2823 ac
1290 2751 1478 2806 dolens
1503 2751 1686 2818 gemit,
1717 2760 1774 2806 et

175 2855 306 2896 cum
347 2840 612 2909 prapbeta
637 2841 839 2909 plangit
867 2857 930 2896 ac
958 2841 1087 2896 dicit
1117 2859 1132 2895 :
1167 2842 1296 2896 Tota
1325 2843 1406 2896 die
1438 2845 1772 2900 contristatus

173 2929 531 3001 ingrediebar,
556 2933 797 3002 quoniam
827 2933 1003 2985 anima
1039 2949 1152 2985 mea
1189 2933 1439 3004 completa
1463 2943 1540 2988 est
1566 2935 1773 2989 illusio-

173 3017 333 3072 nibus
378 3018 549 3088 (Psal.
594 3037 794 3084 xxxvii,
829 3021 878 3086 7,
910 3021 986 3090 8).
1020 3021 1124 3076 Sed
1158 3023 1456 3078 istiusmodi
1498 3026 1772 3084 illusioues

172 3109 224 3165 in
257 3111 526 3164 memoria
556 3109 755 3180 patitur
775 3113 970 3176 animo,
995 3127 1064 3166 ex
1084 3127 1188 3180 qua
1217 3113 1345 3166 nihil
1369 3114 1766 3184 pbantasiarum

1880 1925 2130 1994 perfectae
2165 1927 2426 1992 deﬁnitio,
2470 1937 2630 2000 prout
2665 1931 2795 1984 illud
2840 1939 2942 1997 est,
2975 1932 3116 2000 quod
3157 1931 3228 1985 ita
3272 1931 3355 1986 vel
3394 1932 3466 1987 ita

1879 2019 2086 2086 voluit,
2133 2019 2450 2076 damnabilis
2501 2022 2889 2090 laudabilisque
2942 2031 3210 2078 censetur.
3268 2023 3358 2078 Sic
3411 2024 3463 2078 in

1879 2107 2172 2178 Evangelio
2203 2111 2458 2166 Dominus
2483 2130 2494 2164 :
2522 2110 2624 2176 Qui
2652 2113 2850 2176 viderit,
2883 2114 3070 2181 inquit,
3103 2115 3363 2167 mulieer
3393 2114 3464 2167 ad

1879 2201 2344 2270 concupiscendum
2373 2219 2504 2264 eam,
2531 2203 2646 2272 jam
2675 2203 2951 2256 moechatus
2979 2213 3056 2256 est
3081 2220 3195 2256 eam
3223 2205 3276 2256 in
3309 2204 3460 2256 corde

1876 2306 1968 2344 suo
2003 2289 2215 2358 (Matth.
2248 2308 2301 2355 v,
2327 2290 2440 2362 28).
2485 2291 2552 2345 Et
2599 2292 2650 2345 in
2697 2293 2893 2347 bonam
2941 2301 3149 2362 partem
3194 2293 3312 2347 loco
3352 2294 3460 2348 alio

1878 2382 2190 2449 angelorum
2233 2383 2455 2437 vocibus
2497 2383 2692 2438 dicitur
2725 2401 2737 2436 :
2771 2382 2950 2437 Gloria
2982 2385 3036 2437 in
3078 2386 3295 2439 excelsis
3325 2383 3456 2450 Deo,

1876 2472 1998 2524 etin
2024 2479 2161 2525 terra
2184 2489 2289 2542 pax
2309 2473 2597 2527 hominibus
2619 2472 2766 2527 bona:
2785 2474 3061 2527 voluntatis
3084 2473 3231 2541 (Luc.
3263 2491 3318 2540 ll,
3345 2473 3454 2544 14).

1877 2561 2016 2618 Ecce
2041 2563 2278 2628 dilectio,
2311 2573 2368 2618 ut
2397 2572 2452 2618 tu
2482 2565 2777 2630 arbitraris,
2820 2566 2982 2619 animi
3010 2565 3249 2634 qumdam
3279 2567 3456 2634 portio

1875 2661 1956 2708 est
1989 2673 2000 2706 :
2034 2662 2092 2708 ut
2137 2655 2277 2709 ratio
2318 2655 2496 2720 docet,
2526 2655 2734 2711 animus
2775 2663 2918 2710 totus
2956 2664 3056 2710 est.
3088 2657 3143 2710 Si
3171 2656 3296 2724 quid
3328 2671 3455 2725 ergo

1876 2754 1990 2801 toto
2015 2762 2200 2801 amore
2227 2763 2370 2811 amo,
2401 2763 2507 2802 non
2540 2747 2588 2802 id
2620 2749 2790 2817 ipsum
2817 2756 2934 2802 toto
2972 2749 3150 2802 animo
3179 2749 3373 2818 diligo?
3402 2757 3454 2803 ct

1874 2836 1964 2890 ubi
1994 2845 2146 2891 vacat
2167 2838 2295 2893 illud
2322 2838 2466 2908 quod
2494 2839 2723 2893 dicitur:
2757 2838 2955 2911 Diliges
2985 2839 3260 2894 Dominum
3294 2839 3454 2893 Deum

1877 2935 2015 2980 tuum
2053 2943 2118 2980 ea:
2149 2938 2251 2982 talo
2277 2929 2431 2982 corde
2457 2936 2562 2991 tuo,
2587 2938 2636 2984 et
2657 2931 2720 2983 ett
2754 2939 2859 2984 tota
2902 2931 3078 2984 anima
3121 2941 3205 2983 tua
3238 2922 3454 3000 (Matt/2.

1874 3034 2004 3084 xm,
2053 3019 2164 3090 37),
2209 3021 2250 3075 si
2294 3022 2485 3076 anima:
2527 3027 2652 3091 pars
2694 3030 2914 3093 putatur
2954 3039 3070 3078 esse
3108 3022 3360 3077 dilectio?
3398 3022 3453 3076 Si

1874 3109 2015 3163 enim
2044 3118 2197 3178 parte
2230 3112 2310 3165 sui
2337 3112 2504 3180 diligit
2533 3113 2730 3179 anima,
2765 3129 2868 3168 non
2901 3115 3083 3182 utique
3121 3122 3232 3166 tota
3261 3110 3450 3180 diligit.

171 3200 504 3255 reventilare
535 3177 597 3254 a—c
623 3200 861 3268 proferre
891 3203 1081 3271 possit,
1100 3177 1218 3257 nisi
1260 3177 1474 3259 easdem
1517 3221 1546 3258 a
1582 3205 1769 3262 formis
1797 3177 1842 3240 C
1873 3201 1964 3256 Sin
1997 3177 2122 3256 vero
2146 3211 2256 3256 tota
2283 3177 2473 3271 diligit,
2502 3212 2611 3258 tota
2643 3177 2840 3272 absque
2867 3177 3212 3273 ambiguitate
3239 3177 3454 3259 dilectio

171 3306 473 3359 corporum
495 3306 593 3360 per
619 3308 910 3361 corporeos
939 3310 1128 3348 sensus
1156 3295 1440 3350 hausisset.
1473 3296 1595 3352 Sive
1625 3299 1767 3354 enim

170 3381 370 3438 eadem
400 3398 519 3452 quae
559 3397 654 3451 per
692 3398 884 3452 corpus
915 3387 1134 3440 attraxit
1173 3385 1386 3440 sibimet
1423 3387 1764 3457 imaginatur,

168 3475 294 3530 sive
323 3490 394 3528 ex
425 3474 508 3528 his
537 3490 654 3545 qum
694 3475 844 3540 vidit,
891 3477 976 3530 illa
1024 3493 1143 3547 quae
1182 3495 1288 3533 non
1333 3478 1462 3533 vidit
1501 3479 1770 3548 coujectat

169 3573 343 3635 atque
372 3563 644 3630 confingit.
679 3563 896 3620 Certum
941 3575 1116 3622 tamen
1155 3577 1257 3633 est,
1302 3569 1579 3638 imaginari
1621 3569 1767 3624 illam

170 3657 316 3711 intra
350 3654 636 3722 quemdam
669 3666 908 3711 ventrem
939 3660 1210 3713 memoriae
1231 3674 1568 3729 nequaquam
1583 3675 1764 3729 posse,

172 3748 274 3803 nisi
299 3763 368 3801 ea
399 3762 516 3816 qua:
540 3763 636 3815 per
660 3763 856 3818 corpus
884 3751 1107 3819 accepit.
1141 3749 1208 3804 Et
1236 3751 1349 3806 hch
1377 3752 1447 3805 illi
1481 3767 1584 3806 non
1616 3759 1768 3806 natu-

173 3840 334 3903 ralia,
370 3839 462 3892 sed
494 3840 723 3908 pmnalia
769 3849 912 3895 sunt.
946 3840 1015 3896 Ut
1043 3844 1294 3912 quoniam
1324 3859 1353 3898 a
1383 3859 1592 3899 summo
1624 3845 1767 3900 bono

171 3930 320 3998 quod
354 3929 403 3982 ei
435 3928 572 3984 Deus
600 3937 701 3996 est,
734 3930 1002 3986 illecebris
1031 3932 1258 4001 pellecta
1291 3935 1570 4003 corporeis
1599 3933 1768 3990 deﬂu-

170 4023 250 4075 xit
282 4022 338 4075 in
373 4035 586 4089 corpus,
620 4023 854 4090 patiatur
881 4022 1010 4076 illud
1038 4023 1183 4077 intra
1206 4031 1387 4089 semet.
1417 4025 1586 4094 ipsam
1625 4024 1769 4093 juste

171 4114 321 4183 quod
356 4121 508 4167 extra
549 4129 608 4169 se
633 4114 820 4170 dilexit
849 4115 1064 4184 injuste.
1095 4116 1213 4171 Non
1237 4132 1366 4185 ergo
1393 4118 1523 4172 mihi
1551 4125 1606 4172 tu
1637 4117 1768 4172 illud

169 4221 296 4261 esse
327 4206 565 4260 animam
596 4206 922 4276 persuadere
951 4207 1101 4272 velis,
1132 4222 1241 4277 quo
1266 4209 1566 4277 perturbari
1591 4209 1768 4277 potius

169 4298 426 4353 eamdem
456 4297 623 4352 vides.
667 4296 763 4352 Illa
802 4313 1034 4368 namque
1062 4299 1104 4354 si
1139 4299 1192 4352 in
1229 4307 1398 4354 status
1437 4299 1646 4369 pristini
1673 4313 1767 4353 su—

168 4387 444 4442 blimitate
486 4389 770 4443 mansisset
807 4404 837 4442 a
879 4404 988 4458 quo
1034 4397 1228 4459 sponte
1267 4389 1470 4459 dilapsa
1501 4397 1603 4456 est,
1633 4405 1768 4442 nun-

167 4494 335 4547 quam
366 4486 555 4533 contra
595 4479 836 4548 spiritum
867 4495 1015 4544 caro,
1050 4494 1149 4534 nec
1177 4490 1364 4534 contra
1397 4495 1615 4534 carnem
1655 4480 1765 4550 spi-

1873 3299 1973 3346 est.
2006 3292 2208 3345 Dicitur
2235 3293 2395 3358 enim,
2425 3306 2656 3363 vereque
2685 3294 2898 3359 dicitur,
2927 3295 3180 3363 quoniam
3209 3294 3347 3348 Deus
3377 3295 3456 3348 tli-

1872 3381 2020 3436 lct'tio
2062 3391 2135 3436 est
2159 3374 2369 3445 (Ποαη.
2402 3386 2474 3449 l'v,
2505 3384 2581 3454 8).
2614 3383 2720 3438 Sed
2747 3385 2963 3439 dilectio
3015 3384 3102 3437 illa
3144 3385 3262 3438 talis
3292 3393 3456 3441 estut

1871 3487 1973 3527 nec
1999 3473 2112 3542 ipsa
2142 3473 2362 3541 diligere
2392 3475 2492 3528 nisi
2521 3475 2739 3538 bonum,
2767 3480 2865 3528 nec
2893 3489 2990 3544 per
3017 3489 3136 3528 eam
3162 3473 3305 3540 diligi
3329 3490 3452 3542 pos-

1872 3563 1940 3616 sit
1976 3564 2077 3617 nisi
2113 3564 2267 3618 bene.
2318 3563 2444 3620 Htcc
2494 3569 2669 3618 autein
2718 3565 2933 3619 dilectio
2974 3564 3115 3634 quod
3155 3572 3236 3618 est
3276 3563 3451 3618 anima

1870 3656 2122 3721 humana,
2154 3663 2373 3726 propter
2400 3657 2683 3711 alfectuum
2727 3656 3136 3710 mutabilitatem
3185 3664 3364 3724 potest
3400 3662 3452 3709 et

1873 3744 1924 3798 in
1949 3747 2246 3815 superiora,
2268 3747 2412 3816 quod
2440 3747 2490 3802 ei
2515 3747 2664 3802 solus
2687 3747 2825 3802 Deus
2846 3754 2946 3812 est,
2970 3746 3172 3802 cmlesti
3195 3733 3452 3799 cliaritatc

1872 3836 2115 3907 ﬂagrare,
2149 3848 2204 3894 et
2241 3840 2294 3893 in
2323 3839 2575 3893 inferiora
2606 3839 2928 3894 damnabilia
2972 3854 3155 3894 amore
3189 3835 3452 3891 difﬂuere.

1871 3927 2158 3994 Quodlibet
2204 3937 2382 3984 tamen
2422 3924 2625 3999 diligat,
2667 3930 2712 3984 si
2750 3938 2865 3985 toto
2912 3943 3096 3983 amore
3125 3927 3312 3994 diligit,
3340 3932 3452 3978 tota

1869 4021 2059 4088 diligit.
2109 4019 2176 4073 Et
2222 4037 2342 4074 cum
2393 4029 2504 4076 tota
2544 4022 2747 4090 diligit,
2789 4028 2902 4076 tota
2940 4020 3156 4075 dilectio
3185 4027 3294 4083 est;
3335 4030 3450 4084 quae

1871 4113 2048 4167 unitas
2078 4113 2130 4165 in
2159 4127 2389 4182 corpore
2416 4114 2621 4168 scilicet
2649 4128 2755 4166 non
2787 4121 2888 4166 est.

2441 4223 2667 4280 CAPUT
2705 4223 2870 4277 XXV.

1867 4316 2178 4387 Exemplum
2205 4317 2270 4389 de
2295 4318 2621 4389 geometrica,
2643 4315 2979 4389 arithmetica
3005 4321 3156 4383 atque
3184 4310 3450 4389 dialectioq

1939 4389 2006 4440 ad
2016 4376 2356 4458 hudienduiu
2378 4376 2616 4440 lectarem
2635 4388 2689 4458 iu
2711 4403 2772 4438 ea
2794 4401 2906 4458 quae
2929 4376 3144 4438 obscura
3170 4389 3306 4441 sunt,
3330 4376 3448 4450 quid

1939 4457 2108 4510 videat
2137 4459 2311 4510 anima
2340 4474 2430 4527 per
2452 4473 2524 4523 se,
2551 4457 2673 4529 quid
2697 4473 2787 4527 per
2810 4470 3023 4530 corpus.

165 4571 308 4624 ritus
335 4569 699 4637 concupisset.
729 4567 798 4622 Et
833 4570 877 4623 si
917 4569 1080 4624 homo
1111 4585 1286 4634 verus,
1319 4569 1422 4625 hoc
1450 4580 1551 4633 est,
1586 4570 1764 4624 anima
1793 4547 1842 4605 D
1938 4565 1980 4620 Ι.
2023 4565 2127 4621 Sed
2154 4566 2286 4621 dicis
2320 4585 2332 4620 :
2379 4565 2603 4634 Quando
2647 4565 2920 4620 absentem
2949 4576 3131 4618 carum
3160 4573 3311 4613 suum
3353 4571 3449 4611 co-

167 4659 486 4723 rationalis,
537 4659 794 4713 honorem
842 4674 1026 4724 suum,
1081 4659 1369 4727 imaginem
1414 4659 1619 4713 scilicet
1669 4659 1790 4724 Dei,

167 4729 550 4808 intellexisset,
583 4763 854 4817 nunquam
883 4748 1242 4819 insipientibus
1265 4747 1450 4802 fuisset
1469 4759 1766 4820 comparata

161 4839 420 4908 jumentis
446 4836 616 4908 (Psal.
646 4854 823 4903 xum,
856 4839 940 4903 15,
973 4837 1084 4902 2i),
1111 4838 1361 4893 videlicet
1382 4847 1440 4893 ut
1468 4839 1769 4893 animaliter

166 4929 402 4981 viveret.
431 4926 566 4982 Hinc
607 4936 689 4982 est
724 4929 813 4983 ille
854 4944 964 4998 prm
993 4929 1160 4982 oculis
1190 4927 1305 4996 ejus
1336 4929 1622 4996 imaginum
1648 4944 1769 4982 cor-

167 5033 464 5088 porearum
496 5021 772 5083 tumultus,
804 5036 862 5074 se
892 5035 1104 5088 semper
1131 5019 1424 5088 objectans,
1450 5028 1510 5074 ut
1534 5021 1577 5074 si
1598 5035 1768 5089 quan-

166 5110 242 5163 do
268 5109 360 5163 vel
390 5109 456 5162 ad
486 5111 664 5178 se,vel
693 5110 758 5164 ad
781 5110 946 5177 Deum
977 5125 1130 5163 suum
1161 5111 1530 5166 ratiocinando
1561 5111 1766 5176 nititur,

168 5214 394 5268 semper
415 5199 480 5253 ad
504 5215 763 5270 corporea
794 5199 1089 5270 phantasiis
1113 5201 1388 5269 corporeis
1416 5209 1688 5256 avocetur.

244 5286 316 5340 ll.
371 5285 451 5341 Tu
481 5290 623 5344 enim
667 5305 787 5346 cum
835 5290 965 5344 dicis
1005 5288 1146 5343 aliud
1188 5305 1305 5343 esse
1335 5291 1589 5353 animam,
1621 5291 1766 5344 aliud

141 5378 374 5430 animus
420 5379 828 5448 cogitationem,
875 5380 1067 5435 melius
1108 5377 1334 5433 fortasse
1375 5379 1620 5445 dixisses,
1675 5381 1765 5435 illa

169 5469 243 5522 de
273 5469 471 5536 quibus
495 5473 694 5540 cogitat
723 5473 920 5535 anima,
952 5487 1072 5526 cum
1101 5471 1167 5525 de
1193 5487 1251 5525 se
1279 5487 1383 5526 non
1414 5472 1632 5540 cogitat,
1656 5489 1766 5528 non

170 5572 304 5612 esse
331 5560 594 5625 animam;
623 5563 787 5631 ipsam
816 5577 946 5616 vero
975 5559 1354 5630 Cogitationcm
1385 5577 1493 5616 non
1523 5577 1640 5618 esse
1665 5564 1767 5620 nisi

263 5744 289 5771 ⁸
328 5733 403 5788 Al.
431 5734 666 5802 cujusvis.

1869 4659 2020 4727 gitat,
2068 4659 2308 4728 nunquid
2343 4660 2488 4714 velut
2532 4659 2648 4729 ipso
2677 4663 2962 4726 conspecto
2990 4651 3268 4707 desideriis
3295 4649 3449 4704 satis-

1870 4747 2028 4804 fecit?
2075 4749 2199 4815 lsta,
2246 4758 2306 4804 ut
2351 4763 2450 4818 ego
2497 4747 2725 4816 eonjieio
2754 4755 2914 4814 atque
2958 4751 3019 4796 ut
3059 4741 3214 4810 plane
3253 4739 3446 4808 probo,

1870 4841 2150 4910 potissima
2172 4839 2456 4895 admodum
2482 4854 2642 4893 causa
2669 4846 2752 4892 est
2778 4851 2895 4906 quae
2922 4842 2974 4889 te
2995 4832 3178 4902 tuique
3205 4831 3448 4899 ignarum

1870 4931 2104 5000 perpulit
2148 4931 2380 4983 animam
2422 4930 2527 4983 reri
2574 4943 2691 4983 esse
2731 4927 3063 4994 corpoream.
3115 4922 3162 4976 Α
3206 4922 3448 4977 sensibus

1871 5034 2051 5088 quaeso
2079 5020 2321 5089 corporis
2365 5019 2631 5088 paulisper
2664 5017 2930 5079 attollere,
2960 5031 3023 5070 ac
3048 5015 3093 5070 si
3121 5014 3288 5079 vales,
3321 5029 3448 5083 per-

1868 5111 2014 5180 spice
2041 5125 2160 5180 quae
2188 5110 2270 5164 vel
2298 5117 2497 5177 quanta
2534 5109 2614 5162 vis
2652 5106 2864 5162 videndi
2909 5107 2980 5160 sit
3023 5106 3202 5160 animo
3236 5122 3251 5170 ;
3297 5113 3370 5168 et,
3402 5103 3446 5156 si

1868 5199 1993 5269 quid
2041 5207 2211 5268 potes,
2245 5200 2405 5252 animi
2437 5199 2604 5252 visum
2631 5197 2980 5268 corporisque
3007 5196 3271 5251 discerne.
3309 5192 3446 5246 Cor-

1868 5305 1970 5360 pus
1995 5297 2142 5344 certe
2169 5289 2299 5342 nihil
2325 5289 2486 5354 videt,
2519 5289 2643 5359 quia
2671 5289 2802 5342 nihil
2835 5290 3018 5358 utique
3045 5286 3209 5341 sentit
3246 5283 3446 5348 absque

1868 5381 2066 5434 anima.
2092 5380 2168 5433 Ac
2192 5395 2288 5450 per
2312 5381 2414 5434 hoc
2439 5381 2649 5433 animus
2670 5378 2928 5449 corporea
2951 5392 3048 5447 per
3065 5389 3258 5443 corpus
3279 5371 3442 5433 videt,

1868 5473 2188 5542 incorporea
2217 5489 2314 5543 per
2341 5488 2416 5528 se.
2450 5472 2574 5526 llmc
2599 5473 2711 5543 ipsa
2743 5487 2900 5534 nunc,
2944 5475 3199 5537 quantum
3231 5465 3444 5531 impne-
3513 5481 3522 5496 --

1868 5563 2160 5618 sentiarutn
2210 5579 2296 5620 res
2342 5564 2599 5634 postulat,
2645 5568 3061 5634 sequestrcmus,
3091 5563 3148 5610 ut
3184 5569 3301 5625 quae
3340 5553 3445 5608 sint
