3946 6182
452 436 551 490 731

1740 425 2061 485 MAMERTI
2101 422 2470 485 CLAUDIAM

3626 424 3728 483 752

456 555 621 611 animi
651 555 763 611 visa
803 570 903 623 per
942 569 1158 625 corpus,
1190 567 1309 625 qua:
1347 553 1465 608 sine
1492 566 1741 622 corpore,
1772 551 2051 607 evidenter
2079 551 2127 614 Α
2153 551 2277 607 dine
2303 530 2595 622 perfectior
2629 560 2730 619 est,
2760 568 2879 625 quae
2903 558 3083 609 tamen
3109 551 3272 609 habet
3300 551 3497 622 aliquid
3534 565 3594 606 se
3620 548 3726 620 ipsa

458 652 773 714 appareant.
822 644 957 699 Nam
994 644 1143 700 velut
1173 645 1265 713 qui
1303 644 1389 699 vel
1435 642 1632 711 aliquid
1672 641 1914 696 eruditus
1942 646 2044 703 est,

457 735 619 789 credo
662 735 875 789 noverit
902 735 957 789 in
994 734 1319 803 geometrica
1349 733 1629 803 disciplina
1656 731 1784 801 quid
1811 731 1882 786 sit
1909 746 2047 800 pun-

455 834 621 892 ctum,
649 826 847 895 quidve
874 827 1035 881 linea.
1062 826 1169 881 Sed
1189 827 1314 895 quia
1339 827 1480 881 inter
1505 841 1601 881 eos
1625 825 1716 895 qui
1743 825 1843 879 ista
1865 823 2051 891 digna-

457 918 659 973 buntur
713 919 892 986 legere
935 933 1055 974 esse
1090 926 1270 989 potest
1307 917 1400 986 qui
1440 917 1673 982 nesciat,
1702 915 1769 971 de
1797 916 1903 969 hoc
1932 915 2049 983 ipso

456 1009 733 1079 paululum
763 1009 1078 1064 disserendo
1105 1023 1427 1078 qumramus.
1461 1007 1627 1062 Linea
1652 1014 1733 1061 est
1758 1006 1838 1077 (ut
1857 1004 2051 1061 doctis-

461 1101 584 1154 simi
631 1109 794 1170 atque
840 1101 1168 1156 excellentes
1211 1099 1312 1155 viri
1351 1114 1461 1154 non
1497 1099 1682 1153 dixere
1724 1097 1916 1161 solum,
1954 1094 2052 1149 sed

462 1190 836 1247 ratiocinando
874 1191 1193 1262 probavere)
1233 1190 1509 1259 longitudo
1551 1190 1796 1260 simplex,
1838 1200 1958 1254 quae
1996 1188 2049 1241 in

467 1296 698 1352 corpore
743 1300 963 1353 prorsus
1011 1290 1245 1352 nequeat
1294 1282 1539 1346 inveniri,
1590 1296 1657 1335 eo
1704 1281 1847 1349 quod
1893 1293 2053 1334 omne

467 1387 665 1443 corpus
700 1364 1034 1443 longitudine
1072 1375 1289 1443 longum
1336 1373 1425 1439 sit,
1468 1389 1575 1427 non
1616 1379 1793 1425 tamen
1834 1372 1947 1440 ipsa
1984 1370 2054 1424 sit

467 1464 778 1533 longitudo,
831 1480 1005 1534 neque
1034 1466 1201 1536 possit
1227 1465 1305 1519 sic
1333 1478 1453 1518 esse
1483 1463 1701 1531 longum
1735 1469 1792 1516 ut
1828 1476 1936 1516 non
1977 1460 2056 1514 la-

469 1563 582 1609 tum
610 1556 769 1610 simul
797 1557 1070 1625 altumque
1097 1556 1186 1611 sit.
1212 1554 1496 1622 Quocirca,
1528 1553 1666 1608 sicut
1692 1552 1860 1615 aiunt,
1892 1549 2055 1605 etiam

468 1646 514 1700 si
544 1661 754 1701 araneae
794 1643 942 1701 filum
983 1646 1323 1714 cogitaveris,
1355 1644 1480 1715 quia
1515 1643 1700 1712 utique
1729 1656 1925 1710 corpus
1952 1640 2055 1705 est,

469 1751 580 1792 non
629 1739 798 1794 solam
837 1739 1225 1807 longitudinem
1266 1738 1532 1807 cogitasti.
1577 1736 1751 1791 liabet
1785 1736 1928 1789 enim
1957 1750 2058 1804 pro

470 1828 634 1884 modo
674 1844 774 1884 suo
814 1828 1269 1883 indissociabilem
1306 1826 1653 1895 longitudinis
1682 1840 1791 1880 suae
1821 1825 2060 1879 latitudi-

2149 643 2460 715 perfectius.
2500 642 2765 701 Punctum
2797 654 2822 683 ι
2850 660 3044 715 nempe
3070 644 3439 714 principaliter
3473 650 3559 697 est
3586 639 3729 708 origo

2150 735 2324 802 linem,
2370 735 2439 790 ab
2468 736 2587 806 ipso
2624 736 2878 807 incipitur
2906 737 3132 806 ipsoque
3171 734 3351 790 ﬁnitur
3381 751 3396 799 ;
3441 748 3564 788 cum
3602 746 3732 800 Ρυη·

2150 836 2297 883 ctum
2341 843 2444 884 nec
2489 829 2617 884 oriri
2664 844 2695 883 a
2733 824 3006 899 quoquam
3054 836 3253 899 pateat,
3282 842 3383 883 nec
3420 824 3585 880 finiri.
3626 822 3735 878 Hoc

2152 935 2385 991 namque
2413 920 2657 977 continet
2694 921 2749 975 in
2799 919 2981 989 figuris
3018 928 3294 990 punctum,
3328 917 3473 987 quod
3516 931 3656 971 unus
3684 913 3733 968 in

2152 1010 2409 1066 numeris.
2441 1009 2547 1065 Ista
2573 1024 2701 1079 ergo
2729 1010 2868 1065 linea
2896 1025 3017 1080 quae
3050 1009 3391 1065 transversim
3428 1006 3607 1062 secari
3644 1019 3735 1075 po-

2152 1107 2278 1166 test,
2307 1100 2480 1156 scindi
2526 1116 2623 1171 per
2669 1102 2886 1170 longum
2934 1118 3041 1157 non
3084 1110 3281 1173 potest.
3315 1100 3449 1168 Quia
3477 1099 3668 1167 utique
3692 1098 3735 1152 si

2151 1192 2431 1257 scinditur,
2461 1192 2627 1247 habet
2653 1192 3025 1259 latitudinem;
3066 1208 3187 1248 cum
3222 1191 3448 1247 secanda
3477 1196 3586 1252 est,
3617 1203 3738 1258 pun-

2152 1290 2241 1338 cto
2290 1283 2543 1350 czeditur,
2592 1298 2716 1338 cum
2765 1292 3024 1354 punctum
3077 1283 3284 1338 scilicet
3330 1296 3438 1337 non
3482 1278 3731 1335 credatur.

2153 1371 2448 1429 Perfectior
2476 1387 2605 1443 ergo
2642 1373 2923 1443 longitudo
2949 1373 3251 1437 latitudine,
3282 1372 3405 1443 quia
3435 1369 3663 1424 latitudo
3688 1375 3738 1423 et

2156 1464 2503 1525 transversim
2534 1472 2589 1520 et
2613 1464 2857 1520 directim
2887 1465 3080 1534 recipit
3101 1463 3414 1519 sectionem.
3450 1458 3739 1515 Perfectior

2157 1555 2383 1611 latitudo
2411 1556 2714 1623 altitudine,
2744 1556 2870 1626 quia
2899 1554 3125 1610 altitudo
3170 1569 3278 1609 non
3322 1553 3491 1608 solum
3525 1551 3656 1607 findi
3681 1565 3737 1607 ac

2158 1647 2350 1712 secari,
2381 1644 2568 1701 verum
2596 1653 2650 1702 et
2678 1661 2708 1700 a
2730 1647 2901 1701 latere
2928 1645 3059 1701 οωᾱί
3099 1653 3299 1717 potest.
3343 1643 3483 1712 Ergo
3520 1642 3737 1698 altitudo

2138 1735 2276 1807 sine
2306 1736 2584 1792 latitudine
2616 1743 2671 1791 et
2698 1736 3032 1805 longitudine
3061 1751 3180 1811 esse
3208 1751 3314 1790 non
3336 1742 3538 1804 potest.
3572 1732 3638 1787 Et
3657 1734 3738 1788 ubi

2161 1828 2278 1882 haec
2306 1826 2406 1880 tria
2434 1833 2577 1892 sunt,
2609 1827 2753 1882 haud
2779 1827 2940 1882 dubie
2969 1843 3164 1896 corpus
3194 1834 3295 1881 est.
3343 1824 3597 1879 Latitudo
3635 1825 3740 1879 sine

473 1933 596 1973 nem
639 1926 800 1987 atque
841 1920 1200 1983 altitudinem.
1246 1917 1410 1985 Igitur
1450 1917 1515 1981 si,
1562 1922 1620 1970 ut
1668 1914 1822 1969 fateri
1860 1916 2061 1970 veritas
2090 1921 2135 1981 Β
2164 1918 2498 1987 longitudine
2523 1934 2642 1973 esse
2670 1935 2779 1974 non
2818 1927 3017 1989 potest.
3051 1917 3352 1986 Longitudo
3376 1917 3492 1971 sine
3517 1916 3608 1971 bis
3632 1931 3741 1969 om-

473 2012 637 2080 cogit,
669 2011 813 2065 aliud
841 2019 924 2066 est
950 2010 1228 2078 longitudo
1256 2023 1416 2077 quam
1445 2006 1689 2070 altitudo,
1714 2008 1948 2076 seposita
1983 2007 2062 2061 la-

473 2101 703 2157 titudine
748 2101 919 2156 solam
965 2099 1354 2169 longitudinem
1383 2098 1697 2166 cogitemus.
1729 2095 1853 2151 Scio
1883 2106 2062 2153 autem

472 2193 615 2248 hanc
642 2191 885 2246 eamdem
925 2191 1127 2261 liquido
1166 2189 1407 2259 conspici
1446 2203 1556 2243 non
1595 2202 1714 2243 esse
1752 2189 2060 2254 multorum,

473 2299 634 2354 quam
663 2299 784 2339 cum
820 2282 1051 2354 Marcius
1084 2297 1303 2352 quoque
1335 2281 1682 2353 philosophus
1711 2289 1932 2350 negaret
1959 2296 2068 2337 ma-

474 2375 767 2430 thematieo
812 2372 1041 2429 Adrasto
1088 2390 1147 2429 se
1182 2374 1384 2438 videre,
1413 2389 1535 2429 cum
1582 2372 1753 2427 lineas
1792 2373 2065 2428 fabrorum

475 2467 683 2523 videret
710 2486 722 2520 :
747 2467 933 2537 utique
953 2483 1061 2522 non
1083 2467 1278 2521 mirum
1306 2475 1407 2533 est,
1431 2468 1607 2537 inquit
1627 2467 1903 2530 Adrastus,
1922 2465 2069 2535 quod

477 2561 646 2633 habes
692 2561 878 2616 oculos
917 2560 1120 2616 similes
1160 2559 1454 2624 fabrorum,
1499 2560 1771 2628 ingenium
1809 2559 2069 2615 dissimile

478 2653 797 2727 Pythagora:
822 2671 835 2720 ;
861 2653 956 2710 sed
976 2670 1084 2709 non
1114 2653 1311 2709 idcirco
1331 2652 1655 2709 tardioribus
1676 2652 2069 2723 desperandum

477 2755 580 2813 est,
604 2748 763 2804 modo
788 2748 875 2803 vel
903 2747 1212 2804 auctoritati
1231 2746 1487 2803 cedamus
1515 2746 1607 2818 qui
1645 2746 1912 2802 rationem
1931 2745 2071 2801 forte

482 2856 590 2895 non
621 2839 883 2908 capimus.

552 2929 614 2984 ll.
649 2930 772 2986 Haec
804 2944 934 3000 ergo
970 2930 1038 2986 de
1066 2945 1172 3000 qua
1215 2930 1364 3001 loqui
1404 2931 1741 2986 institueram
1770 2929 2071 3000 longitudo,

479 3038 602 3078 cum
633 3023 793 3077 fuerit
817 3030 1018 3094 puncto
1047 3009 1296 3077 inchoata
1321 3031 1629 3094 punctoque
1658 3021 1827 3089 finita,
1875 3037 1907 3077 a
1933 3020 2075 3077 Cra:-

480 3115 562 3170 cis
586 3119 821 3192 ηραμμὴ,
851 3128 882 3166 a
914 3113 1113 3168 nostris
1143 3112 1279 3167 linea
1306 3112 1521 3168 dicitur.
1553 3112 1671 3167 Jam
1701 3128 1844 3168 nunc
1870 3113 1917 3167 si
1945 3110 2075 3182 quid

481 3206 553 3261 sit
583 3203 860 3274 longitudo
888 3204 1005 3259 sine
1033 3202 1365 3271 longitudine
1393 3216 1723 3271 cognoscere
1750 3203 1985 3267 valuisti,
2018 3208 2075 3258 et

2168 2009 2325 2063 nibus
2353 2024 2472 2064 esse
2497 2018 2698 2079 potest,
2730 2010 2822 2065 sed
2863 2012 2980 2065 sine
3029 2018 3229 2080 puncto
3266 2023 3385 2063 esse
3412 2022 3520 2063 non
3551 2015 3738 2078 potest.

2166 2096 2293 2153 Sine
2320 2097 2405 2152 liis
2432 2113 2564 2154 vero
2584 2108 2840 2169 punctum
2865 2115 3081 2170 semper
3101 2107 3204 2165 est,
3234 2114 3334 2154 nec
3351 2099 3670 2168 cuiuspiam,
3692 2105 3741 2150 ut

2165 2188 2255 2255 sit,
2282 2187 2502 2259 indiget,
2525 2190 2650 2259 quia
2672 2190 2829 2245 unius
2850 2190 3051 2244 nullum
3072 2196 3251 2259 potest
3270 2203 3389 2243 esse
3408 2188 3739 2258 principium.

2164 2278 2412 2337 Circulos
2440 2282 2602 2350 igitur
2628 2297 2736 2337 una
2764 2281 3059 2350 eademque
3087 2278 3431 2336 circumflexa
3468 2277 3535 2333 fit
3560 2279 3697 2332 linea
3726 2295 3739 2331 :

2167 2373 2263 2429 sed
2290 2374 2430 2428 sicut
2457 2375 2510 2429 in
2543 2374 2765 2442 trigonis
2785 2381 2839 2428 et
2866 2373 3161 2442 tetragonis
3188 2386 3286 2441 per
3310 2371 3537 2438 angulos
3558 2375 3742 2440 puncta

2167 2473 2312 2529 sunt,
2344 2464 2539 2533 quibus
2567 2463 2854 2534 figurarum
2884 2465 3025 2519 ratio
3055 2464 3326 2528 consistit;
3357 2464 3434 2518 sic
3473 2465 3526 2517 in
3556 2461 3743 2518 circulo

2169 2554 2286 2624 ejus
2312 2556 2547 2611 medium
2570 2568 2771 2626 puncto
2795 2555 3176 2627 possidebitur,
3199 2562 3257 2609 ut
3278 2554 3508 2610 circulus
3536 2560 3649 2607 rata
3668 2552 3744 2607 di-

2171 2645 2452 2700 mensione
2494 2644 2773 2700 formetur.
2806 2645 2936 2700 Nam
2970 2660 3091 2701 cum
3132 2661 3295 2699 unum
3323 2645 3512 2700 circini
3550 2644 3745 2698 radium

2171 2736 2372 2803 ﬂxeris,
2397 2746 2558 2809 atque
2596 2739 2759 2794 alium
2799 2754 2829 2794 a
2870 2750 3057 2795 centro
3088 2740 3421 2795 extrinsecus
3452 2736 3745 2794 circumdu-

2172 2831 2346 2898 xeris;
2378 2829 2612 2897 attende,
2656 2839 2913 2900 quantum
2955 2837 3126 2901 potes,
3171 2832 3340 2885 centri
3388 2833 3678 2901 potentiam
3716 2846 3742 2883 ι

2172 2921 2349 2976 stabili
2378 2920 2550 2988 radio,
2585 2921 2735 2975 illum
2763 2922 2853 2991 qui
2883 2920 3264 2990 circumagitur
3300 2921 3512 2974 radium
3551 2933 3742 2988 regere,

2175 3020 2230 3070 et
2267 3013 2374 3068 illic
2401 3013 2493 3067 ubi
2520 3012 2763 3069 localiter
2801 3028 2909 3067 non
2950 3018 3052 3077 est,
3098 3010 3464 3082 potentialiter
3503 3008 3743 3065 circulum

2175 3101 2423 3173 figurare.

2245 3193 2335 3250 lV.
2358 3193 2459 3250 Hic
2484 3193 2530 3249 si
2550 3201 2773 3264 purgata
2801 3194 2997 3249 mentis
3016 3191 3260 3247 intendas
3281 3193 3414 3258 acie,
3437 3190 3745 3247 subrutilaro

481 3294 683 3352 lineam
729 3293 1061 3364 longitudine
1102 3292 1304 3349 finitam
1349 3293 1611 3360 formasti,
1659 3295 1793 3350 duas
1842 3289 2076 3363 :equales
2103 3296 2148 3359 C
2180 3287 2275 3343 tibi
2300 3287 2410 3357 jam
2440 3286 2600 3341 debet
2627 3285 2755 3356 quid
2777 3286 2847 3341 sit
2875 3286 3074 3341 anima.
3105 3283 3237 3340 Illud
3266 3284 3429 3339 etiam
3472 3283 3627 3351 quale
3653 3288 3745 3345 est,

483 3387 655 3442 lineas
689 3386 905 3441 sibimet
945 3376 1254 3446 ἂντιστάτας
1286 3399 1317 3440 e
1344 3384 1566 3455 regione
1592 3386 1889 3451 constitue;
1931 3384 2075 3454 quod

484 3490 608 3531 cum
632 3475 841 3542 feceris,
866 3476 1103 3545 intellige
1125 3483 1178 3531 te
1207 3474 1431 3545 figuram
1457 3475 1664 3531 duabus
1683 3475 1840 3530 lineis
1860 3475 2077 3545 paribus

487 3582 595 3622 non
626 3564 834 3622 fecisse.
868 3561 1070 3639 Figura
1099 3566 1243 3622 enim
1277 3565 1474 3621 dicitur
1499 3581 1622 3621 cum
1649 3565 1868 3635 paribus
1907 3566 2078 3636 impa-

486 3658 703 3714 ribusve
754 3659 912 3714 lineis
956 3656 1220 3730 capitibus
1269 3673 1390 3713 sese
1444 3658 1878 3725 contingentibus
1926 3657 2078 3713 locus

488 3747 738 3801 ambitur.
772 3748 989 3802 Duabus
1030 3761 1160 3815 ergo
1201 3747 1423 3816 paribus
1462 3745 1620 3799 lineis
1663 3745 1777 3800 sive
1809 3745 2075 3800 adversim

488 3838 700 3908 positis,
732 3839 846 3893 sive
874 3854 903 3893 a
932 3838 1108 3909 capite
1136 3837 1567 3905 contingentibus
1600 3835 1764 3905 figura
1796 3853 1903 3891 non
1930 3836 2079 3892 clau-

489 3929 651 3984 ditur.
681 3925 874 3984 Tribus
900 3934 1031 3985 vero
1056 3928 1351 3999 atqualibus
1378 3927 1534 3983 lineis
1558 3927 1724 3996 figura
1748 3927 1806 3982 fit
1831 3928 2036 3996 trigona
2060 3969 2074 3994 ,

489 4028 545 4074 et
588 4019 693 4076 hoc
735 4026 937 4073 aeterna
977 4026 1140 4088 atque
1182 4016 1581 4073 indemutabilis
1619 4018 1758 4072 ratio
1798 4024 1882 4072 est
1932 4018 2078 4072 omni

491 4109 739 4164 humana:
778 4109 946 4164 menti
990 4108 1074 4163 vel
1121 4123 1230 4164 non
1277 4107 1565 4162 admonitae
1601 4107 1812 4162 clarens
1851 4107 2074 4176 liquido.

491 4197 740 4269 Nunquid
766 4213 895 4268 ergo
924 4198 1094 4254 tribus
1122 4197 1278 4253 lineis
1307 4197 1525 4269 paribus
1548 4212 1667 4267 quae
1694 4205 1866 4253 semet
1893 4205 2080 4253 mutuo

490 4290 754 4360 capitibus
793 4298 1014 4359 tangunt
1054 4288 1170 4346 fieri
1204 4304 1438 4359 unquam
1477 4288 1669 4358 figura,
1704 4289 1832 4343 nisi
1868 4289 2080 4357 trigona

491 4381 725 4451 poterit?
754 4380 861 4435 Aut
900 4381 1041 4437 istud
1070 4381 1241 4449 magis
1270 4397 1413 4436 nunc
1445 4395 1631 4435 verum
1659 4386 1743 4433 est
1768 4393 1928 4446 quam
1959 4377 2075 4444 fuit,

493 4479 587 4524 aut
625 4486 742 4525 esse
787 4471 891 4525 hoc
929 4486 1117 4526 verum
1147 4471 1435 4540 aliquando
1464 4472 1646 4540 cmpit,
1678 4478 1770 4523 aut
1795 4469 2080 4538 aliquando

493 4562 672 4629 desiit,
694 4571 787 4618 aut
815 4579 923 4617 non
952 4571 1036 4618 est
1063 4562 1271 4619 facilius
1315 4579 1632 4634 corporeum
1664 4563 1883 4617 interire
1920 4578 2077 4618 mun-

2177 3378 2319 3449 quod
2358 3380 2405 3434 si
2439 3394 2657 3435 sensum
2703 3379 2948 3449 corporis
2977 3377 3335 3442 consulamus,
3383 3390 3484 3446 per
3526 3374 3744 3429 medium

2177 3471 2437 3527 circulum
2462 3470 2581 3525 duae
2605 3474 2762 3540 pares
2790 3469 2944 3524 lineae
2960 3468 3185 3538 junctim
3209 3468 3331 3522 duci
3353 3472 3515 3537 posSe
3541 3463 3745 3520 credan-

2176 3568 2292 3628 tur;
2351 3576 2471 3617 cum
2498 3561 2637 3616 ratio
2665 3559 2945 3616 manifesta
2975 3560 3258 3616 convincat
3295 3572 3627 3627 nequaquam
3662 3569 3745 3625 per

2179 3651 2424 3708 eumdem
2465 3652 2696 3707 medium
2725 3651 2846 3706 duci
2887 3650 3021 3706 duas
3066 3665 3245 3721 posse,
3281 3649 3380 3703 nisi
3413 3664 3519 3703 una
3548 3647 3614 3702 sit
3638 3646 3748 3699 bre-

2179 3742 2328 3797 vior?
2353 3741 2578 3797 Videtur
2617 3741 2768 3808 mihi,
2799 3741 2939 3796 sicut
2968 3740 3211 3810 superius
3238 3739 3304 3794 de
3332 3738 3543 3807 trigono
3569 3736 3746 3807 patuit,

2180 3832 2302 3887 istic
2340 3846 2556 3901 quoque
2584 3831 2766 3887 circuli
2800 3831 2941 3886 ratio
2965 3830 3336 3885 insolubilibus
3363 3837 3525 3898 atque
3548 3824 3750 3881 :etemis

2180 3938 2402 3979 manere
2430 3923 2637 3992 legibus
2663 3924 2886 3980 stabilis.
2920 3922 3000 3977 Tu
3024 3923 3152 3977 mihi
3182 3935 3323 3977 nunc
3347 3921 3495 3976 dicas
3515 3919 3685 3981 velim,
3708 3916 3748 3971 si

2180 4018 2282 4073 ista
2302 4016 2545 4073 localiter
2562 4016 2824 4086 conspicit
2844 4017 3042 4081 anima,
3073 4013 3201 4084 quid
3222 4027 3396 4069 causae
3417 4021 3518 4078 est,
3549 4021 3605 4066 ut
3624 4008 3747 4064 mihi

2181 4107 2398 4178 aliquod
2425 4107 2732 4173 rotundum,
2766 4107 3030 4177 trigonum
3061 4106 3143 4161 vel
3173 4114 3511 4173 tetragonnm
3539 4104 3589 4157 in
3616 4101 3748 4156 occi—

2180 4199 2342 4255 dente
2376 4199 2445 4254 de
2489 4198 2806 4281 corporibus
2851 4196 3083 4253 formare
3128 4194 3389 4257 molienti,
3422 4193 3609 4250 eadem
3641 4190 3748 4246 sine

2181 4298 2392 4345 tumore
2418 4290 2506 4345 vel
2531 4298 2700 4357 motu,
2724 4289 2865 4345 ratio
2893 4288 3105 4344 rotundi
3135 4289 3221 4343 vel
3258 4285 3449 4357 quadri
3479 4299 3583 4341 non
3603 4282 3745 4346 desit,

2181 4397 2304 4437 cum
2342 4380 2531 4435 eodem
2568 4381 2827 4451 temporis
2852 4388 3054 4450 puncto
3082 4378 3376 4435 secundum
3402 4375 3638 4431 eamdem
3663 4386 3744 4426 ro-

2181 4473 2332 4527 tundi
2355 4479 2409 4527 et
2429 4471 2675 4542 quadrati
2703 4472 2875 4539 legem
2906 4470 2958 4524 in
2990 4470 3197 4526 oriente
3217 4469 3351 4524 alius
3376 4468 3527 4538 paria
3548 4466 3613 4521 de
3634 4478 3741 4519 cor-

2181 4564 2403 4634 poribus
2444 4563 2623 4637 valeat
2668 4560 2964 4617 fabricare?
3009 4560 3241 4616 Videsne
3277 4560 3363 4614 vel
3410 4558 3480 4614 de
3525 4558 3606 4612 bis
3640 4568 3743 4625 qua

494 4653 641 4716 dum,
666 4653 820 4722 cujus
850 4654 1034 4722 utique
1062 4653 1275 4709 tumidae
1302 4654 1607 4723 localesque
1643 4652 1828 4709 formae
1857 4654 2076 4709 istarum
2105 4666 2158 4729 ι)
2182 4653 2523 4722 conspicatur
2562 4652 2759 4716 anima,
2788 4650 2916 4720 quid
2942 4651 3013 4705 sit
3037 4651 3183 4705 visus
3210 4649 3411 4704 animi?
3438 4646 3742 4715 lntelligisne

496 4741 783 4796 illocalium
825 4742 1347 4814 incorporaliumque
1392 4751 1534 4815 suut_
1562 4751 1618 4799 et
1655 4744 1831 4812 imago
1877 4742 2080 4799 forma-

497 4848 637 4897 rum,
668 4847 827 4901 quam
856 4842 916 4888 ut
943 4834 1146 4905 aliquid
1172 4850 1237 4890 ex
1284 4835 1367 4889 his
1412 4835 1499 4889 vel
1541 4835 1737 4890 variari
1766 4836 1964 4905 specie,
1995 4836 2082 4890 vel

502 4927 855 4981 transmoveri
886 4927 1026 4992 loco,
1060 4927 1143 4982 vel
1182 4929 1334 4982 senio
1372 4935 1726 4992 veterascere,
1752 4928 1836 4982 vel
1865 4941 2082 4996 quoquo

500 5022 661 5086 pacto
707 5017 902 5070 mutari
947 5018 1142 5085 queat?
1183 5016 1260 5072 Ne
1306 5031 1433 5086 ergo
1477 5032 1572 5087 per
1609 5033 1796 5072 omnes
1843 5025 1894 5072 te
1923 5016 2083 5073 disci-

501 5107 661 5177 plina:
684 5106 834 5162 istius
863 5108 1113 5163 minutias
1135 5110 1363 5176 traham,
1397 5125 1532 5165 neve
1558 5109 1908 5165 intentionem
1932 5118 2079 5164 tuam

500 5200 554 5253 in
585 5198 920 5269 aspectandis
939 5200 1230 5270 .planarum
1278 5202 1564 5269 figurarum
1595 5201 1679 5254 vel
1706 5201 1966 5256 cuborum
1993 5201 2080 5255 vel

500 5289 896 5361 pyramidarum
925 5290 1225 5345 rationibus
1254 5298 1464 5344 teneam
1496 5297 1717 5359 propter
1744 5290 1928 5344 circuli
1957 5305 2081 5360 per-

500 5380 813 5446 fectionem,
845 5380 912 5437 de
955 5398 1059 5436 una
1089 5389 1295 5436 tantum
1332 5380 1518 5448 figura,
1552 5388 1608 5433 ut
1637 5378 1810 5434 adhuc
1836 5379 2077 5449 fecimus,

499 5472 736 5529 breviter
761 5474 1151 5544 colloquamur.

569 5563 655 5619 lll.
700 5563 933 5618 Circulus
969 5561 1026 5615 fit
1060 5577 1125 5616 ex
1164 5576 1269 5617 una
1308 5561 1464 5616 linea.
1496 5561 1600 5616 Sed
1637 5561 1757 5630 jure
1783 5576 1923 5616 nunc
1951 5560 2081 5615 illud

501 5655 877 5711 admoneberis
914 5652 1055 5723 quod
1094 5653 1234 5708 linea
1262 5651 1376 5707 sine
1405 5652 1686 5707 altitudine
1716 5659 1876 5722 atque
1905 5651 2082 5707 latitu-

577 5842 601 5871 ⁸·
633 5833 715 5886 Al.
758 5847 935 5897 nemo.

2183 4745 2514 4814 intelligibile
2539 4755 2594 4799 et
2624 4745 2926 4813 intelligens
2953 4757 3290 4812 nequaquam
3321 4754 3485 4812 posse
3521 4735 3744 4806 sejungii

2182 4837 2650 4893 Animadvertisne
2670 4838 2832 4891 etiam
2857 4835 2983 4904 quid
3014 4834 3224 4889 intersit
3261 4834 3402 4888 inter
3422 4831 3542 4887 illas
3567 4829 3742 4884 formas

2183 4942 2317 4998 quas
2337 4942 2564 4996 corpore
2590 4926 2879 4991 cernimus,
2908 4933 2963 4979 et
2982 4926 3112 4980 istas
3138 4939 3271 4993 quas
3291 4930 3474 4977 mente
3501 4917 3742 4988 conspici-

2182 5022 2338 5076 mus?
2383 5020 2518 5075 Istas
2556 5035 2675 5075 esse
2720 5020 3105 5090 sempiternum
3152 5017 3441 5080 mundum,
3484 5015 3630 5084 cujus
3668 5010 3743 5065 hic

2186 5111 2415 5166 mundus
2443 5111 2618 5178 imago
2652 5111 2722 5166 sit
2747 5129 2759 5163 :
2791 5110 2932 5164 unde
2959 5108 3215 5163 divinitus
3241 5107 3443 5161 dictum
3466 5112 3547 5159 est
3577 5101 3741 5156 :Pra—

2185 5203 2303 5256 terit
2328 5202 2497 5272 ﬁgura
2527 5202 2687 5271 Imqu
2708 5198 2885 5254 mundi
2916 5199 2958 5270 (Ι
2988 5198 3105 5253 Cor.
3148 5214 3240 5262 vn,
3272 5195 3384 5266 5i).
3418 5195 3574 5249 Vides
3599 5192 3739 5247 etiam

2182 5292 2325 5362 quod
2349 5307 2471 5347 cum
2498 5290 2877 5359 longitudines,
2903 5287 3212 5343 latitudines
3237 5294 3294 5343 et
3311 5285 3615 5341 altitudines
3632 5294 3737 5336 cor-

2184 5396 2372 5450 porum
2402 5381 2540 5437 scire
2581 5381 2775 5435 nullius
2812 5377 3197 5449 pmpemodum
3228 5377 3299 5431 sit
3325 5374 3600 5438 momenti,
3627 5367 3766 5441 satis.

2180 5487 2300 5528 esse
2328 5471 2490 5539 aliud,
2520 5471 2662 5526 unde
2688 5471 2818 5526 dicit
2846 5469 3136 5540 Apostolus
3169 5487 3181 5523 :
3216 5465 3468 5539 Oportere
3501 5481 3590 5519 nos
3612 5471 3741 5515 nosse

2182 5563 2305 5635 quid
2325 5565 2391 5618 sit
2418 5563 2636 5618 latitudo
2664 5570 2714 5617 et
2742 5561 3029 5632 longitudo,
3053 5559 3340 5615 sublimitas
3376 5568 3428 5612 et
3456 5551 3742 5629 profundum

2185 5652 2400 5725 (Ephes.
2425 5670 2500 5722 Ill,
2534 5652 2657 5726 18)?
2684 5651 2821 5719 Quid
2860 5651 3003 5706 enim
3032 5650 3161 5706 milii
3189 5649 3432 5720 proderit
3455 5646 3647 5718 uSpiani
3674 5638 3742 5695 al-
