3920 6176
247 395 340 455 735

1351 366 1471 453 ἠε
1507 399 1730 457 STATU
1768 400 2003 457 Alvum
2043 399 2169 459 LIB.
2209 404 2250 459 ι.

3381 408 3483 463 751

245 513 507 571 titudinem
532 511 780 582 corporei
803 510 927 569 coeli
958 526 1218 582 qumrere,
1257 512 1540 582 planorum
1567 514 1804 570 siderum
1833 523 1877 577 Α
1906 532 2045 583 mus,
2076 532 2213 586 quas
2241 516 2421 574 videre
2466 517 2639 589 ipsum
2668 525 2753 575 est
2792 517 2979 589 utique
3007 535 3113 574 non
3145 519 3352 575 videre.
3383 520 3488 575 Ve-

242 607 567 676 δίαστήματα,
587 603 673 658 vel
702 603 1033 684 ‘circulorum
1072 604 1206 669 vias,
1237 604 1324 659 vel
1362 605 1692 674 singulorum
1721 606 1804 660 iu-

242 696 447 752 tervalla
492 694 708 749 rimari?
747 695 875 766 quid
915 695 1087 765 spatia
1128 704 1284 750 terra:
1323 710 1668 765 cognoscere,
1718 698 1803 753 vel

240 787 403 861 abyssi
431 784 688 854 profunda
717 786 1037 855 penetrare?
1065 784 1180 840 Non
1211 785 1276 840 de
1306 786 1388 840 his
1417 802 1523 849 me.
1559 794 1621 842 ut
1655 802 1797 854 reor,
1824 834 1837 845 .

240 878 512 950 Apostolus
539 876 923 931 communitum
952 876 1140 941 voluit,
1171 893 1290 947 quae
1318 893 1429 934 non
1457 878 1629 933 solum
1660 877 1805 932 labo-

238 973 367 1027 riosa
393 975 543 1034 sunt,
566 965 657 1022 sed
686 968 849 1021 etiam
867 967 1058 1031 noxia;
1081 968 1124 1021 si
1155 983 1274 1022 cum
1303 984 1399 1038 per
1425 969 1540 1023 hmo
1559 969 1623 1023 ad
1643 976 1802 1024 teter—

237 1076 300 1116 ua
342 1072 654 1129 semperque
698 1057 970 1113 manentia
1018 1058 1401 1113 transeundum
1451 1059 1557 1124 sit,
1607 1057 1663 1113 in
1716 1057 1802 1112 his

238 1151 489 1206 bmreatur
517 1156 677 1218 atque
703 1157 1064 1203 remaneatur.

301 1243 361 1299 V.
415 1242 704 1296 Revertere
744 1256 889 1295 nunc
931 1248 1091 1310 atque
1130 1242 1341 1303 intuere
1382 1256 1543 1296 omne
1580 1242 1799 1310 longum

237 1332 551 1402 longitudine
592 1331 810 1399 longum
853 1330 987 1395 ﬁeri,
1035 1333 1205 1401 ipsam
1253 1348 1382 1387 vero
1411 1332 1796 1400 longitudinem

237 1425 435 1494 longam
462 1424 569 1478 dici
613 1438 725 1477 non
770 1436 960 1492 posse;
998 1431 1058 1476 ut
1095 1438 1257 1478 omne
1302 1435 1509 1479 castum
1548 1424 1799 1489 castitate

236 1523 424 1571 castum
450 1512 586 1576 ﬁeri,
619 1514 788 1583 ipsam
816 1528 946 1568 vero
975 1520 1178 1569 castam
1223 1530 1335 1569 non
1379 1516 1485 1571 dici
1532 1517 1801 1570 ullatenus

169 1626 174 1631 '
236 1607 541 1662 castitatem.
569 1602 703 1658 Cum
725 1617 853 1672 ergo
891 1619 1095 1659 meram
1133 1604 1524 1674 longitudinem
1551 1617 1798 1664 eontem-

234 1697 358 1768 plari
400 1696 579 1764 cupis,
628 1703 719 1749 aut
760 1710 881 1749 eum
923 1694 978 1748 in
1023 1695 1296 1763 trigonum
1322 1696 1406 1750 vel
1455 1695 1797 1765 hexagonum

235 1787 414 1841 mentis
437 1785 651 1840 oculum
680 1784 816 1853 llgis,
844 1784 1047 1854 projice
1069 1824 1083 1848 ,
1116 1792 1375 1853 quantum
1403 1786 1550 1839 vales
1571 1826 1586 1850 ,
1619 1801 1684 1841 ac
1711 1801 1798 1841 re—

1903 607 2117 662 ritatem
2146 615 2295 663 certe
2316 605 2646 676 l’quaarimus
2675 627 2688 663 :
2713 624 2822 665 non
2843 610 2989 665 illam
3017 624 3113 679 per
3139 610 3312 678 spatia
3335 609 3486 664 loco-

1903 714 2023 753 rum
2075 708 2331 768 oportere
2378 701 2563 769 qumri,
2611 715 2722 755 non
2770 716 2865 770 per
2914 716 3230 770 corporeum
3285 700 3486 768 aliquid

1903 790 2135 845 aestimes
2156 790 2403 844 inveniri.
2442 788 2587 844 Satis
2612 804 2680 844 ex
2706 805 2935 859 corpore
2983 806 3092 845 non
3138 790 3312 845 solum
3358 797 3482 843 tun-

1903 879 2101 947 gendo,
2132 880 2226 936 sed
2264 881 2426 935 etiam
2455 880 2745 948 cogitando
2793 896 2850 936 se
2878 880 3189 949 separabit,
3232 881 3323 951 qui
3350 880 3479 935 huic

1904 967 2217 1024 adhrerebit.
2248 969 2466 1025 lllocale
2492 977 2640 1024 certe
2661 971 2966 1038 quaerimus,
3000 985 3107 1025 non
3135 970 3261 1023 illud
3301 985 3482 1038 qmeso

1900 1074 2001 1129 per
2024 1059 2193 1114 locale
2221 1073 2543 1127 quaaramus.
2571 1059 2723 1115 Fecit
2746 1060 2846 1115 sibi
2872 1061 2985 1129 ipsa
3008 1060 3205 1115 veritas
3231 1059 3312 1113 sui
3332 1074 3483 1113 com-

1902 1157 2088 1220 potem
2135 1146 2562 1204 similitudinem.
2614 1148 2733 1206 Hoc
2779 1151 2832 1205 in
2870 1150 3029 1206 nobis
3076 1148 3363 1205 oﬂeramus
3410 1150 3485 1203 illi

1901 1240 2047 1309 quod
2072 1240 2218 1295 fecit.
2250 1240 2369 1296 Non
2390 1242 2755 1309 convieiemur
2774 1242 2940 1297 Deum
2964 1250 3229 1304 nostrum,
3247 1242 3486 1296 dicentes

1901 1331 1977 1385 illi
2012 1349 2024 1384 :
2056 1331 2177 1386 Non
2204 1333 2427 1414 potuisti
2469 1331 2647 1388 facere
2690 1334 2889 1402 aliquid
2916 1334 3089 1389 simile
3119 1335 3213 1388 tui.
3247 1332 3381 1400 Quia
3428 1334 3474 1389 si

1901 1438 2097 1493 corpus
2125 1439 2243 1477 sum
2261 1464 2277 1488 ,
2309 1424 2497 1478 similis
2524 1424 2601 1477 tui
2629 1440 2742 1479 non
2780 1440 2919 1491 sum,
2963 1427 3087 1482 auia
3116 1426 3184 1480 de
3211 1425 3480 1480 nobismet

1899 1513 2029 1583 ipsis
2057 1528 2156 1568 nos
2183 1512 2273 1568 ille
2294 1514 2599 1569 convincat

2432 1592 2683 1661 ’CAPUT
2720 1606 2907 1663 XXVI.

1901 1696 2112 1754 Secreta
2149 1696 2251 1752 Dei
2297 1697 2488 1753 locutio
2531 1699 2905 1782 adenimam,
2944 1694 3171 1771 qualiter
3201 1717 3256 1755 se
3298 1701 3481 1757 debeat

2558 1778 2829 1822 sciscitari.

235 1876 345 1946 iuge
367 1892 471 1931 non
513 1875 689 1931 solum
715 1889 877 1930 omne
910 1890 1248 1949 corporeum,
1278 1875 1375 1930 sed
1413 1876 1671 1944 quidquid
1720 1877 1798 1930 si-
1831 1883 1874 1941 Β
1970 1881 2236 1952 Loquitur
2273 1881 2418 1936 enim
2462 1880 2514 1935 in
2559 1879 2779 1934 silentio
2819 1880 2953 1935 mihi
2983 1883 3202 1947 veritas,
3252 1890 3309 1937 et
3351 1882 3484 1939 dicit

233 1970 346 2048 mile
373 1984 486 2025 esse
516 1977 695 2039 potest
716 1982 998 2038 corporeo.
1031 1966 1239 2022 Etcum
1262 1969 1554 2036 trigonam,
1584 1968 1667 2024 vel
1695 1969 1796 2023 tri-

232 2060 321 2116 bus
347 2061 562 2132 punctis
590 2074 654 2115 ac
698 2059 868 2114 tribus
915 2058 1100 2121 lineis,
1131 2058 1219 2113 vel
1260 2058 1549 2115 rotundam
1593 2066 1798 2130 puncto

231 2153 308 2208 vel
334 2153 469 2207 linea
499 2150 830 2207 conformari
874 2149 1287 2219 ineorporaliter
1326 2158 1488 2219 atque
1517 2150 1799 2205 illocaliter

230 2244 440 2310 videris;
470 2244 588 2298 vim
626 2257 841 2312 quoque
878 2255 942 2295 ac
986 2241 1499 2310 supereminentiam
1545 2240 1798 2310 conspice

230 2349 596 2397 numerorum,
629 2341 684 2387 et
713 2332 950 2400 intellige
989 2331 1296 2385 universum
1336 2345 1656 2400 corporeum
1697 2346 1801 2384 nus

229 2426 467 2482 merabile
494 2440 597 2496 per
625 2438 879 2479 numeros
908 2422 1051 2487 tieri;
1076 2422 1220 2492 ipsos
1246 2437 1373 2477 vero
1411 2436 1667 2475 numeros
1689 2436 1799 2475 non

228 2532 373 2588 posse
417 2514 716 2571 numerari.
759 2513 894 2567 Nam
923 2512 1043 2583 quis
1084 2529 1195 2567 non
1235 2512 1408 2567 dicam
1450 2511 1665 2580 eloqui,
1706 2512 1800 2566 sed

228 2610 446 2678 cogitare
472 2608 641 2676 digne
668 2606 876 2670 valeat,
921 2604 1063 2675 quod
1105 2619 1361 2659 numerus
1389 2619 1511 2659 cum
1539 2614 1563 2642 ι
1594 2619 1663 2659 ex
1691 2619 1800 2659 uno

227 2712 277 2758 et
300 2718 390 2772 per
416 2716 607 2765 unum,
624 2707 682 2755 et
708 2701 763 2754 in
790 2715 898 2755 uno
926 2698 1018 2763 sit,
1038 2697 1359 2768 principium
1388 2710 1570 2755 tamen
1595 2713 1658 2752 ac
1681 2697 1802 2754 ﬁnis

228 2792 353 2847 illius
372 2808 479 2846 non
505 2790 620 2845 sit?
650 2788 706 2844 Si
736 2790 879 2843 enim
908 2788 1198 2843 dixerimus
1225 2798 1391 2842 unum
1435 2789 1648 2843 numeri
1682 2803 1802 2845 esse

227 2884 558 2953 principium,
590 2881 756 2951 ipsius
796 2879 954 2934 unius
991 2878 1137 2950 quod
1182 2877 1422 2935 dicemus
1445 2894 1566 2935 esse
1604 2881 1804 2950 princi-

228 2975 392 3045 pium?
422 2973 575 3029 Ecce
603 2973 774 3029 habes
803 2971 1127 3042 principium
1172 2972 1383 3027 numeri
1419 2972 1475 3027 in
1514 2973 1800 3043 principio,

226 3076 279 3123 ut
303 3082 367 3122 ex
393 3066 508 3136 ipso
549 3065 619 3119 sit
657 3078 932 3118 numerus.
978 3060 1097 3116 Jam
1121 3076 1249 3116 vero
1279 3062 1325 3117 si
1352 3078 1638 3120 numerare
1664 3059 1801 3119 veli-

225 3178 347 3232 mus,
377 3165 576 3233 adjicis
594 3177 760 3218 unum
780 3162 871 3216 uni
899 3169 959 3215 ut
987 3160 1117 3215 ﬁant
1140 3159 1267 3226 duo,
1319 3167 1377 3215 et
1401 3175 1567 3215 unum
1592 3159 1804 3215 duobus

1897 1973 2031 2028 mihi
2061 1992 2073 2026 :
2106 1972 2185 2027 Tu
2206 1979 2354 2027 certe
2398 1972 2489 2039 qui
2518 1985 2715 2039 corpus
2742 1985 2860 2025 esse
2886 1978 2942 2025 te
2979 1971 3153 2026 credis
3176 2010 3192 2032 ,
3223 1973 3364 2026 unde
3393 1972 3478 2026 iu-

1899 2081 2163 2137 corporeo
2181 2065 2347 2120 verbo
2370 2064 2572 2118 uteris?
2594 2061 2750 2116 Aliud
2774 2062 2936 2117 credo
2958 2070 3043 2116 est
3061 2063 3280 2117 verbum
3307 2071 3477 2128 tuum,

1898 2156 1952 2211 id
1994 2164 2096 2221 est,
2127 2154 2407 2209 consilium
2439 2161 2609 2216 tuum,
2640 2149 2783 2206 aliud
2810 2166 2913 2205 vox
2943 2151 3121 2217 verbi;
3164 2151 3308 2206 aliud
3337 2152 3482 2222 quod

1897 2253 2075 2309 sonat,
2107 2244 2251 2299 aliud
2275 2243 2418 2312 quod
2443 2242 2777 2311 intelligitur.
2828 2241 2960 2296 Nam
2988 2241 3129 2296 sicut
3154 2258 3261 2297 vox
3305 2246 3484 2319 potest

1899 2353 2021 2395 esse
2067 2338 2184 2394 sine
2220 2335 2406 2399 verbo,
2459 2334 2535 2388 ita
2579 2339 2663 2387 est
2688 2332 2911 2387 verbum
2954 2333 3071 2388 sine
3103 2347 3255 2388 voce.
3302 2330 3483 2386 Utitur

1899 2439 2082 2486 tamen
2127 2429 2360 2499 quodam
2409 2427 2726 2482 indumento
2768 2427 2916 2481 vocis
2945 2426 3168 2482 verbum
3202 2436 3369 2491 tuum,
3419 2431 3483 2479 ut

1900 2523 2116 2577 insonet
2141 2519 2393 2583 auribus;
2424 2517 2565 2572 sicut
2593 2529 2693 2584 ego
2739 2514 3054 2572 indumento
3083 2517 3279 2581 carnis,
3310 2526 3369 2570 ut
3396 2518 3474 2570 vi-

1899 2612 2061 2667 derer
2087 2607 2418 2663 hominibus.
2450 2606 2519 2661 Et
2556 2622 2676 2662 cum
2725 2606 2961 2675 loqueris
2989 2606 3302 2675 obsequium
3330 2607 3483 2662 vocis

1900 2718 2030 2759 aure
2057 2710 2216 2757 tenus
2242 2707 2406 2766 meat,
2431 2700 2653 2754 Verbum
2681 2714 2810 2754 vero
2842 2699 3124 2754 illocaliter
3150 2698 3217 2752 ad
3247 2699 3480 2753 animam

1899 2802 2169 2866 permeat;
2200 2792 2325 2861 quia
2339 2791 2419 2847 sie
2442 2790 2512 2845 ad
2541 2791 2687 2844 illum
2717 2790 2803 2845 cui
2832 2790 3069 2857 loqueris
3098 2787 3483 2857 accedit,quod

1901 2903 1933 2942 a
1961 2895 2017 2942 te
2043 2887 2230 2955 utique
2266 2901 2377 2940 non
2411 2883 2636 2939 recedit.
2670 2881 2741 2936 Et
2788 2882 2834 2937 si
2881 2882 3193 2950 loquentem
3240 2888 3296 2935 te
3343 2895 3482 2935 unus

1905 2978 2170 3040 audierit,
2204 2983 2381 3032 totum
2415 2974 2641 3030 verbum
2689 2981 2841 3027 tuum
2881 2987 3048 3043 penes
3085 2979 3139 3025 te
3175 2978 3277 3034 est,
3310 2977 3485 3024 totum

1904 3084 2075 3142 penes
2103 3069 2271 3124 illum.
2303 3066 2372 3122 Et
2400 3066 2446 3121 si
2474 3065 2582 3120 duo
2613 3063 2909 3125 audierint,
2941 3070 3113 3117 totum
3146 3060 3389 3115 audiunt.
3418 3056 3486 3112 Et

1901 3165 1947 3220 si
1976 3163 2150 3229 multi,
2184 3167 2392 3225 totum;
2442 3167 2498 3213 et
2525 3157 2777 3212 omnibus
2806 3162 2979 3210 totum
3003 3194 3018 3220 ,
3050 3162 3103 3208 et
3131 3153 3353 3221 singulis
3399 3158 3487 3205 to-

226 3267 279 3313 ut
315 3258 443 3313 (iant
485 3257 619 3322 tria,
650 3262 708 3309 et
751 3268 913 3309 unum
960 3252 1132 3307 tribus
1168 3260 1226 3306 ut
1265 3250 1397 3307 ﬁant
1430 3259 1695 3320 quatuor;
1749 3257 1808 3307 et
1832 3255 1877 3317 C
1910 3265 2042 3321 tum,
2074 3262 2131 3308 et
2159 3252 2257 3307 tibi
2287 3259 2461 3305 totum
2490 3256 2592 3303 est.
2627 3247 2747 3301 Noli
2788 3247 2841 3300 in
2872 3253 2928 3299 te
2957 3246 3179 3315 perdere
3228 3253 3333 3298 tam
3372 3258 3489 3298 ma-

230 3350 467 3419 deinceps
510 3347 733 3417 quoties
786 3359 951 3400 unum
998 3343 1533 3413 multiplieaverimus
1558 3383 1574 3409 ,
1641 3342 1807 3397 toties

232 3442 371 3509 quasi
404 3440 589 3494 multis
618 3434 845 3504 singulis
879 3435 935 3489 in
963 3440 1171 3489 Summa
1201 3434 1487 3497 ducuntur,
1533 3439 1593 3486 ut
1628 3431 1808 3487 decies

234 3531 367 3586 ducti
394 3531 611 3595 decem,
637 3536 695 3583 et
721 3527 883 3583 vicies
908 3526 1131 3594 viginti,
1162 3533 1220 3580 et
1245 3525 1453 3581 centies
1491 3531 1729 3591 centum,
1753 3533 1809 3579 et

233 3624 413 3679 millies
439 3622 593 3677 mille
633 3619 1021 3675 nominentur:
1056 3624 1116 3670 ut
1151 3631 1411 3685 agnoscas
1451 3620 1668 3671 Omnem
1708 3631 1808 3671 nu-

233 3730 426 3770 merum
468 3715 544 3768 ita
574 3726 673 3783 per
702 3726 867 3765 unum
897 3723 1048 3774 esse,
1079 3708 1218 3763 sicut
1253 3722 1324 3761 ex
1351 3722 1462 3761 uno
1489 3705 1805 3776 procedere.

232 3806 353 3862 illud
383 3822 511 3862 vero
553 3810 709 3875 patet
746 3803 813 3856 ad
861 3802 1022 3855 tinem
1070 3801 1320 3865 numeri,
1361 3799 1454 3868 qui
1499 3799 1677 3853 nullus
1726 3804 1812 3853 est

232 3912 458 3967 prorsus,
487 3894 666 3952 veniri
685 3908 796 3948 non
824 3900 1016 3962 pbsse;
1047 3892 1173 3959 quia
1199 3898 1350 3944 trans
1372 3905 1589 3945 omnem
1629 3903 1813 3944 nume-

232 4003 341 4043 rum
369 3989 456 4057 qui
485 4002 557 4043 ex
580 4001 708 4049 uno,
740 3990 798 4039 et
823 3998 919 4054 per
946 3997 1131 4046 unum,
1161 3990 1217 4036 et
1244 3982 1297 4036 in
1326 3995 1435 4036 uno
1474 3988 1576 4046 est,
1599 3995 1814 4050 semper

235 4087 310 4133 est
335 4094 491 4133 unus.
518 4078 647 4132 Tria
678 4083 858 4129 tamen
888 4074 988 4128 ista
1014 4081 1139 4128 sunt
1165 4088 1287 4128 eum
1317 4073 1565 4138 dicimus,
1591 4088 1658 4127 ex
1680 4087 1812 4138 uno,

234 4181 286 4227 et
305 4168 404 4243 per
433 4188 626 4235 unum,
650 4178 709 4226 et
734 4170 789 4224 in
816 4184 925 4223 uno
946 4169 1149 4239 pariter
1174 4175 1398 4222 aeterna.
1433 4164 1665 4221 Proinde
1702 4166 1815 4220 illo-

235 4264 360 4318 ealia
398 4264 603 4332 ubique
650 4268 787 4316 tota.
835 4258 1023 4314 Eidem
1052 4258 1266 4312 inﬁnito
1313 4272 1527 4328 semper
1559 4256 1812 4327 aequalia,

235 4355 352 4424 quia
389 4356 601 4411 nullum
628 4367 756 4407 vere
795 4365 962 4405 unum
990 4350 1180 4415 malus,
1228 4363 1461 4403 uuumve
1489 4349 1666 4402 minus
1709 4353 1810 4401 est.

235 4444 352 4501 Haec
393 4454 523 4502 sunt
567 4456 916 4499 numerorum
955 4440 1287 4506 inchoantia,
1318 4439 1604 4505 ducentia,
1654 4437 1816 4508 peril-

234 4538 418 4592 eientia
446 4557 459 4590 :
494 4537 609 4605 ipsa
630 4549 732 4589 nec
759 4532 1033 4596 inchoata,
1065 4545 1167 4584 nec
1185 4536 1489 4589 numerata,
1517 4544 1620 4584 nec
1643 4528 1810 4583 ﬁnita.

1908 3360 2071 3416 gnum
2117 3357 2314 3398 munus
2359 3354 2569 3405 meum;
2619 3336 3023 3392 similitudinem
3071 3326 3276 3399 meam,
3326 3348 3489 3402 quam

1911 3436 2004 3492 tibi
2032 3432 2412 3502 benignissime
2443 3428 2623 3494 tribui,
2656 3435 2718 3482 ut
2744 3426 2978 3495 qualiter
3007 3424 3073 3478 ad
3103 3439 3188 3477 me
3219 3423 3485 3487 tenderes,

1906 3543 2019 3583 non
2047 3532 2199 3581 extra
2228 3530 2284 3578 te
2324 3534 2611 3591 qumreres.
2645 3515 2816 3571 Nemo
2858 3515 2993 3570 venit
3021 3512 3090 3566 ad
3119 3511 3349 3576 Putrem,
3377 3511 3480 3564 nisi

1904 3633 2000 3688 per
2028 3630 2110 3669 me
2153 3611 2333 3685 (Joan.
2381 3625 2489 3672 nv,
2522 3606 2608 3676 6);
2640 3614 2695 3661 et
2738 3602 2907 3658 Nemo
2947 3601 3016 3655 ad
3055 3616 3154 3666 me,
3189 3599 3293 3652 nisi
3335 3613 3487 3669 quem

1907 3687 2074 3760 Pater
2092 3719 2234 3758 meus
2262 3699 2538 3755 attraxerit
2570 3695 2749 3767 (Joan.
2776 3711 2846 3757 v1,
2879 3691 2989 3762 Μ).
3013 3690 3082 3744 Et
3110 3705 3269 3745 nemo
3300 3687 3366 3742 ad
3395 3702 3485 3742 me

1910 3798 1996 3854 vel
2044 3797 2110 3851 ad
2152 3794 2371 3849 Patrem
2401 3792 2581 3856 venit,
2630 3788 2732 3845 nisi
2781 3787 3017 3843 cbaritas
3062 3782 3386 3838 dillundatur
3434 3780 3490 3835 in

1910 3887 2074 3945 corde
2101 3885 2219 3955 ejus
2246 3900 2344 3955 per
2372 3882 2635 3953 Spiritum
2663 3887 2928 3944 sanctum,
2957 3877 3049 3946 qui
3078 3891 3188 3930 non
3219 3874 3323 3930 nisi
3349 3872 3491 3928 bene

1910 3981 2171 4045 credenti,
2203 3979 2343 4034 bene
2388 3975 2628 4046 speranti
2673 3983 2729 4028 et
2756 3972 2899 4027 bene
2943 3968 3205 4039 quaerenti
3252 3965 3485 4020 dabitur.

1916 4085 1938 4115 ε
1970 4072 2051 4128 Ad
2080 4074 2240 4127 istam
2285 4083 2390 4137 qua
2420 4083 2560 4122 unus
2606 4066 2745 4119 Deus
2768 4072 2857 4121 est
2883 4076 3089 4124 sumus,
3132 4066 3189 4112 tu
3221 4058 3384 4111 homo
3416 4054 3494 4109 fa-

1911 4176 2029 4225 ctus
2057 4182 2134 4230 es,
2185 4163 2253 4218 ad
2282 4161 2633 4223 Trinitatem,
2666 4171 2791 4211 cum
2820 4154 3024 4209 dictum
3053 4160 3136 4206 est
3167 4169 3180 4203 :
3214 4148 3494 4203 Faciamus

1914 4259 2168 4315 hominem
2196 4254 2266 4309 ad
2293 4252 2576 4323 imaginem
2595 4256 2646 4303 et
2673 4243 3064 4301 similitudinem
3085 4249 3317 4296 nostram
3336 4237 3492 4310 (Gen.

1912 4367 1951 4416 ι,
1980 4348 2093 4419 26).
2125 4344 2423 4415 lntrospice
2451 4349 2505 4396 te
2532 4340 2599 4394 de
2628 4346 2682 4392 te
2710 4338 2846 4406 ipsa,
2878 4351 2911 4390 o
2938 4335 3179 4389 humana
3208 4332 3409 4394 anima,
3440 4336 3497 4384 et

1912 4449 1969 4496 te
1998 4439 2065 4495 ad
2107 4454 2197 4494 me
2228 4438 2417 4492 nitere.
2451 4432 2585 4488 Vide
2615 4437 2871 4485 mentem
2920 4434 3090 4488 tuam,
3124 4423 3243 4478 vide
3270 4420 3496 4476 verbum

1915 4540 2101 4597 tuum,
2150 4529 2272 4584 vide
2321 4525 2656 4580 voluntatem
2705 4529 2873 4574 tuam.
2922 4516 3056 4571 Nam
3114 4523 3283 4569 totum
3312 4520 3395 4567 est
3442 4512 3495 4566 in

235 4628 423 4697 Credo,
465 4603 597 4699 quia
642 4627 914 4698 sapientia
948 4623 1047 4677 Dei
1084 4639 1187 4677 non
1231 4631 1307 4676 est
1343 4638 1588 4676 numerus
1619 4622 1637 4692 (
1663 4620 1811 4675 Psal.
1845 4622 1891 4682 ι)
1918 4628 2102 4674 mente
2154 4616 2300 4687 quod
2354 4614 2593 4682 cogitas;
2624 4620 2681 4665 et
2709 4608 2853 4679 quod
2889 4612 3062 4661 totum
3098 4603 3259 4659 simul
3304 4603 3498 4657 memi-

235 4736 397 4787 cxnvr,
425 4723 503 4794 5).
537 4724 674 4779 Nam
702 4738 825 4778 cum
855 4738 921 4777 ex
950 4737 1081 4786 uno,
1115 4726 1170 4774 et
1198 4735 1295 4788 per
1323 4732 1508 4784 unum,
1541 4716 1675 4771 etin
1704 4732 1814 4771 uno

234 4814 299 4866 sit
324 4831 601 4881 numerus,
630 4831 734 4870 nec
771 4813 1041 4868 numerari
1072 4811 1175 4865 nisi
1218 4810 1477 4864 trifariam
1507 4808 1677 4878 possit
1709 4808 1726 4878 (
1757 4813 1817 4861 ut

168 4915 177 4920 ‘
234 4915 326 4971 per
352 4907 602 4959 eumdem
634 4918 917 4959 numerum
965 4901 1258 4966 ordiamur,
1287 4913 1631 4953 numeremus
1670 4903 1728 4952 et
1754 4895 1816 4947 li-

235 4995 437 5050 niamus
464 4996 507 5064 ),
542 4996 655 5066 ipse
678 5003 761 5049 est
789 4993 1059 5048 ternarius
1088 4999 1233 5046 totus
1255 5032 1269 5057 ,
1306 5005 1411 5075 per
1437 5004 1596 5058 quem
1641 4987 1818 5042 omnis

236 5093 315 5139 est
340 5101 618 5142 numerus.
650 5085 788 5141 Ecce
817 5083 943 5155 quid
986 5082 1197 5137 habitat
1235 5083 1290 5135 in
1327 5081 1503 5134 anima
1530 5079 1764 5134 humana
1799 5097 1813 5134 :

237 5189 358 5231 ecce
397 5177 545 5246 quod
577 5177 734 5231 oculo
781 5174 957 5230 cordis
979 5172 1160 5227 videre
1201 5186 1519 5226 concessum
1566 5177 1668 5224 est.
1699 5167 1816 5234 Quo

237 5265 561 5336 diffugimus,
606 5282 714 5336 quo
760 5264 1128 5327 distrahimur,
1169 5279 1265 5318 cur
1293 5263 1348 5316 in
1393 5261 1661 5316 nobismet
1690 5259 1820 5331 ipsis

240 5365 384 5410 extra
422 5374 527 5412 nos
577 5357 792 5413 sumus?
836 5353 946 5409 Cur
996 5354 1225 5424 patriam
1279 5360 1519 5407 nostram
1574 5352 1819 5408 localiter

239 5449 545 5514 quaerimus,
574 5447 639 5502 de
662 5463 767 5517 qua
808 5446 990 5513 utique
1034 5460 1145 5499 non
1191 5441 1533 5507 ambulando,
1564 5441 1656 5496 sed
1684 5457 1815 5511 pec-

241 5537 407 5591 cando
445 5538 819 5593 discessimus?
858 5534 967 5590 Cur
1012 5533 1264 5590 tenebras
1312 5531 1595 5603 splendere
1642 5526 1818 5587 uredi-

312 5682 338 5711 ι
363 5673 446 5727 Al.
472 5689 542 5727 ea:
580 5689 655 5728 eo.

307 5741 333 5781 ιι
359 5744 442 5796 Al.
468 5744 749 5799 credimus

302 5822 326 5851 ε
354 5812 444 5868 Sic
464 5812 642 5873 editio
668 5812 1000 5869 Parisiensis.
1034 5810 1101 5865 At
1140 5807 1507 5874 Lugdunensis
1532 5813 1587 5862 et
1616 5803 1817 5860 Ortho-

1918 4710 2064 4775 nisti,
2082 4715 2254 4763 totum
2284 4704 2443 4760 simul
2471 4701 2703 4770 cogitas;
2737 4706 2793 4753 et
2818 4697 2895 4752 vis
2925 4694 3161 4763 cogitare
3190 4699 3350 4761 atque
3378 4708 3497 4746 me-

1917 4803 2157 4866 minisse,
2186 4799 2294 4853 hoc
2322 4802 2423 4861 est,
2456 4808 2606 4848 amas
2641 4790 2842 4844 habere
2870 4794 3111 4842 mentem
3142 4791 3197 4839 et
3224 4781 3501 4851 cogitatio-

1917 4910 2063 4950 nem.
2109 4888 2506 4958 Cogitationem
2544 4896 2671 4950 ergo
2699 4888 2848 4935 tuam
2877 4893 2999 4933 cum
3037 4884 3220 4931 mente
3260 4873 3501 4953 comples-

1919 4983 2099 5048 eteris,
2131 4982 2240 5035 hoc
2282 4986 2385 5044 est,
2416 4990 2538 5031 cum
2587 4972 2825 5041 cogitare
2854 4977 2909 5023 te
2954 4967 3296 5032 memineris,
3328 4972 3499 5019 totam

1921 5082 2068 5129 certe
2112 5067 2498 5138 cogitationem
2552 5069 2665 5117 tota
2694 5066 2878 5115 mente
2932 5055 3365 5127 comprehendis.
3430 5050 3499 5105 Et

1923 5174 2097 5221 totum
2127 5175 2368 5217 amorem
2407 5167 2556 5212 tuum
2583 5153 2670 5209 vel
2707 5159 2947 5208 mentem
2975 5159 3121 5206 tuam
3160 5156 3268 5204 tota
3297 5147 3499 5216 cogita-

1924 5260 2070 5313 tione
2098 5265 2188 5310 tua
2214 5253 2445 5323 cogitas,
2470 5265 2593 5304 cum
2619 5260 2805 5302 amare
2834 5245 2918 5300 vel
2947 5243 3256 5299 meminisse
3280 5250 3329 5293 te
3359 5239 3500 5307 cogi-

1927 5348 2105 5406 tas.Et
2136 5354 2250 5402 toto
2279 5359 2464 5398 amore
2495 5351 2589 5396 tuo
2615 5340 2862 5394 eamdem
2888 5346 3055 5393 totam
3073 5343 3306 5391 mentem
3338 5338 3500 5399 atque

1924 5440 2170 5498 eamdem
2201 5445 2368 5493 totam
2391 5434 2778 5503 cogitationem
2816 5439 2961 5484 tuam
2991 5427 3183 5494 diligis,
3224 5438 3346 5477 eum
3386 5437 3503 5475 tne-

1923 5530 2147 5587 minisse
2175 5537 2230 5583 et
2258 5527 2499 5595 cogitare
2528 5534 2583 5579 te
2629 5522 2821 5592 diligis.
2854 5519 3038 5574 Nullus
3073 5523 3155 5571 est
3194 5521 3374 5566 tamen
3410 5510 3504 5581 qui

1914 5662 2070 5727 dux.,
2104 5665 2185 5719 Ad
2220 5666 2396 5726 istam,
2432 5664 2570 5735 quod
2599 5678 2731 5716 unus
2772 5658 2912 5712 Deus
2931 5669 3124 5718 sumus,
3148 5660 3200 5704 tu
3233 5651 3386 5706 Immo
3426 5653 3511 5725 [a-

1919 5744 2032 5791 ctm
2055 5753 2128 5796 es.
2156 5736 2478 5799 Trinitatem,
2512 5741 2615 5787 etc.
