3946 6182
451 415 554 467 733
707 449 711 454 -
1707 401 2022 458 MAMERTI

448 524 754 579 meminisse
783 528 837 573 et
865 519 1101 586 cogitare
1127 523 1183 570 et
1212 517 1316 569 hoc
1341 515 1516 583 ipsum
1542 527 1726 568 amare
1767 528 1877 566 non
1905 511 2026 566 dili-

449 621 536 681 gat
570 630 582 664 :
616 625 737 665 cum
765 615 943 661 autem
977 605 1069 658 tibi
1101 605 1155 658 in
1187 612 1373 658 mente
1412 609 1496 657 est
1536 602 1798 658 memoria
1829 602 2027 669 cogita-

450 702 608 755 tionis
632 707 687 754 et
716 697 915 752 amoris
950 697 1047 760 tui,
1081 696 1126 750 si
1169 704 1317 748 tanta
1349 693 1438 748 illa
1497 694 1790 748 meministi
1827 700 2027 762 quanta

448 801 586 857 sunt,
620 799 767 845 tanta
792 797 875 844 est
915 804 1070 843 mens
1117 796 1210 841 tua
1252 794 1452 855 quanta
1481 791 1611 839 sunt
1651 786 1761 839 illa.
1792 783 1866 843 Et,
1905 799 2028 838 cum

449 883 788 938 dilectionem
818 879 902 934 vel
955 887 1194 933 mentem
1233 886 1381 931 tuam
1419 878 1660 945 cogitas,
1701 876 1746 929 si
1777 882 1925 928 tanta
1963 889 2028 929 ea

450 979 648 1041 quanta
687 977 812 1024 sunt
851 969 1092 1035 cogitas,
1126 974 1274 1020 tanta
1310 972 1394 1020 est
1429 965 1685 1032 cogitatio
1715 972 1802 1017 tua
1829 972 2029 1033 quanta

453 1061 536 1114 illa
566 1068 710 1114 sunt.
756 1058 823 1112 Et
851 1059 897 1111 si
935 1065 1174 1111 mentem
1201 1056 1286 1109 vel
1334 1055 1713 1123 cogitationem
1755 1061 1901 1108 tuam
1931 1069 2030 1123 pro

451 1153 530 1206 sui
572 1153 732 1206 modo
770 1150 964 1218 diligis,
1010 1149 1128 1202 haec
1166 1155 1220 1202 et
1267 1163 1421 1200 amor
1460 1154 1582 1199 tuus
1619 1145 1844 1214 aequalia
1885 1154 2031 1200 certe

452 1255 596 1300 sunt.
625 1243 693 1297 Et
719 1245 762 1297 si
793 1258 852 1297 se
879 1241 1087 1309 singula
1115 1247 1226 1293 tota
1247 1237 1405 1293 simul
1420 1237 1505 1292 vel
1539 1243 1744 1301 ament,
1768 1236 1854 1290 vel
1880 1236 2030 1304 cogi-

453 1344 570 1390 tent
602 1335 686 1389 vel
713 1332 1094 1395 meminerint,
1137 1345 1246 1384 non
1278 1328 1484 1396 majora
1521 1335 1681 1382 erunt
1720 1334 1831 1381 tota
1871 1326 2032 1380 simul

452 1427 574 1487 tria,
607 1440 768 1492 quam
799 1424 882 1477 vel
922 1436 1078 1476 mens
1105 1427 1218 1474 tota
1249 1419 1450 1488 pariter
1485 1419 1749 1482 recolens,
1781 1417 1862 1471 vel
1886 1417 2034 1485 cogi-

455 1519 584 1572 tatiu
613 1524 724 1570 tota
755 1529 1103 1582 cognoscens,
1133 1508 1218 1566 vel
1249 1525 1403 1565 amor
1431 1517 1458 1547 κ
1489 1517 1599 1563 tota
1629 1509 1876 1576 diligens.
1909 1507 2034 1562 Haec

452 1617 506 1662 et
531 1609 586 1662 in
617 1616 669 1660 te
699 1621 817 1660 esse
846 1620 909 1659 ac
937 1604 1119 1673 potius
1147 1603 1250 1657 ista
1277 1609 1330 1655 te
1355 1615 1502 1665 esse,
1547 1615 1636 1655 me
1666 1600 1762 1654 tibi
1789 1599 2033 1654 radiante

455 1699 754 1766 cognoscis,
799 1696 845 1749 si
877 1696 998 1749 illos
1029 1694 1162 1748 mihi
1191 1693 1374 1746 oculos
1403 1691 1600 1759 quibus
1632 1705 1724 1744 me
1752 1691 1919 1744 videri
1959 1690 2037 1744 di-

454 1805 588 1858 gnor
616 1787 856 1842 attuleris
888 1804 900 1838 :
933 1798 1272 1852 nequaquam
1314 1797 1401 1836 me
1428 1781 1513 1834 vel
1542 1781 1893 1848 incorporeus
1921 1781 2031 1834 nisi

455 1887 709 1949 purgatus
729 1877 906 1942 videt;
930 1874 1214 1944 quominus
1235 1870 1403 1925 videri
1428 1885 1516 1926 me
1537 1885 1566 1924 a
1593 1878 1645 1925 te
1677 1878 1832 1940 putes
1849 1885 2028 1940 posse,

456 1972 500 2026 si
528 1969 760 2039 corpus?
787 1966 899 2034 Ego
927 1973 982 2020 et
1009 1973 1162 2034 pater
1189 1973 1244 2018 et
1270 1963 1467 2017 caritas
1506 1970 1689 2016 nostra
1718 1978 1856 2019 unus
1893 1961 2034 2018 Deus

458 2073 639 2116 sumus
668 2076 681 2110 :
715 2065 771 2111 tu
799 2071 953 2110 mens
980 2053 1256 2108 rationalis
1271 2060 1326 2105 et
1347 2051 1568 2106 verbum
1597 2052 1680 2106 vel
1708 2052 1923 2108 dilectio
1943 2061 2036 2107 tua

458 2166 592 2204 unus
621 2164 678 2203 es
707 2150 888 2212 homo,
921 2147 988 2201 ad
1029 2146 1429 2201 similitudinem
1476 2147 1711 2202 auctoris
1739 2147 1815 2200 tui
1844 2147 2032 2211 factus,

459 2255 565 2294 non
593 2239 659 2293 ad
703 2239 1080 2306 :equalitatem,
1133 2244 1346 2291 creatus
1398 2252 1614 2308 nempe,
1647 2253 1753 2292 non
1801 2239 2034 2305 genitus.

458 2329 740 2384 Formatus
767 2344 825 2383 es
851 2329 982 2396 ipse,
1015 2343 1122 2382 non
1166 2325 1441 2380 formator.
1470 2325 1683 2381 Recede
1711 2327 1778 2380 ab
1807 2327 1890 2381 his
1917 2341 2036 2395 quae

459 2420 592 2475 infra
623 2427 676 2475 te
703 2427 844 2485 sunt,
883 2419 1058 2473 minus
1097 2418 1282 2486 utique
1305 2415 1559 2483 formata,
1601 2419 1705 2472 hoc
1732 2425 1815 2472 est
1861 2418 2036 2473 minus

459 2511 689 2567 formosa
725 2526 886 2580 quam
927 2517 983 2563 tu
1019 2524 1097 2563 es.
1130 2507 1339 2562 Accede
1379 2507 1670 2562 formatrici
1702 2507 1884 2562 formae
1927 2523 2036 2576 quo

459 2605 630 2673 possis
649 2618 766 2657 esse
793 2601 1094 2663 formosior,
1141 2599 1420 2667 eidemque
1463 2615 1677 2669 semper
1704 2599 2033 2668 adjimgere;

459 2697 582 2766 quia
612 2703 761 2749 tanto
790 2695 856 2748 ab
886 2695 974 2748 illa
1021 2693 1219 2762 speciei
1249 2692 1478 2762 amplius
1523 2693 1722 2762 capies,
1753 2692 1954 2760 quanto
1985 2699 2038 2746 te

459 2786 534 2840 illi
563 2786 800 2841 caritatis
838 2784 1073 2853 pondere
1102 2783 1270 2849 magis
1299 2783 1652 2851 impresseris.
1702 2781 1782 2835 Ab
1811 2781 1899 2834 illa
1926 2781 2036 2835 sci--

459 2876 585 2930 licet
611 2875 878 2930 obtinebis
906 2858 1150 2941 imaginis
1181 2872 1337 2939 hujus
1361 2871 1795 2925 indemutabilem
1817 2877 2034 2937 statum,

460 2982 492 3021 a
521 2982 624 3036 qua
653 2966 928 3035 sumpsisti
973 2964 1311 3034 principium.
1365 2962 1492 3016 Hrec
1537 2968 1612 3016 ει-
1638 2961 1764 3014 talia
1804 2961 2039 3030 loquitur

393 3058 398 3064 ’
460 3058 661 3112 veritas
687 3057 754 3110 ad
791 3070 974 3110 aurem
1003 3053 1181 3109 cordis
1214 3054 1563 3116 intrinsecus,
1595 3051 1892 3106 admonens
1917 3066 2036 3116 nos,

464 3147 679 3216 utquod
709 3147 774 3201 ad
801 3144 1202 3202 similitudinem
1234 3145 1540 3213 incorporei
1567 3144 1683 3209 Dei,
1728 3159 1837 3199 non
1867 3143 1931 3202 ad
1960 3145 2035 3200 si-

464 3236 815 3291 militudinem
838 3236 1083 3306 corporei
1113 3235 1296 3289 mundi
1319 3235 1441 3289 facti
1464 3250 1666 3298 sumus,
1692 3234 2038 3304 iucorporeos

465 3343 562 3382 nos
585 3343 704 3382 esse
729 3343 1130 3396 cognoscamus,
1159 3343 1266 3381 non
1291 3327 1462 3382 solum
1491 3327 1614 3397 quia
1644 3325 1757 3382 Deo
1785 3327 2039 3398 incorpo-

466 3431 558 3472 reo
582 3419 782 3473 similes
808 3433 1018 3485 sumus,
1049 3416 1146 3472 sed
1183 3417 1348 3472 etiam
1385 3416 1510 3484 quia
1546 3429 1813 3486 corporeo
1841 3413 2040 3471 mundo

465 3509 762 3565 dissimiles.

1007 3596 1235 3653 CAPUT
1272 3592 1481 3651 XXVII.

467 3690 615 3756 Quod
667 3691 874 3761 quilibet
927 3689 1108 3744 absens
1167 3705 1381 3761 corpore
1437 3703 1614 3740 carum
1667 3703 1813 3741 suum
1875 3695 2042 3742 mento

1157 3758 1344 3812 videat.

537 3871 675 3927 Ecce
700 3873 766 3926 de
791 3879 932 3925 statu
960 3871 1040 3925 vel
1066 3871 1276 3924 visione
1319 3870 1596 3924 rationalis
1633 3871 1824 3924 anima:
1867 3869 2043 3924 inlini-

469 3971 641 4017 tarum
687 3977 786 4030 pro
827 3959 1136 4027 quzcstionis
1174 3959 1540 4026 magnitudine
1566 3961 1856 4024 rationum,
1887 3961 2042 4016 tactis

467 4051 702 4106 breviter
745 4049 926 4119 potius
969 4047 1145 4102 causis
1181 4062 1342 4116 quam
1382 4049 1513 4103 satis
1558 4065 1725 4119 usque
1769 4050 2038 4116 discussis,

467 4142 699 4196 arbitror
718 4157 804 4197 me
831 4141 898 4196 de
926 4142 1233 4198 illocalitate
1271 4151 1431 4212 atque
1461 4145 1894 4215 incorporalitate
1921 4146 2040 4199 ani-

468 4249 568 4288 mae
594 4234 861 4290 sufficiens
889 4235 1100 4290 dedisse
1136 4250 1470 4305 responsum.
1508 4236 1586 4291 Tu
1615 4253 1756 4291 nunc
1785 4239 1856 4290 ita
1887 4237 2044 4304 longe

468 4323 775 4396 disparilem
826 4325 1069 4394 infraque
1121 4327 1352 4395 positam
1407 4327 1685 4382 evidenter
1741 4327 2044 4393 intelligens

469 4428 785 4482 corpoream
820 4417 1107 4482 visionem,
1149 4432 1256 4470 non
1286 4417 1512 4472 ulterius
1553 4417 1660 4472 isto
1697 4417 1917 4486 iacteris
1961 4418 2045 4472 in-

563 4583 579 4601 "
603 4577 680 4628 Al.
711 4585 864 4628 (012:3.

1108 4920 1336 4978 CAPUT
1374 4921 1413 4976 Ι.

544 5051 647 5107 Cur
684 5051 822 5107 Deus
846 5063 949 5108 tam
968 5071 1103 5126 sape
1129 5057 1414 5126 oppugnari
1442 5056 1701 5108 veritatem
1720 5054 1965 5123 patiatur.

541 5187 916 5255 Smpenumero
938 5201 1143 5241 mecum
1167 5185 1435 5255 reputanti
1456 5185 1584 5239 mihi
1613 5200 1848 5254 quonam
1883 5191 2042 5254 pacto

471 5276 916 5331 excellentissima
973 5276 1170 5329 veritas
1237 5283 1442 5329 tantum
1491 5275 1823 5328 inimicorum
1871 5281 2043 5329 semet

473 5367 670 5421 habere
691 5366 921 5430 sciverit,
946 5373 1066 5435 post
1087 5365 1310 5419 multum
1331 5365 1397 5420 de
1418 5365 1518 5420 hac
1538 5365 1722 5420 eadem
1744 5365 2040 5434 qumstione

473 5466 754 5513 tractatum
785 5474 891 5512 non
921 5457 1285 5528 improbabilis
1317 5456 1472 5520 ratio,
1503 5455 1658 5510 sicuti
1701 5470 1842 5520 reor,
1876 5469 2041 5524 appa-

472 5550 579 5602 ruit
611 5568 623 5601 :
657 5551 834 5604 omnia
864 5550 1068 5605 scilicet
1103 5549 1488 5617 dignoscuutur
1523 5549 1715 5602 melius
1743 5549 2042 5603 contrario-

473 5654 591 5691 rum
613 5641 1026 5709 comparatione.
1059 5640 1148 5695 Sic
1192 5638 1437 5709 equidem
1477 5639 1655 5694 lumen
1685 5638 1936 5701 tenebris,
1967 5638 2044 5692 sic

392 5734 395 5735 '
475 5730 581 5781 vita
622 5732 801 5794 morti,
832 5733 908 5786 sic
936 5733 1133 5786 veritas
1163 5732 1379 5787 falsitati
1408 5731 1714 5799 composita
1745 5730 1863 5799 plus
1893 5729 2040 5783 dele-

474 5824 603 5872 ctat.
633 5818 878 5885 Oportuit
907 5823 1062 5886 igitur
1091 5824 1249 5876 hasce
1277 5823 1554 5875 distantias
1600 5838 1696 5890 pro
1738 5825 1847 5875 suis
1876 5820 2043 5887 quali-

2060 397 2430 458 CLAUDIA‘N!
3581 401 3672 460 756

2058 525 2099 575 Α
2131 519 2300 575 certo,
2332 509 2463 565 utsi
2515 524 2692 566 .arum
2735 515 2906 574 tuum,
2937 507 3075 564 sicut
3117 508 3233 578 ipse
3259 508 3407 570 dicis.
3433 510 3673 569 absentem

2128 603 2354 670 cogitas,
2389 601 2587 657 idcirco
2625 599 2874 655 eumdem
2915 600 3040 668 quia
3082 600 3178 654 tibi
3206 601 3550 669 corporaliter
3585 619 3676 659 nou

2130 702 2370 763 apparet,
2415 691 2602 748 credas
2649 692 2955 756 absentem;
3001 690 3125 758 quia
3169 691 3215 744 si
3267 690 3362 744 tibi
3398 691 3449 745 in
3491 692 3571 746 illa
3609 694 3678 752 sui

2131 793 2284 853 parte
2312 797 2470 840 carus
2517 791 2618 847 est,
2650 797 2755 851 qua
2784 790 3010 850 uterque
3054 781 3303 835 homines
3331 781 3475 847 estis,
3503 791 3552 837 et
3589 798 3678 853 qua

2129 883 2338 930 vosmet
2364 875 2565 928 vicario
2597 889 2782 928 amore
2828 873 3062 941 diligitis,
3120 872 3193 926 ita
3227 871 3324 926 tibi
3351 872 3436 927 ille
3476 889 3681 941 praesens

2131 971 2231 1031 est,
2264 972 2323 1018 ut
2349 971 2408 1018 tu
2438 965 2557 1040 ipse
2580 965 2693 1018 tibi.
2725 963 2992 1033 Quidquid
3019 963 3163 1018 enim
3197 971 3252 1016 tu
3282 978 3340 1017 es
3384 963 3679 1018 substantia-

2131 1054 2272 1119 liter,
2303 1054 2410 1109 hoc
2439 1041 2545 1109 ille;
2576 1062 2680 1108 est.
2717 1053 2863 1109 Visio
2895 1067 3022 1106 vero
3053 1053 3356 1107 intellectus
3384 1060 3462 1108 est
3495 1053 3678 1109 animm.

2134 1145 2188 1199 Si
2235 1153 2288 1200 te
2324 1145 2494 1208 vides,
2527 1145 2672 1198 illum
2701 1143 2850 1199 vides
2877 1145 2969 1212 qui
2999 1144 3128 1198 nihil
3156 1152 3242 1198 est
3267 1143 3410 1197 aliud
3431 1158 3578 1211 quam
3603 1154 3677 1210 tu;

2132 1237 2286 1304 quisi
2317 1237 2669 1307 corporaliter
2696 1236 2989 1300 assisteret,
3020 1251 3118 1305 per
3144 1236 3297 1304 signa
3321 1244 3464 1291 certe
3507 1253 3677 1306 corpo-

2133 1327 2206 1380 ris
2233 1326 2562 1393 agnitionem
2589 1326 2672 1380 sui
2693 1326 2788 1380 tibi
2817 1325 3035 1381 faceret.
3064 1324 3169 1380 Per
3203 1341 3324 1395 qum
3349 1328 3393 1382 si
3422 1327 3541 1381 illud
3566 1329 3683 1384 forte

2133 1415 2368 1484 cepisses
2395 1414 2669 1480 indicium,
2693 1430 2801 1485 quo
2829 1416 3073 1470 eumdem
3107 1416 3205 1470 tibi
3236 1416 3502 1470 inimicum
3528 1419 3681 1487 potius

2134 1523 2252 1562 esse
2273 1521 2646 1576 cognosceres,
2679 1507 3020 1561 reverberata
3061 1507 3249 1575 utique
3297 1507 3570 1563 affectuum
3610 1509 3679 1563 di-

2132 1599 2432 1667 sparilitate
2479 1598 2656 1653 anima
2703 1605 2794 1652 tua
2845 1599 2912 1652 ab
2949 1597 3068 1667 ejus
3096 1599 3276 1652 anima
3322 1598 3682 1669 quodammodo

2134 1690 2364 1744 resiliret
2385 1731 2399 1756 ,
2451 1697 2506 1744 et
2538 1690 2590 1743 in
2622 1705 2730 1743 uno
2767 1689 3120 1758 corporaliter
3144 1690 3303 1754 loco,
3335 1699 3490 1758 atque
3532 1689 3579 1742 in
3605 1704 3684 1743 eo-

2135 1782 2274 1844 dem,
2306 1781 2350 1835 si
2379 1787 2556 1850 potest
2583 1779 2706 1843 dici,
2738 1779 2980 1846 vestigio,
3013 1780 3144 1834 satis
3165 1779 3375 1834 scilicet
3401 1779 3578 1834 essetis
3603 1794 3683 1832 vo-

2065 1895 2106 1952 B
2137 1875 2396 1926 lnntatum
2425 1872 2735 1926 diversitate
2763 1870 3007 1939 sejuncti.
3032 1870 3187 1937 Quod
3233 1886 3355 1926 cum
3384 1871 3454 1924 ita
3486 1871 3566 1935 sit,
3593 1885 3682 1923 non

2137 1962 2370 2017 arbitror
2394 1963 2604 2016 animos
2623 1961 3051 2030 sequestratione
3073 1961 3268 2028 disjici,
3317 1975 3451 2029 quos
3475 1961 3684 2015 videmus

2131 2051 2331 2120 junctis
2352 2050 2670 2120 corporibus
2709 2065 2866 2120 posse
2891 2050 3147 2119 separari.
3178 2049 3258 2106 Ac
3287 2050 3501 2120 perinde
3523 2066 3683 2120 parum

2135 2149 2236 2205 est,
2266 2141 2408 2209 quod
2435 2140 2674 2196 efficiunt
2707 2155 2936 2210 corpora
2960 2141 3158 2194 mutuis
3187 2141 3486 2195 animorum
3512 2154 3684 2208 repue-

2134 2231 2542 2295 sentationibus,
2571 2231 2614 2285 si
2646 2246 2753 2284 non
2783 2236 2874 2283 aut
2901 2246 2998 2299 per
3024 2230 3214 2285 eadem
3248 2231 3301 2284 in
3329 2246 3387 2284 se
3424 2232 3584 2297 imago
3607 2227 3686 2286 Dei

2135 2321 2411 2389 quaeritur,
2444 2329 2536 2374 aut
2566 2321 2680 2390 ipsa
2709 2328 3032 2390 quaerantur.
3066 2318 3320 2374 Miserum
3360 2333 3578 2389 namque
3618 2326 3687 2372 est

2135 2413 2469 2481 multumque
2491 2428 2621 2467 vero
2663 2411 3008 2474 contrarium,
3060 2418 3120 2465 ut
3162 2411 3341 2479 imago
3370 2410 3480 2474 Dei,
3520 2410 3565 2464 id
3599 2417 3684 2476 est,

2135 2520 2294 2558 verus
2323 2505 2504 2569 homo,
2537 2520 2634 2573 per
2661 2519 2858 2572 corpus
2887 2505 3064 2573 potius
3091 2518 3254 2572 quam
3284 2519 3381 2574 per
3406 2518 3463 2557 se
3506 2516 3685 2571 quiera-

2137 2603 2243 2649 tur.
2275 2592 2377 2651 Per
2405 2611 2464 2650 se
2487 2603 2664 2649 autem
2691 2596 2948 2664 qureritur
2970 2606 3130 2664 atque
3159 2597 3518 2665 cognoscitur,
3545 2596 3583 2650 si
3608 2609 3685 2664 per

2137 2687 2428 2754 imaginem
2479 2687 2571 2741 Dei
2617 2687 2894 2754 quaeritur.
2945 2686 3123 2755 Imago
3171 2697 3356 2743 autem
3404 2689 3512 2753 Dei,
3541 2687 3686 2742 omnis

2137 2776 2313 2830 anima
2341 2776 2624 2830 rationalis
2651 2783 2752 2831 est.
2805 2774 3034 2831 Proinde
3077 2779 3171 2845 qui
3215 2793 3276 2833 se
3318 2779 3582 2847 imaginem
3607 2777 3684 2833 Dei

2105 2869 2347 2937 -qu:erit,
2379 2877 2485 2923 tam
2515 2884 2573 2923 se
2601 2884 2761 2939 quam
2791 2869 3092 2938 proximum
3116 2873 3339 2938 quaarit.
3372 2870 3438 2924 Et
3463 2872 3547 2942 qui
3563 2870 3683 2925 illam

2139 2960 2191 3013 in
2217 2976 2276 3015 se
2302 2961 2591 3029 quaerendo
2620 2963 2950 3031 cognoverit,
2984 2963 3034 3016 in
3066 2964 3211 3017 omni
3238 2964 3476 3020 eamdem
3497 2964 3686 3018 homine

2137 3052 2492 3119 recognoscit.
2544 3052 2623 3105 Tu
2661 3059 2840 3106 autem
2887 3069 2992 3107 non
3037 3055 3310 3110 immerito
3338 3071 3512 3110 carum
3555 3066 3680 3111 tuum

2139 3142 2412 3196 absentem
2441 3150 2494 3198 te
2522 3143 2723 3199 habere
2747 3145 3014 3208 causaris,
3047 3145 3100 3199 in
3142 3159 3258 3214 quo
3301 3163 3490 3217 corpus
3511 3147 3675 3214 diligis.

2065 3262 2111 3323 C
2143 3233 2251 3288 Nec
2277 3234 2420 3289 aliud
2446 3250 2607 3306 quam
2635 3242 2831 3306 corpus
2856 3237 3078 3305 diligere
3122 3239 3174 3292 in
3221 3239 3317 3294 illo
3355 3248 3521 3310 potes,
3548 3253 3681 3310 quem

2141 3340 2248 3378 non
2278 3326 2449 3379 credis
2475 3341 2595 3380 esse
2625 3327 2725 3379 nisi
2754 3341 2970 3395 corpus.
3016 3327 3184 3395 Dilige
3234 3329 3401 3384 Deum
3430 3337 3582 3391 tuum,
3620 3327 3686 3380 di-

2141 3411 2245 3482 lige
2275 3414 2325 3468 in
2354 3415 2465 3469 Deo
2503 3422 2594 3468 tuo
2633 3430 2818 3470 carum
2861 3425 3038 3480 tuum,
3067 3419 3355 3486 imaginem
3383 3419 3475 3474 Dei
3504 3420 3589 3473 tui.
3612 3417 3686 3471 Illa

2144 3513 2196 3559 te
2233 3505 2457 3574 perinde
2498 3505 2767 3575 diligendo
2797 3506 2962 3561 Deum
2992 3507 3042 3560 in
3091 3507 3201 3563 Deo
3250 3511 3452 3579 diligat.
3489 3510 3540 3565 Si
3567 3518 3687 3564 uter-

2141 3613 2245 3667 que
2273 3616 2436 3654 unum
2465 3599 2725 3668 quaeritis,
2757 3599 2824 3653 ad
2852 3613 3016 3654 unum
3064 3600 3317 3666 tenditis;
3349 3618 3551 3671 semper
3573 3599 3685 3669 apud

2143 3691 2372 3746 invicem
2418 3693 2588 3757 eritis,
2634 3692 2760 3762 quia
2803 3691 2856 3744 in
2885 3705 2994 3744 uno
3042 3692 3357 3747 consistitis.
3402 3692 3513 3746 Non
3541 3699 3687 3745 autem

2140 3784 2298 3838 video
2317 3785 2461 3854 quod
2494 3783 2607 3838 fieri
2650 3791 2831 3854 queat,
2879 3793 2940 3836 ut
2985 3793 3213 3853 corpora
3264 3786 3320 3838 in
3349 3799 3504 3838 unum
3543 3783 3686 3852 posita

2140 3874 2425 3943 prmseutia
2455 3874 2557 3928 sibi
2585 3888 2702 3927 esse
2729 3874 2954 3943 possint,
2987 3881 3042 3926 et
3069 3873 3234 3926 animi
3273 3875 3326 3928 in
3357 3889 3460 3928 uno
3488 3886 3688 3942 praesen-

2144 3971 2224 4019 tes
2248 3963 2350 4017 sibi
2379 3978 2501 4017 esse
2529 3978 2635 4018 non
2665 3964 2888 4031 possint.
2922 3963 3026 4018 Sed
3059 3964 3319 4032 quoniam
3367 3965 3494 4020 liber
3517 3965 3605 4018 iste
3635 3958 3687 4011 li-

2142 4067 2265 4108 nem
2295 4053 2517 4120 ﬂagitat,
2549 4068 2616 4107 eo
2645 4053 2787 4122 quod
2832 4053 3100 4121 aliquibus
3137 4054 3423 4124 superﬁcie
3459 4063 3598 4107 tenus
3621 4057 3688 4102 at-

2147 4146 2324 4208 tactis,
2356 4146 2649 4215 quamlibet
2671 4145 2835 4199 multa
2866 4145 3146 4200 brevitatis
3175 4148 3355 4202 studio
3394 4147 3544 4201 missa
3567 4143 3685 4197 fece-

2147 4237 2266 4299 rim,
2293 4252 2402 4290 non
2432 4245 2614 4291 tamen
2655 4237 2902 4290 omnibus
2947 4252 3046 4305 pro
3091 4252 3268 4292 causaa
3295 4236 3592 4294 excellentia
3615 4249 3686 4287 su-

2146 4327 2356 4397 persedi
2389 4345 2402 4380 :
2434 4343 2553 4396 qua:
2578 4336 2702 4396 post
2745 4328 2871 4382 hinc
2914 4328 3232 4398 disputanda
3274 4339 3417 4395 sunt,
3460 4324 3686 4400 principio

2144 4416 2366 4473 secundi
2389 4418 2672 4474 voluminis
2691 4417 2981 4473 ordiamur.

1411 4759 1878 4867 LIBER
1948 4705 2809 4864 SECUNDUS.

2069 4928 2121 4987 D
2147 4917 2346 4972 tatibus
2367 4916 2468 4970 sibi
2492 4925 2770 4987 compotes
2813 4917 2993 4972 sortiri
3031 4928 3308 4988 patronos,
3361 4926 3414 4972 ut
3460 4931 3550 4971 nec
3588 4911 3683 4968 falsi

2144 5011 2338 5063 lateret
2379 5005 2648 5070 defensor,
2694 5023 2792 5062 nec
2821 5007 2932 5060 veri
2979 5017 3193 5063 vacaret
3240 5015 3488 5062 assertor.
3527 5005 3682 5072 itaque

2146 5099 2298 5152 ﬁeret
2325 5106 2383 5151 ut
2410 5112 2511 5150 nec
2540 5097 2628 5150 ille
2656 5097 2824 5164 magis
2869 5105 3088 5174 qoceret
3127 5099 3389 5164 occultus,
3434 5111 3527 5151 nec
3565 5092 3680 5146 otio-

2143 5206 2233 5245 sus
2253 5187 2355 5244 iste
2375 5193 2630 5257 torperet.

2528 5267 2551 5282 “
2757 5275 2983 5332 CAPUT
3020 5276 3083 5331 11.

2147 5369 2414 5435 Quomodo
2455 5368 2746 5438 philosOphi
2793 5367 2970 5438 mundi
3009 5367 3364 5438 indagaueriut
3405 5368 3674 5423 ueritatem,

2320 5436 2676 5510 gradatimque
2719 5437 2788 5491 ad
2813 5436 2994 5491 «Deum
3013 5436 3170 5509 usque
3198 5438 3524 5509 pervenerint;

2215 5551 2254 5605 l.
2298 5551 2366 5604 Et
2393 5550 2645 5620 quoniam
2670 5549 2972 5604 mortalium
2992 5550 3174 5618 generi
3203 5558 3387 5605 natura
3426 5549 3589 5602 datum
3608 5545 3676 5595 est

2147 5652 2207 5697 ut
2225 5643 2469 5697 absmisa
2501 5642 2690 5696 fortius
2716 5649 2940 5709 quaerat,
2971 5653 3028 5697 ut
3057 5652 3248 5710 negata
3299 5643 3457 5710 magis
3480 5635 3670 5692 ambiat.

2149 5743 2205 5788 ut
2226 5734 2430 5787 tardius
2456 5731 2646 5801 adepta
2681 5734 2799 5802 plus
2827 5733 3037 5803 diligat;
3070 5744 3124 5788 et
3152 5752 3218 5791 eo
3242 5733 3529 5804 ﬂagrantius
3547 5739 3670 5782 ame-

2149 5834 2232 5876 tur
2264 5825 2456 5877 veritas
2487 5836 2592 5888 quo
2623 5823 2704 5876 vel
2735 5823 2932 5877 diutius
2964 5825 3319 5889 desideratur,
3365 5824 3440 5878 vel
3471 5815 3666 5876 laborio-
