3920 6176
225 252 325 311 737

1420 246 1506 303 DE
1542 241 1765 302 STATU
1806 240 2044 299 ANIMI:
2083 241 2212 299 LIB.
2252 241 2317 297 ll.

3404 247 3507 304 738

221 368 332 424 sius
372 366 648 436 quarritur,
679 363 765 421 vel
811 363 1017 420 tardius
1055 363 1328 419 invenitur
1379 380 1393 415 :
1442 361 1572 417 hinc
1616 359 1819 415 factum
1850 356 2167 426 Ajudicare
2194 366 2250 413 et
2271 357 2529 426 judicari,
2560 373 2787 429 corpora
2827 360 3055 429 judieari
3096 376 3195 417 nec
3239 361 3502 431 judicare.

222 468 305 515 est
360 464 423 512 ut
469 456 778 527 philosophi
828 469 1046 526 quoque
1098 454 1492 510 excellentibus
1540 451 1773 521 ingeniis
1794 491 1811 516 ,

224 546 552 604 multimodis
577 545 866 611 doctrinis,
897 545 1258 615 pugnantibus
1300 542 1606 607 sententiis,
1639 541 1817 609 longis

225 639 433 694 seculis
459 638 527 694 de
555 637 743 692 eadem
771 637 1001 692 veritate
1026 644 1359 715 qmerentes,
1409 635 1477 690 ab
1500 649 1673 704 usque
1713 632 1815 705 Py-

227 730 450 799 thagora
495 727 679 783 Italico
707 727 793 782 vel
831 726 1016 783 Ionico
1061 726 1285 781 Thalete
1335 740 1548 796 semper
1590 725 1816 780 exstite-

226 822 353 888 rint,
382 822 474 891 qui
512 820 898 875 dissidentibus
937 819 1057 874 aliis
1085 819 1170 874 vel
1195 819 1250 873 in
1295 822 1448 887 parte
1502 816 1683 887 operis
1720 815 1818 870 ali-
1852 890 1855 897 λ

226 913 354 984 quid
374 914 597 982 dignum
622 920 770 966 tanta
800 912 991 981 indage
1025 912 1309 967 sentirent.
1343 908 1499 967 Unde
1523 912 1687 966 etiam
1708 909 1819 964 Do—

229 1014 347 1061 ctor
369 1004 611 1073 gentium
658 1018 769 1058 non
810 1010 918 1057 tam
965 1002 1185 1070 ignaros
1211 1000 1325 1055 veri
1352 999 1705 1070 philosophos
1732 998 1820 1067 ju«

229 1094 392 1159 dicat,
424 1108 589 1161 quam
611 1092 814 1161 cogniti
843 1098 1246 1161 contemptores
1263 1097 1506 1171 accusat,
1525 1090 1770 1159 inquiens
1801 1105 1815 1141 :

232 1184 522 1239 Invisibitia
558 1182 659 1236 Dei
680 1223 695 1247 ,
728 1200 760 1236 a
797 1192 1037 1236 creatura
1070 1181 1267 1246 mundi,
1309 1197 1399 1251 per
1430 1196 1493 1234 ea
1529 1196 1645 1252 qua!
1677 1181 1822 1251 facta

228 1274 652 1339 suut,in1ellecta
692 1274 1081 1343 conspiciuntur
1109 1288 1127 1327 :
1162 1272 1472 1343 sempiterna
1505 1287 1699 1342 quoque
1719 1271 1822 1325 uir-

231 1376 310 1421 tus
337 1366 447 1437 ejus
467 1373 518 1418 et
539 1365 816 1428 diuinitas;
848 1370 905 1416 ut
944 1364 1050 1417 sint
1079 1361 1458 1416 inexcusabile:
1488 1378 1506 1415 :
1536 1361 1673 1432 quod
1706 1376 1821 1415 cum

230 1457 588 1527 cognovissent
624 1452 810 1515 Deum,
854 1469 958 1506 non
996 1453 1131 1506 sicut
1168 1450 1334 1506 Deum
1366 1451 1824 1521 magniﬁcaverunt

232 1546 412 1617 (Rom.
439 1562 481 1610 ι,
507 1544 594 1609 20,
625 1543 737 1612 ﬁl).
770 1542 912 1613 Ergo
941 1551 1345 1612 cognoverunt,
1387 1550 1443 1597 et
1471 1542 1709 1611 ingressa
1738 1551 1823 1598 est

231 1637 530 1691 divinitatis
564 1634 755 1689 abditze
783 1649 936 1690 mens
964 1632 1196 1687 humana
1231 1638 1525 1697 secretum,
1555 1639 1825 1686 transcen-

1922 446 2077 503 Tunc
2112 457 2290 504 autem
2319 448 2539 505 minime
2580 449 2689 504 falli
2713 450 3061 519 judicavit“),
3108 469 3230 509 cum
3271 456 3509 514 adhaeret

1917 539 1993 594 illi
2020 539 2313 595 secundum
2339 541 2484 609 quod
2507 541 2715 610 judicat
2739 560 2751 594 :
2778 550 2904 599 tunc
2930 546 3162 600 niaximc:
3193 562 3314 602 cum
3341 548 3507 602 colla-

1917 630 2065 685 bitur
2083 632 2153 686 ad
2175 632 2306 686 illud
2324 631 2390 687 de
2404 648 2512 702 quo
2527 633 2750 702 judicat.
2768 634 3032 691 lntellexit
3050 649 3508 709 quoquepropter

1917 720 2307 777 immutabilem
2331 722 2440 776 vim
2467 724 2860 780 contrariorum
2878 767 2892 792 ,
2928 727 3067 782 sicut
3096 731 3345 785 tenebras
3375 731 3502 795 luci,

1919 811 2058 867 sicut
2084 813 2331 869 essentia:
2358 813 2617 879 nihilum,
2660 815 2734 870 ita
2775 816 3097 888 incorporeo
3141 835 3337 890 corpus
3384 836 3504 877 esse

1920 901 2267 956 contrarium.
2314 901 2383 955 Et
2427 903 2561 957 vidit
2603 905 3005 962 similitudinem
3049 908 3305 980 cujusque
3341 913 3419 967 rei
3446 912 3503 967 in

1921 992 2190 1047 contraria
2217 1007 2338 1048 esse
2372 1008 2479 1048 non
2523 1009 2711 1065 posse,
2739 996 2863 1064 quia
2891 996 3141 1052 videlicet
3169 1000 3387 1054 immota
3414 1017 3502 1055 re-

1921 1099 2043 1139 rum
2068 1086 2204 1141 ratio
2233 1102 2341 1141 non
2358 1088 2527 1155 sinat,’
2546 1097 2604 1143 ut
2625 1089 2824 1158 aliquid
2843 1091 2986 1144 vivat
3007 1099 3300 1156 mortuum,
3324 1094 3504 1149 videat

1922 1191 2143 1243 aecum,
2172 1179 2467 1235 substantia
2517 1182 2587 1236 sit
2633 1182 2792 1236 simul
2841 1191 2895 1236 et
2923 1183 3167 1238 nihilum.
3220 1184 3315 1239 Hic
3345 1186 3505 1252 igitur

1922 1267 2226 1337 intelligens
2253 1272 2494 1327 nonnihil
2519 1273 2570 1327 in
2592 1274 2768 1327 anima
2790 1274 3018 1329 humana
3040 1289 3157 1330 esse
3177 1275 3289 1331 Deo
3309 1276 3503 1336 simile.

1921 1360 2044 1428 quia
2073 1361 2144 1414 sit
2170 1362 2260 1416 ille
2289 1362 2464 1419 lumen
2494 1365 2830 1430 illuminans,
2862 1373 2918 1419 et
2958 1366 3072 1421 haec
3097 1366 3277 1420 iumen
3306 1367 3499 1421 illumi-

1923 1450 2126 1515 nabile;
2178 1451 2550 1522 incorporeum
2592 1469 2652 1509 se
2697 1470 2803 1509 non
2845 1453 3006 1510 dubie
3048 1455 3317 1521 decrevit,
3368 1457 3501 1511 illud

1925 1542 2185 1612 adjiciens
2211 1561 2224 1596 :
2249 1545 2395 1615 quod
2420 1546 2465 1599 si
2489 1546 2668 1600 anima
2689 1561 2886 1615 corpus
2914 1554 3074 1610 esset,
3098 1555 3153 1601 et
3177 1548 3292 1602 haec
3313 1549 3502 1602 eadem

1925 1636 2218 1691 similitudo
2246 1636 2341 1691 Dei
2388 1645 2562 1702 esset,
2612 1651 2906 1706 corporeus
2950 1650 3081 1703 ergo
3127 1637 3267 1692 Deus
3312 1644 3456 1692 esset
3487 1655 3513 1703 ;,

229 1727 417 1795 sisque
445 1725 722 1794 corporeis
750 1723 999 1779 omnibus
1026 1724 1268 1789 emetita,
1292 1722 1368 1776 ita
1395 1722 1543 1776 illum
1571 1720 1821 1776 videlicet
1854 1728 1897 1787 Β
1914 1724 2171 1794 justeque
2199 1726 2388 1780 maluit
2411 1732 2635 1796 propter
2654 1725 3054 1780 similitudinem
3087 1727 3348 1781 creatoris
3373 1727 3505 1780 sub-

230 1816 602 1870 universitatis
646 1814 779 1868 vidit
811 1828 931 1869 esse
977 1822 1314 1876 creatorem,
1365 1812 1458 1880 qui
1495 1827 1603 1866 non
1645 1812 1820 1867 solum

231 1922 501 1976 corporea
532 1907 779 1960 universa
811 1905 1053 1975 praeiret,
1085 1905 1223 1959 sicut
1248 1902 1576 1958 irrationalis
1602 1902 1819 1968 anima;

230 2014 415 2068 neque
444 1999 582 2053 hanc
621 1999 806 2062 etiam,
855 1997 995 2052 sicut
1022 1995 1303 2051 rationalis
1329 1994 1695 2056 antecelleret,
1726 1994 1824 2049 sed

229 2093 330 2162 qui
380 2092 467 2145 bis
512 2090 670 2145 simul
717 2089 966 2144 omnibus
1008 2089 1165 2157 longe
1212 2088 1537 2156 incorporali
1582 2087 1823 2167 potentia

232 2190 540 2254 praestaret.
576 2180 801 2235 Videbat
829 2180 975 2235 enim
1015 2179 1221 2234 moveri
1258 2193 1453 2249 corpus
1479 2193 1577 2248 per
1622 2179 1740 2233 loca
1767 2185 1826 2232 et

233 2283 507 2343 tempora,
538 2288 660 2327 cum
687 2273 771 2326 vel
798 2271 866 2326 de
913 2271 1032 2326 loco
1061 2272 1116 2324 in
1147 2270 1320 2325 locum
1368 2270 1604 2335 cederet,
1632 2268 1719 2323 vel
1743 2281 1820 2322 tc-

231 2372 408 2420 tatem
435 2363 690 2433 temporis
721 2362 1115 2417 transcursione
1152 2367 1406 2414 mutaret.
1445 2359 1601 2430 Apud
1627 2374 1685 2414 se
1714 2359 1820 2413 ita-

232 2471 350 2528 que
386 2456 657 2526 paululum
689 2454 946 2518 constitit,
998 2451 1401 2523 potentiamque
1430 2450 1513 2505 sui
1556 2465 1661 2504 non
1704 2449 1822 2504 sine

233 2550 473 2604 horrore
501 2547 816 2618 suspiciens,
840 2545 1185 2614 quicrendum
1212 2559 1282 2598 ne
1309 2558 1468 2612 supra
1505 2557 1565 2597 se
1593 2540 1817 2612 aliquid,

232 2658 317 2697 an
346 2641 400 2694 in
429 2654 488 2694 se
514 2646 656 2694 esset
678 2637 1083 2694 consistendum
1128 2634 1252 2701 sibi,
1282 2632 1563 2689 dubitavit.
1594 2631 1699 2687 Sed
1724 2632 1823 2686 du-

226 2734 500 2789 bitantem
526 2745 585 2786 se
612 2746 717 2785 non
756 2745 876 2785 esse
904 2729 1073 2783 Deum
1097 2727 1343 2782 dubitare
1371 2741 1479 2780 non
1510 2726 1701 2795 potuit,
1734 2723 1824 2779 cui

229 2837 404 2880 causa
450 2822 737 2877 dubietatis
782 2820 1048 2889 ignoratio
1087 2824 1230 2872 esset
1271 2835 1284 2869 :
1339 2831 1449 2870 non
1491 2822 1674 2870 autem
1721 2814 1819 2869 nisi

229 2914 460 2983 ignarus
486 2912 801 2979 ambigeret.
830 2910 973 2964 Deus
1002 2923 1129 2963 vero
1159 2905 1291 2961 nihil
1321 2906 1613 2975 ignoraret,
1639 2919 1703 2959 ac
1724 2917 1817 2973 per

230 3006 339 3061 hoc
372 3003 619 3057 dubitare
643 3017 746 3055 non
771 3008 968 3071 posset.

298 3092 372 3149 ll.
411 3090 579 3147 Porro
605 3089 780 3145 autem
802 3104 861 3144 se
882 3088 1337 3145 animadvertebat
1365 3095 1419 3140 et
1447 3087 1697 3155 ignorare
1726 3099 1822 3141 ne-

230 3185 479 3241 cessario
509 3188 564 3237 et
590 3188 982 3249 consequenter
1010 3178 1299 3245 ambigere,
1332 3177 1541 3246 adjecto
1571 3193 1658 3243 eo,
1681 3176 1825 3246 quod

230 3278 339 3332 etsi
372 3290 483 3329 non
513 3274 827 3328 subderetur
855 3271 1077 3325 motioni
1126 3285 1222 3341 per
1267 3269 1473 3333 locum,
1519 3276 1827 3323 moveretur

232 3376 491 3436 tempore
519 3378 617 3432 per
643 3361 911 3418 allectum.
944 3361 1053 3416 Nec
1082 3360 1373 3431 principale
1401 3373 1580 3413 rerum
1620 3358 1825 3413 stabili-

232 3464 487 3512 mentum
517 3453 686 3517 foret,
717 3453 861 3522 quod
907 3452 991 3506 vel
1034 3452 1157 3506 loco
1203 3450 1287 3504 vel
1332 3458 1575 3518 tempore
1623 3453 1826 3517 posset,

234 3549 369 3620 quia
403 3547 502 3600 nisi
533 3560 630 3616 per
649 3545 792 3598 aliud
820 3544 1023 3597 moveri
1053 3542 1182 3597 nihil
1210 3549 1410 3613 posset.
1439 3540 1495 3595 ln
1518 3555 1626 3609 quo
1649 3549 1829 3594 autem

231 3640 554 3694 universum
600 3643 788 3701 staret,
836 3633 889 3688 id
935 3634 988 3688 in
1033 3648 1093 3688 se
1140 3633 1256 3702 ipso
1284 3632 1602 3688 consisteret
1631 3650 1645 3685 :
1671 3632 1749 3687 sic
1777 3632 1831 3685 in

233 3737 469 3785 auctore
496 3742 595 3781 suo
624 3725 780 3779 altius
808 3724 1147 3789 ratiocinata,
1178 3724 1428 3792 cognovit
1454 3723 1578 3777 illud
1604 3721 1748 3791 quod
1778 3722 1833 3775 in

241 3821 535 3892 superiore
575 3818 710 3874 libro
754 3817 1068 3883 memoravi,
1097 3816 1335 3886 viditque
1364 3816 1462 3871 nisi
1499 3815 1570 3871 ab
1610 3816 1834 3870 immoto

233 3913 457 3969 moveri
478 3911 624 3966 nihil
653 3925 828 3981 posse.
860 3910 1045 3979 Itaque
1090 3908 1390 3965 necessario
1430 3916 1574 3962 stare
1602 3908 1833 3961 animam

235 4016 298 4062 ut
325 4020 532 4075 corpus
570 4011 785 4058 moveat
829 4017 925 4073 per
972 4010 1181 4071 tempus
1209 4008 1265 4056 et
1291 4001 1489 4055 locum.
1520 3997 1678 4055 Stare
1707 4014 1835 4054 vero

235 4099 293 4154 in
324 4111 396 4153 se
440 4098 559 4165 ipso
599 4094 787 4158 Deum,
836 4093 930 4164 qui
976 4101 1190 4149 moveat
1219 4094 1453 4148 animam
1481 4106 1580 4162 per
1605 4100 1834 4160 tempus,

235 4202 453 4258 corpus
469 4200 599 4241 vero
621 4200 717 4255 per
737 4185 912 4240 locum
934 4184 1136 4254 pariter
1162 4192 1217 4239 et
1237 4199 1333 4253 per
1359 4191 1586 4254 tempus.
1613 4181 1679 4237 Et
1702 4197 1838 4252 quo-

1923 1814 2113 1870 limare
2152 1823 2474 1880 creaturam,
2502 1829 2664 1883 quam
2694 1821 2915 1884 propter
2936 1815 3179 1869 eamdem
3206 1814 3508 1869 similitudi-

1922 1917 2047 1958 nem
2069 1903 2349 1958 bumiliare
2374 1910 2677 1959 creatorem
2702 1921 2716 1956 :
2740 1910 2891 1959 certo
2919 1916 3250 1971 cognoscens
3278 1903 3508 1959 indisso-

1922 1992 2156 2049 lubiliter
2171 2009 2390 2059 nexum,
2406 2002 2465 2049 ut
2478 1994 2586 2050 duo
2598 1995 2814 2056 similia,
2831 2002 2926 2049 aut
2945 2003 3172 2064 utraque
3189 1995 3505 2065 incorporea

1920 2084 2063 2149 sint,
2109 2091 2204 2138 aut
2250 2092 2478 2153 utraque
2525 2099 2807 2154 corporea.
2841 2084 2973 2140 Esse
3017 2098 3232 2153 quoque
3260 2085 3314 2138 in
3343 2086 3506 2139 rebus

1919 2175 2265 2231 substantivis
2283 2176 2527 2244 quaedam
2549 2192 2657 2231 non
2678 2177 2849 2231 solum
2872 2178 3052 2247 specie
3072 2177 3372 2242 dissimilia,
3407 2178 3504 2232 sed

1920 2266 2084 2321 etiam
2124 2266 2355 2321 naturali
2384 2268 2572 2335 vigore
2596 2269 2894 2334 contraria,
2924 2277 2983 2322 ut
3010 2282 3147 2337 aqua
3177 2268 3262 2322 vel
3288 2266 3500 2321 ﬂamma

1925 2365 2028 2421 est,
2054 2365 2112 2413 et
2137 2358 2252 2413 haec
2278 2367 2457 2413 tamen
2485 2373 2607 2414 esse
2635 2352 2917 2429 corporea.
2951 2360 3127 2429 Atque
3152 2360 3279 2415 hinc
3303 2361 3498 2414 mirum

1922 2446 2057 2516 fore,
2099 2449 2148 2504 si
2174 2448 2283 2503 duo
2307 2448 2584 2504 dissimilia
2631 2450 2926 2519 eademque
2968 2450 3269 2515 contraria,
3317 2459 3378 2505 ut
3422 2458 3504 2505 est

1923 2552 2062 2606 aqua
2085 2538 2167 2593 vel
2197 2537 2431 2601 ﬂamma,
2455 2554 2717 2608 corporea
2737 2539 2894 2593 simul
2915 2555 3034 2595 esse
3054 2541 3290 2611 possint;
3322 2549 3378 2595 et
3397 2541 3507 2594 duo

1922 2628 2114 2683 similia
2161 2630 2458 2697 eademque
2504 2629 2896 2695 convenientia,
2943 2630 3091 2699 quod
3135 2639 3220 2685 est
3265 2629 3406 2685 Deus
3450 2638 3507 2687 et

1926 2718 2125 2784 anima,
2154 2718 2472 2789 incorporea
2500 2719 2661 2774 simul
2686 2734 2807 2774 esse
2831 2735 2941 2775 non
2965 2721 3193 2791 possint.

2536 2849 2766 2905 CAPUT
2802 2850 2887 2905 Ill.

1925 2981 2259 3067 Philosophi:
2284 2980 2489 3067 (ἱκεσίης,
2512 2983 2675 3039 utitur
2702 2981 3002 3067 testibus‘de
3029 2983 3290 3065 corporeis
3326 2984 3404 3038 vel
3425 2984 3507 3038 iu—

1849 3085 1894 3148 C
1961 3055 2216 3126 corporeis
2243 3096 2258 3123 ,
2288 3055 2574 3126 exemplum
2613 3055 2793 3109 cameli
2820 3063 2871 3108 et
2898 3056 3130 3127 formica:
3157 3070 3466 3125 praponeua.

1993 3186 2035 3241 Ι.
2067 3185 2385 3255 Hujusmodi
2430 3187 2593 3255 igitur
2636 3186 2933 3241 rationibus
2960 3188 3225 3241 utentium
3268 3187 3509 3253 philoso-

1925 3276 2174 3346 phorum,
2203 3277 2379 3345 quoad
2406 3278 2576 3346 potui,
2605 3277 2964 3332 voluminibus
2990 3279 3314 3346 perdagatis,
3347 3279 3504 3345 igno-

1926 3366 2113 3421 bilium
2135 3367 2296 3436 plebe
2339 3367 2560 3435 rejects,
2612 3367 2855 3436 potiores
2895 3381 3138 3435 quosque
3177 3369 3383 3435 delegi,
3416 3369 3508 3437 qni

1928 3457 2144 3512 veritati
2171 3455 2650 3526 impnesentiarum
2682 3455 3112 3520 testilicarentur,
3137 3469 3363 3523 quorum
3392 3458 3510 3524 qui-

1929 3549 2051 3605 dem
2079 3565 2149 3605 ex
2175 3548 2463 3605 abundanti
2493 3556 2577 3603 est
2604 3546 2846 3618 proferre
2872 3547 3195 3613 sententias;
3223 3564 3329 3602 non
3367 3547 3513 3616 quod

1932 3639 2165 3710 propriis
2190 3637 2535 3700 deﬁciamus,
2564 3637 2660 3692 sed
2696 3635 2840 3706 quod
2866 3636 3039 3704 magis
3060 3637 3252 3691 mirum
3292 3638 3381 3699 sit,
3413 3638 3512 3691 ad-

1931 3745 2146 3786 versum
2188 3746 2288 3787 nos
2313 3730 2570 3786 dimicare
2617 3738 2849 3797 nostros,
2880 3734 2937 3785 et
2961 3737 3249 3786 extraneos
3273 3745 3519 3802 pugnare

1931 3837 2033 3893 pro
2063 3823 2235 3878 nobis.
2291 3822 2475 3894 Neque
2501 3823 2633 3877 mihi
2659 3821 2899 3893 profecto
2926 3823 3074 3879 cordi
3099 3823 3239 3879 foret
3268 3832 3513 3879 mutuum

1933 3930 2003 3969 ex
2028 3915 2111 3970 bis
2138 3929 2334 3984 capere
2378 3914 2683 3985 quippiam,
2733 3915 2837 3970 nisi
2881 3916 2982 3971 iste
3026 3916 3271 3985 corporis
3312 3916 3516 3971 amicus

1931 4006 2047 4061 sola
2073 4005 2430 4075 philosophici
2456 4007 2687 4061 nominis
2732 4007 3026 4072 mentione,
3074 4007 3513 4062 terriculamenta

1936 4095 2181 4164 quaedam
2229 4094 2384 4150 nobis
2430 4096 2668 4150 scientiae
2712 4095 3076 4165 profundioris
3119 4096 3513 4150 ostentavisset.

1934 4185 2016 4241 Ex
2043 4186 2147 4242 ‘his
2190 4185 2354 4255 igitur
2397 4201 2534 4256 quos
2560 4194 2748 4242 contra
2776 4187 3059 4241 veritatem
3101 4195 3282 4253 vocat,
3329 4203 3516 4242 vocem

240 4279 398 4332 niam
429 4276 695 4346 principio
724 4275 926 4329 nullum
965 4282 1141 4345 potest
1170 4289 1288 4330 esse
1316 4275 1661 4345 principium,
1691 4276 1835 4344 quod
1933 4277 2178 4333 veritatis
2206 4275 2453 4346 accipiat,
2484 4284 2539 4331 et
2564 4276 2788 4345 geminae
2812 4275 3043 4346 primum
3071 4274 3290 4333 Grieciae
3329 4278 3518 4333 classi-

235 4368 402 4440 juxta
432 4368 501 4422 de
530 4368 890 4423 immensitate
918 4383 983 4423 ac
1028 4368 1452 4438 sempiternitate
1493 4367 1833 4436 cogitandum
1862 4433 1899 4440 Α
1936 4383 2059 4422 cum
2103 4367 2449 4424 multisonam
2497 4365 2952 4438 Pythagoreorum
3003 4367 3183 4423 tubam
3233 4376 3288 4423 et
3326 4369 3518 4423 lituum

239 4433 349 4515 est.
386 4458 526 4525 Quia
569 4457 707 4512 sicut
748 4473 779 4511 a
810 4457 954 4513 nullo
982 4433 1177 4527 crepitu,
1208 4459 1280 4512 ita
1314 4458 1365 4512 in
1394 4458 1541 4513 nullo
1570 4433 1831 4523 consistit,
1862 4433 2176 4513 1)Platonis
2203 4457 2472 4513 exaudiat.
2504 4433 2613 4512 Nec
2641 4433 2903 4514 tumescat
2928 4458 3043 4513 sola
3070 4459 3308 4514 vanitate
3338 4458 3518 4513 uomi-

240 4566 359 4604 non
390 4551 511 4607 sine
538 4548 769 4617 quodam
798 4548 979 4604 medio
1007 4548 1074 4602 ab
1104 4548 1223 4603 imis
1250 4549 1395 4618 quod
1439 4565 1602 4604 omne
1642 4565 1839 4619 corpus

242 4647 353 4705 est,
389 4637 458 4692 ad
488 4653 693 4693 summa
721 4638 863 4707 quod
894 4628 1039 4693 Deus
1063 4645 1166 4704 est,
1198 4639 1577 4694 transeundum
1603 4647 1718 4695 rata
1743 4657 1767 4715 :_
1781 4654 1841 4695 se

242 4732 468 4787 scilicet
500 4729 640 4785 inter
667 4739 906 4785 extrema
936 4730 1166 4786 mediam
1195 4731 1445 4801 reperiit,
1476 4745 1543 4787 eo
1569 4731 1712 4801 quod
1740 4747 1842 4788 nec

241 4821 506 4890 cuiquam
536 4834 823 4889 corporum
850 4820 1038 4875 similis
1066 4820 1354 4887 existeret,
1396 4821 1521 4891 quia
1550 4821 1841 4877 similitudo

243 4910 351 4965 Dei
382 4916 555 4975 esset;
586 4924 689 4965 nec
708 4909 893 4965 itidem
916 4912 1117 4981 aequari
1135 4910 1248 4967 Deo
1275 4912 1467 4983 possit,
1497 4913 1622 4983 quia
1642 4912 1745 4968 etsi
1771 4912 1840 4968 ab

243 5002 348 5058 illo
386 4998 667 5071 erupisset,
699 5001 765 5056 de
794 5000 885 5055 illo
916 5016 1021 5055 non
1050 5011 1210 5058 esset.

324 5091 421 5148 Ill.
457 5090 842 5147 Animadvertit
860 5091 1023 5147 etiam
1047 5092 1100 5146 in
1120 5108 1300 5149 rerum
1319 5091 1669 5164 plenitudine,
1698 5093 1844 5149 aliud

246 5203 383 5245 esse
415 5195 439 5224 ‘
469 5186 760 5244 secundum
802 5187 1085 5242 veritatem
1121 5187 1267 5256 quod
1289 5187 1553 5256 iudicaret
1576 5202 1678 5244 nec
1697 5188 1844 5258 judi-

248 5284 507 5343 caretur,
550 5274 697 5331 aliud
722 5276 863 5345 quod
889 5275 1155 5345 judicaret
1200 5282 1256 5330 et
1295 5274 1651 5344 judicaretur,
1695 5276 1841 5331 aliud

250 5365 413 5439 quod
443 5366 772 5436 judicaretur
812 5380 912 5421 nec
952 5365 1245 5434 judicaret;
1278 5365 1304 5404 δ
1327 5367 1617 5423 sectandum
1648 5368 1842 5423 verita-

256 5467 378 5514 tem
405 5455 569 5521 Deuui
600 5457 842 5528 judicare
874 5456 940 5512 de
967 5471 1074 5526 quo
1103 5473 1208 5513 non
1228 5457 1580 5527 judicaretur,
1610 5462 1842 5517 animam

342 5643 370 5672 ⁸
403 5636 486 5692 ΑΙ.
519 5638 793 5696 secundum
817 5644 956 5710 quod
980 5639 1292 5706 judicarcrit
1321 5647 1367 5692 et
1387 5638 1670 5710 judicaret.

1940 4566 2089 4614 num,
2121 4549 2216 4606 sed
2259 4550 2573 4621 pinguescat
2615 4549 2934 4605 multimoda
2952 4549 3187 4609 veritate
3225 4550 3518 4605 rationum.

1940 4639 2257 4713 Pythagorae
2282 4641 2600 4711 igitur,quia
2629 4640 2763 4695 nihil
2786 4642 2913 4710 ipse
2929 4639 3327 4709 scriptitaverit,
3359 4653 3389 4692 a
3417 4653 3521 4709 po.

1940 4734 2098 4790 steris
2123 4734 2410 4803 quaerenda
2437 4735 2703 4789 sententia
2733 4740 2835 4789 est.
2880 4731 2937 4787 ln
2965 4732 3156 4801 quibus
3180 4731 3266 4785 vel
3297 4730 3519 4800 potissi-

1941 4840 2089 4881 mum
2132 4824 2378 4880 ﬂoruisse
2417 4823 2716 4880 Philolaum
2763 4822 2975 4892 reperio
3023 4820 3387 4887 Tarentinum,
3429 4821 3520 4891 qui

1913 4915 2127 4970 ~multis
2151 4914 2510 4969 voluminibus
2533 4912 2603 4968 de
2648 4910 3007 4979 intelligendis
3049 4911 3247 4979 rebus,
3295 4919 3351 4966 et
3395 4912 3520 4982 quid

1943 5019 2168 5075 qumque
2194 5003 2494 5073 signiﬁcant
2515 5001 2713 5072 oppido
2738 5001 2967 5057 obscure
3007 5001 3321 5070 dissertans,
3349 5003 3525 5073 prius-

1945 5110 2106 5166 quam
2130 5095 2203 5150 de
2226 5094 2420 5149 anitum
2461 5092 2761 5147 substantia
2803 5091 3079 5159 decernat,
3123 5093 3192 5148 de
3236 5091 3519 5156 mensuris,

1947 5184 2273 5258 ponderibus
2298 5191 2355 5239 et
2381 5182 2617 5238 numeris
2638 5181 2801 5252 juxta.
2818 5185 3197 5252 geometricam
3218 5222 3234 5248 ,
3264 5182 3521 5237 musicam

1948 5278 2511 5349 atquearithmeticam
2533 5276 2759 5332 mil-ilice
2785 5277 3023 5348 disputat
3049 5295 3061 5330 :
3093 5292 3187 5347 per
3223 5277 3336 5330 haec
3360 5287 3529 5328 omne

1948 5370 2252 5425 universum
2273 5369 2539 5423 exstitisse
2563 5367 2904 5436 conﬁrmans,
2927 5368 3000 5423 illi
3021 5367 3265 5421 videlicet
3284 5363 3525 5432 Scriptu-

1948 5460 2416 5525 racconsentiem,
2452 5475 2556 5530 qua
2585 5460 2697 5517 Deo
2724 5460 2954 5517 dicitur:
2987 5457 3266 5519 Mensura,
3296 5454 3524 5527 pondere

2021 5636 2048 5675 δ
2076 5636 2161 5692 Al.
2194 5636 2471 5690 secundum
2499 5636 2766 5690 veritatem
2788 5630 3109 5699 judicantem
3130 5632 3381 5705 judicari.
