3946 6182
404 272 505 329 759

1668 260 1985 318 MAMERTI
2023 260 2389 321 CLAUDIAM

3552 266 3665 327 7&0

406 396 453 442 et
483 401 694 440 numero
728 385 903 440 omnia
935 383 1231 453 disposuisti
1255 380 1407 452 (Sap.
1436 395 1507 446 xi,
1528 378 1641 448 2.1).
1666 378 1838 445 Quam
1858 378 1977 448 qui-
2004 380 2051 438 Α
2080 393 2186 448 que
2206 382 2535 451 proveniret,
2566 383 2858 439 liberaliter
2877 385 3125 441 videlicet
3144 397 3377 452 agerem,
3404 388 3661 443 nonnulla

402 475 524 530 dem
552 491 620 531 ex
647 475 826 529 divina
854 475 1085 529 lectione
1113 470 1434 526 sententiam
1488 469 1642 523 nobis
1689 470 1757 523 ab
1785 466 1977 521 adver-

401 566 548 622 sario
573 567 740 620 miror
765 564 1052 633 obiectam.
1100 561 1241 617 Dicit
1278 561 1420 616 enim
1463 559 1642 615 verbis
1677 559 1761 613 his
1790 576 1804 611 :
1836 556 1976 612 Deus

400 656 605 728 quidem
633 672 698 709 ea:
720 654 879 708 nihilo
900 655 1022 725 fecit
1049 654 1251 718 omnia,
1280 653 1364 723 qui
1384 652 1518 705 sicut
1545 666 1699 721 opere
1726 649 1972 714 instituit,

336 736 340 740 ’
400 749 474 801 ita
501 747 770 800 materiam
797 745 1141 814 incorporueit
1170 741 1319 796 rebus
1364 742 1631 806 omnibus,
1678 741 1814 794 inter
1847 755 1977 812 quas

399 844 450 888 et
474 837 651 889 anima
688 846 941 889 censetur.
981 833 1127 889 Sicut
1155 832 1412 887 distribuit
1439 831 1680 901 pondus.
1710 845 1975 884 numerum

400 935 550 997 atque
571 942 882 989 mensuram,
904 926 977 978 ita
1005 925 1172 994 posuit
1193 924 1549 993 quantitatem.

469 1016 534 1071 ll.
564 1014 976 1078 Animadverte,
1007 1014 1175 1068 nostri
1217 1014 1358 1067 bone
1404 1012 1666 1080 cognitor,
1698 1009 1977 1079 praesentis

400 1107 580 1165 saeculi
610 1105 839 1175 peritum
867 1102 1259 1170 facundumque
1284 1101 1559 1156 doctorem
1586 1119 1599 1156 :
1626 1099 1757 1154 nihil
1794 1100 1976 1153 incor-

401 1210 626 1268 poreum
658 1195 770 1247 vult
796 1201 1057 1257 creatum,
1105 1200 1161 1245 et
1200 1192 1598 1260 incorporatum
1642 1191 1771 1245 dicit
1817 1204 1978 1245 omne

400 1302 739 1357 corporeum.
788 1283 886 1338 Cui
933 1284 1325 1352 incorporatur,
1375 1297 1577 1350 quaeso,
1610 1281 1753 1349 quod
1779 1296 1979 1351 corpus

400 1380 516 1433 est?
544 1376 601 1430 Si
629 1377 713 1440 in,
743 1392 842 1445 pro
871 1391 973 1427 nou
992 1414 1007 1439 ,
1038 1372 1175 1427 forte
1206 1372 1462 1442 posuisti,
1495 1382 1553 1425 ut
1593 1372 1978 1441 incorporatum

397 1487 496 1541 pro
525 1485 630 1523 non
671 1477 942 1536 corporato
988 1465 1122 1520 velis
1159 1464 1403 1531 intelligi,
1456 1464 1576 1532 plus
1621 1463 1776 1517 nobis
1816 1477 1979 1531 quam

396 1561 644 1616 volumus
692 1566 885 1628 sponte
930 1557 1157 1625 largiris.
1202 1555 1336 1622 Quia
1378 1554 1424 1609 si
1464 1562 1654 1608 auctor
1680 1569 1858 1608 rerum
1886 1554 1978 1623 qui

397 1650 526 1706 fecit
548 1651 728 1706 omnia
747 1689 762 1714 ,
791 1665 906 1702 non
934 1647 1270 1717 corporavit;
1301 1647 1419 1702 sine
1445 1661 1673 1715 corpore
1696 1653 1820 1703 sunt
1847 1660 1977 1714 ergo

2080 471 2174 525 tibi
2222 472 2291 526 de
2333 487 2455 527 meo
2495 472 2616 541 jure
2662 475 3032 530 concederem.
3084 476 3271 545 Neque
3318 477 3569 547 protinus
3596 478 3663 537 de

2080 561 2300 617 homine
2327 578 2621 632 quaererem
2640 606 2655 630 ,
2688 564 2781 620 sed
2809 567 2957 636 prius
3009 567 3256 636 precario
3282 581 3570 637 poscerem
3602 576 3664 622 ut

2079 666 2258 706 rerum
2303 655 2507 708 callens
2545 655 2779 710 evidenti
2822 657 3053 711 faterere
3092 672 3371 728 responso.
3404 657 3665 713 Formiae

2077 748 2136 796 et
2175 743 2367 797 cameli
2410 745 2614 799 animas
2666 752 2972 800 utrumnam
3022 747 3359 816 providentia
3404 763 3472 800 an
3519 748 3666 803 mole

2078 833 2367 886 censeres?
2393 832 2450 888 Si
2477 834 2831 903 providentia,
2856 836 2974 891 luce
3000 836 3251 904 liquidius
3290 844 3436 892 esset
3470 837 3667 891 anima:

2078 920 2270 976 cameli
2316 923 2395 977 sic
2423 923 2655 977 animam
2700 935 2954 994 praestare
3002 927 3269 993 formicae,
3321 938 3381 982 ut
3421 929 3668 985 camelos

2077 1020 2231 1068 tanto
2259 1029 2398 1084 pene
2424 1016 2601 1070 minor
2627 1015 2861 1071 formica:
2904 1017 2976 1072 sit
3019 1018 3198 1073 animo
3215 1058 3231 1083 ,
3256 1026 3460 1087 quanto
3490 1018 3669 1088 major

2078 1111 2163 1158 est
2189 1119 2436 1174 corpore.
2467 1104 2522 1159 Si
2551 1107 2721 1161 moles
2741 1107 2835 1161 tibi
2856 1109 2909 1162 in
2933 1109 3230 1163 istiusmodi
3254 1112 3668 1179 comparatione

2076 1196 2384 1267 placuisset,
2416 1196 2604 1252 eadem
2633 1214 2827 1270 nempe
2853 1200 3188 1270 replicarem,
3212 1210 3267 1256 et
3291 1201 3461 1257 nihilo
3488 1203 3666 1257 secius

2077 1302 2377 1355 quaererem
2404 1306 2417 1341 :
2448 1288 2506 1343 Si
2545 1290 2735 1345 modus
2781 1292 2971 1347 anima:
3017 1295 3260 1364 corporis
3302 1296 3497 1350 modus
3545 1303 3663 1360 est,

2078 1393 2174 1433 cur
2194 1377 2330 1433 infra
2352 1382 2595 1450 corporis
2616 1382 2831 1437 modum
2852 1385 3087 1439 camelos
3108 1385 3399 1454 brutescat,
3423 1396 3480 1441 et
3501 1402 3666 1459 supra

2078 1472 2323 1540 corporis
2351 1472 2567 1527 modum
2593 1473 2813 1530 formica
2833 1477 3048 1555 vigeat:
3071 1476 3336 1533 Sisterent
3357 1481 3528 1535 verba
3558 1480 3664 1535 for-

2079 1561 2236 1616 tassis
2259 1577 2379 1631 quae
2407 1570 2524 1618 tuto
2553 1565 2647 1619 tibi
2677 1580 2868 1635 magna
2896 1568 3096 1622 volant.
3143 1569 3245 1624 Ista
3273 1569 3390 1625 haec
3418 1572 3537 1641 ipsa
3563 1571 3661 1626 du-

2078 1651 2203 1720 plici
2248 1653 2387 1708 forte
2431 1669 2822 1724 proponerem,
2871 1659 3043 1713 utrius
3088 1659 3276 1715 malles
3307 1661 3403 1715 tibi
3446 1662 3663 1731 copiam

396 1756 725 1812 quaecunque
752 1747 896 1794 sunt.
930 1739 1215 1793 Enimvero
1238 1739 1378 1807 quod
1416 1745 1517 1804 est,
1549 1744 1605 1793 et
1632 1737 1831 1806 absque
1856 1752 1977 1792 cor-
2005 1739 2051 1798 Β
2078 1740 2330 1797 facerem.
2380 1743 2436 1798 Si
2481 1745 2681 1801 molem
2710 1749 2952 1817 corporis
2988 1749 3258 1818 elegisses,
3309 1752 3664 1821 perexiguum

396 1850 529 1904 pore
550 1841 652 1898 est,
677 1834 1052 1901 incorporeum
1082 1846 1201 1885 esse
1228 1845 1449 1885 necesse
1478 1837 1561 1884 est
1589 1847 1603 1881 :
1634 1830 1778 1899 quod
1806 1827 1979 1883 Grmci

397 1928 696 1997 elegantius
721 1931 984 2000 ἀσώματνιν
1012 1931 1225 1979 vocant.
1250 1923 1308 1977 Si
1333 1934 1514 1978 autem
1535 1923 1832 1978 istiusmodi
1853 1938 1980 1992 pro-

396 2020 667 2091 positione
695 2019 1009 2088 simpliciter
1036 2032 1163 2071 usus
1190 2031 1268 2081 es,
1299 2016 1569 2070 incurristi
1598 2015 1810 2069 nescius
1836 2014 1978 2070 veri-

398 2117 586 2165 tatem.
620 2109 723 2164 Per
761 2108 1003 2163 eamdem
1041 2116 1221 2161 tamen
1248 2106 1605 2175 ignorantiam
1634 2121 1740 2160 uno
1769 2112 1979 2159 tantum

396 2201 579 2271 lapsus
607 2200 854 2263 articulo,
887 2197 1032 2267 Quod
1052 2198 1230 2253 omnia
1258 2198 1602 2266 incorporata
1623 2196 1823 2261 dixisti,
1855 2211 1979 2251 cum

396 2294 528 2349 satis
555 2298 770 2349 constet
795 2290 1022 2360 duplicis
1050 2295 1308 2344 creaturas
1334 2287 1686 2342 substantiam
1716 2287 1794 2342 sic
1829 2287 1978 2342 ordi-

397 2382 672 2438 natissima
712 2381 828 2450 lege
871 2380 1224 2450 compositam
1252 2385 1313 2433 ut
1338 2390 1501 2433 omne
1527 2386 1768 2432 creatum
1796 2378 1978 2432 incor-

397 2486 618 2545 poreum
643 2480 700 2526 et
725 2472 1127 2540 incorporatum
1151 2470 1241 2534 sit,
1265 2484 1376 2524 non
1395 2476 1574 2524 autem
1598 2484 1759 2523 omne
1786 2483 1979 2538 corpo-

398 2580 551 2620 reum
596 2565 668 2619 sit
713 2569 771 2619 et
813 2564 1125 2617 animatum.
1176 2562 1254 2618 Ac
1300 2577 1398 2631 per
1437 2561 1543 2617 hoc
1578 2562 1978 2630 incorporatum

398 2672 597 2728 corpus
618 2657 722 2711 dici
750 2670 860 2710 non
880 2656 1077 2724 potuit,
1103 2655 1253 2710 velut
1276 2655 1333 2708 in
1361 2658 1558 2723 corpus
1583 2654 1830 2719 missum;
1853 2653 1978 2721 quia

399 2749 763 2818 incorporatio
806 2748 873 2802 ad
920 2748 1066 2801 illam
1113 2746 1348 2816 pertinet
1387 2746 1587 2814 absque
1631 2744 1981 2812 ambiguitate

400 2846 665 2903 naturam,
689 2852 807 2906 qua:
835 2844 891 2891 et
917 2837 1225 2906 priusquam
1247 2836 1587 2906 incorporata
1617 2843 1719 2898 est,
1746 2850 1857 2889 non
1882 2834 1982 2890 fuit

400 2944 626 2999 corpus;
649 2936 705 2983 et
726 2936 1007 2998 postquam
1038 2929 1377 2995 incorporata
1406 2933 1506 2991 est,
1530 2941 1640 2981 non
1658 2934 1741 2981 est
1764 2941 1975 2996 corpus.

401 3020 460 3075 Si
482 3034 612 3073 vero
641 3020 982 3088 incorporata
1012 3017 1192 3073 omnia
1221 3032 1288 3072 eo
1317 3015 1541 3071 forsitan
1579 3033 1739 3072 sensu
1775 3018 1976 3082 dixisti,

401 3126 510 3180 quo
537 3109 640 3163 dici
683 3109 840 3179 plane
886 3109 1082 3179 potuit,
1114 3108 1215 3163 etsi
1263 3124 1372 3163 non
1400 3108 1605 3175 debuit,
1632 3110 1811 3163 omnia
1838 3109 1978 3165 facta
2005 3102 2050 3165 C

402 3216 521 3256 csso
540 3216 800 3270 corporea
813 3239 830 3267 ,
851 3200 1095 3256 excidisti
1117 3202 1318 3271 pariter
1335 3208 1391 3256 et
1409 3217 1439 3256 a
1462 3203 1790 3273 proprietate
1808 3203 1978 3267 verbi,

401 3303 457 3348 et
483 3308 515 3347 a
542 3294 753 3349 ratione
777 3295 907 3348 veri.
941 3278 1077 3360 Quia
1117 3295 1163 3349 si
1209 3294 1384 3349 omnis
1429 3302 1674 3350 creatura
1720 3309 1980 3364 corporea

401 3391 505 3450 est,
540 3384 673 3439 nihil
703 3384 1105 3455 incorporatum
1132 3392 1256 3441 est:
1285 3386 1330 3440 si
1371 3393 1554 3441 autem
1600 3386 1979 3457 incorporeum

404 3476 534 3546 quid
564 3485 804 3532 creatum
831 3484 944 3543 est,
978 3493 1085 3532 non
1114 3485 1197 3532 est
1223 3479 1398 3533 omnis
1423 3486 1670 3534 creatura
1698 3494 1977 3548 corporea.

470 3568 561 3625 Ill.
590 3568 695 3625 Sed
726 3586 829 3630 una
856 3570 969 3625 haec
997 3570 1292 3638 eademque
1319 3586 1480 3626 causa
1500 3578 1601 3635 est,
1625 3585 1744 3640 qua:
1765 3578 1819 3626 te
1840 3571 1981 3626 mul-

404 3660 569 3729 tiplici
599 3660 823 3714 involvit
850 3674 1033 3714 errore
1070 3678 1084 3712 :
1118 3673 1311 3729 magna
1340 3660 1591 3715 videlicet
1616 3675 1796 3715 rerum
1824 3661 1979 3729 igno-

402 3751 560 3817 ratio,
592 3758 647 3806 et
683 3752 920 3806 scientiae
952 3752 1087 3805 mira
1116 3752 1480 3822 praesumptio.
1514 3751 1649 3808 Hinc
1685 3754 1881 3823 quippe
1919 3754 1982 3808 tit

403 3849 465 3896 ut
504 3842 591 3897 vel
639 3843 857 3912 spiritus
903 3850 1217 3912 corporatos
1260 3860 1456 3914 corpus
1494 3859 1613 3899 esse
1658 3845 1864 3913 credas,
1895 3847 1980 3901 vel

404 3932 533 3987 item
562 3947 791 4002 corpora
821 3932 1166 4000 incorporata
1193 3931 1432 3987 deﬁnias.
1475 3933 1534 3988 In
1578 3935 1694 3989 istis
1723 3942 1831 3989 tam
1859 3931 1977 3990 dia-

402 4022 607 4080 lecticis
653 4023 1086 4079 conclusionibus
1135 4025 1257 4088 tuis,
1304 4038 1515 4095 semper
1560 4027 1653 4081 tibi
1701 4029 1882 4082 veniat
1925 4028 1978 4082 in

402 4121 636 4170 mentem
657 4114 798 4168 illius
816 4130 973 4184 quam
996 4115 1308 4170 inurendam
1330 4117 1481 4172 ducis
1502 4118 1638 4183 aliis,
1668 4119 1759 4173 alti
1781 4119 1980 4174 erroris

402 4202 639 4257 infamia.
685 4203 903 4258 Divinus
928 4218 1144 4273 quoque
1173 4213 1340 4260 temet
1365 4222 1543 4262 sermo
1588 4210 1931 4264 commoneat
1961 4226 1975 4261 :

403 4304 655 4363 oportere
702 4296 847 4364 prius
895 4295 1088 4366 deponi
1118 4298 1324 4352 trabem
1364 4300 1654 4369 prepriam,
1704 4308 1764 4354 ut
1809 4300 1981 4369 possit

403 4386 630 4441 alienam
656 4388 776 4455 quis
802 4386 1012 4442 auferre
1040 4388 1298 4444 festucam
1327 4390 1542 4461 (Matth.
1564 4407 1637 4446 vn
1654 4431 1668 4454 ,
1694 4390 1821 4457 5-5;
1849 4391 1974 4446 Luc.

403 4492 482 4541 vr,
524 4474 613 4539 4|,
657 4475 779 4547 42).
814 4475 1043 4532 Proinde
1071 4478 1197 4545 quia
1226 4494 1333 4533 non
1363 4479 1582 4535 lacessis
1608 4481 1759 4550 quasi
1788 4481 1978 4538 dubios

404 4566 600 4636 praelii,
649 4567 742 4621 sed
788 4568 1036 4637 percellis
1080 4569 1292 4636 quietos
1336 4585 1592 4645 mucrone
1633 4572 1890 4639 convicii;
1921 4581 1978 4627 et

403 4658 605 4716 cunctis
627 4667 886 4714 creaturae
914 4659 1171 4729 partibus,
1201 4675 1526 4729 mensuram,
1555 4664 1766 4733 pondus
1792 4672 1850 4720 et
1875 4683 1975 4720 nu-

404 4763 608 4803 merum
638 4748 803 4804 indita
831 4765 951 4805 esse
973 4750 1175 4815 dixisti,
1196 4745 1446 4820 quoniam
1476 4754 1591 4809 haec
1618 4755 1773 4810 simul
1802 4757 1976 4812 omni-

402 4837 501 4890 bus
527 4845 739 4892 constat
766 4840 940 4894 inesse
961 4840 1294 4909 corporibus,
1315 4848 1371 4899 et
1389 4843 1618 4897 animam
1644 4859 1840 4915 corpus
1859 4861 1977 4902 esse

402 4928 671 4994 decernis;
701 4944 819 4998 quae
846 4930 1004 4999 hujus
1031 4947 1279 4987 mensura
1306 4934 1394 4997 sit,
1417 4936 1507 5004 qui
1530 4951 1801 5002 numerus,
1832 4937 1978 5007 quod

404 5019 613 5088 pondus
642 5019 871 5088 inquiro.
902 5020 959 5076 Si
992 5021 1209 5078 modum
1231 5026 1501 5092 vegetanti
1529 5027 1721 5082 anima:
1749 5028 1977 5083 viventis

403 5109 644 5179 corporis
672 5109 861 5165 modus
890 5110 1045 5179 facit,
1094 5114 1219 5184 quia
1246 5130 1441 5185 corpus
1482 5117 1776 5171 extrariam
1818 5117 1970 5185 quasi

404 5215 497 5267 vas
523 5200 760 5270 aliquod,
803 5202 1035 5257 animam
1064 5205 1228 5260 veluti
1267 5207 1444 5262 minus
1483 5207 1754 5276 quoddam
1779 5224 1975 5280 corpus

405 5289 626 5344 includit
652 5309 664 5344 :
696 5305 825 5361 ergo
853 5293 1075 5359 animae,
1108 5305 1169 5348 ut
1201 5303 1258 5349 tu
1300 5297 1408 5362 ais,
1437 5299 1712 5367 quantitas
1735 5314 1833 5369 pro
1858 5315 1974 5355 cor-

405 5383 550 5450 poris
576 5385 879 5452 quantitate
901 5386 1167 5441 censenda
1195 5396 1299 5444 est.

471 5472 559 5529 'V.
589 5471 635 5531 0
660 5475 704 5532 si
734 5477 862 5532 mihi
890 5476 957 5532 de
982 5476 1068 5531 his
1105 5479 1252 5546 loqui
1280 5488 1454 5537 tecum
1483 5487 1624 5543 coni
1646 5502 1724 5543 ius
1762 5465 1967 5558 palam-

484 5660 508 5688 ⁸
534 5653 799 5726 Virgilius,
827 5656 1013 5725 Georg.
1046 5673 1117 5724 tv,
1145 5673 1284 5717 vers.
1309 5660 1394 5714 2'5.

2003 4462 2057 4522 1)

2081 1830 2319 1888 formica:
2339 1849 2537 1905 corpus
2556 1852 2905 1907 opponerem.
2931 1838 3021 1893 Sin
3045 1841 3209 1895 animi
3227 1842 3493 1909 vigorem,
3517 1842 3662 1898 hunc

2081 1923 2326 1978 eumdem
2354 1926 2557 1980 nullum
2580 1927 2869 1983 secundum
2896 1930 3091 1985 molem
3121 1931 3235 1985 fore
3255 1932 3659 1998 convincerem,

2085 2013 2237 2083 cujus
2266 2029 2388 2069 esse
2415 2017 2546 2071 nihil
2576 2018 2628 2071 in
2657 2018 2746 2072 illa
2788 2035 3047 2089 corporea
3076 2023 3263 2077 cameli
3294 2024 3661 2091 magnitudine

2078 2108 2504 2176 comprobarem.
2530 2108 2627 2164 Hic
2655 2110 2818 2164 etiam
2849 2110 2943 2165 tibi
2966 2111 3331 2166 Maronianum
3362 2113 3492 2168 illud
3524 2114 3659 2183 obji-

2078 2211 2255 2252 cerem
2274 2240 2287 2264 ,
2320 2199 2464 2267 quod
2491 2200 2767 2256 verissime
2795 2200 2861 2256 de
2889 2202 3109 2271 apiculis
3135 2202 3335 2259 dictum
3371 2214 3457 2260 est
3483 2212 3514 2243 ³
3541 2223 3554 2259 :

2201 2309 2437 2372 Ingentes
2452 2313 2635 2361 animos
2657 2320 2863 2375 angusto
2886 2316 2935 2363 in
2959 2322 3158 2376 pectore
3180 2323 3397 2367 versant.

2156 2412 2214 2467 ν.
2244 2412 2361 2467 Jam
2390 2432 2510 2470 cum
2539 2431 2700 2487 super
2726 2424 2869 2471 statu
2898 2417 3130 2473 hominis
3157 2419 3443 2474 dissertare
3467 2421 3659 2490 coepiss

2079 2518 2212 2569 sem,
2237 2520 2269 2558 a
2300 2512 2351 2560 te
2377 2506 2584 2561 scilicet
2604 2523 2743 2562 novo
2765 2516 3059 2576 geometra,
3085 2516 3145 2563 ut
3171 2509 3381 2578 ingenia
3410 2525 3665 2579 quumm-

2079 2609 2290 2664 cunque
2318 2595 3096 2668 dignoscerem,decempcdam
3135 2600 3187 2653 in
3220 2599 3483 2669 judicium
3511 2599 3653 2670 ﬂagi-

2079 2692 2270 2740 tarern.
2304 2685 2405 2741 Ubi
2434 2688 2479 2742 si
2508 2688 2602 2743 illo
2628 2687 2851 2744 forsitan
2881 2691 3143 2746 voluisses
3172 2692 3249 2746 uti
3289 2692 3533 2762 perfugio
3551 2732 3567 2757 ,
3601 2703 3659 2748 ut

2079 2778 2286 2833 diceres
2313 2778 2594 2835 invisibilia
2621 2781 2918 2838 ‘visibilibus
2945 2799 3052 2838 non
3075 2799 3232 2857 posse
3258 2785 3475 2851 metiri;
3506 2800 3537 2840 e
3561 2799 3656 2841 ve-

2080 2868 2239 2938 stigio
2267 2871 2680 2941 reSponderem,
2723 2888 2789 2927 ex
2826 2873 3191 2941 magnitudine
3234 2875 3478 2944 corporis
3513 2873 3655 2943 quod

2081 2965 2319 3020 animum
2360 2966 2655 3021 includeret
2681 2981 2839 3036 posse
2866 2967 3046 3021 metiri
3080 2968 3314 3021 animum
3343 2967 3435 3036 qui
3463 2981 3654 3038 corpus

2085 3057 2349 3128 impleret.
2381 3057 2437 3113 Si
2467 3074 2573 3113 non
2603 3074 2759 3128 posse
2786 3058 3027 3123 dixisses,
3051 3059 3434 3115 instantissime
3453 3074 3653 3128 quitre-

2085 3165 2217 3215 rem,
2246 3166 2341 3206 cur
2368 3151 2483 3205 fieri
2527 3150 2596 3205 de
2641 3154 2882 3224 corporis
2908 3165 3104 3220 genere
3146 3168 3251 3207 uno
3296 3167 3408 3207 non
3453 3159 3653 3222 posset.

2082 3236 2226 3304 quod
2251 3238 2317 3293 de
2364 3240 2614 3295 omnibus
2660 3242 2864 3311 possit?
2910 3241 2968 3297 Si
3014 3241 3293 3296 annuisses
3330 3256 3510 3311 posse,
3559 3240 3650 3296 tibi

2081 3328 2314 3384 dicerem
2344 3346 2594 3387 sermone
2635 3333 2954 3403 prophetico
2981 3352 2994 3388 :
3033 3333 3178 3388 Vade
3206 3334 3274 3386 ad
3304 3334 3591 3405 formicam,
3620 3350 3650 3387 o

2079 3420 2245 3490 piger,
2286 3429 2335 3474 et
2361 3423 2628 3489 tumulare,
2660 3424 2878 3480 videndo
2916 3427 3024 3479 vias
3053 3424 3162 3496 ejus
3194 3423 3373 3495 (Prov.
3399 3440 3470 3489 vt,
3497 3423 3571 3494 6),
3600 3423 3648 3477 id

2081 3517 2197 3577 est,
2226 3511 2589 3581 providentias
2616 3513 2751 3582 ejus.
2796 3514 2906 3570 Nisi
2933 3512 3072 3569 forte
3101 3513 3423 3569 credendum
3458 3522 3541 3569 est
3582 3513 3648 3567 ob

2081 3599 2135 3654 id
2185 3616 2285 3656 nos
2335 3602 2554 3657 oraculo
2601 3602 2806 3658 caelesti
2853 3602 3231 3668 commonitos,
3282 3609 3342 3656 ut
3384 3600 3647 3671 gradiendi

2080 3688 2359 3743 scientiam
2389 3706 2421 3745 a
2448 3690 2668 3747 formica
2696 3706 3073 3761 quaereremus.
3097 3690 3213 3746 Non
3242 3700 3296 3746 te
3322 3692 3374 3746 in
3403 3691 3506 3746 hac
3533 3705 3644 3761 pro-

2079 3780 2352 3837 locutione
2380 3782 2633 3838 sollicitet
2659 3782 2966 3838 ambulandi
2993 3798 3117 3839 cura
3136 3825 3151 3850 ,
3184 3782 3279 3838 sed
3318 3781 3510 3852 agendi
3537 3783 3643 3838 sol-

2081 3872 2236 3927 lertia
2265 3873 2290 3911 b
2317 3890 2330 3937 ;

2206 3964 2277 4011 Ac
2296 3962 2442 4013 veluti
2469 3965 2717 4024 ingentem
2743 3964 2952 4015 formica
2972 3965 3111 4016 farris
3127 3979 3354 4015 acervum

2204 4025 2321 4075 Cum
2350 4026 2574 4087 populant
2601 4027 2771 4075 hiemis
2792 4040 3053 4086 memores,
3078 4034 3311 4089 tectoque
3332 4032 3593 4088 reponunt;

2080 4128 2175 4191 sic,
2195 4128 2360 4183 homo
2379 4129 2574 4197 omnis,
2593 4129 2644 4183 in
2662 4129 3094 4199 corporationem
3121 4129 3509 4186 irrationalium
3529 4143 3649 4199 pro-

2081 4220 2299 4290 tOpIasti
2321 4220 2501 4290 lapsus
2520 4214 2760 4291 peccato,
2784 4238 2852 4277 ne
2871 4223 3048 4277 hieme
3070 4222 3188 4291 fuga
3211 4230 3302 4276 tua
3329 4221 3423 4275 fiat
3440 4220 3649 4293 (Matth.

2080 4326 2224 4375 xxiv,
2251 4308 2341 4378 20)
2375 4310 2492 4365 fidei
2535 4312 2714 4367 calore
2753 4321 2808 4367 et
2836 4315 3017 4383 aperis
3056 4313 3346 4367 devotione
3373 4326 3651 4383 procures,

2082 4416 2145 4455 ac
2174 4401 2376 4470 pariter
2412 4401 2677 4470 intelligas
2722 4403 3015 4458 formiculre
3060 4410 3117 4459 et
3155 4402 3376 4473 apicula:
3416 4403 3655 4471 ingentes

2083 4492 2290 4547 animos
2332 4508 2498 4562 parvo
2526 4510 2753 4564 corpore
2781 4495 2995 4550 includi.
3028 4495 3169 4549 Nihil
3214 4495 3356 4549 enim
3404 4508 3656 4563 magnum

2081 4583 2252 4639 locale
2292 4586 2504 4654 capitur
2541 4585 2729 4653 exigua
2775 4601 2835 4641 re
2862 4586 3017 4642 locali
3051 4603 3063 4638 :
3093 4592 3149 4640 et
3190 4599 3414 4655 parvum
3465 4598 3657 4654 corpus

2080 4681 2243 4741 atque
2269 4675 2455 4743 ingens
2495 4677 2703 4731 animus
2730 4684 2814 4730 est
2849 4676 3087 4745 apiculze.
3131 4674 3244 4729 Non
3275 4687 3405 4742 ergo
3448 4675 3657 4744 capitur

2081 4779 2310 4834 corpore
2338 4773 2490 4820 extra
2520 4780 2606 4830 se;
2640 4766 2801 4834 igitur
2826 4773 2937 4831 est;
2978 4766 3072 4821 sed
3100 4773 3251 4820 extra
3292 4778 3351 4818 se
3381 4764 3516 4818 nihil
3540 4778 3655 4818 esse

2078 4863 2274 4926 potest.
2312 4855 2406 4909 Est
2432 4869 2559 4923 ergo
2586 4863 2729 4910 totus
2772 4855 2823 4909 in
2852 4870 3098 4924 corpore,
3129 4853 3221 4909 sed
3248 4867 3502 4922 magnum
3533 4868 3652 4907 cor»

2078 4961 2301 5017 pureum
2330 4962 2590 5017 corporeo
2619 4962 2786 5019 parvo
2812 4962 2917 5001 non
2947 4948 3171 5016 capitur,
3202 4946 3324 5014 quia
3354 4954 3465 4998 tam
3509 4958 3651 5012 mag-

2078 5053 2204 5092 num
2231 5038 2405 5107 replet
2426 5038 2622 5100 locum,
2651 5052 2811 5106 quam
2832 5051 3081 5106 magnum
3101 5037 3331 5105 quidque
3351 5035 3530 5090 locale
3547 5043 3644 5090 est.

2076 5126 2187 5182 Aut
2214 5128 2377 5197 igitur
2404 5128 2578 5182 anima
2599 5127 2823 5182 illocalis
2852 5136 2955 5191 est,
2988 5136 3042 5183 et
3068 5142 3165 5199 per
3190 5127 3307 5181 haec
3333 5125 3648 5197 incorporea

2075 5219 2198 5283 erit,
2227 5229 2321 5273 aut
2346 5233 2527 5274 secum
2555 5225 2667 5273 tota
2698 5232 2803 5272 non
2833 5218 2954 5273 erit.
2997 5216 3103 5273 Sed
3130 5217 3259 5272 nihil
3288 5232 3410 5273 esse
3436 5218 3541 5272 nisi
3566 5232 3648 5271 se-

2077 5324 2198 5365 cum
2243 5315 2441 5378 potest.
2482 5307 2767 5363 lllocaliter
2793 5321 2920 5376 ergo
2949 5309 3002 5363 in
3029 5323 3089 5363 re
3126 5307 3290 5378 parva
3333 5323 3422 5363 res
3461 5321 3645 5376 magna

2077 5408 2178 5455 est.
2210 5398 2325 5453 Non
2369 5400 2530 5467 igitur
2569 5399 2755 5455 localis
2780 5405 2863 5453 est
2889 5398 3125 5464 animus,
3171 5406 3226 5452 et
3266 5397 3395 5451 nihil
3438 5397 3643 5452 illocala

2078 5501 2418 5560 corporeum:
2433 5503 2724 5554 corporeus
2747 5490 2908 5557 igitur
2926 5503 3036 5543 non
3056 5497 3156 5544 est.
3182 5488 3445 5557 Quidquid
3464 5494 3638 5542 autem

2148 5664 2176 5706 ὃ
2202 5665 2466 5738 Virgilius,
2491 5667 2709 5724 .Encid.
2732 5683 2803 5735 ιν,
2829 5685 2965 5725 vers.
2994 5669 3115 5724 402.
