3920 6176
197 280 286 334 741
1376 267 1462 324 DE
1497 270 1720 327 STATU
1759 272 1791 326 Α

1891 271 1999 327 ΗΔΕ
2040 271 2165 328 LIB.
2207 274 2268 331 ll.

3380 287 3488 340 749.

196 403 517 465 (or-porcum
559 403 669 444 non
697 392 801 450 est,
833 400 943 441 non
971 384 1113 440 mole
1153 384 1486 440 censendum
1529 393 1634 441 est.
1666 384 1789 440 Non
1814 391 1862 448 Α
1892 402 2007 440 ram
2036 402 2157 456 qua:
2182 390 2421 454 metitur,
2452 390 2544 444 sed
2586 405 2692 460 qua
2733 393 2971 447 metitur.
3004 392 3153 449 Sicut
3200 395 3328 450 item
3376 414 3486 454 non

196 499 323 555 ergo
352 497 421 538 ex
450 477 813 550 magnitudine
839 476 1083 546 corporis
1109 475 1275 530 animi
1304 475 1642 544 magnitudo.

260 572 653 641 VL'Quorsum
680 575 862 624 autem
890 566 1087 623 evadas
1130 583 1272 622 nunc
1300 566 1598 622 videamus.
1652 566 1786 638 Api-

196 667 315 722 eula
346 664 443 719 tibi
469 661 745 733 corporis,
777 659 1014 715 camelus
1043 659 1206 713 animi
1237 659 1663 727 magnitudinem
1692 675 1789 715 ne-

198 766 304 828 gat.
336 755 549 811 Videris
594 767 661 808 ne
706 750 1008 806 istiusmodi
1054 749 1353 805 rationibus
1396 750 1661 805 sententia
1694 751 1789 805 tibi

199 849 397 920 placita
421 844 697 901 labascat?
717 841 795 896 Ne
812 841 1105 897 secundum
1124 856 1414 924 corporeas
1432 844 1787 911 quantitates,

196 940 458 1003 numeris,
491 936 816 1009 ponderibus
858 940 913 988 et
958 932 1222 987 mensuris
1267 933 1433 988 animi
1477 933 1791 1003 magnitudo

196 1033 495 1101 subjaceat,
536 1028 628 1097 qui
670 1033 727 1081 et
770 1040 965 1096 parvus
996 1024 1049 1081 in
1077 1037 1273 1092 magno
1301 1031 1475 1079 totum
1500 1032 1703 1093 tenet,
1735 1032 1791 1080 et

199 1138 429 1193 magnus
456 1122 510 1175 in
540 1135 709 1191 parvo
738 1134 845 1172 non
874 1116 1059 1172 efﬂuit.
1111 1115 1216 1172 Sed
1260 1115 1398 1172 forte
1439 1118 1794 1187 corporaliter

198 1214 383 1270 metiri
412 1212 624 1267 animus
652 1225 760 1265 non
788 1215 997 1279 potest,
1027 1215 1082 1263 et
1116 1207 1278 1278 pendi
1306 1215 1503 1278 potest.
1535 1207 1586 1264 ls
1612 1207 1794 1264 dicere

199 1305 395 1360 audeat
427 1303 565 1358 scire
598 1316 658 1356 se
697 1315 855 1371 posse
877 1307 1010 1371 quot
1034 1300 1244 1355 aninms
1269 1298 1564 1355 secundum
1584 1300 1795 1369 pondus

199 1396 376 1467 pomit
403 1408 522 1449 esse
549 1392 824 1455 librarum,
872 1390 964 1458 qui
992 1389 1442 1459 comprehensum
1473 1398 1621 1444 tenet
1661 1392 1796 1460 quot

199 1489 272 1544 sit
299 1485 589 1542 secundum
618 1482 1005 1552 longitudinem
1034 1482 1249 1552 pedum.
1280 1481 1514 1550 Vestigia
1543 1496 1672 1537 vero
1694 1497 1794 1536 nu-

199 1593 474 1634 merorum
522 1576 576 1631 in
623 1574 940 1644 corporibus
986 1573 1188 1627 trifaria
1234 1573 1603 1628 dinoscuntur.
1648 1571 1794 1628 Loco

199 1670 403 1725 etenim
432 1668 626 1739 primo,
657 1673 715 1721 ut
743 1666 813 1719 sit
840 1680 1036 1735 corpus
1059 1664 1352 1720 maximum
1381 1662 1466 1718 vel
1487 1663 1789 1746 minimum,

1895 476 2001 533 hoc
2047 484 2137 534 est
2164 480 2478 547 magnitudo
2517 483 2662 550 quod
2715 497 2991 553 magnum,
3022 500 3122 540 nec
3147 486 3252 541 hoc
3277 490 3488 556 ecquale

1892 567 2034 636 quod
2062 569 2358 638 aequalitas,
2386 586 2487 626 nec
2508 571 2610 627 hoc
2642 573 2984 641 pulchritudo
3003 576 3149 645 quod
3179 577 3484 647 pulchrum.

1890 657 2035 713 Nihil
2064 660 2205 714 enim
2235 670 2477 716 creatum
2498 678 2595 732 per
2623 679 2682 718 se
2710 679 2962 733 magnum
2992 674 3109 731 est;
3142 667 3241 722 sed
3278 683 3347 723 ex
3379 670 3484 724 mi-

1891 753 2041 808 noris
2068 754 2476 824 comparatione
2504 758 2753 825 magnum
2776 758 2977 828 aliquid
3000 759 3219 833 dicitur.
3239 760 3376 817 Hinc
3403 770 3487 816 est

1893 843 2038 911 quod
2084 852 2324 899 montem
2364 861 2586 914 parvmn
2625 846 2872 912 dicimus,
2905 855 2961 902 et
3005 852 3208 917 grande
3254 851 3483 905 milium.

1894 932 2165 990 Grandem
2194 951 2412 1006 quoque
2440 951 2702 1004 muscam,
2745 948 2802 993 et
2828 940 3021 994 bovem
3062 956 3307 1011 parvum.
3348 943 3487 999 Cum

1897 1039 2025 1080 vero
2071 1025 2139 1080 ad
2191 1026 2362 1095 ipsam
2411 1029 2729 1082 creatricem
2773 1030 2990 1084 venitur
3041 1033 3485 1100 magnitudinem,

1893 1117 2020 1186 quia
2048 1118 2353 1186 comparari
2378 1135 2484 1171 non
2506 1126 2705 1189 potest,
2733 1135 2833 1175 nec
2854 1119 3028 1190 major
3054 1135 3155 1176 nec
3181 1122 3358 1178 minor
3378 1130 3481 1177 est.

1894 1203 1985 1262 Sic
2012 1214 2069 1261 et
2095 1208 2149 1262 in
2177 1208 2262 1263 his
2290 1209 2676 1280 principalibus
2704 1209 2893 1265 formis
2918 1211 3055 1265 ratio
3081 1227 3179 1281 par
3203 1221 3304 1279 est,
3350 1228 3489 1282 quas

1896 1296 2051 1354 Plato
2080 1299 2227 1354 ideas
2263 1301 2524 1355 nominat.
2556 1300 2692 1355 Nam
2719 1302 3014 1356 secundum
3063 1303 3305 1357 eamdem
3344 1318 3484 1373 qua-

1894 1389 2035 1444 drati
2064 1390 2235 1459 legem
2261 1392 2585 1447 fabricamus
2613 1401 2667 1448 et
2694 1394 3013 1462 quadratam
3044 1396 3278 1450 tabulam
3308 1404 3363 1450 et
3402 1395 3486 1451 fo-

1894 1497 2014 1537 rum
2034 1483 2373 1550 quadratum.
2406 1482 2473 1537 Et
2493 1499 2616 1538 cum
2640 1483 2816 1539 forum
2842 1484 3015 1553 majus
3043 1486 3361 1555 quadratum
3388 1488 3480 1550 sit,

1896 1589 2005 1628 non
2031 1582 2212 1629 tamen
2239 1576 2409 1644 magis
2436 1576 2756 1645 quadratum
2776 1583 2882 1631 est.
2911 1576 3047 1631 Hinc
3067 1578 3247 1646 capias
3268 1585 3487 1648 oportet

1898 1666 2153 1721 indicium
2180 1667 2324 1722 illius
2366 1683 2473 1722 non
2498 1668 2648 1739 pensi
2679 1669 2933 1738 ponderis
2955 1677 3010 1724 et
3032 1670 3497 1728 immensurabilis‘

204 1776 375 1815 unum
406 1758 457 1814 id
497 1773 617 1813 esse
644 1772 927 1813 necessum
957 1764 1064 1820 est,
1094 1756 1237 1825 quod
1277 1756 1481 1811 scilicet
1505 1771 1537 1809 a
1566 1772 1792 1811 numero
1825 1751 1867 1809 Β
1894 1772 2179 1822 mensum,
2210 1766 2266 1814 et
2303 1759 2708 1815 innumerabilis
2733 1760 2943 1815 numeri
2984 1779 2998 1813 :
3035 1776 3155 1831 quae
3183 1762 3285 1816 tria
3325 1762 3485 1817 simul

196 1854 293 1908 ille
322 1859 424 1907 est.
467 1850 746 1914 Secundo,
779 1858 913 1920 quot
939 1848 1182 1918 partibus
1227 1855 1468 1915 constat;
1498 1862 1618 1916 quas
1662 1863 1791 1917 pro-

198 1942 349 1999 fecto
380 1950 580 2011 partes,
614 1951 672 1995 ut
697 1939 810 2008 jam
834 1940 1083 2003 diximus,
1108 1939 1295 1993 dextra
1320 1947 1376 1993 et
1395 1939 1545 2004 laeva,
1579 1955 1793 1994 sursum

195 2049 262 2089 ac
293 2033 566 2096 deorsum,
598 2031 740 2093 ultro
788 2038 843 2084 et
889 2030 1026 2084 citro
1065 2038 1209 2083 sunt.
1240 2028 1444 2095 Tertio,
1475 2038 1609 2099 quot
1638 2028 1795 2099 juxta

196 2123 479 2196 praefatam
524 2122 887 2177 diversitatem
916 2120 1166 2191 partium,
1198 2120 1370 2175 secari
1409 2135 1570 2174 omne
1597 2136 1795 2190 corpus

197 2219 252 2274 in
288 2225 471 2288 partes
486 2223 707 2286 potest;
735 2229 963 2284 quarum
993 2214 1121 2268 item
1141 2227 1267 2283 pars
1287 2212 1540 2283 quaelibet
1560 2214 1792 2283 partium

194 2309 448 2379 corporis
477 2314 695 2377 propter
740 2307 847 2358 vim
888 2304 1262 2373 primigeniam
1307 2303 1516 2357 numeri
1544 2310 1598 2358 et
1627 2318 1794 2357 unum

194 2414 400 2469 corpus
424 2397 548 2461 erit,
570 2404 626 2450 et
656 2394 874 2449 totidem
898 2394 1139 2464 partibus
1163 2393 1452 2456 constabit,
1485 2400 1540 2448 et
1568 2392 1793 2463 perinde

192 2491 249 2545 in
285 2497 469 2559 partes
494 2487 665 2542 secari
690 2487 907 2556 poterit.
960 2485 1119 2540 Modo
1167 2493 1224 2539 tu
1261 2485 1465 2539 videris
1487 2494 1794 2539 utrumnam

192 2595 326 2635 cum
368 2578 652 2647 cujuslibet
681 2576 969 2631 animantis
1014 2590 1119 2630 una
1150 2576 1220 2629 sit
1247 2575 1422 2629 anima
1441 2615 1455 2641 ,
1486 2575 1652 2629 dividi
1681 2575 1796 2629 haec

199 2669 399 2725 eadem
430 2668 599 2738 possit
622 2676 678 2720 ut
699 2668 891 2721 iterum
914 2666 1215 2735 quotalibet
1244 2681 1369 2736 pars
1396 2666 1589 2720 anima:
1616 2666 1796 2720 anima

195 2762 305 2824 sit,
336 2759 476 2813 sicut
505 2758 803 2828 quotalibet
829 2772 954 2827 pars
1000 2758 1243 2827 corporis
1270 2772 1466 2827 corpus
1508 2765 1609 2813 est.
1641 2754 1797 2824 Quod

197 2854 334 2925 quia
364 2868 617 2908 sanorum
656 2851 924 2906 neminem
951 2865 1077 2906 reor
1104 2865 1262 2920 posse
1289 2850 1487 2917 dicere,
1517 2850 1797 2905 terendum

196 2956 421 3015 tempus
448 2960 556 3000 non
585 2952 668 3000 est
691 2945 744 2998 in
775 2958 960 2998 earum
987 2943 1321 2999 discussione
1349 2957 1652 3008 causarum,
1675 2954 1797 3011 qum

194 3046 401 3107 suapte
449 3044 641 3090 natura
684 3044 791 3089 tam
821 3035 979 3090 clara:
1023 3042 1149 3089 sunt
1192 3041 1254 3090 ut
1298 3033 1573 3090 obscurari
1615 3032 1795 3104 potius

193 3129 569 3201 disputatione
595 3128 799 3182 minuta
828 3126 1125 3181 videantur.

815 3260 1042 3318 CAPUT
1086 3261 1175 3316 1V.

384 3379 460 3435 De
487 3396 748 3446 mensura,
778 3395 991 3433 numero
1017 3389 1063 3432 et
1098 3378 1326 3453 pondere
1354 3375 1605 3445 corporis.

263 3500 313 3555 1.
368 3497 427 3553 In
468 3496 599 3552 illud
639 3510 783 3551 nunc
809 3494 998 3563 magis,
1039 3493 1144 3551 nisi
1190 3490 1511 3555 contemnis,
1542 3489 1790 3544 advertas
1836 3567 1861 3584 .

197 3592 467 3653 animum,
512 3596 570 3641 ut
614 3586 729 3653 tibi,
764 3586 818 3639 in
859 3592 1118 3654 quantum
1156 3598 1215 3638 se
1252 3582 1422 3636 videri
1462 3580 1785 3649 dignabitur,

194 3694 491 3744 mensum,
541 3676 797 3749 ponderis
826 3683 880 3730 et
910 3675 1117 3730 numeri
1159 3674 1238 3728 vis
1273 3672 1453 3727 divina
1499 3670 1786 3741 pandatur.

197 3772 315 3827 Dici
361 3782 554 3839 nempe
581 3768 648 3822 de
686 3767 798 3822 Deo
845 3766 1073 3835 legimus
1120 3782 1132 3816 :
1170 3762 1440 3828 Mensura,
1490 3777 1704 3815 numero
1740 3770 1790 3814 et

194 3861 432 3934 pondere
460 3861 633 3916 omnia
672 3858 976 3929 disposuisti
1002 3856 1157 3928 (Sap.
1179 3869 1251 3919 χι,
1275 3855 1366 3926 21)
1402 3873 1415 3908 :
1447 3869 1554 3926 quo
1575 3852 1791 3923 potissi-

196 3970 353 4008 mum
383 3950 691 4006 testimonio
719 3951 773 4003 in
795 3948 848 4003 id
876 3948 1080 4002 scilicet
1108 3961 1235 4001 usus
1254 3961 1331 4011 es,
1356 3953 1416 3999 ut
1441 3945 1565 4011 exin
1594 3943 1791 4013 proba-

194 4054 316 4100 tum
350 4042 534 4107 velles,
559 4040 840 4095 animabus
859 4053 1074 4108 quoque
1096 4037 1296 4093 nostris
1315 4049 1608 4106 corporeas
1626 4047 1791 4102 quas-

193 4136 327 4191 dam
360 4133 554 4188 inditas
580 4131 928 4201 quantitates.
961 4129 1250 4185 Videamus
1294 4128 1455 4196 igitur
1490 4144 1502 4179 :
1534 4138 1788 4180 mensura

191 4228 340 4294 hzec,
382 4224 590 4294 pondus
619 4225 741 4288 hoc,
770 4237 1026 4277 numerus
1052 4221 1140 4276 hic
1166 4220 1381 4275 ubinam
1422 4218 1525 4273 loci
1559 4216 1786 4305 fuerint,

191 4317 489 4391 quandove
518 4332 639 4373 esse
670 4316 950 4386 cmperint,
983 4323 1042 4370 ut
1070 4314 1138 4368 ad
1167 4313 1392 4367 istorum
1419 4309 1575 4379 quasi
1603 4323 1788 4364 exem—

189 4414 318 4484 plar
340 4410 484 4465 Deus
504 4410 753 4465 universa
782 4407 1077 4463 formaret?
1117 4404 1175 4462 Si
1204 4405 1334 4461 nihil
1359 4405 1656 4460 increatum
1685 4402 1790 4458 nisi

192 4509 418 4558 creator
462 4507 576 4565 est,
618 4500 733 4555 hmc
772 4513 901 4568 ergo
943 4505 1123 4552 creata
1151 4504 1293 4552 sunt.
1327 4495 1384 4551 Si
1411 4503 1595 4551 creata
1623 4500 1786 4560 sunt,

192 4609 305 4647 non
341 4591 504 4659 igitur
540 4590 719 4645 omnia
762 4589 902 4644 Deus
950 4588 1235 4654 mensuris,
1266 4587 1505 4643 numeris
1532 4586 1786 4657 ponderi—

190 4684 409 4752 busque
456 4681 736 4751 disposuit.
769 4678 1213 4750 Quandoquidem
1239 4679 1356 4735 haec
1399 4678 1514 4749 ipsa
1558 4693 1668 4735 non
1694 4695 1785 4735 se-

189 4772 436 4828 cundum
465 4771 566 4825 ista
596 4770 860 4826 formavit.
892 4768 998 4825 Sed
1018 4769 1325 4825 auctoritati
1344 4769 1538 4825 divinae
1565 4769 1785 4825 obviare

192 4863 351 4919 nefas
372 4870 473 4917 est.
500 4861 747 4917 Numeris
768 4874 916 4929 ergo,
941 4861 1265 4931 ponderibus
1289 4869 1345 4916 et
1364 4863 1631 4916 mensuris
1658 4861 1781 4915 uni-

194 4970 353 5009 versa
384 4961 566 5010 creata
595 4963 737 5009 sunt.
763 4951 1008 5007 Mensura
1040 4966 1189 5020 ergo,
1210 4951 1420 5022 pondus
1445 4960 1502 5007 et
1530 4967 1784 5008 numerus

190 5062 306 5100 non
336 5052 519 5100 creata
546 5052 707 5099 sunt:
738 5044 861 5113 quia
900 5058 1005 5099 non
1046 5043 1340 5098 secundum
1368 5044 1567 5099 eadem.
1602 5051 1783 5098 creata

189 5145 326 5192 sunt
353 5135 554 5199 omnia,
585 5135 633 5190 si
656 5142 710 5191 et
737 5135 851 5206 ipsa
879 5143 1061 5190 creata
1090 5143 1233 5189 sunt.
1288 5135 1385 5190 Hic
1412 5137 1661 5192 omnibus
1691 5151 1783 5190 co-

190 5226 406 5297 gitandi
443 5225 643 5284 viribus
686 5225 996 5282 enitendum
1025 5234 1110 5280 est
1132 5234 1190 5279 ut
1215 5240 1435 5295 quoquo
1463 5226 1626 5281 modo
1655 5241 1782 5296 pos-

190 5320 269 5374 sit
312 5318 532 5387 agnosci
570 5331 678 5372 non
718 5318 820 5373 hoc
867 5331 989 5372 esse
1033 5314 1242 5386 pondus
1293 5317 1592 5387 principale
1636 5317 1782 5386 quod

186 5410 470 5484 penditur,
502 5410 595 5465 sed
614 5425 723 5479 quo
750 5409 1034 5481 penditur;
1058 5423 1157 5465 nec
1176 5410 1425 5465 eumdem
1447 5425 1570 5466 esse
1594 5425 1782 5467 nume-

191 5517 322 5560 sum
342 5502 432 5571 qui
456 5510 785 5571 numeratur,
810 5500 904 5558 sed
930 5517 1039 5572 quo
1069 5509 1419 5568 numeratur;
1441 5519 1537 5560 nec
1565 5520 1779 5562 mensu-

272 5698 301 5726 ι
345 5688 425 5742 Al.
457 5687 540 5744 cui
566 5705 687 5746 non.

1894 1850 2209 1919 aequiterna,
2259 1861 2479 1921 semper
2514 1851 2808 1918 individua,
2839 1852 3039 1922 ubique
3086 1860 3143 1907 et
3177 1854 3487 1923 ubicunque

1896 1945 2030 2002 tota,
2056 1954 2196 1994 unus
2216 1939 2359 1995 Deus
2385 1948 2527 1995 sunt.

1888 2046 1899 2051 “
1964 2030 2028 2084 ll.
2060 2027 2253 2085 Omnia
2300 2032 2501 2086 etenim
2549 2046 2777 2101 corpora
2831 2032 3026 2102 quibus
3072 2031 3364 2102 quidquam
3403 2032 3489 2091 vel

1895 2133 2261 2182 numeramus,
2290 2119 2374 2173 vel
2396 2120 2698 2188 pendimus,
2721 2121 2807 2174 vel
2830 2122 3099 2188 metimur,
3136 2121 3487 2180 numerabilia

1893 2216 2039 2274 sunt,
2071 2217 2128 2263 et
2154 2207 2546 2278 ponderahilia,
2575 2221 2632 2264 et
2675 2211 3079 2265 mensurabilia.
3113 2211 3247 2265 Nam
3283 2222 3342 2266 et
3388 2229 3486 2267 uu-

1892 2302 2028 2356 meri
2074 2302 2130 2355 in
2170 2302 2488 2371 corporibus
2527 2311 2707 2357 certus
2753 2311 2837 2357 est
2883 2303 3095 2369 modus,
3128 2310 3182 2357 et
3210 2303 3486 2373 pondiculi

1894 2393 2110 2466 trutinae
2129 2401 2333 2448 certum
2359 2402 2444 2447 est
2471 2394 2698 2463 pondus,
2721 2402 2781 2449 et
2799 2395 3139 2466 decempeda:
3157 2403 3304 2451 certa
3332 2411 3484 2451 men-

1893 2499 2018 2539 sura
2048 2462 2150 2539 Est.
2185 2483 2231 2537 A
2269 2482 2426 2552 cujus
2453 2462 2822 2553 magnitudine
2863 2494 2917 2540 et
2945 2462 3081 2541 citra
3120 2486 3324 2542 recurri
3354 2486 3483 2553 licet

1896 2591 2066 2647 usque
2109 2576 2176 2631 ad
2206 2577 2412 2643 uncias,
2444 2585 2501 2632 et
2524 2578 2867 2642 semiuncias,
2916 2586 2972 2633 et
3001 2593 3169 2647 usque
3205 2578 3274 2632 ad
3316 2552 3481 2632 mini-

1893 2685 2063 2733 mum,
2094 2670 2229 2725 citra
2257 2670 2403 2739 quod
2434 2670 2565 2724 nihil
2594 2680 2694 2725 est.
2746 2669 2815 2723 Et
2863 2670 3000 2725 ultra
3053 2672 3183 2725 item
3232 2670 3483 2740 progredi

1894 2774 2066 2829 usque
2090 2759 2158 2814 ad
2195 2760 2449 2823 maxima,
2482 2765 2537 2813 et
2566 2760 2734 2829 ipsius
2760 2774 2976 2828 quoque
3004 2760 3188 2814 mundi
3212 2760 3483 2815 inaccessa

1896 2867 2040 2907 nunc
2065 2853 2311 2907 sensibus
2331 2853 2526 2921 spatia.
2553 2852 2726 2907 Habet
2752 2854 2897 2907 enim
2919 2860 3127 2908 certum
3153 2852 3482 2922 magnitudi-

1897 2945 1981 3000 nis
2000 2945 2218 2999 modum
2242 2944 2501 3013 quidquid
2539 2942 2702 2999 ﬁnale
2723 2952 2826 2999 est.
2852 2942 3084 2998 Proinde
3106 2943 3291 2998 mundi
3311 2943 3482 2998 moles

1898 3037 2166 3102 universa,
2184 3036 2440 3105 quoniam
2460 3050 2528 3090 ex
2552 3034 2717 3091 finitis
2738 3043 2821 3090 est
2845 3042 3125 3105 compacta
3146 3035 3481 3105 corporibus,

1816 3109 1863 3171 C
1894 3126 2095 3197 quippe
2121 3141 2243 3181 cum
2270 3126 2497 3180 alterum
2531 3140 2729 3196 corpus
2757 3126 2913 3180 alteri
2946 3124 3107 3179 tinem
3133 3124 3329 3190 faciat,
3360 3139 3481 3194 pro-

1893 3218 1980 3273 cul
2001 3218 2167 3273 dubio
2192 3218 2307 3287 ipsa
2332 3217 2509 3271 linalis
2527 3226 2630 3283 est,
2654 3224 3049 3289 proptereaque
3077 3217 3480 3273 mensurabilia.

1893 3308 2063 3363 Trans
2072 3323 2233 3378 quam
2245 3309 2292 3362 si
2306 3309 2433 3377 quid
2451 3309 2746 3378 spatiorum
2764 3309 2996 3362 humana
3023 3324 3175 3363 mens
3194 3309 3418 3377 cogitat,
3431 3308 3482 3365 in

1890 3416 1955 3456 ea
1978 3409 2126 3457 certe
2146 3401 2357 3455 ratione
2376 3415 2641 3455 mensura:
2661 3415 2759 3469 per
2777 3402 3089 3469 corporales
3110 3400 3309 3455 formas
3337 3400 3481 3456 mitti

1888 3508 2049 3564 posse
2078 3508 2187 3548 non
2214 3492 2423 3547 dubitat
2454 3510 2468 3545 :
2500 3491 2643 3561 quod
2663 3492 2879 3561 quidem
2905 3493 2980 3547 ita
3007 3507 3169 3562 posse
3199 3490 3314 3547 ﬁeri
3337 3492 3474 3547 veri-

1891 3592 2004 3639 tate
2045 3585 2231 3650 claret,
2273 3583 2319 3637 si
2358 3583 2498 3638 ullus
2525 3591 2680 3638 extra
2719 3582 2979 3637 mundum
3015 3583 3176 3638 ‘locus
3217 3591 3319 3638 est.
3371 3582 3479 3637 Sed

1890 3677 2146 3747 quoniam
2175 3683 2328 3731 extra
2361 3689 2580 3730 omnem
2614 3676 2792 3731 locum
2821 3674 2974 3731 locus
3005 3689 3128 3730 esse
3152 3690 3259 3730 non
3279 3681 3480 3745 potest,

1889 3769 2078 3824 localis
2116 3750 2369 3824 mensura
2398 3767 2490 3822 ubi
2518 3768 2667 3823 locus
2692 3773 2797 3834 est,
2831 3782 2940 3822 non
2980 3766 3187 3822 accedit
3219 3785 3232 3819 :
3263 3774 3319 3821 et
3358 3781 3480 3821 cum

1889 3863 2030 3919 desit
2057 3862 2201 3931 quod
2229 3861 2407 3916 metiri
2434 3861 2625 3931 possit,
2657 3873 2767 3929 quo
2806 3858 2977 3930 possit
3005 3858 3185 3913 metiri
3212 3865 3478 3927 superest,

1889 3956 2014 4024 quia
2044 3955 2194 4008 ﬁnito
2221 3952 2571 4008 mensurabili
2600 3950 3050 4007 immensurabilis
3078 3964 3330 4005 mensura
3371 3963 3480 4005 non

1890 4047 2088 4102 deficit.
2127 4045 2362 4101 Eatenus
2412 4045 2663 4115 equidem
2706 4045 2848 4099 ratio
2894 4042 3168 4114 ponderis,
3220 4056 3287 4097 eo
3337 4038 3481 4110 quod

1890 4140 2050 4210 pendi
2076 4147 2259 4209 potest
2285 4146 2553 4203 cessante,
2587 4154 2693 4192 non
2714 4138 2918 4192 interit.
2953 4136 3020 4190 Et
3048 4150 3301 4190 numerus
3330 4133 3481 4189 linito

1889 4230 2213 4285 numerabili
2233 4245 2341 4284 non
2370 4229 2572 4283 ﬁnitur.
2596 4228 2764 4296 Igitur
2782 4228 2826 4281 si
2849 4227 3123 4281 immensae
3143 4225 3278 4280 lucis
3301 4223 3482 4295 splen-

1890 4321 1992 4377 dor
2018 4321 2199 4390 aliquo
2227 4320 2383 4377 nobis
2421 4318 2631 4387 fulgore
2668 4317 2974 4384 subrutilat,
3007 4315 3309 4372 necessario
3339 4315 3473 4370 scili-

1891 4419 1979 4467 cet
2006 4412 2164 4467 istinc
2195 4410 2576 4476 admonehere,
2608 4417 2667 4463 ut
2695 4408 2971 4480 paululum
3017 4406 3252 4476 seposita
3286 4421 3473 4461 carna-

1820 4484 1872 4544 D
1894 4502 2023 4557 lium
2052 4503 2260 4558 fallacia
2282 4502 2570 4566 visionum,
2597 4500 2743 4555 dicas
2770 4499 2927 4554 nobis
2947 4496 3284 4567 decempeda:
3310 4496 3477 4552 forma

1888 4609 2163 4665 corporea:
2192 4604 2217 4632 α
2244 4594 2332 4650 cui
2358 4602 2600 4649 nostrum
2628 4592 2853 4648 visibilis
2880 4591 2988 4645 sit?
3016 4589 3121 4644 Sed
3161 4589 3287 4660 quia
3316 4589 3476 4652 hanc,

1889 4687 1992 4743 nisi
2016 4688 2237 4742 nimium
2258 4687 2483 4742 fortasse
2502 4699 2840 4749 succenseas,
2860 4682 3074 4751 corpori
3091 4677 3480 4750 contemplabi-

1886 4780 1992 4836 lem
2013 4796 2123 4836 non
2139 4780 2356 4849 negabis
2375 4783 2794 4846 :cousequenter
2812 4788 2996 4845 qurero
3024 4773 3170 4827 illam
3187 4774 3483 4827 immensu-

1887 4870 2110 4925 rabilem
2130 4869 2201 4926 de
2225 4884 2330 4939 qua
2355 4884 2514 4939 supra
2544 4881 2727 4922 sumus
2741 4865 2904 4920 locuti
2922 4878 3248 4929 mensuram,
3274 4864 3491 4921 animo-7

1887 4977 1959 5017 ne
1970 4978 2036 5017 an
2051 4963 2266 5032 corpori
2286 4961 2431 5015 dicas
2443 4975 2559 5016 esse
2571 4957 2943 5029 conspicuam?
2964 4956 3070 5012 Sed
3087 4972 3193 5011 non
3211 4957 3283 5011 ita
3298 4971 3481 5027 quem-

1887 5053 2028 5123 piam
2057 5055 2255 5107 veritas
2281 5053 2494 5107 deserat
2547 5059 2605 5105 ut
2651 5051 2829 5106 divina
2861 5049 3077 5121 corpori
3107 5049 3337 5104 visibilia
3365 5047 3480 5104 fore

1887 5144 2196 5211 contendat,
2220 5160 2342 5199 cum
2362 5159 2463 5199 nec
2481 5158 2706 5215 corpora
2728 5143 2898 5199 videri
2928 5144 2994 5199 ab
3016 5143 3123 5199 hoc
3146 5142 3246 5197 nisi
3276 5144 3480 5197 anima-

1889 5245 1945 5291 to
1965 5244 2275 5305 cognoscat,
2296 5244 2407 5302 aut,
2422 5244 2480 5291 ut
2506 5235 2678 5292 dicam
2709 5237 2905 5299 verius,
2938 5236 3172 5290 animam
3190 5234 3368 5304 potius
3383 5248 3469 5301 per

1890 5343 2088 5398 corpus
2125 5342 2286 5398 quam
2330 5328 2620 5399 quidquam
2648 5343 2745 5398 per
2772 5344 2832 5384 se
2861 5328 3061 5384 sentire
3094 5340 3288 5395 corpus
3317 5322 3476 5376 intel-

1890 5418 2035 5487 ligat.
2066 5418 2272 5489 Duplex
2297 5426 2380 5473 est
2409 5432 2537 5487 ergo
2557 5418 2774 5474 videndi
2801 5420 2883 5474 vis
2912 5418 3123 5473 animm.
3150 5414 3305 5469 Videt
3332 5427 3475 5466 men-

1888 5523 2087 5575 suram,
2118 5509 2329 5581 pondus
2367 5517 2423 5565 et
2449 5523 2733 5566 numerum
2763 5524 2860 5581 per
2886 5521 2945 5565 se
2977 5525 2991 5563 :
3022 5505 3169 5562 videt
3197 5518 3473 5561 mensura-
