  <div class='ocr_page' id='page_1' title='image "/cluster/home/n/w/nwhite01/storage/ocr_20150623/53/hvd.32044073505091/379.png"; bbox 0 0 3946 6182; ppageno 0'>
   <div class='ocr_carea' id='block_1_1' title="bbox 427 271 530 326">
    <p class='ocr_par' dir='ltr' id='par_1_1' title="bbox 427 271 530 326">
     <span class='ocr_line' id='line_1_1' title="bbox 427 271 530 326; baseline -0.019 0"><span class='ocrx_word' id='word_1_1' title='bbox 427 271 530 326; x_wconf 60' lang='grc'><strong>⁸143</strong></span> 
     </span>
    </p>
   </div>
   <div class='ocr_carea' id='block_1_2' title="bbox 427 455 2008 544">
    <p class='ocr_par' dir='ltr' id='par_1_2' title="bbox 427 455 2008 544">
     <span class='ocr_line' id='line_1_2' title="bbox 427 455 2008 544; baseline -0.014 -14"><span class='ocrx_word' id='word_1_2' title='bbox 427 489 524 544; x_wconf 88' lang='lat' dir='ltr'><strong>per</strong></span> <span class='ocrx_word' id='word_1_3' title='bbox 573 487 768 541; x_wconf 86' lang='lat' dir='ltr'><strong>corpus</strong></span> <span class='ocrx_word' id='word_1_4' title='bbox 815 469 958 524; x_wconf 90' lang='lat' dir='ltr'><strong>videt</strong></span> <span class='ocrx_word' id='word_1_5' title='bbox 1001 480 1120 534; x_wconf 66' lang='lat' dir='ltr'><strong>qua:</strong></span> <span class='ocrx_word' id='word_1_6' title='bbox 1170 470 1296 518; x_wconf 92' lang='lat' dir='ltr'><strong>sunt</strong></span> <span class='ocrx_word' id='word_1_7' title='bbox 1331 460 1525 516; x_wconf 83' lang='lat' dir='ltr'><strong>similia</strong></span> <span class='ocrx_word' id='word_1_8' title='bbox 1556 457 1792 526; x_wconf 85' lang='lat' dir='ltr'><strong>corpori,</strong></span> <span class='ocrx_word' id='word_1_9' title='bbox 1824 455 1875 509; x_wconf 90' lang='lat' dir='ltr'><strong>id</strong></span> <span class='ocrx_word' id='word_1_10' title='bbox 1905 464 2008 521; x_wconf 90' lang='lat' dir='ltr'><strong>est,</strong></span> 
     </span>
    </p>
   </div>
   <div class='ocr_carea' id='block_1_3' title="bbox 429 546 2012 634">
    <p class='ocr_par' dir='ltr' id='par_1_3' title="bbox 429 546 2012 634">
     <span class='ocr_line' id='line_1_3' title="bbox 429 546 2012 634; baseline -0.015 -13"><span class='ocrx_word' id='word_1_11' title='bbox 429 581 688 634; x_wconf 90' lang='lat' dir='ltr'><strong>corpora;</strong></span> <span class='ocrx_word' id='word_1_12' title='bbox 720 563 1036 630; x_wconf 89' lang='lat' dir='ltr'><strong>incorporea</strong></span> <span class='ocrx_word' id='word_1_13' title='bbox 1067 571 1195 612; x_wconf 90' lang='lat' dir='ltr'><strong>vero</strong></span> <span class='ocrx_word' id='word_1_14' title='bbox 1223 569 1320 624; x_wconf 89' lang='lat' dir='ltr'><strong>per</strong></span> <span class='ocrx_word' id='word_1_15' title='bbox 1348 567 1426 618; x_wconf 90' lang='lat' dir='ltr'><strong>se,</strong></span> <span class='ocrx_word' id='word_1_16' title='bbox 1457 550 1654 620; x_wconf 83' lang='lat' dir='ltr'><strong>quibus</strong></span> <span class='ocrx_word' id='word_1_17' title='bbox 1683 557 1765 603; x_wconf 91' lang='lat' dir='ltr'><strong>est</strong></span> <span class='ocrx_word' id='word_1_18' title='bbox 1793 548 1908 617; x_wconf 89' lang='lat' dir='ltr'><strong>ipsa</strong></span> <span class='ocrx_word' id='word_1_19' title='bbox 1937 546 2012 602; x_wconf 85' lang='lat' dir='ltr'><strong>si-</strong></span> 
     </span>
    </p>
   </div>
   <div class='ocr_carea' id='block_1_4' title="bbox 431 657 596 712">
    <p class='ocr_par' dir='ltr' id='par_1_4' title="bbox 431 657 596 712">
     <span class='ocr_line' id='line_1_4' title="bbox 431 657 596 712; baseline -0.018 0"><span class='ocrx_word' id='word_1_20' title='bbox 431 657 596 712; x_wconf 86' lang='lat' dir='ltr'><strong>milis.</strong></span> 
     </span>
    </p>
   </div>
   <div class='ocr_carea' id='block_1_5' title="bbox 500 728 2018 808">
    <p class='ocr_par' dir='ltr' id='par_1_5' title="bbox 500 728 2018 808">
     <span class='ocr_line' id='line_1_5' title="bbox 500 728 2018 808; baseline -0.01 -10"><span class='ocrx_word' id='word_1_21' title='bbox 500 745 584 798; x_wconf 92' lang='lat' dir='ltr'><strong>lll.</strong></span> <span class='ocrx_word' id='word_1_22' title='bbox 618 742 768 797; x_wconf 86' lang='lat' dir='ltr'><strong>Nunc</strong></span> <span class='ocrx_word' id='word_1_23' title='bbox 806 740 852 795; x_wconf 90' lang='lat' dir='ltr'><strong>si</strong></span> <span class='ocrx_word' id='word_1_24' title='bbox 875 739 1069 808; x_wconf 88' lang='lat' dir='ltr'><strong>placet,</strong></span> <span class='ocrx_word' id='word_1_25' title='bbox 1095 735 1348 806; x_wconf 89' lang='lat' dir='ltr'><strong>quoniam</strong></span> <span class='ocrx_word' id='word_1_26' title='bbox 1379 731 1665 792; x_wconf 90' lang='lat' dir='ltr'><strong>mensuris,</strong></span> <span class='ocrx_word' id='word_1_27' title='bbox 1689 728 2018 799; x_wconf 83' lang='lat' dir='ltr'><strong>ponderibus</strong></span> 
     </span>
    </p>
   </div>
   <div class='ocr_carea' id='block_1_6' title="bbox 431 819 2022 896">
    <p class='ocr_par' dir='ltr' id='par_1_6' title="bbox 431 819 2022 896">
     <span class='ocr_line' id='line_1_6' title="bbox 431 819 2022 896; baseline -0.013 -5"><span class='ocrx_word' id='word_1_28' title='bbox 431 845 483 892; x_wconf 89' lang='lat' dir='ltr'><strong>et</strong></span> <span class='ocrx_word' id='word_1_29' title='bbox 513 837 750 888; x_wconf 81' lang='lat' dir='ltr'><strong>numeris</strong></span> <span class='ocrx_word' id='word_1_30' title='bbox 778 830 958 886; x_wconf 80' lang='lat' dir='ltr'><strong>omnia</strong></span> <span class='ocrx_word' id='word_1_31' title='bbox 988 827 1249 896; x_wconf 84' lang='lat' dir='ltr'><strong>disposita</strong></span> <span class='ocrx_word' id='word_1_32' title='bbox 1278 832 1422 887; x_wconf 89' lang='lat' dir='ltr'><strong>sunt,</strong></span> <span class='ocrx_word' id='word_1_33' title='bbox 1455 819 1766 877; x_wconf 91' lang='lat' dir='ltr'><strong>eorumdem</strong></span> <span class='ocrx_word' id='word_1_34' title='bbox 1793 819 1846 872; x_wconf 91' lang='lat' dir='ltr'><strong>in</strong></span> <span class='ocrx_word' id='word_1_35' title='bbox 1874 833 2022 873; x_wconf 82' lang='lat' dir='ltr'><strong>crea-</strong></span> 
     </span>
    </p>
   </div>
   <div class='ocr_carea' id='block_1_7' title="bbox 431 898 2022 991">
    <p class='ocr_par' dir='ltr' id='par_1_7' title="bbox 431 898 2022 991">
     <span class='ocr_line' id='line_1_7' title="bbox 431 898 2022 991; baseline -0.011 -13"><span class='ocrx_word' id='word_1_36' title='bbox 431 925 564 978; x_wconf 90' lang='lat' dir='ltr'><strong>turis</strong></span> <span class='ocrx_word' id='word_1_37' title='bbox 593 898 760 991; x_wconf 56' lang='lat' dir='ltr'><strong>signa.</strong></span> <span class='ocrx_word' id='word_1_38' title='bbox 767 934 1088 989; x_wconf 65' lang='lat' dir='ltr'><strong>quaeramus.</strong></span> <span class='ocrx_word' id='word_1_39' title='bbox 1122 916 1292 970; x_wconf 85' lang='lat' dir='ltr'><strong>imum</strong></span> <span class='ocrx_word' id='word_1_40' title='bbox 1314 921 1462 970; x_wconf 88' lang='lat' dir='ltr'><strong>certe</strong></span> <span class='ocrx_word' id='word_1_41' title='bbox 1491 913 1880 966; x_wconf 88' lang='lat' dir='ltr'><strong>elementorum</strong></span> <span class='ocrx_word' id='word_1_42' title='bbox 1905 923 2022 963; x_wconf 91' lang='lat' dir='ltr'><strong>om-</strong></span> 
     </span>
    </p>
   </div>
   <div class='ocr_carea' id='block_1_8' title="bbox 433 999 2022 1067">
    <p class='ocr_par' dir='ltr' id='par_1_8' title="bbox 433 999 2022 1067">
     <span class='ocr_line' id='line_1_8' title="bbox 433 999 2022 1067; baseline -0.009 -1"><span class='ocrx_word' id='word_1_43' title='bbox 433 1013 578 1067; x_wconf 91' lang='lat' dir='ltr'><strong>nium</strong></span> <span class='ocrx_word' id='word_1_44' title='bbox 612 1020 754 1065; x_wconf 88' lang='lat' dir='ltr'><strong>terra</strong></span> <span class='ocrx_word' id='word_1_45' title='bbox 783 1015 866 1063; x_wconf 89' lang='lat' dir='ltr'><strong>est</strong></span> <span class='ocrx_word' id='word_1_46' title='bbox 896 1025 907 1059; x_wconf 93' lang='lat'>:</span> <span class='ocrx_word' id='word_1_47' title='bbox 944 1007 997 1060; x_wconf 91' lang='lat' dir='ltr'><strong>in</strong></span> <span class='ocrx_word' id='word_1_48' title='bbox 1023 1004 1255 1059; x_wconf 90' lang='lat' dir='ltr'><strong>rotundo</strong></span> <span class='ocrx_word' id='word_1_49' title='bbox 1297 1002 1500 1058; x_wconf 89' lang='lat' dir='ltr'><strong>scilicet</strong></span> <span class='ocrx_word' id='word_1_50' title='bbox 1531 999 1658 1054; x_wconf 88' lang='lat' dir='ltr'><strong>illud</strong></span> <span class='ocrx_word' id='word_1_51' title='bbox 1698 999 1862 1052; x_wconf 89' lang='lat' dir='ltr'><strong>imum</strong></span> <span class='ocrx_word' id='word_1_52' title='bbox 1887 1013 2022 1052; x_wconf 91' lang='lat' dir='ltr'><strong>con-</strong></span> 
     </span>
    </p>
   </div>
   <div class='ocr_carea' id='block_1_9' title="bbox 433 1089 2024 1169">
    <p class='ocr_par' dir='ltr' id='par_1_9' title="bbox 433 1089 2024 1169">
     <span class='ocr_line' id='line_1_9' title="bbox 433 1089 2024 1169; baseline -0.01 -11"><span class='ocrx_word' id='word_1_53' title='bbox 433 1111 541 1157; x_wconf 83' lang='lat' dir='ltr'><strong>stat</strong></span> <span class='ocrx_word' id='word_1_54' title='bbox 579 1117 714 1166; x_wconf 90' lang='lat' dir='ltr'><strong>esse,</strong></span> <span class='ocrx_word' id='word_1_55' title='bbox 739 1099 882 1169; x_wconf 91' lang='lat' dir='ltr'><strong>quod</strong></span> <span class='ocrx_word' id='word_1_56' title='bbox 923 1097 1156 1152; x_wconf 88' lang='lat' dir='ltr'><strong>medium</strong></span> <span class='ocrx_word' id='word_1_57' title='bbox 1188 1102 1288 1160; x_wconf 89' lang='lat' dir='ltr'><strong>est,</strong></span> <span class='ocrx_word' id='word_1_58' title='bbox 1320 1094 1446 1162; x_wconf 84' lang='lat' dir='ltr'><strong>quia</strong></span> <span class='ocrx_word' id='word_1_59' title='bbox 1480 1093 1532 1147; x_wconf 91' lang='lat' dir='ltr'><strong>in</strong></span> <span class='ocrx_word' id='word_1_60' title='bbox 1563 1091 1779 1146; x_wconf 81' lang='lat' dir='ltr'><strong>rotundi</strong></span> <span class='ocrx_word' id='word_1_61' title='bbox 1808 1089 2024 1144; x_wconf 82' lang='lat' dir='ltr'><strong>extimis</strong></span> 
     </span>
    </p>
   </div>
   <div class='ocr_carea' id='block_1_10' title="bbox 435 1179 2024 1254">
    <p class='ocr_par' dir='ltr' id='par_1_10' title="bbox 435 1179 2024 1254">
     <span class='ocr_line' id='line_1_10' title="bbox 435 1179 2024 1254; baseline -0.009 -6"><span class='ocrx_word' id='word_1_62' title='bbox 435 1194 600 1248; x_wconf 90' lang='lat' dir='ltr'><strong>imum</strong></span> <span class='ocrx_word' id='word_1_63' title='bbox 645 1208 749 1247; x_wconf 91' lang='lat' dir='ltr'><strong>non</strong></span> <span class='ocrx_word' id='word_1_64' title='bbox 799 1198 900 1244; x_wconf 90' lang='lat' dir='ltr'><strong>est.</strong></span> <span class='ocrx_word' id='word_1_65' title='bbox 931 1188 1194 1254; x_wconf 78' lang='lat' dir='ltr'><strong>Qtnelibet</strong></span> <span class='ocrx_word' id='word_1_66' title='bbox 1222 1199 1352 1253; x_wconf 84' lang='lat' dir='ltr'><strong>ergo</strong></span> <span class='ocrx_word' id='word_1_67' title='bbox 1374 1193 1531 1238; x_wconf 58' lang='lat' dir='ltr'><strong>terra:</strong></span> <span class='ocrx_word' id='word_1_68' title='bbox 1561 1199 1687 1252; x_wconf 86' lang='lat' dir='ltr'><strong>pars</strong></span> <span class='ocrx_word' id='word_1_69' title='bbox 1715 1195 1907 1250; x_wconf 85' lang='lat' dir='ltr'><strong>magna</strong></span> <span class='ocrx_word' id='word_1_70' title='bbox 1936 1179 2024 1234; x_wconf 89' lang='lat' dir='ltr'><strong>vel</strong></span> 
     </span>
    </p>
   </div>
   <div class='ocr_carea' id='block_1_11' title="bbox 436 1273 2028 1351">
    <p class='ocr_par' dir='ltr' id='par_1_11' title="bbox 436 1273 2028 1351">
     <span class='ocr_line' id='line_1_11' title="bbox 436 1273 2028 1351; baseline -0.007 -13"><span class='ocrx_word' id='word_1_71' title='bbox 436 1285 676 1349; x_wconf 88' lang='lat' dir='ltr'><strong>minima,</strong></span> <span class='ocrx_word' id='word_1_72' title='bbox 708 1290 765 1337; x_wconf 90' lang='lat' dir='ltr'><strong>ut</strong></span> <span class='ocrx_word' id='word_1_73' title='bbox 796 1282 1008 1351; x_wconf 82' lang='lat' dir='ltr'><strong>lapillus</strong></span> <span class='ocrx_word' id='word_1_74' title='bbox 1039 1280 1284 1346; x_wconf 79' lang='lat' dir='ltr'><strong>exiguus,</strong></span> <span class='ocrx_word' id='word_1_75' title='bbox 1328 1278 1410 1332; x_wconf 88' lang='lat' dir='ltr'><strong>vel</strong></span> <span class='ocrx_word' id='word_1_76' title='bbox 1441 1276 1828 1330; x_wconf 88' lang='lat' dir='ltr'><strong>minutissimus</strong></span> <span class='ocrx_word' id='word_1_77' title='bbox 1858 1273 2028 1344; x_wconf 90' lang='lat' dir='ltr'><strong>pulvi-</strong></span> 
     </span>
    </p>
   </div>
   <div class='ocr_carea' id='block_1_12' title="bbox 436 1364 2028 1444">
    <p class='ocr_par' dir='ltr' id='par_1_12' title="bbox 436 1364 2028 1444">
     <span class='ocr_line' id='line_1_12' title="bbox 436 1364 2028 1444; baseline -0.01 -12"><span class='ocrx_word' id='word_1_78' title='bbox 436 1377 613 1432; x_wconf 89' lang='lat' dir='ltr'><strong>sculus</strong></span> <span class='ocrx_word' id='word_1_79' title='bbox 641 1375 730 1444; x_wconf 66' lang='lat' dir='ltr'><strong>qui</strong></span> <span class='ocrx_word' id='word_1_80' title='bbox 773 1380 973 1442; x_wconf 87' lang='lat' dir='ltr'><strong>puncto</strong></span> <span class='ocrx_word' id='word_1_81' title='bbox 1002 1370 1194 1426; x_wconf 87' lang='lat' dir='ltr'><strong>visibili</strong></span> <span class='ocrx_word' id='word_1_82' title='bbox 1224 1368 1462 1435; x_wconf 86' lang='lat' dir='ltr'><strong>contingi</strong></span> <span class='ocrx_word' id='word_1_83' title='bbox 1490 1383 1599 1420; x_wconf 91' lang='lat' dir='ltr'><strong>non</strong></span> <span class='ocrx_word' id='word_1_84' title='bbox 1638 1373 1820 1434; x_wconf 85' lang='lat' dir='ltr'><strong>queat,</strong></span> <span class='ocrx_word' id='word_1_85' title='bbox 1863 1364 2028 1418; x_wconf 82' lang='lat' dir='ltr'><strong>habet</strong></span> 
     </span>
    </p>
   </div>
   <div class='ocr_carea' id='block_1_13' title="bbox 436 1455 2031 1532">
    <p class='ocr_par' dir='ltr' id='par_1_13' title="bbox 436 1455 2031 1532">
     <span class='ocr_line' id='line_1_13' title="bbox 436 1455 2031 1532; baseline -0.007 -12"><span class='ocrx_word' id='word_1_86' title='bbox 436 1475 491 1520; x_wconf 91' lang='lat' dir='ltr'><strong>et</strong></span> <span class='ocrx_word' id='word_1_87' title='bbox 519 1479 822 1519; x_wconf 79' lang='lat' dir='ltr'><strong>mensuram</strong></span> <span class='ocrx_word' id='word_1_88' title='bbox 852 1478 952 1532; x_wconf 90' lang='lat' dir='ltr'><strong>pro</strong></span> <span class='ocrx_word' id='word_1_89' title='bbox 974 1460 1192 1515; x_wconf 88' lang='lat' dir='ltr'><strong>modulo</strong></span> <span class='ocrx_word' id='word_1_90' title='bbox 1220 1459 1322 1523; x_wconf 91' lang='lat' dir='ltr'><strong>sui,</strong></span> <span class='ocrx_word' id='word_1_91' title='bbox 1346 1467 1400 1512; x_wconf 92' lang='lat' dir='ltr'><strong>et</strong></span> <span class='ocrx_word' id='word_1_92' title='bbox 1431 1472 1710 1511; x_wconf 85' lang='lat' dir='ltr'><strong>numerum</strong></span> <span class='ocrx_word' id='word_1_93' title='bbox 1743 1471 1840 1525; x_wconf 90' lang='lat' dir='ltr'><strong>pro</strong></span> <span class='ocrx_word' id='word_1_94' title='bbox 1869 1455 2031 1509; x_wconf 90' lang='lat' dir='ltr'><strong>ratio-</strong></span> 
     </span>
    </p>
   </div>
   <div class='ocr_carea' id='block_1_14' title="bbox 363 1544 2026 1625">
    <p class='ocr_par' dir='ltr' id='par_1_14' title="bbox 363 1544 2026 1625">
     <span class='ocr_line' id='line_1_14' title="bbox 363 1544 2026 1625; baseline -0.006 -16"><span class='ocrx_word' id='word_1_95' title='bbox 363 1572 379 1584; x_wconf 86' lang='grc'><strong>·</strong></span> <span class='ocrx_word' id='word_1_96' title='bbox 438 1572 504 1610; x_wconf 87' lang='lat' dir='ltr'><strong>ne</strong></span> <span class='ocrx_word' id='word_1_97' title='bbox 528 1557 776 1625; x_wconf 84' lang='lat' dir='ltr'><strong>partium,</strong></span> <span class='ocrx_word' id='word_1_98' title='bbox 800 1554 994 1623; x_wconf 80' lang='lat' dir='ltr'><strong>quibus</strong></span> <span class='ocrx_word' id='word_1_99' title='bbox 1021 1552 1223 1605; x_wconf 86' lang='lat' dir='ltr'><strong>distant</strong></span> <span class='ocrx_word' id='word_1_100' title='bbox 1251 1549 1532 1618; x_wconf 80' lang='lat' dir='ltr'><strong>superiora</strong></span> <span class='ocrx_word' id='word_1_101' title='bbox 1562 1548 1628 1601; x_wconf 84' lang='lat' dir='ltr'><strong>ab</strong></span> <span class='ocrx_word' id='word_1_102' title='bbox 1659 1544 2026 1609; x_wconf 77' lang='lat' dir='ltr'><strong>inferioribus,</strong></span> 
     </span>
    </p>
   </div>
   <div class='ocr_carea' id='block_1_15' title="bbox 437 1635 2029 1714">
    <p class='ocr_par' dir='ltr' id='par_1_15' title="bbox 437 1635 2029 1714">
     <span class='ocr_line' id='line_1_15' title="bbox 437 1635 2029 1714; baseline -0.008 -13"><span class='ocrx_word' id='word_1_103' title='bbox 437 1647 626 1714; x_wconf 79' lang='lat' dir='ltr'><strong>dextra</strong></span> <span class='ocrx_word' id='word_1_104' title='bbox 648 1661 676 1698; x_wconf 94' lang='lat' dir='ltr'><strong>a</strong></span> <span class='ocrx_word' id='word_1_105' title='bbox 705 1645 954 1705; x_wconf 84' lang='lat' dir='ltr'><strong>sinistris,</strong></span> <span class='ocrx_word' id='word_1_106' title='bbox 981 1658 1010 1696; x_wconf 92' lang='lat' dir='ltr'><strong>a</strong></span> <span class='ocrx_word' id='word_1_107' title='bbox 1037 1641 1430 1711; x_wconf 83' lang='lat' dir='ltr'><strong>posterioribus</strong></span> <span class='ocrx_word' id='word_1_108' title='bbox 1452 1639 1652 1708; x_wconf 86' lang='lat' dir='ltr'><strong>priora.</strong></span> <span class='ocrx_word' id='word_1_109' title='bbox 1682 1635 1835 1690; x_wconf 88' lang='lat' dir='ltr'><strong>Unde</strong></span> <span class='ocrx_word' id='word_1_110' title='bbox 1865 1637 2029 1690; x_wconf 87' lang='lat' dir='ltr'><strong>etiam</strong></span> 
     </span>
    </p>
   </div>
   <div class='ocr_carea' id='block_1_16' title="bbox 1710 249 3680 308">
    <p class='ocr_par' dir='ltr' id='par_1_16' title="bbox 1710 249 3680 308">
     <span class='ocr_line' id='line_1_16' title="bbox 1710 249 3680 308; baseline -0.004 0"><span class='ocrx_word' id='word_1_111' title='bbox 1710 253 2018 308; x_wconf 76' lang='lat' dir='ltr'><strong>MAMERTI</strong></span> <span class='ocrx_word' id='word_1_112' title='bbox 2059 251 2423 308; x_wconf 65' lang='lat' dir='ltr'><strong>CLAUDIAM</strong></span> <span class='ocrx_word' id='word_1_113' title='bbox 3595 249 3680 303; x_wconf 70' lang='lat' dir='ltr'><strong>&#39;,‘-tt</strong></span> 
     </span>
    </p>
   </div>
   <div class='ocr_carea' id='block_1_17' title="bbox 426 364 2859 446">
    <p class='ocr_par' dir='ltr' id='par_1_17' title="bbox 426 364 2859 446">
     <span class='ocr_line' id='line_1_17' title="bbox 426 364 2859 446; baseline -0.009 -5"><span class='ocrx_word' id='word_1_114' title='bbox 426 387 572 446; x_wconf 76' lang='lat' dir='ltr'><strong>bilia,</strong></span> <span class='ocrx_word' id='word_1_115' title='bbox 603 379 953 439; x_wconf 85' lang='lat' dir='ltr'><strong>numerabilia</strong></span> <span class='ocrx_word' id='word_1_116' title='bbox 995 385 1050 432; x_wconf 92' lang='lat' dir='ltr'><strong>et</strong></span> <span class='ocrx_word' id='word_1_117' title='bbox 1095 371 1459 445; x_wconf 86' lang='lat' dir='ltr'><strong>ponderabilia</strong></span> <span class='ocrx_word' id='word_1_118' title='bbox 1488 383 1583 438; x_wconf 88' lang='lat' dir='ltr'><strong>per</strong></span> <span class='ocrx_word' id='word_1_119' title='bbox 1611 381 1826 436; x_wconf 89' lang='lat' dir='ltr'><strong>corpus.</strong></span> <span class='ocrx_word' id='word_1_120' title='bbox 1861 364 2005 433; x_wconf 87' lang='lat' dir='ltr'><strong>Ergo</strong></span> <span class='ocrx_word' id='word_1_121' title='bbox 2039 370 2086 426; x_wconf 80' lang='grc' dir='ltr'><strong>Α</strong></span> <span class='ocrx_word' id='word_1_122' title='bbox 2115 367 2292 420; x_wconf 89' lang='lat' dir='ltr'><strong>anima</strong></span> <span class='ocrx_word' id='word_1_123' title='bbox 2323 367 2556 419; x_wconf 84' lang='lat' dir='ltr'><strong>humana</strong></span> <span class='ocrx_word' id='word_1_124' title='bbox 2587 364 2859 430; x_wconf 53' lang='lat' dir='ltr'><strong>sapientia</strong></span> 
     </span>
    </p>
   </div>
   <div class='ocr_carea' id='block_1_18' title="bbox 2907 367 3682 437">
    <p class='ocr_par' dir='ltr' id='par_1_18' title="bbox 2907 367 3682 437">
     <span class='ocr_line' id='line_1_18' title="bbox 2907 367 3682 437; baseline -0.004 -19"><span class='ocrx_word' id='word_1_125' title='bbox 2907 383 2919 418; x_wconf 90' lang='lat'><strong>:</strong></span> <span class='ocrx_word' id='word_1_126' title='bbox 2967 382 3142 437; x_wconf 79' lang='lat' dir='ltr'><strong>capax</strong></span> <span class='ocrx_word' id='word_1_127' title='bbox 3189 378 3421 432; x_wconf 88' lang='lat' dir='ltr'><strong>namque</strong></span> <span class='ocrx_word' id='word_1_128' title='bbox 3448 372 3525 416; x_wconf 85' lang='lat' dir='ltr'><strong>est</strong></span> <span class='ocrx_word' id='word_1_129' title='bbox 3560 367 3682 431; x_wconf 61' lang='lat' dir='ltr'><strong>ejus,</strong></span> 
     </span>
    </p>
   </div>
   <div class='ocr_carea' id='block_1_19' title="bbox 2118 454 3683 524">
    <p class='ocr_par' dir='ltr' id='par_1_19' title="bbox 2118 454 3683 524">
     <span class='ocr_line' id='line_1_19' title="bbox 2118 454 3683 524; baseline -0.003 -13"><span class='ocrx_word' id='word_1_130' title='bbox 2118 472 2224 524; x_wconf 88' lang='lat' dir='ltr'><strong>qua</strong></span> <span class='ocrx_word' id='word_1_131' title='bbox 2254 456 2557 524; x_wconf 70' lang='lat' dir='ltr'><strong>intelligens</strong></span> <span class='ocrx_word' id='word_1_132' title='bbox 2585 465 2688 512; x_wconf 90' lang='lat' dir='ltr'><strong>est.</strong></span> <span class='ocrx_word' id='word_1_133' title='bbox 2718 454 2858 524; x_wconf 86' lang='lat' dir='ltr'><strong>Ergo</strong></span> <span class='ocrx_word' id='word_1_134' title='bbox 2902 464 2962 510; x_wconf 92' lang='lat' dir='ltr'><strong>ut</strong></span> <span class='ocrx_word' id='word_1_135' title='bbox 3005 466 3134 520; x_wconf 72' lang='lat' dir='ltr'><strong>ante</strong></span> <span class='ocrx_word' id='word_1_136' title='bbox 3177 455 3454 524; x_wconf 88' lang='lat' dir='ltr'><strong>indeptam</strong></span> <span class='ocrx_word' id='word_1_137' title='bbox 3492 455 3683 522; x_wconf 83' lang='lat' dir='ltr'><strong>sapien-</strong></span> 
     </span>
    </p>
   </div>
   <div class='ocr_carea' id='block_1_20' title="bbox 2121 545 3688 616">
    <p class='ocr_par' dir='ltr' id='par_1_20' title="bbox 2121 545 3688 616">
     <span class='ocr_line' id='line_1_20' title="bbox 2121 545 3688 616; baseline -0.002 -16"><span class='ocrx_word' id='word_1_138' title='bbox 2121 547 2270 612; x_wconf 88' lang='lat' dir='ltr'><strong>tiam,</strong></span> <span class='ocrx_word' id='word_1_139' title='bbox 2293 546 2570 616; x_wconf 69' lang='lat' dir='ltr'><strong>sapientia:</strong></span> <span class='ocrx_word' id='word_1_140' title='bbox 2589 561 2759 615; x_wconf 84' lang='lat' dir='ltr'><strong>capax</strong></span> <span class='ocrx_word' id='word_1_141' title='bbox 2781 545 2902 600; x_wconf 84' lang='lat' dir='ltr'><strong>’dici</strong></span> <span class='ocrx_word' id='word_1_142' title='bbox 2933 561 3036 600; x_wconf 92' lang='lat' dir='ltr'><strong>non</strong></span> <span class='ocrx_word' id='word_1_143' title='bbox 3069 553 3292 616; x_wconf 87' lang='lat' dir='ltr'><strong>potest;</strong></span> <span class='ocrx_word' id='word_1_144' title='bbox 3319 545 3397 598; x_wconf 90' lang='lat' dir='ltr'><strong>sic</strong></span> <span class='ocrx_word' id='word_1_145' title='bbox 3427 553 3688 612; x_wconf 81' lang='lat' dir='ltr'><strong>antequam</strong></span> 
     </span>
    </p>
   </div>
   <div class='ocr_carea' id='block_1_21' title="bbox 2118 633 3689 707">
    <p class='ocr_par' dir='ltr' id='par_1_21' title="bbox 2118 633 3689 707">
     <span class='ocr_line' id='line_1_21' title="bbox 2118 633 3689 707; baseline 0 -17"><span class='ocrx_word' id='word_1_146' title='bbox 2118 638 2388 707; x_wconf 88' lang='lat' dir='ltr'><strong>particeps</strong></span> <span class='ocrx_word' id='word_1_147' title='bbox 2413 637 2528 705; x_wconf 87' lang='lat' dir='ltr'><strong>ejus</strong></span> <span class='ocrx_word' id='word_1_148' title='bbox 2551 635 2663 701; x_wconf 76' lang='lat' dir='ltr'><strong>fiat,</strong></span> <span class='ocrx_word' id='word_1_149' title='bbox 2695 638 2908 707; x_wconf 88' lang='lat' dir='ltr'><strong>sapiens</strong></span> <span class='ocrx_word' id='word_1_150' title='bbox 2933 637 3037 692; x_wconf 91' lang='lat' dir='ltr'><strong>dici</strong></span> <span class='ocrx_word' id='word_1_151' title='bbox 3066 654 3177 691; x_wconf 91' lang='lat' dir='ltr'><strong>non</strong></span> <span class='ocrx_word' id='word_1_152' title='bbox 3210 644 3410 707; x_wconf 83' lang='lat' dir='ltr'><strong>potest.</strong></span> <span class='ocrx_word' id='word_1_153' title='bbox 3446 633 3559 690; x_wconf 85' lang='lat' dir='ltr'><strong>[stic</strong></span> <span class='ocrx_word' id='word_1_154' title='bbox 3578 651 3689 704; x_wconf 84' lang='lat' dir='ltr'><strong>ergo</strong></span> 
     </span>
    </p>
   </div>
   <div class='ocr_carea' id='block_1_22' title="bbox 2120 708 3691 800">
    <p class='ocr_par' dir='ltr' id='par_1_22' title="bbox 2120 708 3691 800">
     <span class='ocr_line' id='line_1_22' title="bbox 2120 708 3691 800; baseline -0.004 -16"><span class='ocrx_word' id='word_1_155' title='bbox 2120 736 2527 800; x_wconf 88' lang='lat' dir='ltr'><strong>percunctatum</strong></span> <span class='ocrx_word' id='word_1_156' title='bbox 2567 730 2728 783; x_wconf 88' lang='lat' dir='ltr'><strong>venio</strong></span> <span class='ocrx_word' id='word_1_157' title='bbox 2762 708 3140 798; x_wconf 54' lang='lat' dir='ltr'><strong>:\‘~spatiumne</strong></span> <span class='ocrx_word' id='word_1_158' title='bbox 3183 727 3292 782; x_wconf 92' lang='lat' dir='ltr'><strong>loci</strong></span> <span class='ocrx_word' id='word_1_159' title='bbox 3340 726 3455 780; x_wconf 84' lang='lat' dir='ltr'><strong>fore</strong></span> <span class='ocrx_word' id='word_1_160' title='bbox 3491 725 3691 793; x_wconf 73' lang='lat' dir='ltr'><strong>iudices,</strong></span> 
     </span>
    </p>
   </div>
   <div class='ocr_carea' id='block_1_23' title="bbox 2123 817 3697 891">
    <p class='ocr_par' dir='ltr' id='par_1_23' title="bbox 2123 817 3697 891">
     <span class='ocr_line' id='line_1_23' title="bbox 2123 817 3697 891; baseline -0.003 -16"><span class='ocrx_word' id='word_1_161' title='bbox 2123 837 2191 875; x_wconf 91' lang='lat' dir='ltr'><strong>an</strong></span> <span class='ocrx_word' id='word_1_162' title='bbox 2220 821 2434 875; x_wconf 89' lang='lat' dir='ltr'><strong>illocale</strong></span> <span class='ocrx_word' id='word_1_163' title='bbox 2456 821 2656 890; x_wconf 86' lang='lat' dir='ltr'><strong>aliquid</strong></span> <span class='ocrx_word' id='word_1_164' title='bbox 2674 836 2780 890; x_wconf 91' lang='lat' dir='ltr'><strong>quo</strong></span> <span class='ocrx_word' id='word_1_165' title='bbox 2795 821 3006 891; x_wconf 87' lang='lat' dir='ltr'><strong>capitur</strong></span> <span class='ocrx_word' id='word_1_166' title='bbox 3022 819 3333 890; x_wconf 84' lang='lat' dir='ltr'><strong>sapientia?</strong></span> <span class='ocrx_word' id='word_1_167' title='bbox 3364 817 3473 886; x_wconf 85' lang='lat' dir='ltr'><strong>Ego</strong></span> <span class='ocrx_word' id='word_1_168' title='bbox 3499 817 3570 872; x_wconf 90' lang='lat' dir='ltr'><strong>sic</strong></span> <span class='ocrx_word' id='word_1_169' title='bbox 3589 832 3697 872; x_wconf 77' lang='lat' dir='ltr'><strong>cen-</strong></span> 
     </span>
    </p>
   </div>
   <div class='ocr_carea' id='block_1_24' title="bbox 2124 909 3696 983">
    <p class='ocr_par' dir='ltr' id='par_1_24' title="bbox 2124 909 3696 983">
     <span class='ocr_line' id='line_1_24' title="bbox 2124 909 3696 983; baseline -0.004 -15"><span class='ocrx_word' id='word_1_170' title='bbox 2124 929 2238 976; x_wconf 89' lang='lat' dir='ltr'><strong>seo,</strong></span> <span class='ocrx_word' id='word_1_171' title='bbox 2286 913 2432 983; x_wconf 90' lang='lat' dir='ltr'><strong>quod</strong></span> <span class='ocrx_word' id='word_1_172' title='bbox 2459 914 2504 967; x_wconf 95' lang='lat' dir='ltr'><strong>si</strong></span> <span class='ocrx_word' id='word_1_173' title='bbox 2534 912 2829 968; x_wconf 88' lang='lat' dir='ltr'><strong>secundum</strong></span> <span class='ocrx_word' id='word_1_174' title='bbox 2876 913 3112 982; x_wconf 85' lang='lat' dir='ltr'><strong>spatium</strong></span> <span class='ocrx_word' id='word_1_175' title='bbox 3142 911 3406 980; x_wconf 88' lang='lat' dir='ltr'><strong>sapientis</strong></span> <span class='ocrx_word' id='word_1_176' title='bbox 3433 909 3598 962; x_wconf 86' lang='lat' dir='ltr'><strong>anima</strong></span> <span class='ocrx_word' id='word_1_177' title='bbox 3623 924 3696 962; x_wconf 87' lang='lat' dir='ltr'><strong>sa-</strong></span> 
     </span>
    </p>
   </div>
   <div class='ocr_carea' id='block_1_25' title="bbox 2124 1001 3696 1073">
    <p class='ocr_par' dir='ltr' id='par_1_25' title="bbox 2124 1001 3696 1073">
     <span class='ocr_line' id='line_1_25' title="bbox 2124 1001 3696 1073; baseline -0.002 -16"><span class='ocrx_word' id='word_1_178' title='bbox 2124 1004 2342 1073; x_wconf 79' lang='lat' dir='ltr'><strong>pientiae</strong></span> <span class='ocrx_word' id='word_1_179' title='bbox 2371 1018 2543 1072; x_wconf 79' lang='lat' dir='ltr'><strong>capax</strong></span> <span class='ocrx_word' id='word_1_180' title='bbox 2572 1009 2671 1069; x_wconf 89' lang='lat' dir='ltr'><strong>est,</strong></span> <span class='ocrx_word' id='word_1_181' title='bbox 2706 1017 2836 1072; x_wconf 84' lang='lat' dir='ltr'><strong>ergo</strong></span> <span class='ocrx_word' id='word_1_182' title='bbox 2871 1002 3169 1057; x_wconf 91' lang='lat' dir='ltr'><strong>secundum</strong></span> <span class='ocrx_word' id='word_1_183' title='bbox 3203 1001 3405 1055; x_wconf 88' lang='lat' dir='ltr'><strong>molem</strong></span> <span class='ocrx_word' id='word_1_184' title='bbox 3425 1013 3604 1068; x_wconf 85' lang='lat' dir='ltr'><strong>magna</strong></span> <span class='ocrx_word' id='word_1_185' title='bbox 3631 1009 3696 1054; x_wconf 82' lang='lat' dir='ltr'><strong>est</strong></span> 
     </span>
    </p>
   </div>
   <div class='ocr_carea' id='block_1_26' title="bbox 2125 1091 3697 1164">
    <p class='ocr_par' dir='ltr' id='par_1_26' title="bbox 2125 1091 3697 1164">
     <span class='ocr_line' id='line_1_26' title="bbox 2125 1091 3697 1164; baseline -0.003 -15"><span class='ocrx_word' id='word_1_186' title='bbox 2125 1095 2406 1164; x_wconf 87' lang='lat' dir='ltr'><strong>sapientia.</strong></span> <span class='ocrx_word' id='word_1_187' title='bbox 2441 1093 2595 1161; x_wconf 83' lang='lat' dir='ltr'><strong>Quod</strong></span> <span class='ocrx_word' id='word_1_188' title='bbox 2627 1105 2650 1133; x_wconf 73' lang='grc' dir='ltr'><strong>υ</strong></span> <span class='ocrx_word' id='word_1_189' title='bbox 2681 1094 2806 1164; x_wconf 90' lang='lat' dir='ltr'><strong>quia</strong></span> <span class='ocrx_word' id='word_1_190' title='bbox 2837 1110 2942 1148; x_wconf 91' lang='lat' dir='ltr'><strong>non</strong></span> <span class='ocrx_word' id='word_1_191' title='bbox 2973 1093 3098 1148; x_wconf 88' lang='lat' dir='ltr'><strong>sinit</strong></span> <span class='ocrx_word' id='word_1_192' title='bbox 3126 1093 3238 1148; x_wconf 87' lang='lat' dir='ltr'><strong>dici</strong></span> <span class='ocrx_word' id='word_1_193' title='bbox 3269 1093 3490 1155; x_wconf 82' lang='lat' dir='ltr'><strong>veritas,</strong></span> <span class='ocrx_word' id='word_1_194' title='bbox 3513 1091 3697 1145; x_wconf 72' lang='lat' dir='ltr'><strong>illocale</strong></span> 
     </span>
    </p>
   </div>
   <div class='ocr_carea' id='block_1_27' title="bbox 2132 1181 3692 1256">
    <p class='ocr_par' dir='ltr' id='par_1_27' title="bbox 2132 1181 3692 1256">
     <span class='ocr_line' id='line_1_27' title="bbox 2132 1181 3692 1256; baseline -0.006 -15"><span class='ocrx_word' id='word_1_195' title='bbox 2132 1195 2217 1242; x_wconf 90' lang='lat' dir='ltr'><strong>est</strong></span> <span class='ocrx_word' id='word_1_196' title='bbox 2244 1187 2389 1256; x_wconf 90' lang='lat' dir='ltr'><strong>quod</strong></span> <span class='ocrx_word' id='word_1_197' title='bbox 2411 1186 2576 1256; x_wconf 91' lang='lat' dir='ltr'><strong>capit,</strong></span> <span class='ocrx_word' id='word_1_198' title='bbox 2615 1193 2676 1240; x_wconf 91' lang='lat' dir='ltr'><strong>ut</strong></span> <span class='ocrx_word' id='word_1_199' title='bbox 2703 1184 2912 1240; x_wconf 87' lang='lat' dir='ltr'><strong>illocale</strong></span> <span class='ocrx_word' id='word_1_200' title='bbox 2933 1184 3103 1254; x_wconf 87' lang='lat' dir='ltr'><strong>possit</strong></span> <span class='ocrx_word' id='word_1_201' title='bbox 3140 1197 3267 1238; x_wconf 90' lang='lat' dir='ltr'><strong>esse</strong></span> <span class='ocrx_word' id='word_1_202' title='bbox 3312 1181 3457 1251; x_wconf 87' lang='lat' dir='ltr'><strong>quod</strong></span> <span class='ocrx_word' id='word_1_203' title='bbox 3497 1181 3692 1250; x_wconf 83' lang='lat' dir='ltr'><strong>capitur.</strong></span> 
     </span>
    </p>
   </div>
   <div class='ocr_carea' id='block_1_28' title="bbox 2127 1269 3696 1341">
    <p class='ocr_par' dir='ltr' id='par_1_28' title="bbox 2127 1269 3696 1341">
     <span class='ocr_line' id='line_1_28' title="bbox 2127 1269 3696 1341; baseline -0.006 -10"><span class='ocrx_word' id='word_1_204' title='bbox 2127 1276 2207 1332; x_wconf 87' lang='lat' dir='ltr'><strong>En</strong></span> <span class='ocrx_word' id='word_1_205' title='bbox 2237 1277 2332 1332; x_wconf 86' lang='lat' dir='ltr'><strong>tibi</strong></span> <span class='ocrx_word' id='word_1_206' title='bbox 2360 1276 2580 1330; x_wconf 88' lang='lat' dir='ltr'><strong>humani</strong></span> <span class='ocrx_word' id='word_1_207' title='bbox 2624 1275 2786 1329; x_wconf 90' lang='lat' dir='ltr'><strong>animi</strong></span> <span class='ocrx_word' id='word_1_208' title='bbox 2817 1276 2934 1330; x_wconf 88' lang='lat' dir='ltr'><strong>sine</strong></span> <span class='ocrx_word' id='word_1_209' title='bbox 2961 1275 3104 1329; x_wconf 90' lang='lat' dir='ltr'><strong>mole</strong></span> <span class='ocrx_word' id='word_1_210' title='bbox 3132 1271 3573 1341; x_wconf 77' lang='lat' dir='ltr'><strong>magnitudinem.</strong></span> <span class='ocrx_word' id='word_1_211' title='bbox 3604 1269 3696 1323; x_wconf 80' lang='lat' dir='ltr'><strong>Nu-</strong></span> 
     </span>
    </p>
   </div>
   <div class='ocr_carea' id='block_1_29' title="bbox 2128 1367 2973 1423">
    <p class='ocr_par' dir='ltr' id='par_1_29' title="bbox 2128 1367 2973 1423">
     <span class='ocr_line' id='line_1_29' title="bbox 2128 1367 2973 1423; baseline -0.002 0"><span class='ocrx_word' id='word_1_212' title='bbox 2128 1369 2264 1423; x_wconf 90' lang='lat' dir='ltr'><strong>meri</strong></span> <span class='ocrx_word' id='word_1_213' title='bbox 2289 1383 2428 1423; x_wconf 90' lang='lat' dir='ltr'><strong>nunc</strong></span> <span class='ocrx_word' id='word_1_214' title='bbox 2455 1367 2664 1422; x_wconf 91' lang='lat' dir='ltr'><strong>intuere</strong></span> <span class='ocrx_word' id='word_1_215' title='bbox 2687 1367 2973 1421; x_wconf 87' lang='lat' dir='ltr'><strong>rationem.</strong></span> 
     </span>
    </p>
   </div>
   <div class='ocr_carea' id='block_1_30' title="bbox 2201 1452 3696 1521">
    <p class='ocr_par' dir='ltr' id='par_1_30' title="bbox 2201 1452 3696 1521">
     <span class='ocr_line' id='line_1_30' title="bbox 2201 1452 3696 1521; baseline -0.006 -8"><span class='ocrx_word' id='word_1_216' title='bbox 2201 1459 2265 1513; x_wconf 91' lang='lat' dir='ltr'><strong>ll.</strong></span> <span class='ocrx_word' id='word_1_217' title='bbox 2293 1457 2754 1519; x_wconf 88' lang='lat' dir='ltr'><strong>Animadvertisti,</strong></span> <span class='ocrx_word' id='word_1_218' title='bbox 2778 1464 2833 1511; x_wconf 90' lang='lat' dir='ltr'><strong>ut</strong></span> <span class='ocrx_word' id='word_1_219' title='bbox 2865 1456 3115 1520; x_wconf 82' lang='lat' dir='ltr'><strong>arbitror,</strong></span> <span class='ocrx_word' id='word_1_220' title='bbox 3147 1455 3270 1509; x_wconf 62' lang='lat' dir='ltr'><strong>haec</strong></span> <span class='ocrx_word' id='word_1_221' title='bbox 3300 1467 3422 1508; x_wconf 83' lang='lat' dir='ltr'><strong>esse</strong></span> <span class='ocrx_word' id='word_1_222' title='bbox 3449 1452 3500 1505; x_wconf 91' lang='lat' dir='ltr'><strong>in</strong></span> <span class='ocrx_word' id='word_1_223' title='bbox 3529 1467 3696 1521; x_wconf 73' lang='lat' dir='ltr'><strong>corpo~</strong></span> 
     </span>
    </p>
   </div>
   <div class='ocr_carea' id='block_1_31' title="bbox 2130 1543 3698 1618">
    <p class='ocr_par' dir='ltr' id='par_1_31' title="bbox 2130 1543 3698 1618">
     <span class='ocr_line' id='line_1_31' title="bbox 2130 1543 3698 1618; baseline -0.006 -14"><span class='ocrx_word' id='word_1_224' title='bbox 2130 1551 2277 1605; x_wconf 88' lang='lat' dir='ltr'><strong>ribus</strong></span> <span class='ocrx_word' id='word_1_225' title='bbox 2303 1550 2455 1617; x_wconf 84' lang='lat' dir='ltr'><strong>signa</strong></span> <span class='ocrx_word' id='word_1_226' title='bbox 2488 1556 2853 1612; x_wconf 88' lang='lat' dir='ltr'><strong>numerorum,</strong></span> <span class='ocrx_word' id='word_1_227' title='bbox 2881 1547 3024 1618; x_wconf 91' lang='lat' dir='ltr'><strong>quod</strong></span> <span class='ocrx_word' id='word_1_228' title='bbox 3051 1546 3265 1601; x_wconf 87' lang='lat' dir='ltr'><strong>scilicet</strong></span> <span class='ocrx_word' id='word_1_229' title='bbox 3300 1558 3578 1598; x_wconf 88' lang='lat' dir='ltr'><strong>numerosa</strong></span> <span class='ocrx_word' id='word_1_230' title='bbox 3612 1543 3698 1596; x_wconf 86' lang='lat' dir='ltr'><strong>sint</strong></span> 
     </span>
    </p>
   </div>
   <div class='ocr_carea' id='block_1_32' title="bbox 2131 1635 3697 1712">
    <p class='ocr_par' dir='ltr' id='par_1_32' title="bbox 2131 1635 3697 1712">
     <span class='ocr_line' id='line_1_32' title="bbox 2131 1635 3697 1712; baseline -0.006 -14"><span class='ocrx_word' id='word_1_231' title='bbox 2131 1657 2381 1712; x_wconf 89' lang='lat' dir='ltr'><strong>corpora,</strong></span> <span class='ocrx_word' id='word_1_232' title='bbox 2407 1657 2527 1712; x_wconf 72' lang='lat' dir='ltr'><strong>qum</strong></span> <span class='ocrx_word' id='word_1_233' title='bbox 2548 1641 2648 1696; x_wconf 88' lang='lat' dir='ltr'><strong>sibi</strong></span> <span class='ocrx_word' id='word_1_234' title='bbox 2675 1641 2970 1696; x_wconf 87' lang='lat' dir='ltr'><strong>secundum</strong></span> <span class='ocrx_word' id='word_1_235' title='bbox 2993 1639 3491 1708; x_wconf 58' lang='lat' dir='ltr'><strong>praestantissimam</strong></span> <span class='ocrx_word' id='word_1_236' title='bbox 3520 1635 3697 1690; x_wconf 85' lang='lat' dir='ltr'><strong>numeri</strong></span> 
     </span>
    </p>
   </div>
   <div class='ocr_carea' id='block_1_33' title="bbox 439 1728 3695 1805">
    <p class='ocr_par' dir='ltr' id='par_1_33' title="bbox 439 1728 3695 1805">
     <span class='ocr_line' id='line_1_33' title="bbox 439 1728 3695 1805; baseline -0.007 -15"><span class='ocrx_word' id='word_1_237' title='bbox 439 1737 733 1805; x_wconf 88' lang='lat' dir='ltr'><strong>quamlibet</strong></span> <span class='ocrx_word' id='word_1_238' title='bbox 761 1735 1039 1788; x_wconf 85' lang='lat' dir='ltr'><strong>minimum</strong></span> <span class='ocrx_word' id='word_1_239' title='bbox 1254 1732 1306 1785; x_wconf 89' lang='lat' dir='ltr'><strong>in</strong></span> <span class='ocrx_word' id='word_1_240' title='bbox 1328 1730 1435 1784; x_wconf 91' lang='lat' dir='ltr'><strong>duo</strong></span> <span class='ocrx_word' id='word_1_241' title='bbox 1458 1735 1655 1798; x_wconf 85' lang='lat' dir='ltr'><strong>potest,</strong></span> <span class='ocrx_word' id='word_1_242' title='bbox 1833 1743 2032 1796; x_wconf 89' lang='lat' dir='ltr'><strong>corpus</strong></span> <span class='ocrx_word' id='word_1_243' title='bbox 2063 1737 2106 1795; x_wconf 83' lang='lat' dir='ltr'><strong>B</strong></span> <span class='ocrx_word' id='word_1_244' title='bbox 2134 1733 2494 1801; x_wconf 64' lang='lat' dir='ltr'><strong>mqualilatem</strong></span> <span class='ocrx_word' id='word_1_245' title='bbox 2525 1731 2757 1802; x_wconf 64' lang='lat' dir='ltr'><strong>partium</strong></span> <span class='ocrx_word' id='word_1_246' title='bbox 2787 1731 3056 1802; x_wconf 65' lang='lat' dir='ltr'><strong>parilitate</strong></span> <span class='ocrx_word' id='word_1_247' title='bbox 3077 1731 3479 1801; x_wconf 58' lang='lat' dir='ltr'><strong>respondeant;</strong></span> <span class='ocrx_word' id='word_1_248' title='bbox 3508 1737 3560 1780; x_wconf 68' lang='lat' dir='ltr'><strong>ut</strong></span> <span class='ocrx_word' id='word_1_249' title='bbox 3583 1740 3695 1794; x_wconf 70' lang='lat' dir='ltr'><strong>quc.</strong></span> 
     </span>
    </p>
   </div>
   <div class='ocr_carea' id='block_1_34' title="bbox 441 1818 2023 1887">
    <p class='ocr_par' dir='ltr' id='par_1_34' title="bbox 441 1818 2023 1887">
     <span class='ocr_line' id='line_1_34' title="bbox 441 1818 2023 1887; baseline -0.008 -5"><span class='ocrx_word' id='word_1_250' title='bbox 441 1834 541 1882; x_wconf 87' lang='lat' dir='ltr'><strong>est.</strong></span> <span class='ocrx_word' id='word_1_251' title='bbox 577 1825 789 1881; x_wconf 80' lang='lat' dir='ltr'><strong>Ponlus</strong></span> <span class='ocrx_word' id='word_1_252' title='bbox 810 1841 940 1878; x_wconf 87' lang='lat' dir='ltr'><strong>vero</strong></span> <span class='ocrx_word' id='word_1_253' title='bbox 966 1825 1106 1878; x_wconf 86' lang='lat' dir='ltr'><strong>illius</strong></span> <span class='ocrx_word' id='word_1_254' title='bbox 1136 1824 1256 1876; x_wconf 83' lang='lat' dir='ltr'><strong>hinc</strong></span> <span class='ocrx_word' id='word_1_255' title='bbox 1288 1820 1746 1884; x_wconf 83' lang='lat' dir='ltr'><strong>animadvertitur,</strong></span> <span class='ocrx_word' id='word_1_256' title='bbox 1769 1818 1913 1887; x_wconf 91' lang='lat' dir='ltr'><strong>quod</strong></span> <span class='ocrx_word' id='word_1_257' title='bbox 1945 1819 2023 1886; x_wconf 87' lang='lat' dir='ltr'><strong>ip-</strong></span> 
     </span>
    </p>
   </div>
   <div class='ocr_carea' id='block_1_35' title="bbox 441 1909 2024 1981">
    <p class='ocr_par' dir='ltr' id='par_1_35' title="bbox 441 1909 2024 1981">
     <span class='ocr_line' id='line_1_35' title="bbox 441 1909 2024 1981; baseline -0.007 -10"><span class='ocrx_word' id='word_1_258' title='bbox 441 1933 559 1971; x_wconf 89' lang='lat' dir='ltr'><strong>sum</strong></span> <span class='ocrx_word' id='word_1_259' title='bbox 589 1917 864 1969; x_wconf 91' lang='lat' dir='ltr'><strong>minimum</strong></span> <span class='ocrx_word' id='word_1_260' title='bbox 896 1915 960 1968; x_wconf 91' lang='lat' dir='ltr'><strong>ab</strong></span> <span class='ocrx_word' id='word_1_261' title='bbox 984 1913 1188 1981; x_wconf 84' lang='lat' dir='ltr'><strong>origine</strong></span> <span class='ocrx_word' id='word_1_262' title='bbox 1218 1927 1310 1965; x_wconf 85' lang='lat' dir='ltr'><strong>sua</strong></span> <span class='ocrx_word' id='word_1_263' title='bbox 1343 1911 1628 1974; x_wconf 89' lang='lat' dir='ltr'><strong>sublatum,</strong></span> <span class='ocrx_word' id='word_1_264' title='bbox 1660 1917 1714 1962; x_wconf 92' lang='lat' dir='ltr'><strong>et</strong></span> <span class='ocrx_word' id='word_1_265' title='bbox 1759 1909 1811 1961; x_wconf 91' lang='lat' dir='ltr'><strong>in</strong></span> <span class='ocrx_word' id='word_1_266' title='bbox 1863 1922 2024 1976; x_wconf 88' lang='lat' dir='ltr'><strong>aqua,</strong></span> 
     </span>
    </p>
   </div>
   <div class='ocr_carea' id='block_1_36' title="bbox 443 1998 2027 2076">
    <p class='ocr_par' dir='ltr' id='par_1_36' title="bbox 443 1998 2027 2076">
     <span class='ocr_line' id='line_1_36' title="bbox 443 1998 2027 2076; baseline -0.007 -14"><span class='ocrx_word' id='word_1_267' title='bbox 443 2009 721 2076; x_wconf 86' lang='lat' dir='ltr'><strong>superiore</strong></span> <span class='ocrx_word' id='word_1_268' title='bbox 751 2007 996 2061; x_wconf 67' lang='lat' dir='ltr'><strong>videlicet</strong></span> <span class='ocrx_word' id='word_1_269' title='bbox 1025 2006 1292 2059; x_wconf 88' lang='lat' dir='ltr'><strong>elemento</strong></span> <span class='ocrx_word' id='word_1_270' title='bbox 1319 2003 1614 2066; x_wconf 90' lang='lat' dir='ltr'><strong>dimissum,</strong></span> <span class='ocrx_word' id='word_1_271' title='bbox 1646 2009 1798 2055; x_wconf 88' lang='lat' dir='ltr'><strong>motu</strong></span> <span class='ocrx_word' id='word_1_272' title='bbox 1846 1998 2027 2053; x_wconf 81' lang='lat' dir='ltr'><strong>infati-</strong></span> 
     </span>
    </p>
   </div>
   <div class='ocr_carea' id='block_1_37' title="bbox 443 2091 2026 2170">
    <p class='ocr_par' dir='ltr' id='par_1_37' title="bbox 443 2091 2026 2170">
     <span class='ocr_line' id='line_1_37' title="bbox 443 2091 2026 2170; baseline -0.006 -16"><span class='ocrx_word' id='word_1_273' title='bbox 443 2101 604 2170; x_wconf 85' lang='lat' dir='ltr'><strong>gabili</strong></span> <span class='ocrx_word' id='word_1_274' title='bbox 634 2115 740 2155; x_wconf 88' lang='lat' dir='ltr'><strong>non</strong></span> <span class='ocrx_word' id='word_1_275' title='bbox 768 2099 1014 2168; x_wconf 84' lang='lat' dir='ltr'><strong>quiescit,</strong></span> <span class='ocrx_word' id='word_1_276' title='bbox 1039 2097 1212 2151; x_wconf 88' lang='lat' dir='ltr'><strong>donec</strong></span> <span class='ocrx_word' id='word_1_277' title='bbox 1242 2095 1471 2150; x_wconf 80' lang='lat' dir='ltr'><strong>naturali</strong></span> <span class='ocrx_word' id='word_1_278' title='bbox 1501 2094 1740 2163; x_wconf 87' lang='lat' dir='ltr'><strong>pondere</strong></span> <span class='ocrx_word' id='word_1_279' title='bbox 1762 2093 1827 2147; x_wconf 88' lang='lat' dir='ltr'><strong>ad</strong></span> <span class='ocrx_word' id='word_1_280' title='bbox 1853 2091 2026 2148; x_wconf 88' lang='lat' dir='ltr'><strong>solum</strong></span> 
     </span>
    </p>
   </div>
   <div class='ocr_carea' id='block_1_38' title="bbox 445 2184 2029 2257">
    <p class='ocr_par' dir='ltr' id='par_1_38' title="bbox 445 2184 2029 2257">
     <span class='ocr_line' id='line_1_38' title="bbox 445 2184 2029 2257; baseline -0.006 -13"><span class='ocrx_word' id='word_1_281' title='bbox 445 2199 602 2244; x_wconf 72' lang='lat' dir='ltr'><strong>terra:</strong></span> <span class='ocrx_word' id='word_1_282' title='bbox 630 2188 953 2257; x_wconf 81' lang='lat' dir='ltr'><strong>pervenerit.</strong></span> <span class='ocrx_word' id='word_1_283' title='bbox 978 2185 1129 2240; x_wconf 83' lang='lat' dir='ltr'><strong>Hunc</strong></span> <span class='ocrx_word' id='word_1_284' title='bbox 1159 2185 1224 2239; x_wconf 90' lang='lat' dir='ltr'><strong>ad</strong></span> <span class='ocrx_word' id='word_1_285' title='bbox 1255 2185 1473 2240; x_wconf 91' lang='lat' dir='ltr'><strong>modum</strong></span> <span class='ocrx_word' id='word_1_286' title='bbox 1503 2185 1731 2238; x_wconf 89' lang='lat' dir='ltr'><strong>rationis</strong></span> <span class='ocrx_word' id='word_1_287' title='bbox 1753 2184 2029 2236; x_wconf 89' lang='lat' dir='ltr'><strong>tramitem</strong></span> 
     </span>
    </p>
   </div>
   <div class='ocr_carea' id='block_1_39' title="bbox 445 2274 2033 2349">
    <p class='ocr_par' dir='ltr' id='par_1_39' title="bbox 445 2274 2033 2349">
     <span class='ocr_line' id='line_1_39' title="bbox 445 2274 2033 2349; baseline -0.005 -14"><span class='ocrx_word' id='word_1_288' title='bbox 445 2281 499 2335; x_wconf 90' lang='lat' dir='ltr'><strong>in</strong></span> <span class='ocrx_word' id='word_1_289' title='bbox 529 2279 750 2349; x_wconf 88' lang='lat' dir='ltr'><strong>reliquis</strong></span> <span class='ocrx_word' id='word_1_290' title='bbox 778 2284 996 2348; x_wconf 86' lang='lat' dir='ltr'><strong>oportet</strong></span> <span class='ocrx_word' id='word_1_291' title='bbox 1032 2286 1218 2331; x_wconf 89' lang='lat' dir='ltr'><strong>tenere</strong></span> <span class='ocrx_word' id='word_1_292' title='bbox 1257 2274 1596 2346; x_wconf 88' lang='lat' dir='ltr'><strong>corporibus,</strong></span> <span class='ocrx_word' id='word_1_293' title='bbox 1630 2276 1756 2344; x_wconf 86' lang='lat' dir='ltr'><strong>quia</strong></span> <span class='ocrx_word' id='word_1_294' title='bbox 1787 2281 1843 2330; x_wconf 89' lang='lat' dir='ltr'><strong>et</strong></span> <span class='ocrx_word' id='word_1_295' title='bbox 1880 2287 2033 2343; x_wconf 67' lang='lat' dir='ltr'><strong>aqua:</strong></span> 
     </span>
    </p>
   </div>
   <div class='ocr_carea' id='block_1_40' title="bbox 445 2366 2033 2441">
    <p class='ocr_par' dir='ltr' id='par_1_40' title="bbox 445 2366 2033 2441">
     <span class='ocr_line' id='line_1_40' title="bbox 445 2366 2033 2441; baseline -0.006 -14"><span class='ocrx_word' id='word_1_296' title='bbox 445 2373 707 2441; x_wconf 86' lang='lat' dir='ltr'><strong>guttulam</strong></span> <span class='ocrx_word' id='word_1_297' title='bbox 754 2386 916 2440; x_wconf 88' lang='lat' dir='ltr'><strong>quam</strong></span> <span class='ocrx_word' id='word_1_298' title='bbox 964 2369 1133 2437; x_wconf 80' lang='lat' dir='ltr'><strong>digito</strong></span> <span class='ocrx_word' id='word_1_299' title='bbox 1181 2369 1352 2422; x_wconf 91' lang='lat' dir='ltr'><strong>tincto</strong></span> <span class='ocrx_word' id='word_1_300' title='bbox 1398 2368 1704 2429; x_wconf 86' lang='lat' dir='ltr'><strong>sustuleris,</strong></span> <span class='ocrx_word' id='word_1_301' title='bbox 1739 2366 2033 2420; x_wconf 87' lang='lat' dir='ltr'><strong>habentem</strong></span> 
     </span>
    </p>
   </div>
   <div class='ocr_carea' id='block_1_41' title="bbox 447 2460 2032 2534">
    <p class='ocr_par' dir='ltr' id='par_1_41' title="bbox 447 2460 2032 2534">
     <span class='ocr_line' id='line_1_41' title="bbox 447 2460 2032 2534; baseline -0.006 -14"><span class='ocrx_word' id='word_1_302' title='bbox 447 2467 650 2522; x_wconf 86' lang='lat' dir='ltr'><strong>scilicet</strong></span> <span class='ocrx_word' id='word_1_303' title='bbox 677 2481 773 2534; x_wconf 91' lang='lat' dir='ltr'><strong>pro</strong></span> <span class='ocrx_word' id='word_1_304' title='bbox 795 2463 1178 2531; x_wconf 82' lang='lat' dir='ltr'><strong>magnitudinis</strong></span> <span class='ocrx_word' id='word_1_305' title='bbox 1208 2460 1371 2515; x_wconf 84' lang='lat' dir='ltr'><strong>modo</strong></span> <span class='ocrx_word' id='word_1_306' title='bbox 1410 2475 1744 2521; x_wconf 83' lang='lat' dir='ltr'><strong>mensuram,</strong></span> <span class='ocrx_word' id='word_1_307' title='bbox 1779 2473 1876 2528; x_wconf 89' lang='lat' dir='ltr'><strong>pro</strong></span> <span class='ocrx_word' id='word_1_308' title='bbox 1908 2473 2032 2526; x_wconf 91' lang='lat' dir='ltr'><strong>par—</strong></span> 
     </span>
    </p>
   </div>
   <div class='ocr_carea' id='block_1_42' title="bbox 447 2549 2036 2620">
    <p class='ocr_par' dir='ltr' id='par_1_42' title="bbox 447 2549 2036 2620">
     <span class='ocr_line' id='line_1_42' title="bbox 447 2549 2036 2620; baseline -0.005 -10"><span class='ocrx_word' id='word_1_309' title='bbox 447 2558 578 2612; x_wconf 90' lang='lat' dir='ltr'><strong>tium</strong></span> <span class='ocrx_word' id='word_1_310' title='bbox 618 2556 872 2612; x_wconf 86' lang='lat' dir='ltr'><strong>distantia</strong></span> <span class='ocrx_word' id='word_1_311' title='bbox 912 2569 1237 2618; x_wconf 87' lang='lat' dir='ltr'><strong>numerum;</strong></span> <span class='ocrx_word' id='word_1_312' title='bbox 1270 2553 1388 2619; x_wconf 85' lang='lat' dir='ltr'><strong>lege</strong></span> <span class='ocrx_word' id='word_1_313' title='bbox 1416 2551 1673 2620; x_wconf 90' lang='lat' dir='ltr'><strong>ponderis</strong></span> <span class='ocrx_word' id='word_1_314' title='bbox 1702 2550 1747 2604; x_wconf 86' lang='lat' dir='ltr'><strong>si</strong></span> <span class='ocrx_word' id='word_1_315' title='bbox 1791 2549 2036 2604; x_wconf 90' lang='lat' dir='ltr'><strong>dimittas</strong></span> 
     </span>
    </p>
   </div>
   <div class='ocr_carea' id='block_1_43' title="bbox 448 2640 2038 2712">
    <p class='ocr_par' dir='ltr' id='par_1_43' title="bbox 448 2640 2038 2712">
     <span class='ocr_line' id='line_1_43' title="bbox 448 2640 2038 2712; baseline -0.006 -10"><span class='ocrx_word' id='word_1_316' title='bbox 448 2647 499 2701; x_wconf 86' lang='lat' dir='ltr'><strong>in</strong></span> <span class='ocrx_word' id='word_1_317' title='bbox 531 2663 734 2709; x_wconf 88' lang='lat' dir='ltr'><strong>aerem,</strong></span> <span class='ocrx_word' id='word_1_318' title='bbox 779 2661 890 2699; x_wconf 92' lang='lat' dir='ltr'><strong>non</strong></span> <span class='ocrx_word' id='word_1_319' title='bbox 920 2645 1121 2698; x_wconf 85' lang='lat' dir='ltr'><strong>residet</strong></span> <span class='ocrx_word' id='word_1_320' title='bbox 1157 2643 1257 2696; x_wconf 89' lang='lat' dir='ltr'><strong>nisi</strong></span> <span class='ocrx_word' id='word_1_321' title='bbox 1289 2643 1354 2696; x_wconf 89' lang='lat' dir='ltr'><strong>ad</strong></span> <span class='ocrx_word' id='word_1_322' title='bbox 1389 2656 1486 2696; x_wconf 90' lang='lat' dir='ltr'><strong>sua</strong></span> <span class='ocrx_word' id='word_1_323' title='bbox 1525 2641 1852 2712; x_wconf 83' lang='lat' dir='ltr'><strong>pervenerit.</strong></span> <span class='ocrx_word' id='word_1_324' title='bbox 1883 2640 2038 2694; x_wconf 78' lang='lat' dir='ltr'><strong>Aeris</strong></span> 
     </span>
    </p>
   </div>
   <div class='ocr_carea' id='block_1_44' title="bbox 447 2733 2037 2811">
    <p class='ocr_par' dir='ltr' id='par_1_44' title="bbox 447 2733 2037 2811">
     <span class='ocr_line' id='line_1_44' title="bbox 447 2733 2037 2811; baseline -0.006 -15"><span class='ocrx_word' id='word_1_325' title='bbox 447 2755 662 2811; x_wconf 86' lang='lat' dir='ltr'><strong>quoque</strong></span> <span class='ocrx_word' id='word_1_326' title='bbox 692 2733 959 2806; x_wconf 44' lang='lat' dir='ltr'><strong>ratio&#39;par</strong></span> <span class='ocrx_word' id='word_1_327' title='bbox 988 2744 1090 2800; x_wconf 90' lang='lat' dir='ltr'><strong>est,</strong></span> <span class='ocrx_word' id='word_1_328' title='bbox 1121 2735 1273 2803; x_wconf 89' lang='lat' dir='ltr'><strong>cujus</strong></span> <span class='ocrx_word' id='word_1_329' title='bbox 1303 2735 1438 2789; x_wconf 86' lang='lat' dir='ltr'><strong>nihil</strong></span> <span class='ocrx_word' id='word_1_330' title='bbox 1465 2735 1552 2788; x_wconf 81' lang='lat' dir='ltr'><strong>vel</strong></span> <span class='ocrx_word' id='word_1_331' title='bbox 1581 2733 1682 2789; x_wconf 86' lang='lat' dir='ltr'><strong>sub</strong></span> <span class='ocrx_word' id='word_1_332' title='bbox 1724 2748 1866 2802; x_wconf 82' lang='lat' dir='ltr'><strong>aqua</strong></span> <span class='ocrx_word' id='word_1_333' title='bbox 1905 2747 2037 2787; x_wconf 88' lang='lat' dir='ltr'><strong>con-</strong></span> 
     </span>
    </p>
   </div>
   <div class='ocr_carea' id='block_1_45' title="bbox 449 2825 2038 2899">
    <p class='ocr_par' dir='ltr' id='par_1_45' title="bbox 449 2825 2038 2899">
     <span class='ocr_line' id='line_1_45' title="bbox 449 2825 2038 2899; baseline -0.007 -11"><span class='ocrx_word' id='word_1_334' title='bbox 449 2833 629 2892; x_wconf 87' lang='lat' dir='ltr'><strong>tineri,</strong></span> <span class='ocrx_word' id='word_1_335' title='bbox 657 2831 740 2886; x_wconf 88' lang='lat' dir='ltr'><strong>vel</strong></span> <span class='ocrx_word' id='word_1_336' title='bbox 763 2845 924 2899; x_wconf 88' lang='lat' dir='ltr'><strong>supra</strong></span> <span class='ocrx_word' id='word_1_337' title='bbox 955 2830 1134 2896; x_wconf 80' lang='lat' dir='ltr'><strong>ignem</strong></span> <span class='ocrx_word' id='word_1_338' title='bbox 1165 2827 1292 2881; x_wconf 81' lang='lat' dir='ltr'><strong>ferri</strong></span> <span class='ocrx_word' id='word_1_339' title='bbox 1319 2834 1519 2897; x_wconf 89' lang='lat' dir='ltr'><strong>potest.</strong></span> <span class='ocrx_word' id='word_1_340' title='bbox 1548 2825 1702 2891; x_wconf 86' lang='lat' dir='ltr'><strong>Quod</strong></span> <span class='ocrx_word' id='word_1_341' title='bbox 1732 2826 1778 2880; x_wconf 91' lang='lat' dir='ltr'><strong>si</strong></span> <span class='ocrx_word' id='word_1_342' title='bbox 1807 2840 1915 2892; x_wconf 89' lang='lat' dir='ltr'><strong>quo</strong></span> <span class='ocrx_word' id='word_1_343' title='bbox 1940 2839 2038 2892; x_wconf 84' lang='lat' dir='ltr'><strong>pa-</strong></span> 
     </span>
    </p>
   </div>
   <div class='ocr_carea' id='block_1_46' title="bbox 449 2913 2039 2986">
    <p class='ocr_par' dir='ltr' id='par_1_46' title="bbox 449 2913 2039 2986">
     <span class='ocr_line' id='line_1_46' title="bbox 449 2913 2039 2986; baseline -0.008 -8"><span class='ocrx_word' id='word_1_344' title='bbox 449 2932 538 2978; x_wconf 91' lang='lat' dir='ltr'><strong>cto</strong></span> <span class='ocrx_word' id='word_1_345' title='bbox 582 2918 704 2982; x_wconf 80' lang='lat' dir='ltr'><strong>ﬁat,</strong></span> <span class='ocrx_word' id='word_1_346' title='bbox 750 2920 1078 2974; x_wconf 88' lang='lat' dir='ltr'><strong>necessitate</strong></span> <span class='ocrx_word' id='word_1_347' title='bbox 1130 2917 1387 2986; x_wconf 87' lang='lat' dir='ltr'><strong>ponderis</strong></span> <span class='ocrx_word' id='word_1_348' title='bbox 1427 2916 1513 2970; x_wconf 84' lang='lat' dir='ltr'><strong>vel</strong></span> <span class='ocrx_word' id='word_1_349' title='bbox 1551 2916 1676 2968; x_wconf 87' lang='lat' dir='ltr'><strong>hinc</strong></span> <span class='ocrx_word' id='word_1_350' title='bbox 1715 2913 2039 2968; x_wconf 83' lang='lat' dir='ltr'><strong>naturaliter</strong></span> 
     </span>
    </p>
   </div>
   <div class='ocr_carea' id='block_1_47' title="bbox 449 3003 2036 3082">
    <p class='ocr_par' dir='ltr' id='par_1_47' title="bbox 449 3003 2036 3082">
     <span class='ocr_line' id='line_1_47' title="bbox 449 3003 2036 3082; baseline -0.007 -14"><span class='ocrx_word' id='word_1_351' title='bbox 449 3019 722 3082; x_wconf 89' lang='lat' dir='ltr'><strong>erumpat,</strong></span> <span class='ocrx_word' id='word_1_352' title='bbox 775 3011 863 3064; x_wconf 84' lang='lat' dir='ltr'><strong>vel</strong></span> <span class='ocrx_word' id='word_1_353' title='bbox 917 3009 1043 3062; x_wconf 76' lang='lat' dir='ltr'><strong>inde</strong></span> <span class='ocrx_word' id='word_1_354' title='bbox 1093 3013 1288 3076; x_wconf 87' lang='lat' dir='ltr'><strong>sponte</strong></span> <span class='ocrx_word' id='word_1_355' title='bbox 1338 3005 1572 3061; x_wconf 85' lang='lat' dir='ltr'><strong>decidat.</strong></span> <span class='ocrx_word' id='word_1_356' title='bbox 1619 3003 2036 3060; x_wconf 82' lang='lat' dir='ltr'><strong>Mensurabiiem</strong></span> 
     </span>
    </p>
   </div>
   <div class='ocr_carea' id='block_1_48' title="bbox 2129 1816 3696 1887">
    <p class='ocr_par' dir='ltr' id='par_1_48' title="bbox 2129 1816 3696 1887">
     <span class='ocr_line' id='line_1_48' title="bbox 2129 1816 3696 1887; baseline -0.007 -9"><span class='ocrx_word' id='word_1_357' title='bbox 2129 1825 2275 1878; x_wconf 91' lang='lat' dir='ltr'><strong>niam</strong></span> <span class='ocrx_word' id='word_1_358' title='bbox 2312 1824 2470 1878; x_wconf 89' lang='lat' dir='ltr'><strong>unius</strong></span> <span class='ocrx_word' id='word_1_359' title='bbox 2499 1824 2564 1877; x_wconf 91' lang='lat' dir='ltr'><strong>ad</strong></span> <span class='ocrx_word' id='word_1_360' title='bbox 2610 1838 2794 1887; x_wconf 88' lang='lat' dir='ltr'><strong>unum,</strong></span> <span class='ocrx_word' id='word_1_361' title='bbox 2827 1831 2882 1877; x_wconf 86' lang='lat' dir='ltr'><strong>et</strong></span> <span class='ocrx_word' id='word_1_362' title='bbox 2908 1822 3136 1877; x_wconf 88' lang='lat' dir='ltr'><strong>duorum</strong></span> <span class='ocrx_word' id='word_1_363' title='bbox 3185 1821 3255 1876; x_wconf 91' lang='lat' dir='ltr'><strong>ad</strong></span> <span class='ocrx_word' id='word_1_364' title='bbox 3287 1819 3415 1884; x_wconf 87' lang='lat' dir='ltr'><strong>duo,</strong></span> <span class='ocrx_word' id='word_1_365' title='bbox 3456 1827 3507 1873; x_wconf 90' lang='lat' dir='ltr'><strong>et</strong></span> <span class='ocrx_word' id='word_1_366' title='bbox 3533 1818 3593 1870; x_wconf 88' lang='lat' dir='ltr'><strong>ad</strong></span> <span class='ocrx_word' id='word_1_367' title='bbox 3614 1816 3696 1869; x_wconf 82' lang='lat' dir='ltr'><strong>tria</strong></span> 
     </span>
    </p>
   </div>
   <div class='ocr_carea' id='block_1_49' title="bbox 2129 1910 3698 1984">
    <p class='ocr_par' dir='ltr' id='par_1_49' title="bbox 2129 1910 3698 1984">
     <span class='ocr_line' id='line_1_49' title="bbox 2129 1910 3698 1984; baseline -0.008 -13"><span class='ocrx_word' id='word_1_368' title='bbox 2129 1918 2288 1971; x_wconf 88' lang='lat' dir='ltr'><strong>trium</strong></span> <span class='ocrx_word' id='word_1_369' title='bbox 2321 1931 2529 1971; x_wconf 89' lang='lat' dir='ltr'><strong>summa</strong></span> <span class='ocrx_word' id='word_1_370' title='bbox 2558 1915 2834 1984; x_wconf 56' lang='lat' dir='ltr'><strong>aequalitas</strong></span> <span class='ocrx_word' id='word_1_371' title='bbox 2861 1924 2975 1980; x_wconf 87' lang='lat' dir='ltr'><strong>est;</strong></span> <span class='ocrx_word' id='word_1_372' title='bbox 3007 1915 3084 1969; x_wconf 90' lang='lat' dir='ltr'><strong>sic</strong></span> <span class='ocrx_word' id='word_1_373' title='bbox 3104 1913 3295 1968; x_wconf 87' lang='lat' dir='ltr'><strong>itidem</strong></span> <span class='ocrx_word' id='word_1_374' title='bbox 3324 1910 3450 1964; x_wconf 87' lang='lat' dir='ltr'><strong>illud</strong></span> <span class='ocrx_word' id='word_1_375' title='bbox 3481 1921 3698 1962; x_wconf 82' lang='lat' dir='ltr'><strong>numero-</strong></span> 
     </span>
    </p>
   </div>
   <div class='ocr_carea' id='block_1_50' title="bbox 2134 1997 3696 2076">
    <p class='ocr_par' dir='ltr' id='par_1_50' title="bbox 2134 1997 3696 2076">
     <span class='ocr_line' id='line_1_50' title="bbox 2134 1997 3696 2076; baseline -0.008 -13"><span class='ocrx_word' id='word_1_376' title='bbox 2134 2023 2252 2063; x_wconf 88' lang='lat' dir='ltr'><strong>sum</strong></span> <span class='ocrx_word' id='word_1_377' title='bbox 2283 2021 2478 2076; x_wconf 72' lang='lat' dir='ltr'><strong>corpus</strong></span> <span class='ocrx_word' id='word_1_378' title='bbox 2507 2021 2625 2060; x_wconf 88' lang='lat' dir='ltr'><strong>esse</strong></span> <span class='ocrx_word' id='word_1_379' title='bbox 2645 2005 2903 2070; x_wconf 84' lang='lat' dir='ltr'><strong>dicamus,</strong></span> <span class='ocrx_word' id='word_1_380' title='bbox 2936 2005 3079 2073; x_wconf 90' lang='lat' dir='ltr'><strong>quod</strong></span> <span class='ocrx_word' id='word_1_381' title='bbox 3109 2013 3230 2058; x_wconf 88' lang='lat' dir='ltr'><strong>rata</strong></span> <span class='ocrx_word' id='word_1_382' title='bbox 3263 2001 3584 2057; x_wconf 85' lang='lat' dir='ltr'><strong>dimensione</strong></span> <span class='ocrx_word' id='word_1_383' title='bbox 3610 1997 3696 2051; x_wconf 78' lang='lat' dir='ltr'><strong>for-</strong></span> 
     </span>
    </p>
   </div>
   <div class='ocr_carea' id='block_1_51' title="bbox 2130 2089 3697 2164">
    <p class='ocr_par' dir='ltr' id='par_1_51' title="bbox 2130 2089 3697 2164">
     <span class='ocr_line' id='line_1_51' title="bbox 2130 2089 3697 2164; baseline -0.005 -12"><span class='ocrx_word' id='word_1_384' title='bbox 2130 2106 2352 2164; x_wconf 86' lang='lat' dir='ltr'><strong>matum,</strong></span> <span class='ocrx_word' id='word_1_385' title='bbox 2381 2106 2439 2150; x_wconf 92' lang='lat' dir='ltr'><strong>ut</strong></span> <span class='ocrx_word' id='word_1_386' title='bbox 2467 2097 2631 2150; x_wconf 86' lang='lat' dir='ltr'><strong>verbo</strong></span> <span class='ocrx_word' id='word_1_387' title='bbox 2657 2099 2814 2150; x_wconf 88' lang='lat' dir='ltr'><strong>tenus</strong></span> <span class='ocrx_word' id='word_1_388' title='bbox 2835 2096 3149 2159; x_wconf 84' lang='lat' dir='ltr'><strong>humanum,</strong></span> <span class='ocrx_word' id='word_1_389' title='bbox 3178 2109 3303 2164; x_wconf 75' lang='lat' dir='ltr'><strong>qua:</strong></span> <span class='ocrx_word' id='word_1_390' title='bbox 3334 2099 3459 2148; x_wconf 88' lang='lat' dir='ltr'><strong>sunt</strong></span> <span class='ocrx_word' id='word_1_391' title='bbox 3497 2089 3611 2144; x_wconf 86' lang='lat' dir='ltr'><strong>bina</strong></span> <span class='ocrx_word' id='word_1_392' title='bbox 3635 2089 3697 2144; x_wconf 86' lang='lat' dir='ltr'><strong>sic</strong></span> 
     </span>
    </p>
   </div>
   <div class='ocr_carea' id='block_1_52' title="bbox 2131 2181 3692 2260">
    <p class='ocr_par' dir='ltr' id='par_1_52' title="bbox 2131 2181 3692 2260">
     <span class='ocr_line' id='line_1_52' title="bbox 2131 2181 3692 2260; baseline -0.007 -14"><span class='ocrx_word' id='word_1_393' title='bbox 2131 2192 2328 2247; x_wconf 89' lang='lat' dir='ltr'><strong>habeat</strong></span> <span class='ocrx_word' id='word_1_394' title='bbox 2357 2208 2422 2246; x_wconf 85' lang='lat' dir='ltr'><strong>ex</strong></span> <span class='ocrx_word' id='word_1_395' title='bbox 2454 2189 2680 2245; x_wconf 88' lang='lat' dir='ltr'><strong>adverso</strong></span> <span class='ocrx_word' id='word_1_396' title='bbox 2709 2189 2904 2260; x_wconf 87' lang='lat' dir='ltr'><strong>posita,</strong></span> <span class='ocrx_word' id='word_1_397' title='bbox 2936 2196 2994 2243; x_wconf 88' lang='lat' dir='ltr'><strong>ut</strong></span> <span class='ocrx_word' id='word_1_398' title='bbox 3045 2187 3146 2242; x_wconf 90' lang='lat' dir='ltr'><strong>sibi</strong></span> <span class='ocrx_word' id='word_1_399' title='bbox 3190 2201 3297 2241; x_wconf 87' lang='lat' dir='ltr'><strong>nec</strong></span> <span class='ocrx_word' id='word_1_400' title='bbox 3341 2181 3692 2254; x_wconf 80' lang='lat' dir='ltr'><strong>magnitudine,</strong></span> 
     </span>
    </p>
   </div>
   <div class='ocr_carea' id='block_1_53' title="bbox 2131 2280 3694 2352">
    <p class='ocr_par' dir='ltr' id='par_1_53' title="bbox 2131 2280 3694 2352">
     <span class='ocr_line' id='line_1_53' title="bbox 2131 2280 3694 2352; baseline -0.006 -14"><span class='ocrx_word' id='word_1_401' title='bbox 2131 2299 2230 2338; x_wconf 87' lang='lat' dir='ltr'><strong>nec</strong></span> <span class='ocrx_word' id='word_1_402' title='bbox 2256 2284 2450 2352; x_wconf 86' lang='lat' dir='ltr'><strong>spatio,</strong></span> <span class='ocrx_word' id='word_1_403' title='bbox 2497 2298 2597 2337; x_wconf 90' lang='lat' dir='ltr'><strong>nec</strong></span> <span class='ocrx_word' id='word_1_404' title='bbox 2642 2282 2763 2336; x_wconf 89' lang='lat' dir='ltr'><strong>loco</strong></span> <span class='ocrx_word' id='word_1_405' title='bbox 2808 2280 3152 2345; x_wconf 87' lang='lat' dir='ltr'><strong>dissentiant,</strong></span> <span class='ocrx_word' id='word_1_406' title='bbox 3192 2286 3255 2333; x_wconf 91' lang='lat' dir='ltr'><strong>ut</strong></span> <span class='ocrx_word' id='word_1_407' title='bbox 3302 2280 3428 2332; x_wconf 85' lang='lat' dir='ltr'><strong>s&#39;unt</strong></span> <span class='ocrx_word' id='word_1_408' title='bbox 3469 2290 3612 2330; x_wconf 86' lang='lat' dir='ltr'><strong>aures</strong></span> <span class='ocrx_word' id='word_1_409' title='bbox 3652 2281 3694 2329; x_wconf 89' lang='lat' dir='ltr'><strong>et</strong></span> 
     </span>
    </p>
   </div>
   <div class='ocr_carea' id='block_1_54' title="bbox 2133 2366 3691 2450">
    <p class='ocr_par' dir='ltr' id='par_1_54' title="bbox 2133 2366 3691 2450">
     <span class='ocr_line' id='line_1_54' title="bbox 2133 2366 3691 2450; baseline -0.008 -21"><span class='ocrx_word' id='word_1_410' title='bbox 2133 2376 2292 2429; x_wconf 90' lang='lat' dir='ltr'><strong>oculi.</strong></span> <span class='ocrx_word' id='word_1_411' title='bbox 2326 2374 2455 2441; x_wconf 61' lang='lat' dir='ltr'><strong>Quae</strong></span> <span class='ocrx_word' id='word_1_412' title='bbox 2484 2374 2612 2450; x_wconf 88' lang='lat' dir='ltr'><strong>item</strong></span> <span class='ocrx_word' id='word_1_413' title='bbox 2651 2374 2879 2442; x_wconf 84' lang='lat' dir='ltr'><strong>singula,</strong></span> <span class='ocrx_word' id='word_1_414' title='bbox 2911 2381 2970 2426; x_wconf 90' lang='lat' dir='ltr'><strong>ut</strong></span> <span class='ocrx_word' id='word_1_415' title='bbox 3001 2388 3159 2427; x_wconf 91' lang='lat' dir='ltr'><strong>nasus</strong></span> <span class='ocrx_word' id='word_1_416' title='bbox 3185 2378 3244 2426; x_wconf 92' lang='lat' dir='ltr'><strong>et</strong></span> <span class='ocrx_word' id='word_1_417' title='bbox 3291 2386 3353 2425; x_wconf 92' lang='lat' dir='ltr'><strong>os</strong></span> <span class='ocrx_word' id='word_1_418' title='bbox 3383 2368 3599 2423; x_wconf 86' lang='lat' dir='ltr'><strong>medium</strong></span> <span class='ocrx_word' id='word_1_419' title='bbox 3623 2366 3691 2419; x_wconf 82' lang='lat' dir='ltr'><strong>lo-</strong></span> 
     </span>
    </p>
   </div>
   <div class='ocr_carea' id='block_1_55' title="bbox 2133 2455 3692 2533">
    <p class='ocr_par' dir='ltr' id='par_1_55' title="bbox 2133 2455 3692 2533">
     <span class='ocr_line' id='line_1_55' title="bbox 2133 2455 3692 2533; baseline -0.007 -14"><span class='ocrx_word' id='word_1_420' title='bbox 2133 2481 2254 2520; x_wconf 92' lang='lat' dir='ltr'><strong>cum</strong></span> <span class='ocrx_word' id='word_1_421' title='bbox 2287 2471 2521 2519; x_wconf 85' lang='lat' dir='ltr'><strong>teneant.</strong></span> <span class='ocrx_word' id='word_1_422' title='bbox 2558 2465 2728 2533; x_wconf 89' lang='lat' dir='ltr'><strong>Atque</strong></span> <span class='ocrx_word' id='word_1_423' title='bbox 2774 2471 2832 2517; x_wconf 91' lang='lat' dir='ltr'><strong>ut</strong></span> <span class='ocrx_word' id='word_1_424' title='bbox 2859 2477 2975 2518; x_wconf 90' lang='lat' dir='ltr'><strong>esse</strong></span> <span class='ocrx_word' id='word_1_425' title='bbox 3003 2463 3228 2532; x_wconf 86' lang='lat' dir='ltr'><strong>pulchra</strong></span> <span class='ocrx_word' id='word_1_426' title='bbox 3280 2461 3504 2530; x_wconf 90' lang='lat' dir='ltr'><strong>possint,</strong></span> <span class='ocrx_word' id='word_1_427' title='bbox 3538 2455 3692 2512; x_wconf 80' lang='lat' dir='ltr'><strong>conci-</strong></span> 
     </span>
    </p>
   </div>
   <div class='ocr_carea' id='block_1_56' title="bbox 2134 2546 3690 2623">
    <p class='ocr_par' dir='ltr' id='par_1_56' title="bbox 2134 2546 3690 2623">
     <span class='ocr_line' id='line_1_56' title="bbox 2134 2546 3690 2623; baseline -0.008 -12"><span class='ocrx_word' id='word_1_428' title='bbox 2134 2558 2370 2611; x_wconf 84' lang='lat' dir='ltr'><strong>nentiam</strong></span> <span class='ocrx_word' id='word_1_429' title='bbox 2399 2568 2620 2610; x_wconf 62' lang='lat' dir='ltr'><strong>summa:</strong></span> <span class='ocrx_word' id='word_1_430' title='bbox 2649 2553 2968 2623; x_wconf 73' lang='lat' dir='ltr'><strong>mqualitatis</strong></span> <span class='ocrx_word' id='word_1_431' title='bbox 2996 2553 3297 2607; x_wconf 86' lang='lat' dir='ltr'><strong>imitentur.</strong></span> <span class='ocrx_word' id='word_1_432' title='bbox 3334 2549 3590 2616; x_wconf 85' lang='lat' dir='ltr'><strong>Quatenus</strong></span> <span class='ocrx_word' id='word_1_433' title='bbox 3608 2546 3690 2614; x_wconf 82' lang='lat' dir='ltr'><strong>igi-</strong></span> 
     </span>
    </p>
   </div>
   <div class='ocr_carea' id='block_1_57' title="bbox 2136 2639 3689 2712">
    <p class='ocr_par' dir='ltr' id='par_1_57' title="bbox 2136 2639 3689 2712">
     <span class='ocr_line' id='line_1_57' title="bbox 2136 2639 3689 2712; baseline -0.01 -11"><span class='ocrx_word' id='word_1_434' title='bbox 2136 2656 2223 2701; x_wconf 89' lang='lat' dir='ltr'><strong>tur</strong></span> <span class='ocrx_word' id='word_1_435' title='bbox 2252 2646 2459 2701; x_wconf 87' lang='lat' dir='ltr'><strong>numeri</strong></span> <span class='ocrx_word' id='word_1_436' title='bbox 2497 2645 2779 2700; x_wconf 83' lang='lat' dir='ltr'><strong>veritatem</strong></span> <span class='ocrx_word' id='word_1_437' title='bbox 2810 2645 2862 2698; x_wconf 91' lang='lat' dir='ltr'><strong>in</strong></span> <span class='ocrx_word' id='word_1_438' title='bbox 2892 2645 3067 2698; x_wconf 89' lang='lat' dir='ltr'><strong>anima</strong></span> <span class='ocrx_word' id='word_1_439' title='bbox 3107 2643 3444 2712; x_wconf 86' lang='lat' dir='ltr'><strong>reperiamus</strong></span> <span class='ocrx_word' id='word_1_440' title='bbox 3471 2639 3689 2699; x_wconf 85' lang='lat' dir='ltr'><strong>humana,</strong></span> 
     </span>
    </p>
   </div>
   <div class='ocr_carea' id='block_1_58' title="bbox 2134 2731 3688 2810">
    <p class='ocr_par' dir='ltr' id='par_1_58' title="bbox 2134 2731 3688 2810">
     <span class='ocr_line' id='line_1_58' title="bbox 2134 2731 3688 2810; baseline -0.009 -18"><span class='ocrx_word' id='word_1_441' title='bbox 2134 2739 2366 2810; x_wconf 88' lang='lat' dir='ltr'><strong>primum</strong></span> <span class='ocrx_word' id='word_1_442' title='bbox 2398 2737 2557 2791; x_wconf 89' lang='lat' dir='ltr'><strong>debet</strong></span> <span class='ocrx_word' id='word_1_443' title='bbox 2595 2737 2710 2806; x_wconf 87' lang='lat' dir='ltr'><strong>ipsa</strong></span> <span class='ocrx_word' id='word_1_444' title='bbox 2752 2735 2966 2790; x_wconf 84' lang='lat' dir='ltr'><strong>sibimet</strong></span> <span class='ocrx_word' id='word_1_445' title='bbox 3012 2733 3278 2788; x_wconf 86' lang='lat' dir='ltr'><strong>actitandi</strong></span> <span class='ocrx_word' id='word_1_446' title='bbox 3326 2731 3574 2785; x_wconf 87' lang='lat' dir='ltr'><strong>rationem</strong></span> <span class='ocrx_word' id='word_1_447' title='bbox 3609 2739 3688 2794; x_wconf 59' lang='lat' dir='ltr'><strong>pro</strong></span> 
     </span>
    </p>
   </div>
   <div class='ocr_carea' id='block_1_59' title="bbox 2134 2815 3683 2896">
    <p class='ocr_par' dir='ltr' id='par_1_59' title="bbox 2134 2815 3683 2896">
     <span class='ocr_line' id='line_1_59' title="bbox 2134 2815 3683 2896; baseline -0.011 -13"><span class='ocrx_word' id='word_1_448' title='bbox 2134 2829 2392 2883; x_wconf 86' lang='lat' dir='ltr'><strong>virtutum</strong></span> <span class='ocrx_word' id='word_1_449' title='bbox 2421 2827 2695 2896; x_wconf 85' lang='lat' dir='ltr'><strong>parilitate</strong></span> <span class='ocrx_word' id='word_1_450' title='bbox 2741 2826 3046 2889; x_wconf 87' lang='lat' dir='ltr'><strong>concinere,</strong></span> <span class='ocrx_word' id='word_1_451' title='bbox 3080 2832 3136 2878; x_wconf 90' lang='lat' dir='ltr'><strong>ut</strong></span> <span class='ocrx_word' id='word_1_452' title='bbox 3165 2822 3448 2893; x_wconf 60' lang='lat' dir='ltr'><strong>sapientiae</strong></span> <span class='ocrx_word' id='word_1_453' title='bbox 3483 2815 3683 2888; x_wconf 85' lang='lat' dir='ltr'><strong>justitia,</strong></span> 
     </span>
    </p>
   </div>
   <div class='ocr_carea' id='block_1_60' title="bbox 2138 2906 3685 2990">
    <p class='ocr_par' dir='ltr' id='par_1_60' title="bbox 2138 2906 3685 2990">
     <span class='ocr_line' id='line_1_60' title="bbox 2138 2906 3685 2990; baseline -0.011 -16"><span class='ocrx_word' id='word_1_454' title='bbox 2138 2919 2506 2990; x_wconf 63' lang='lat' dir='ltr'><strong>temperantiae</strong></span> <span class='ocrx_word' id='word_1_455' title='bbox 2543 2915 2795 2973; x_wconf 74' lang='lat' dir='ltr'><strong>fortitudo</strong></span> <span class='ocrx_word' id='word_1_456' title='bbox 2823 2915 3170 2987; x_wconf 89' lang='lat' dir='ltr'><strong>respondeat;</strong></span> <span class='ocrx_word' id='word_1_457' title='bbox 3203 2928 3329 2984; x_wconf 68' lang='lat' dir='ltr'><strong>quce</strong></span> <span class='ocrx_word' id='word_1_458' title='bbox 3360 2911 3581 2982; x_wconf 82' lang='lat' dir='ltr'><strong>parilitas</strong></span> <span class='ocrx_word' id='word_1_459' title='bbox 3600 2906 3685 2960; x_wconf 89' lang='lat' dir='ltr'><strong>uti-</strong></span> 
     </span>
    </p>
   </div>
   <div class='ocr_carea' id='block_1_61' title="bbox 2137 2997 3681 3078">
    <p class='ocr_par' dir='ltr' id='par_1_61' title="bbox 2137 2997 3681 3078">
     <span class='ocr_line' id='line_1_61' title="bbox 2137 2997 3681 3078; baseline -0.01 -15"><span class='ocrx_word' id='word_1_460' title='bbox 2137 3025 2242 3078; x_wconf 90' lang='lat' dir='ltr'><strong>que</strong></span> <span class='ocrx_word' id='word_1_461' title='bbox 2284 3023 2570 3063; x_wconf 87' lang='lat' dir='ltr'><strong>numerosa</strong></span> <span class='ocrx_word' id='word_1_462' title='bbox 2611 3016 2711 3068; x_wconf 85' lang='lat' dir='ltr'><strong>est,</strong></span> <span class='ocrx_word' id='word_1_463' title='bbox 2745 3008 2868 3077; x_wconf 85' lang='lat' dir='ltr'><strong>quia</strong></span> <span class='ocrx_word' id='word_1_464' title='bbox 2897 3015 3044 3060; x_wconf 88' lang='lat' dir='ltr'><strong>tanto</strong></span> <span class='ocrx_word' id='word_1_465' title='bbox 3075 3014 3156 3060; x_wconf 90' lang='lat' dir='ltr'><strong>est</strong></span> <span class='ocrx_word' id='word_1_466' title='bbox 3191 3004 3434 3060; x_wconf 88' lang='lat' dir='ltr'><strong>numeris</strong></span> <span class='ocrx_word' id='word_1_467' title='bbox 3474 2997 3681 3060; x_wconf 82' lang='lat' dir='ltr'><strong>vicinius,</strong></span> 
     </span>
    </p>
   </div>
   <div class='ocr_carea' id='block_1_62' title="bbox 452 3092 3681 3172">
    <p class='ocr_par' dir='ltr' id='par_1_62' title="bbox 452 3092 3681 3172">
     <span class='ocr_line' id='line_1_62' title="bbox 452 3092 3681 3172; baseline -0.008 -4"><span class='ocrx_word' id='word_1_468' title='bbox 452 3120 579 3158; x_wconf 67' lang='lat' dir='ltr'><strong>vero</strong></span> <span class='ocrx_word' id='word_1_469' title='bbox 609 3116 793 3158; x_wconf 74' lang='lat' dir='ltr'><strong>aerem</strong></span> <span class='ocrx_word' id='word_1_470' title='bbox 823 3108 1006 3170; x_wconf 65' lang='grc' dir='ltr'><strong>ΘΝ)Γο</strong></span> <span class='ocrx_word' id='word_1_471' title='bbox 1036 3114 1263 3154; x_wconf 66' lang='lat' dir='ltr'><strong>numero</strong></span> <span class='ocrx_word' id='word_1_472' title='bbox 1295 3098 1528 3168; x_wconf 66' lang='grc' dir='ltr'>ρατιίιιω</span> <span class='ocrx_word' id='word_1_473' title='bbox 1554 3110 1926 3159; x_wconf 62' lang='lat' dir='ltr'><strong>numerosum.</strong></span> <span class='ocrx_word' id='word_1_474' title='bbox 1946 3093 2034 3150; x_wconf 67' lang='grc' dir='ltr'><strong>νει</strong></span> <span class='ocrx_word' id='word_1_475' title='bbox 2061 3100 2106 3163; x_wconf 91' lang='lat' dir='ltr'><strong><em>C</em></strong></span> <span class='ocrx_word' id='word_1_476' title='bbox 2136 3110 2338 3172; x_wconf 90' lang='lat' dir='ltr'><strong>quanto</strong></span> <span class='ocrx_word' id='word_1_477' title='bbox 2357 3109 2441 3156; x_wconf 92' lang='lat' dir='ltr'><strong>est</strong></span> <span class='ocrx_word' id='word_1_478' title='bbox 2467 3101 2755 3170; x_wconf 84' lang='lat' dir='ltr'><strong>quidquam</strong></span> <span class='ocrx_word' id='word_1_479' title='bbox 2772 3100 3160 3156; x_wconf 88' lang='lat' dir='ltr'><strong>concinentius.</strong></span> <span class='ocrx_word' id='word_1_480' title='bbox 3180 3098 3294 3154; x_wconf 89' lang='lat' dir='ltr'><strong>Sed</strong></span> <span class='ocrx_word' id='word_1_481' title='bbox 3321 3095 3445 3152; x_wconf 88' lang='lat' dir='ltr'><strong>illud</strong></span> <span class='ocrx_word' id='word_1_482' title='bbox 3468 3092 3681 3148; x_wconf 83' lang='lat' dir='ltr'><strong>inanima</strong></span> 
     </span>
    </p>
   </div>
   <div class='ocr_carea' id='block_1_63' title="bbox 451 3189 2034 3261">
    <p class='ocr_par' dir='ltr' id='par_1_63' title="bbox 451 3189 2034 3261">
     <span class='ocr_line' id='line_1_63' title="bbox 451 3189 2034 3261; baseline -0.005 -10"><span class='ocrx_word' id='word_1_483' title='bbox 451 3197 594 3261; x_wconf 87' lang='lat' dir='ltr'><strong>hinc,</strong></span> <span class='ocrx_word' id='word_1_484' title='bbox 648 3203 708 3249; x_wconf 91' lang='lat' dir='ltr'><strong>ut</strong></span> <span class='ocrx_word' id='word_1_485' title='bbox 763 3193 1034 3257; x_wconf 75' lang='lat' dir='ltr'><strong>arbitror,~</strong></span> <span class='ocrx_word' id='word_1_486' title='bbox 1076 3192 1266 3261; x_wconf 86' lang='lat' dir='ltr'><strong>liquet,</strong></span> <span class='ocrx_word' id='word_1_487' title='bbox 1324 3190 1468 3260; x_wconf 90' lang='lat' dir='ltr'><strong>quod</strong></span> <span class='ocrx_word' id='word_1_488' title='bbox 1499 3204 1822 3260; x_wconf 88' lang='lat' dir='ltr'><strong>corporeum</strong></span> <span class='ocrx_word' id='word_1_489' title='bbox 1852 3189 2034 3244; x_wconf 87' lang='lat' dir='ltr'><strong>metiri</strong></span> 
     </span>
    </p>
   </div>
   <div class='ocr_carea' id='block_1_64' title="bbox 452 3273 2038 3356">
    <p class='ocr_par' dir='ltr' id='par_1_64' title="bbox 452 3273 2038 3356">
     <span class='ocr_line' id='line_1_64' title="bbox 452 3273 2038 3356; baseline 0 -22"><span class='ocrx_word' id='word_1_490' title='bbox 452 3273 610 3356; x_wconf 74' lang='lat' dir='ltr'><strong>posse</strong></span> <span class='ocrx_word' id='word_1_491' title='bbox 639 3284 898 3339; x_wconf 86' lang='lat' dir='ltr'><strong>mundum</strong></span> <span class='ocrx_word' id='word_1_492' title='bbox 937 3283 1130 3346; x_wconf 87' lang='lat' dir='ltr'><strong>sciant,</strong></span> <span class='ocrx_word' id='word_1_493' title='bbox 1164 3280 1315 3348; x_wconf 86' lang='lat' dir='ltr'><strong>cujus</strong></span> <span class='ocrx_word' id='word_1_494' title='bbox 1345 3296 1441 3333; x_wconf 84' lang='lat' dir='ltr'><strong>aer</strong></span> <span class='ocrx_word' id='word_1_495' title='bbox 1473 3279 1628 3334; x_wconf 88' lang='lat' dir='ltr'><strong>tertia</strong></span> <span class='ocrx_word' id='word_1_496' title='bbox 1659 3294 1782 3348; x_wconf 88' lang='lat' dir='ltr'><strong>pars</strong></span> <span class='ocrx_word' id='word_1_497' title='bbox 1810 3285 1915 3334; x_wconf 86' lang='lat' dir='ltr'><strong>est.</strong></span> <span class='ocrx_word' id='word_1_498' title='bbox 1947 3278 2038 3334; x_wconf 92' lang='lat' dir='ltr'><strong>Sic</strong></span> 
     </span>
    </p>
   </div>
   <div class='ocr_carea' id='block_1_65' title="bbox 452 3369 2034 3443">
    <p class='ocr_par' dir='ltr' id='par_1_65' title="bbox 452 3369 2034 3443">
     <span class='ocr_line' id='line_1_65' title="bbox 452 3369 2034 3443; baseline -0.003 -14"><span class='ocrx_word' id='word_1_499' title='bbox 452 3377 614 3429; x_wconf 83' lang='lat' dir='ltr'><strong>etiam</strong></span> <span class='ocrx_word' id='word_1_500' title='bbox 659 3375 797 3443; x_wconf 84' lang='lat' dir='ltr'><strong>ignis</strong></span> <span class='ocrx_word' id='word_1_501' title='bbox 839 3374 1165 3428; x_wconf 89' lang='lat' dir='ltr'><strong>elementum</strong></span> <span class='ocrx_word' id='word_1_502' title='bbox 1208 3378 1404 3441; x_wconf 84' lang='lat' dir='ltr'><strong>quarto</strong></span> <span class='ocrx_word' id='word_1_503' title='bbox 1446 3370 1558 3439; x_wconf 90' lang='lat' dir='ltr'><strong>jam</strong></span> <span class='ocrx_word' id='word_1_504' title='bbox 1601 3370 1849 3424; x_wconf 89' lang='lat' dir='ltr'><strong>constitit</strong></span> <span class='ocrx_word' id='word_1_505' title='bbox 1892 3369 2034 3436; x_wconf 82' lang='lat' dir='ltr'><strong>loco,</strong></span> 
     </span>
    </p>
   </div>
   <div class='ocr_carea' id='block_1_66' title="bbox 454 3463 2038 3535">
    <p class='ocr_par' dir='ltr' id='par_1_66' title="bbox 454 3463 2038 3535">
     <span class='ocr_line' id='line_1_66' title="bbox 454 3463 2038 3535; baseline 0 -19"><span class='ocrx_word' id='word_1_506' title='bbox 454 3467 594 3535; x_wconf 79' lang='lat' dir='ltr'><strong>quod</strong></span> <span class='ocrx_word' id='word_1_507' title='bbox 643 3473 698 3520; x_wconf 91' lang='lat' dir='ltr'><strong>et</strong></span> <span class='ocrx_word' id='word_1_508' title='bbox 740 3482 835 3534; x_wconf 88' lang='lat' dir='ltr'><strong>pro</strong></span> <span class='ocrx_word' id='word_1_509' title='bbox 876 3464 1118 3533; x_wconf 84' lang='lat' dir='ltr'><strong>partibus</strong></span> <span class='ocrx_word' id='word_1_510' title='bbox 1160 3464 1270 3517; x_wconf 89' lang='lat' dir='ltr'><strong>suis</strong></span> <span class='ocrx_word' id='word_1_511' title='bbox 1312 3463 1505 3532; x_wconf 86' lang='lat' dir='ltr'><strong>recipit</strong></span> <span class='ocrx_word' id='word_1_512' title='bbox 1543 3478 1820 3529; x_wconf 85' lang='lat' dir='ltr'><strong>numeros,</strong></span> <span class='ocrx_word' id='word_1_513' title='bbox 1854 3470 1910 3518; x_wconf 93' lang='lat' dir='ltr'><strong>et</strong></span> <span class='ocrx_word' id='word_1_514' title='bbox 1938 3477 2038 3533; x_wconf 90' lang='lat' dir='ltr'><strong>pro</strong></span> 
     </span>
    </p>
   </div>
   <div class='ocr_carea' id='block_1_67' title="bbox 453 3552 2037 3625">
    <p class='ocr_par' dir='ltr' id='par_1_67' title="bbox 453 3552 2037 3625">
     <span class='ocr_line' id='line_1_67' title="bbox 453 3552 2037 3625; baseline -0.001 -16"><span class='ocrx_word' id='word_1_515' title='bbox 453 3556 646 3625; x_wconf 76' lang='lat' dir='ltr'><strong>spatio,</strong></span> <span class='ocrx_word' id='word_1_516' title='bbox 691 3556 814 3625; x_wconf 89' lang='lat' dir='ltr'><strong>quia</strong></span> <span class='ocrx_word' id='word_1_517' title='bbox 856 3555 1013 3609; x_wconf 88' lang='lat' dir='ltr'><strong>linale</strong></span> <span class='ocrx_word' id='word_1_518' title='bbox 1055 3561 1158 3617; x_wconf 90' lang='lat' dir='ltr'><strong>est,</strong></span> <span class='ocrx_word' id='word_1_519' title='bbox 1203 3553 1474 3608; x_wconf 82' lang='lat' dir='ltr'><strong>mensuris</strong></span> <span class='ocrx_word' id='word_1_520' title='bbox 1514 3553 1782 3608; x_wconf 87' lang='lat' dir='ltr'><strong>subditur.</strong></span> <span class='ocrx_word' id='word_1_521' title='bbox 1816 3552 2037 3608; x_wconf 87' lang='lat' dir='ltr'><strong>Pondus</strong></span> 
     </span>
    </p>
   </div>
   <div class='ocr_carea' id='block_1_68' title="bbox 457 3645 2036 3714">
    <p class='ocr_par' dir='ltr' id='par_1_68' title="bbox 457 3645 2036 3714">
     <span class='ocr_line' id='line_1_68' title="bbox 457 3645 2036 3714; baseline -0.001 -15"><span class='ocrx_word' id='word_1_522' title='bbox 457 3654 636 3699; x_wconf 79' lang='lat' dir='ltr'><strong>autem</strong></span> <span class='ocrx_word' id='word_1_523' title='bbox 693 3646 830 3714; x_wconf 82' lang='lat' dir='ltr'><strong>ignis</strong></span> <span class='ocrx_word' id='word_1_524' title='bbox 882 3646 984 3700; x_wconf 91' lang='lat' dir='ltr'><strong>iste</strong></span> <span class='ocrx_word' id='word_1_525' title='bbox 1040 3651 1286 3698; x_wconf 81' lang='lat' dir='ltr'><strong>terrenus</strong></span> <span class='ocrx_word' id='word_1_526' title='bbox 1339 3645 1494 3713; x_wconf 86' lang='lat' dir='ltr'><strong>quasi</strong></span> <span class='ocrx_word' id='word_1_527' title='bbox 1533 3645 1806 3714; x_wconf 82' lang='lat' dir='ltr'><strong>quoddam</strong></span> <span class='ocrx_word' id='word_1_528' title='bbox 1843 3659 2036 3699; x_wconf 90' lang='lat' dir='ltr'><strong>semen</strong></span> 
     </span>
    </p>
   </div>
   <div class='ocr_carea' id='block_1_69' title="bbox 457 3735 2039 3806">
    <p class='ocr_par' dir='ltr' id='par_1_69' title="bbox 457 3735 2039 3806">
     <span class='ocr_line' id='line_1_69' title="bbox 457 3735 2039 3806; baseline 0 -17"><span class='ocrx_word' id='word_1_529' title='bbox 457 3736 658 3803; x_wconf 85' lang='lat' dir='ltr'><strong>ignium</strong></span> <span class='ocrx_word' id='word_1_530' title='bbox 682 3749 1056 3804; x_wconf 86' lang='lat' dir='ltr'><strong>supremorum</strong></span> <span class='ocrx_word' id='word_1_531' title='bbox 1077 3750 1292 3789; x_wconf 87' lang='lat' dir='ltr'><strong>sursum</strong></span> <span class='ocrx_word' id='word_1_532' title='bbox 1314 3749 1501 3790; x_wconf 87' lang='lat' dir='ltr'><strong>versus</strong></span> <span class='ocrx_word' id='word_1_533' title='bbox 1531 3735 1725 3800; x_wconf 84' lang='lat' dir='ltr'><strong>habet;</strong></span> <span class='ocrx_word' id='word_1_534' title='bbox 1749 3735 1841 3806; x_wconf 89' lang='lat' dir='ltr'><strong>qui</strong></span> <span class='ocrx_word' id='word_1_535' title='bbox 1865 3750 2039 3804; x_wconf 86' lang='lat' dir='ltr'><strong>quan-</strong></span> 
     </span>
    </p>
   </div>
   <div class='ocr_carea' id='block_1_70' title="bbox 458 3823 2034 3895">
    <p class='ocr_par' dir='ltr' id='par_1_70' title="bbox 458 3823 2034 3895">
     <span class='ocr_line' id='line_1_70' title="bbox 458 3823 2034 3895; baseline -0.001 -15"><span class='ocrx_word' id='word_1_536' title='bbox 458 3838 514 3881; x_wconf 91' lang='lat' dir='ltr'><strong>to</strong></span> <span class='ocrx_word' id='word_1_537' title='bbox 545 3825 748 3895; x_wconf 87' lang='lat' dir='ltr'><strong>majore</strong></span> <span class='ocrx_word' id='word_1_538' title='bbox 777 3824 1016 3879; x_wconf 81' lang='lat' dir='ltr'><strong>fomento</strong></span> <span class='ocrx_word' id='word_1_539' title='bbox 1060 3832 1264 3895; x_wconf 86' lang='lat' dir='ltr'><strong>pastus,</strong></span> <span class='ocrx_word' id='word_1_540' title='bbox 1296 3824 1568 3893; x_wconf 79' lang='lat' dir='ltr'><strong>majorum</strong></span> <span class='ocrx_word' id='word_1_541' title='bbox 1600 3823 1762 3880; x_wconf 81' lang='lat' dir='ltr'><strong>fuerit</strong></span> <span class='ocrx_word' id='word_1_542' title='bbox 1789 3826 1986 3880; x_wconf 88' lang='lat' dir='ltr'><strong>virium</strong></span> <span class='ocrx_word' id='word_1_543' title='bbox 2021 3843 2034 3878; x_wconf 87' lang='lat'><strong>:</strong></span> 
     </span>
    </p>
   </div>
   <div class='ocr_carea' id='block_1_71' title="bbox 461 3916 2042 3986">
    <p class='ocr_par' dir='ltr' id='par_1_71' title="bbox 461 3916 2042 3986">
     <span class='ocr_line' id='line_1_71' title="bbox 461 3916 2042 3986; baseline 0.001 -16"><span class='ocrx_word' id='word_1_544' title='bbox 461 3918 605 3972; x_wconf 88' lang='lat' dir='ltr'><strong>velut</strong></span> <span class='ocrx_word' id='word_1_545' title='bbox 635 3917 687 3970; x_wconf 92' lang='lat' dir='ltr'><strong>in</strong></span> <span class='ocrx_word' id='word_1_546' title='bbox 712 3917 935 3986; x_wconf 90' lang='lat' dir='ltr'><strong>patriam</strong></span> <span class='ocrx_word' id='word_1_547' title='bbox 965 3917 1192 3971; x_wconf 87' lang='lat' dir='ltr'><strong>tendens</strong></span> <span class='ocrx_word' id='word_1_548' title='bbox 1219 3916 1401 3970; x_wconf 80' lang='lat' dir='ltr'><strong>subtili</strong></span> <span class='ocrx_word' id='word_1_549' title='bbox 1431 3923 1624 3970; x_wconf 89' lang='lat' dir='ltr'><strong>natura</strong></span> <span class='ocrx_word' id='word_1_550' title='bbox 1657 3930 1881 3985; x_wconf 86' lang='lat' dir='ltr'><strong>magnas</strong></span> <span class='ocrx_word' id='word_1_551' title='bbox 1910 3931 2042 3986; x_wconf 89' lang='lat' dir='ltr'><strong>par-</strong></span> 
     </span>
    </p>
   </div>
   <div class='ocr_carea' id='block_1_72' title="bbox 461 4007 2042 4077">
    <p class='ocr_par' dir='ltr' id='par_1_72' title="bbox 461 4007 2042 4077">
     <span class='ocr_line' id='line_1_72' title="bbox 461 4007 2042 4077; baseline 0.001 -15"><span class='ocrx_word' id='word_1_552' title='bbox 461 4016 544 4063; x_wconf 87' lang='lat' dir='ltr'><strong>tes</strong></span> <span class='ocrx_word' id='word_1_553' title='bbox 572 4008 754 4077; x_wconf 88' lang='lat' dir='ltr'><strong>stipati</strong></span> <span class='ocrx_word' id='word_1_554' title='bbox 785 4009 926 4062; x_wconf 89' lang='lat' dir='ltr'><strong>aeris</strong></span> <span class='ocrx_word' id='word_1_555' title='bbox 955 4009 1224 4077; x_wconf 88' lang='lat' dir='ltr'><strong>irrumpit,</strong></span> <span class='ocrx_word' id='word_1_556' title='bbox 1255 4015 1310 4062; x_wconf 92' lang='lat' dir='ltr'><strong>et</strong></span> <span class='ocrx_word' id='word_1_557' title='bbox 1347 4009 1453 4062; x_wconf 85' lang='lat' dir='ltr'><strong>nisi</strong></span> <span class='ocrx_word' id='word_1_558' title='bbox 1488 4007 1740 4064; x_wconf 87' lang='lat' dir='ltr'><strong>eumdem</strong></span> <span class='ocrx_word' id='word_1_559' title='bbox 1781 4008 2042 4064; x_wconf 87' lang='lat' dir='ltr'><strong>elementi</strong></span> 
     </span>
    </p>
   </div>
   <div class='ocr_carea' id='block_1_73' title="bbox 462 4099 2040 4172">
    <p class='ocr_par' dir='ltr' id='par_1_73' title="bbox 462 4099 2040 4172">
     <span class='ocr_line' id='line_1_73' title="bbox 462 4099 2040 4172; baseline 0.002 -19"><span class='ocrx_word' id='word_1_560' title='bbox 462 4100 683 4154; x_wconf 87' lang='lat' dir='ltr'><strong>alterius</strong></span> <span class='ocrx_word' id='word_1_561' title='bbox 710 4099 1033 4170; x_wconf 76' lang='lat' dir='ltr'><strong>profundum</strong></span> <span class='ocrx_word' id='word_1_562' title='bbox 1061 4101 1323 4168; x_wconf 89' lang='lat' dir='ltr'><strong>vinceret,</strong></span> <span class='ocrx_word' id='word_1_563' title='bbox 1349 4115 1460 4170; x_wconf 86' lang='lat' dir='ltr'><strong>quo</strong></span> <span class='ocrx_word' id='word_1_564' title='bbox 1488 4115 1586 4170; x_wconf 90' lang='lat' dir='ltr'><strong>per</strong></span> <span class='ocrx_word' id='word_1_565' title='bbox 1613 4109 1864 4156; x_wconf 88' lang='lat' dir='ltr'><strong>naturam</strong></span> <span class='ocrx_word' id='word_1_566' title='bbox 1895 4101 2040 4172; x_wconf 84' lang='lat' dir='ltr'><strong>rapi-</strong></span> 
     </span>
    </p>
   </div>
   <div class='ocr_carea' id='block_1_74' title="bbox 467 4191 900 4260">
    <p class='ocr_par' dir='ltr' id='par_1_74' title="bbox 467 4191 900 4260">
     <span class='ocr_line' id='line_1_74' title="bbox 467 4191 900 4260; baseline 0.005 -18"><span class='ocrx_word' id='word_1_567' title='bbox 467 4196 552 4243; x_wconf 90' lang='lat' dir='ltr'><strong>tur</strong></span> <span class='ocrx_word' id='word_1_568' title='bbox 573 4191 900 4260; x_wconf 85' lang='lat' dir='ltr'><strong>perveniret.</strong></span> 
     </span>
    </p>
   </div>
   <div class='ocr_carea' id='block_1_75' title="bbox 1083 4281 1419 4338">
    <p class='ocr_par' dir='ltr' id='par_1_75' title="bbox 1083 4281 1419 4338">
     <span class='ocr_line' id='line_1_75' title="bbox 1083 4281 1419 4338; baseline 0.006 -2"><span class='ocrx_word' id='word_1_569' title='bbox 1083 4281 1313 4337; x_wconf 84' lang='lat' dir='ltr'><strong>CAPUT</strong></span> <span class='ocrx_word' id='word_1_570' title='bbox 1354 4283 1419 4338; x_wconf 68' lang='grc' dir='ltr'><strong>γ.</strong></span> 
     </span>
    </p>
   </div>
   <div class='ocr_carea' id='block_1_76' title="bbox 644 4371 1868 4444">
    <p class='ocr_par' dir='ltr' id='par_1_76' title="bbox 644 4371 1868 4444">
     <span class='ocr_line' id='line_1_76' title="bbox 644 4371 1868 4444; baseline 0.002 -20"><span class='ocrx_word' id='word_1_571' title='bbox 644 4371 720 4424; x_wconf 89' lang='lat' dir='ltr'><strong>De</strong></span> <span class='ocrx_word' id='word_1_572' title='bbox 755 4389 1016 4437; x_wconf 75' lang='lat' dir='ltr'><strong>mensura,</strong></span> <span class='ocrx_word' id='word_1_573' title='bbox 1059 4389 1270 4428; x_wconf 83' lang='lat' dir='ltr'><strong>numero</strong></span> <span class='ocrx_word' id='word_1_574' title='bbox 1313 4383 1362 4428; x_wconf 79' lang='lat' dir='ltr'><strong>et</strong></span> <span class='ocrx_word' id='word_1_575' title='bbox 1406 4375 1633 4444; x_wconf 80' lang='lat' dir='ltr'><strong>pondere</strong></span> <span class='ocrx_word' id='word_1_576' title='bbox 1658 4374 1868 4428; x_wconf 68' lang='lat' dir='ltr'><strong>animm.</strong></span> 
     </span>
    </p>
   </div>
   <div class='ocr_carea' id='block_1_77' title="bbox 2136 3184 3680 3264">
    <p class='ocr_par' dir='ltr' id='par_1_77' title="bbox 2136 3184 3680 3264">
     <span class='ocr_line' id='line_1_77' title="bbox 2136 3184 3680 3264; baseline -0.01 -14"><span class='ocrx_word' id='word_1_577' title='bbox 2136 3209 2486 3250; x_wconf 91' lang='lat' dir='ltr'><strong>numerosum</strong></span> <span class='ocrx_word' id='word_1_578' title='bbox 2515 3193 2696 3264; x_wconf 88' lang='lat' dir='ltr'><strong>potius</strong></span> <span class='ocrx_word' id='word_1_579' title='bbox 2725 3193 2972 3258; x_wconf 88' lang='lat' dir='ltr'><strong>arbitror,</strong></span> <span class='ocrx_word' id='word_1_580' title='bbox 3003 3207 3110 3262; x_wconf 91' lang='lat' dir='ltr'><strong>quo</strong></span> <span class='ocrx_word' id='word_1_581' title='bbox 3156 3191 3349 3246; x_wconf 89' lang='lat' dir='ltr'><strong>eadem</strong></span> <span class='ocrx_word' id='word_1_582' title='bbox 3377 3184 3680 3246; x_wconf 87' lang='lat' dir='ltr'><strong>scientialiter</strong></span> 
     </span>
    </p>
   </div>
   <div class='ocr_carea' id='block_1_78' title="bbox 2135 3279 3677 3356">
    <p class='ocr_par' dir='ltr' id='par_1_78' title="bbox 2135 3279 3677 3356">
     <span class='ocr_line' id='line_1_78' title="bbox 2135 3279 3677 3356; baseline -0.008 -16"><span class='ocrx_word' id='word_1_583' title='bbox 2135 3301 2358 3356; x_wconf 92' lang='lat' dir='ltr'><strong>compos</strong></span> <span class='ocrx_word' id='word_1_584' title='bbox 2379 3291 2461 3340; x_wconf 90' lang='lat' dir='ltr'><strong>est</strong></span> <span class='ocrx_word' id='word_1_585' title='bbox 2490 3283 2729 3349; x_wconf 90' lang='lat' dir='ltr'><strong>numeri;</strong></span> <span class='ocrx_word' id='word_1_586' title='bbox 2761 3291 2820 3337; x_wconf 91' lang='lat' dir='ltr'><strong>ut</strong></span> <span class='ocrx_word' id='word_1_587' title='bbox 2859 3298 2966 3337; x_wconf 91' lang='lat' dir='ltr'><strong>non</strong></span> <span class='ocrx_word' id='word_1_588' title='bbox 3005 3282 3270 3353; x_wconf 85' lang='lat' dir='ltr'><strong>partibus,</strong></span> <span class='ocrx_word' id='word_1_589' title='bbox 3303 3279 3461 3335; x_wconf 90' lang='lat' dir='ltr'><strong>sicuti</strong></span> <span class='ocrx_word' id='word_1_590' title='bbox 3497 3288 3677 3343; x_wconf 85' lang='lat' dir='ltr'><strong>corpus.</strong></span> 
     </span>
    </p>
   </div>
   <div class='ocr_carea' id='block_1_79' title="bbox 2138 3365 3679 3444">
    <p class='ocr_par' dir='ltr' id='par_1_79' title="bbox 2138 3365 3679 3444">
     <span class='ocr_line' id='line_1_79' title="bbox 2138 3365 3679 3444; baseline -0.009 -15"><span class='ocrx_word' id='word_1_591' title='bbox 2138 3390 2424 3430; x_wconf 89' lang='lat' dir='ltr'><strong>numerosa</strong></span> <span class='ocrx_word' id='word_1_592' title='bbox 2481 3376 2568 3439; x_wconf 90' lang='lat' dir='ltr'><strong>sit,</strong></span> <span class='ocrx_word' id='word_1_593' title='bbox 2619 3373 2712 3428; x_wconf 88' lang='lat' dir='ltr'><strong>sed</strong></span> <span class='ocrx_word' id='word_1_594' title='bbox 2768 3374 2941 3444; x_wconf 91' lang='lat' dir='ltr'><strong>ipsum</strong></span> <span class='ocrx_word' id='word_1_595' title='bbox 2988 3373 3290 3441; x_wconf 86' lang='lat' dir='ltr'><strong>dignoseat,</strong></span> <span class='ocrx_word' id='word_1_596' title='bbox 3338 3380 3392 3426; x_wconf 90' lang='lat' dir='ltr'><strong>et</strong></span> <span class='ocrx_word' id='word_1_597' title='bbox 3427 3365 3679 3424; x_wconf 88' lang='lat' dir='ltr'><strong>secundum</strong></span> 
     </span>
    </p>
   </div>
   <div class='ocr_carea' id='block_1_80' title="bbox 2138 3463 3680 3533">
    <p class='ocr_par' dir='ltr' id='par_1_80' title="bbox 2138 3463 3680 3533">
     <span class='ocr_line' id='line_1_80' title="bbox 2138 3463 3680 3533; baseline -0.007 -14"><span class='ocrx_word' id='word_1_598' title='bbox 2138 3465 2385 3520; x_wconf 88' lang='lat' dir='ltr'><strong>eumdem</strong></span> <span class='ocrx_word' id='word_1_599' title='bbox 2407 3463 2612 3533; x_wconf 77' lang='lat' dir='ltr'><strong>iudicet</strong></span> <span class='ocrx_word' id='word_1_600' title='bbox 2636 3466 2936 3518; x_wconf 79' lang='lat' dir='ltr'><strong>numerum.</strong></span> <span class='ocrx_word' id='word_1_601' title='bbox 2964 3463 3095 3518; x_wconf 80' lang='lat' dir='ltr'><strong>Nam</strong></span> <span class='ocrx_word' id='word_1_602' title='bbox 3125 3464 3226 3517; x_wconf 87' lang='lat' dir='ltr'><strong>tria</strong></span> <span class='ocrx_word' id='word_1_603' title='bbox 3255 3472 3311 3518; x_wconf 90' lang='lat' dir='ltr'><strong>et</strong></span> <span class='ocrx_word' id='word_1_604' title='bbox 3335 3469 3553 3532; x_wconf 84' lang='lat' dir='ltr'><strong>quatuor</strong></span> <span class='ocrx_word' id='word_1_605' title='bbox 3581 3469 3680 3522; x_wconf 74' lang='lat' dir='ltr'><strong>sep-</strong></span> 
     </span>
    </p>
   </div>
   <div class='ocr_carea' id='block_1_81' title="bbox 2140 3552 3679 3625">
    <p class='ocr_par' dir='ltr' id='par_1_81' title="bbox 2140 3552 3679 3625">
     <span class='ocr_line' id='line_1_81' title="bbox 2140 3552 3679 3625; baseline -0.005 -17"><span class='ocrx_word' id='word_1_606' title='bbox 2140 3563 2249 3609; x_wconf 91' lang='lat' dir='ltr'><strong>tem</strong></span> <span class='ocrx_word' id='word_1_607' title='bbox 2279 3553 2421 3622; x_wconf 77' lang='lat' dir='ltr'><strong>lore;</strong></span> <span class='ocrx_word' id='word_1_608' title='bbox 2450 3562 2504 3610; x_wconf 90' lang='lat' dir='ltr'><strong>et</strong></span> <span class='ocrx_word' id='word_1_609' title='bbox 2533 3556 2647 3610; x_wconf 60' lang='lat' dir='ltr'><strong>haec</strong></span> <span class='ocrx_word' id='word_1_610' title='bbox 2675 3554 2776 3609; x_wconf 89' lang='lat' dir='ltr'><strong>tria</strong></span> <span class='ocrx_word' id='word_1_611' title='bbox 2805 3563 2860 3609; x_wconf 91' lang='lat' dir='ltr'><strong>et</strong></span> <span class='ocrx_word' id='word_1_612' title='bbox 2887 3563 3092 3625; x_wconf 88' lang='lat' dir='ltr'><strong>septem</strong></span> <span class='ocrx_word' id='word_1_613' title='bbox 3120 3555 3330 3619; x_wconf 88' lang='lat' dir='ltr'><strong>decem,</strong></span> <span class='ocrx_word' id='word_1_614' title='bbox 3357 3552 3492 3607; x_wconf 92' lang='lat' dir='ltr'><strong>nulla</strong></span> <span class='ocrx_word' id='word_1_615' title='bbox 3519 3555 3679 3618; x_wconf 73' lang='lat' dir='ltr'><strong>przrter</strong></span> 
     </span>
    </p>
   </div>
   <div class='ocr_carea' id='block_1_82' title="bbox 2141 3638 3678 3716">
    <p class='ocr_par' dir='ltr' id='par_1_82' title="bbox 2141 3638 3678 3716">
     <span class='ocr_line' id='line_1_82' title="bbox 2141 3638 3678 3716; baseline -0.008 -16"><span class='ocrx_word' id='word_1_616' title='bbox 2141 3646 2429 3700; x_wconf 89' lang='lat' dir='ltr'><strong>humanam</strong></span> <span class='ocrx_word' id='word_1_617' title='bbox 2469 3647 2703 3701; x_wconf 88' lang='lat' dir='ltr'><strong>animam</strong></span> <span class='ocrx_word' id='word_1_618' title='bbox 2728 3646 2813 3700; x_wconf 88' lang='lat' dir='ltr'><strong>vel</strong></span> <span class='ocrx_word' id='word_1_619' title='bbox 2841 3654 3019 3716; x_wconf 90' lang='lat' dir='ltr'><strong>potest</strong></span> <span class='ocrx_word' id='word_1_620' title='bbox 3045 3646 3182 3701; x_wconf 91' lang='lat' dir='ltr'><strong>scire</strong></span> <span class='ocrx_word' id='word_1_621' title='bbox 3210 3646 3295 3700; x_wconf 90' lang='lat' dir='ltr'><strong>vel</strong></span> <span class='ocrx_word' id='word_1_622' title='bbox 3323 3643 3529 3716; x_wconf 87' lang='lat' dir='ltr'><strong>poterit.</strong></span> <span class='ocrx_word' id='word_1_623' title='bbox 3558 3638 3678 3694; x_wconf 81' lang='lat' dir='ltr'><strong>Sicut</strong></span> 
     </span>
    </p>
   </div>
   <div class='ocr_carea' id='block_1_83' title="bbox 2141 3732 3677 3808">
    <p class='ocr_par' dir='ltr' id='par_1_83' title="bbox 2141 3732 3677 3808">
     <span class='ocr_line' id='line_1_83' title="bbox 2141 3732 3677 3808; baseline -0.005 -17"><span class='ocrx_word' id='word_1_624' title='bbox 2141 3738 2302 3808; x_wconf 85' lang='lat' dir='ltr'><strong>igitur</strong></span> <span class='ocrx_word' id='word_1_625' title='bbox 2317 3739 2384 3793; x_wconf 91' lang='lat' dir='ltr'><strong>de</strong></span> <span class='ocrx_word' id='word_1_626' title='bbox 2412 3753 2661 3794; x_wconf 87' lang='lat' dir='ltr'><strong>mensura</strong></span> <span class='ocrx_word' id='word_1_627' title='bbox 2683 3738 2893 3804; x_wconf 85' lang='lat' dir='ltr'><strong>claruit,</strong></span> <span class='ocrx_word' id='word_1_628' title='bbox 2920 3741 2992 3792; x_wconf 85' lang='lat' dir='ltr'><strong>ita</strong></span> <span class='ocrx_word' id='word_1_629' title='bbox 3022 3746 3076 3793; x_wconf 89' lang='lat' dir='ltr'><strong>et</strong></span> <span class='ocrx_word' id='word_1_630' title='bbox 3102 3738 3168 3793; x_wconf 91' lang='lat' dir='ltr'><strong>de</strong></span> <span class='ocrx_word' id='word_1_631' title='bbox 3205 3737 3440 3792; x_wconf 88' lang='lat' dir='ltr'><strong>numeris</strong></span> <span class='ocrx_word' id='word_1_632' title='bbox 3466 3732 3581 3789; x_wconf 85' lang='lat' dir='ltr'><strong>satis</strong></span> <span class='ocrx_word' id='word_1_633' title='bbox 3596 3743 3677 3797; x_wconf 82' lang='lat' dir='ltr'><strong>ap—</strong></span> 
     </span>
    </p>
   </div>
   <div class='ocr_carea' id='block_1_84' title="bbox 2142 3819 3678 3902">
    <p class='ocr_par' dir='ltr' id='par_1_84' title="bbox 2142 3819 3678 3902">
     <span class='ocr_line' id='line_1_84' title="bbox 2142 3819 3678 3902; baseline -0.008 -17"><span class='ocrx_word' id='word_1_634' title='bbox 2142 3839 2296 3902; x_wconf 87' lang='lat' dir='ltr'><strong>paret</strong></span> <span class='ocrx_word' id='word_1_635' title='bbox 2324 3845 2445 3886; x_wconf 82' lang='lat' dir='ltr'><strong>esse</strong></span> <span class='ocrx_word' id='word_1_636' title='bbox 2483 3832 2584 3886; x_wconf 91' lang='lat' dir='ltr'><strong>hos</strong></span> <span class='ocrx_word' id='word_1_637' title='bbox 2617 3831 2670 3885; x_wconf 91' lang='lat' dir='ltr'><strong>in</strong></span> <span class='ocrx_word' id='word_1_638' title='bbox 2700 3846 2928 3902; x_wconf 89' lang='lat' dir='ltr'><strong>corpore</strong></span> <span class='ocrx_word' id='word_1_639' title='bbox 2947 3829 3246 3898; x_wconf 88' lang='lat' dir='ltr'><strong>visibiliter,</strong></span> <span class='ocrx_word' id='word_1_640' title='bbox 3283 3832 3336 3886; x_wconf 89' lang='lat' dir='ltr'><strong>in</strong></span> <span class='ocrx_word' id='word_1_641' title='bbox 3356 3829 3521 3884; x_wconf 86' lang='lat' dir='ltr'><strong>anima</strong></span> <span class='ocrx_word' id='word_1_642' title='bbox 3548 3819 3678 3877; x_wconf 83' lang='lat' dir='ltr'><strong>intel-</strong></span> 
     </span>
    </p>
   </div>
   <div class='ocr_carea' id='block_1_85' title="bbox 2143 3923 2460 3978">
    <p class='ocr_par' dir='ltr' id='par_1_85' title="bbox 2143 3923 2460 3978">
     <span class='ocr_line' id='line_1_85' title="bbox 2143 3923 2460 3978; baseline 0.003 -1"><span class='ocrx_word' id='word_1_643' title='bbox 2143 3923 2460 3978; x_wconf 88' lang='lat' dir='ltr'><strong>lectualiter.</strong></span> 
     </span>
    </p>
   </div>
   <div class='ocr_carea' id='block_1_86' title="bbox 2213 4007 3678 4086">
    <p class='ocr_par' dir='ltr' id='par_1_86' title="bbox 2213 4007 3678 4086">
     <span class='ocr_line' id='line_1_86' title="bbox 2213 4007 3678 4086; baseline -0.005 -19"><span class='ocrx_word' id='word_1_644' title='bbox 2213 4013 2301 4068; x_wconf 88' lang='lat' dir='ltr'><strong>Ill.</strong></span> <span class='ocrx_word' id='word_1_645' title='bbox 2330 4013 2516 4069; x_wconf 79' lang='lat' dir='ltr'><strong>Restat</strong></span> <span class='ocrx_word' id='word_1_646' title='bbox 2537 4029 2678 4069; x_wconf 89' lang='lat' dir='ltr'><strong>nunc</strong></span> <span class='ocrx_word' id='word_1_647' title='bbox 2700 4021 2758 4068; x_wconf 89' lang='lat' dir='ltr'><strong>ut</strong></span> <span class='ocrx_word' id='word_1_648' title='bbox 2777 4015 2844 4069; x_wconf 90' lang='lat' dir='ltr'><strong>de</strong></span> <span class='ocrx_word' id='word_1_649' title='bbox 2863 4013 3104 4085; x_wconf 86' lang='lat' dir='ltr'><strong>pondere</strong></span> <span class='ocrx_word' id='word_1_650' title='bbox 3128 4014 3475 4086; x_wconf 88' lang='lat' dir='ltr'><strong>disputemus.</strong></span> <span class='ocrx_word' id='word_1_651' title='bbox 3503 4007 3678 4074; x_wconf 83' lang='lat' dir='ltr'><strong>Corpo-</strong></span> 
     </span>
    </p>
   </div>
   <div class='ocr_carea' id='block_1_87' title="bbox 2145 4099 3680 4176">
    <p class='ocr_par' dir='ltr' id='par_1_87' title="bbox 2145 4099 3680 4176">
     <span class='ocr_line' id='line_1_87' title="bbox 2145 4099 3680 4176; baseline -0.008 -15"><span class='ocrx_word' id='word_1_652' title='bbox 2145 4121 2264 4162; x_wconf 89' lang='lat' dir='ltr'><strong>rum</strong></span> <span class='ocrx_word' id='word_1_653' title='bbox 2291 4104 2501 4176; x_wconf 84' lang='lat' dir='ltr'><strong>pondus</strong></span> <span class='ocrx_word' id='word_1_654' title='bbox 2532 4105 2661 4161; x_wconf 91' lang='lat' dir='ltr'><strong>illud</strong></span> <span class='ocrx_word' id='word_1_655' title='bbox 2690 4121 2809 4162; x_wconf 90' lang='lat' dir='ltr'><strong>esse</strong></span> <span class='ocrx_word' id='word_1_656' title='bbox 2837 4107 3027 4176; x_wconf 88' lang='lat' dir='ltr'><strong>patuit,</strong></span> <span class='ocrx_word' id='word_1_657' title='bbox 3059 4121 3166 4176; x_wconf 92' lang='lat' dir='ltr'><strong>quo</strong></span> <span class='ocrx_word' id='word_1_658' title='bbox 3189 4106 3444 4162; x_wconf 87' lang='lat' dir='ltr'><strong>eademin</strong></span> <span class='ocrx_word' id='word_1_659' title='bbox 3474 4099 3680 4165; x_wconf 81' lang='lat' dir='ltr'><strong>regiones</strong></span> 
     </span>
    </p>
   </div>
   <div class='ocr_carea' id='block_1_88' title="bbox 2148 4186 3681 4266">
    <p class='ocr_par' dir='ltr' id='par_1_88' title="bbox 2148 4186 3681 4266">
     <span class='ocr_line' id='line_1_88' title="bbox 2148 4186 3681 4266; baseline -0.01 -14"><span class='ocrx_word' id='word_1_660' title='bbox 2148 4211 2272 4252; x_wconf 84' lang='lat' dir='ltr'><strong>suas</strong></span> <span class='ocrx_word' id='word_1_661' title='bbox 2299 4196 2440 4250; x_wconf 85' lang='lat' dir='ltr'><strong>unde</strong></span> <span class='ocrx_word' id='word_1_662' title='bbox 2465 4196 2883 4266; x_wconf 87' lang='lat' dir='ltr'><strong>primordialiter</strong></span> <span class='ocrx_word' id='word_1_663' title='bbox 2911 4197 3168 4262; x_wconf 81' lang='lat' dir='ltr'><strong>existunt,</strong></span> <span class='ocrx_word' id='word_1_664' title='bbox 3207 4193 3512 4251; x_wconf 87' lang='lat' dir='ltr'><strong>naturaliter</strong></span> <span class='ocrx_word' id='word_1_665' title='bbox 3535 4186 3681 4239; x_wconf 79' lang='lat' dir='ltr'><strong>ferun-</strong></span> 
     </span>
    </p>
   </div>
   <div class='ocr_carea' id='block_1_89' title="bbox 2149 4268 3680 4357">
    <p class='ocr_par' dir='ltr' id='par_1_89' title="bbox 2149 4268 3680 4357">
     <span class='ocr_line' id='line_1_89' title="bbox 2149 4268 3680 4357; baseline -0.008 -16"><span class='ocrx_word' id='word_1_666' title='bbox 2149 4295 2257 4354; x_wconf 88' lang='lat' dir='ltr'><strong>tur,</strong></span> <span class='ocrx_word' id='word_1_667' title='bbox 2285 4303 2384 4342; x_wconf 91' lang='lat' dir='ltr'><strong>nec</strong></span> <span class='ocrx_word' id='word_1_668' title='bbox 2412 4287 2711 4355; x_wconf 84' lang='lat' dir='ltr'><strong>quiescunt,</strong></span> <span class='ocrx_word' id='word_1_669' title='bbox 2744 4286 3093 4357; x_wconf 87' lang='lat' dir='ltr'><strong>quoadusque</strong></span> <span class='ocrx_word' id='word_1_670' title='bbox 3130 4287 3442 4341; x_wconf 88' lang='lat' dir='ltr'><strong>transmisso</strong></span> <span class='ocrx_word' id='word_1_671' title='bbox 3469 4268 3680 4334; x_wconf 69' lang='lat' dir='ltr'><strong>elementi</strong></span> 
     </span>
    </p>
   </div>
   <div class='ocr_carea' id='block_1_90' title="bbox 2150 4377 3682 4447">
    <p class='ocr_par' dir='ltr' id='par_1_90' title="bbox 2150 4377 3682 4447">
     <span class='ocr_line' id='line_1_90' title="bbox 2150 4377 3682 4447; baseline 0.003 -17"><span class='ocrx_word' id='word_1_672' title='bbox 2150 4378 2372 4432; x_wconf 82' lang='lat' dir='ltr'><strong>alterius</strong></span> <span class='ocrx_word' id='word_1_673' title='bbox 2397 4377 2591 4447; x_wconf 83' lang='lat' dir='ltr'><strong>spatio,</strong></span> <span class='ocrx_word' id='word_1_674' title='bbox 2625 4377 2678 4430; x_wconf 83' lang='lat' dir='ltr'><strong>in</strong></span> <span class='ocrx_word' id='word_1_675' title='bbox 2721 4391 2815 4432; x_wconf 88' lang='lat' dir='ltr'><strong>sua</strong></span> <span class='ocrx_word' id='word_1_676' title='bbox 2845 4377 3178 4446; x_wconf 77' lang='lat' dir='ltr'><strong>perveniant.</strong></span> <span class='ocrx_word' id='word_1_677' title='bbox 3211 4377 3413 4432; x_wconf 74' lang='lat' dir='ltr'><strong>Anima:</strong></span> <span class='ocrx_word' id='word_1_678' title='bbox 3437 4383 3552 4426; x_wconf 80' lang='lat' dir='ltr'><strong>vero</strong></span> <span class='ocrx_word' id='word_1_679' title='bbox 3574 4377 3682 4434; x_wconf 75' lang='grc' dir='ltr'><strong>β⁰¹¹⁴</strong></span> 
     </span>
    </p>
   </div>
   <div class='ocr_carea' id='block_1_91' title="bbox 537 4451 3681 4537">
    <p class='ocr_par' dir='ltr' id='par_1_91' title="bbox 537 4451 3681 4537">
     <span class='ocr_line' id='line_1_91' title="bbox 537 4451 3681 4537; baseline -0.002 -23"><span class='ocrx_word' id='word_1_680' title='bbox 537 4460 675 4518; x_wconf 83' lang='lat' dir='ltr'><strong>Ecce</strong></span> <span class='ocrx_word' id='word_1_681' title='bbox 703 4464 876 4531; x_wconf 91' lang='lat' dir='ltr'><strong>patuit</strong></span> <span class='ocrx_word' id='word_1_682' title='bbox 896 4464 1025 4516; x_wconf 91' lang='lat' dir='ltr'><strong>nihil</strong></span> <span class='ocrx_word' id='word_1_683' title='bbox 1050 4479 1169 4517; x_wconf 90' lang='lat' dir='ltr'><strong>esse</strong></span> <span class='ocrx_word' id='word_1_684' title='bbox 1197 4479 1536 4532; x_wconf 90' lang='lat' dir='ltr'><strong>corporeum,</strong></span> <span class='ocrx_word' id='word_1_685' title='bbox 1560 4466 1647 4520; x_wconf 92' lang='lat' dir='ltr'><strong>cui</strong></span> <span class='ocrx_word' id='word_1_686' title='bbox 1675 4480 1783 4519; x_wconf 88' lang='lat' dir='ltr'><strong>non</strong></span> <span class='ocrx_word' id='word_1_687' title='bbox 1809 4466 1878 4519; x_wconf 91' lang='lat' dir='ltr'><strong>sit</strong></span> <span class='ocrx_word' id='word_1_688' title='bbox 1898 4479 2050 4520; x_wconf 91' lang='lat' dir='ltr'><strong>men-</strong></span> <span class='ocrx_word' id='word_1_689' title='bbox 2076 4465 2126 4526; x_wconf 89' lang='lat' dir='ltr'><strong>D</strong></span> <span class='ocrx_word' id='word_1_690' title='bbox 2149 4467 2250 4522; x_wconf 89' lang='lat' dir='ltr'><strong>dus</strong></span> <span class='ocrx_word' id='word_1_691' title='bbox 2276 4468 2524 4523; x_wconf 76' lang='lat' dir='ltr'><strong>voluntas</strong></span> <span class='ocrx_word' id='word_1_692' title='bbox 2564 4476 2649 4522; x_wconf 88' lang='lat' dir='ltr'><strong>est</strong></span> <span class='ocrx_word' id='word_1_693' title='bbox 2677 4467 2811 4535; x_wconf 83' lang='lat' dir='ltr'><strong>ejus,</strong></span> <span class='ocrx_word' id='word_1_694' title='bbox 2843 4482 2962 4536; x_wconf 68' lang='lat' dir='ltr'><strong>quas</strong></span> <span class='ocrx_word' id='word_1_695' title='bbox 2993 4468 3209 4537; x_wconf 82' lang='lat' dir='ltr'><strong>proprie</strong></span> <span class='ocrx_word' id='word_1_696' title='bbox 3235 4467 3404 4536; x_wconf 82' lang='lat' dir='ltr'><strong>magis</strong></span> <span class='ocrx_word' id='word_1_697' title='bbox 3423 4475 3560 4516; x_wconf 87' lang='lat' dir='ltr'><strong>amor</strong></span> <span class='ocrx_word' id='word_1_698' title='bbox 3576 4451 3681 4507; x_wconf 85' lang='lat' dir='ltr'><strong>dici-</strong></span> 
     </span>
    </p>
   </div>
   <div class='ocr_carea' id='block_1_92' title="bbox 468 4551 2047 4621">
    <p class='ocr_par' dir='ltr' id='par_1_92' title="bbox 468 4551 2047 4621">
     <span class='ocr_line' id='line_1_92' title="bbox 468 4551 2047 4621; baseline 0.003 -17"><span class='ocrx_word' id='word_1_699' title='bbox 468 4566 610 4615; x_wconf 89' lang='lat' dir='ltr'><strong>sura,</strong></span> <span class='ocrx_word' id='word_1_700' title='bbox 642 4551 851 4621; x_wconf 90' lang='lat' dir='ltr'><strong>pondus</strong></span> <span class='ocrx_word' id='word_1_701' title='bbox 875 4557 931 4604; x_wconf 91' lang='lat' dir='ltr'><strong>et</strong></span> <span class='ocrx_word' id='word_1_702' title='bbox 962 4566 1229 4605; x_wconf 89' lang='lat' dir='ltr'><strong>numerus.</strong></span> <span class='ocrx_word' id='word_1_703' title='bbox 1263 4551 1412 4607; x_wconf 89' lang='lat' dir='ltr'><strong>Nunc</strong></span> <span class='ocrx_word' id='word_1_704' title='bbox 1448 4553 1704 4621; x_wconf 86' lang='lat' dir='ltr'><strong>quoniam</strong></span> <span class='ocrx_word' id='word_1_705' title='bbox 1732 4552 2047 4608; x_wconf 75' lang='lat' dir='ltr'><strong>earumdem</strong></span> 
     </span>
    </p>
   </div>
   <div class='ocr_carea' id='block_1_93' title="bbox 469 4642 2050 4711">
    <p class='ocr_par' dir='ltr' id='par_1_93' title="bbox 469 4642 2050 4711">
     <span class='ocr_line' id='line_1_93' title="bbox 469 4642 2050 4711; baseline 0.001 -15"><span class='ocrx_word' id='word_1_706' title='bbox 469 4650 552 4696; x_wconf 91' lang='lat' dir='ltr'><strong>est</strong></span> <span class='ocrx_word' id='word_1_707' title='bbox 579 4649 634 4696; x_wconf 90' lang='lat' dir='ltr'><strong>et</strong></span> <span class='ocrx_word' id='word_1_708' title='bbox 662 4642 867 4711; x_wconf 88' lang='lat' dir='ltr'><strong>partilis</strong></span> <span class='ocrx_word' id='word_1_709' title='bbox 897 4642 1092 4707; x_wconf 89' lang='lat' dir='ltr'><strong>unitas,</strong></span> <span class='ocrx_word' id='word_1_710' title='bbox 1125 4649 1182 4695; x_wconf 93' lang='lat' dir='ltr'><strong>et</strong></span> <span class='ocrx_word' id='word_1_711' title='bbox 1208 4642 1378 4696; x_wconf 88' lang='lat' dir='ltr'><strong>locale</strong></span> <span class='ocrx_word' id='word_1_712' title='bbox 1400 4642 1626 4711; x_wconf 89' lang='lat' dir='ltr'><strong>pondus,</strong></span> <span class='ocrx_word' id='word_1_713' title='bbox 1659 4649 1713 4696; x_wconf 92' lang='lat' dir='ltr'><strong>et</strong></span> <span class='ocrx_word' id='word_1_714' title='bbox 1738 4643 2050 4710; x_wconf 75' lang='lat' dir='ltr'><strong>magnitudo</strong></span> 
     </span>
    </p>
   </div>
   <div class='ocr_carea' id='block_1_94' title="bbox 469 4732 2048 4801">
    <p class='ocr_par' dir='ltr' id='par_1_94' title="bbox 469 4732 2048 4801">
     <span class='ocr_line' id='line_1_94' title="bbox 469 4732 2048 4801; baseline 0.002 -16"><span class='ocrx_word' id='word_1_715' title='bbox 469 4733 841 4787; x_wconf 87' lang='lat' dir='ltr'><strong>mensurabilis</strong></span> <span class='ocrx_word' id='word_1_716' title='bbox 871 4773 888 4801; x_wconf 96' lang='lat'><strong>,</strong></span> <span class='ocrx_word' id='word_1_717' title='bbox 939 4740 1118 4786; x_wconf 90' lang='lat' dir='ltr'><strong>utrum</strong></span> <span class='ocrx_word' id='word_1_718' title='bbox 1163 4733 1265 4786; x_wconf 91' lang='lat' dir='ltr'><strong>tria</strong></span> <span class='ocrx_word' id='word_1_719' title='bbox 1305 4732 1420 4787; x_wconf 73' lang='lat' dir='ltr'><strong>lucc</strong></span> <span class='ocrx_word' id='word_1_720' title='bbox 1476 4740 1698 4788; x_wconf 88' lang='lat' dir='ltr'><strong>eatenus</strong></span> <span class='ocrx_word' id='word_1_721' title='bbox 1748 4734 1804 4787; x_wconf 89' lang='lat' dir='ltr'><strong>in</strong></span> <span class='ocrx_word' id='word_1_722' title='bbox 1850 4735 2048 4797; x_wconf 83' lang='lat' dir='ltr'><strong>anima,</strong></span> 
     </span>
    </p>
   </div>
   <div class='ocr_carea' id='block_1_95' title="bbox 471 4823 2052 4894">
    <p class='ocr_par' dir='ltr' id='par_1_95' title="bbox 471 4823 2052 4894">
     <span class='ocr_line' id='line_1_95' title="bbox 471 4823 2052 4894; baseline 0.002 -17"><span class='ocrx_word' id='word_1_723' title='bbox 471 4834 530 4878; x_wconf 90' lang='lat' dir='ltr'><strong>ut</strong></span> <span class='ocrx_word' id='word_1_724' title='bbox 574 4825 626 4878; x_wconf 88' lang='lat' dir='ltr'><strong>in</strong></span> <span class='ocrx_word' id='word_1_725' title='bbox 665 4840 910 4894; x_wconf 89' lang='lat' dir='ltr'><strong>corpore,</strong></span> <span class='ocrx_word' id='word_1_726' title='bbox 952 4824 1060 4878; x_wconf 90' lang='lat' dir='ltr'><strong>sint</strong></span> <span class='ocrx_word' id='word_1_727' title='bbox 1099 4839 1416 4892; x_wconf 67' lang='lat' dir='ltr'><strong>quaeramus.</strong></span> <span class='ocrx_word' id='word_1_728' title='bbox 1460 4823 1708 4892; x_wconf 79' lang='lat' dir='ltr'><strong>Magnum</strong></span> <span class='ocrx_word' id='word_1_729' title='bbox 1755 4832 1904 4880; x_wconf 88' lang='lat' dir='ltr'><strong>certe</strong></span> <span class='ocrx_word' id='word_1_730' title='bbox 1931 4841 2052 4880; x_wconf 90' lang='lat' dir='ltr'><strong>cor-</strong></span> 
     </span>
    </p>
   </div>
   <div class='ocr_carea' id='block_1_96' title="bbox 473 4914 2049 4986">
    <p class='ocr_par' dir='ltr' id='par_1_96' title="bbox 473 4914 2049 4986">
     <span class='ocr_line' id='line_1_96' title="bbox 473 4914 2049 4986; baseline 0.003 -19"><span class='ocrx_word' id='word_1_731' title='bbox 473 4931 572 4986; x_wconf 86' lang='lat' dir='ltr'><strong>pus</strong></span> <span class='ocrx_word' id='word_1_732' title='bbox 610 4914 940 4983; x_wconf 82' lang='lat' dir='ltr'><strong>longitudine</strong></span> <span class='ocrx_word' id='word_1_733' title='bbox 975 4923 1031 4968; x_wconf 92' lang='lat' dir='ltr'><strong>et</strong></span> <span class='ocrx_word' id='word_1_734' title='bbox 1070 4915 1350 4971; x_wconf 89' lang='lat' dir='ltr'><strong>latitudine</strong></span> <span class='ocrx_word' id='word_1_735' title='bbox 1389 4925 1445 4971; x_wconf 91' lang='lat' dir='ltr'><strong>et</strong></span> <span class='ocrx_word' id='word_1_736' title='bbox 1481 4917 1762 4972; x_wconf 89' lang='lat' dir='ltr'><strong>altitudine</strong></span> <span class='ocrx_word' id='word_1_737' title='bbox 1801 4917 2049 4985; x_wconf 89' lang='lat' dir='ltr'><strong>dicimus,</strong></span> 
     </span>
    </p>
   </div>
   <div class='ocr_carea' id='block_1_97' title="bbox 470 5004 2106 5078">
    <p class='ocr_par' dir='ltr' id='par_1_97' title="bbox 470 5004 2106 5078">
     <span class='ocr_line' id='line_1_97' title="bbox 470 5004 2106 5078; baseline 0.002 -19"><span class='ocrx_word' id='word_1_738' title='bbox 470 5004 623 5072; x_wconf 87' lang='lat' dir='ltr'><strong>cujus</strong></span> <span class='ocrx_word' id='word_1_739' title='bbox 653 5005 835 5073; x_wconf 89' lang='lat' dir='ltr'><strong>utique</strong></span> <span class='ocrx_word' id='word_1_740' title='bbox 863 5006 1092 5074; x_wconf 88' lang='lat' dir='ltr'><strong>spatium</strong></span> <span class='ocrx_word' id='word_1_741' title='bbox 1120 5007 1320 5074; x_wconf 89' lang='lat' dir='ltr'><strong>grande</strong></span> <span class='ocrx_word' id='word_1_742' title='bbox 1348 5008 1433 5061; x_wconf 91' lang='lat' dir='ltr'><strong>vel</strong></span> <span class='ocrx_word' id='word_1_743' title='bbox 1462 5023 1683 5076; x_wconf 87' lang='lat' dir='ltr'><strong>parvum</strong></span> <span class='ocrx_word' id='word_1_744' title='bbox 1733 5023 1831 5078; x_wconf 90' lang='lat' dir='ltr'><strong>pro</strong></span> <span class='ocrx_word' id='word_1_745' title='bbox 1853 5007 1938 5063; x_wconf 88' lang='lat' dir='ltr'><strong>sui</strong></span> <span class='ocrx_word' id='word_1_746' title='bbox 1963 5023 2106 5076; x_wconf 52' lang='grc' dir='ltr'>εει-δ</span> 
     </span>
    </p>
   </div>
   <div class='ocr_carea' id='block_1_98' title="bbox 472 5096 2056 5167">
    <p class='ocr_par' dir='ltr' id='par_1_98' title="bbox 472 5096 2056 5167">
     <span class='ocr_line' id='line_1_98' title="bbox 472 5096 2056 5167; baseline 0.003 -20"><span class='ocrx_word' id='word_1_747' title='bbox 472 5096 706 5164; x_wconf 88' lang='lat' dir='ltr'><strong>pacitate</strong></span> <span class='ocrx_word' id='word_1_748' title='bbox 753 5109 1050 5148; x_wconf 84' lang='lat' dir='ltr'><strong>censemus.</strong></span> <span class='ocrx_word' id='word_1_749' title='bbox 1096 5096 1236 5164; x_wconf 84' lang='lat' dir='ltr'><strong>Ergo</strong></span> <span class='ocrx_word' id='word_1_750' title='bbox 1281 5104 1484 5151; x_wconf 87' lang='lat' dir='ltr'><strong>tantum</strong></span> <span class='ocrx_word' id='word_1_751' title='bbox 1525 5098 1780 5166; x_wconf 86' lang='lat' dir='ltr'><strong>quidquid</strong></span> <span class='ocrx_word' id='word_1_752' title='bbox 1811 5099 2056 5167; x_wconf 86' lang='lat' dir='ltr'><strong>corporis</strong></span> 
     </span>
    </p>
   </div>
   <div class='ocr_carea' id='block_1_99' title="bbox 472 5184 2050 5257">
    <p class='ocr_par' dir='ltr' id='par_1_99' title="bbox 472 5184 2050 5257">
     <span class='ocr_line' id='line_1_99' title="bbox 472 5184 2050 5257; baseline 0.004 -20"><span class='ocrx_word' id='word_1_753' title='bbox 472 5184 828 5254; x_wconf 82' lang='lat' dir='ltr'><strong>quodcunque</strong></span> <span class='ocrx_word' id='word_1_754' title='bbox 847 5201 1041 5255; x_wconf 88' lang='lat' dir='ltr'><strong>corpus</strong></span> <span class='ocrx_word' id='word_1_755' title='bbox 1060 5188 1268 5257; x_wconf 90' lang='lat' dir='ltr'><strong>recipit,</strong></span> <span class='ocrx_word' id='word_1_756' title='bbox 1292 5194 1550 5256; x_wconf 84' lang='lat' dir='ltr'><strong>quantum</strong></span> <span class='ocrx_word' id='word_1_757' title='bbox 1573 5204 1670 5256; x_wconf 87' lang='lat' dir='ltr'><strong>pro</strong></span> <span class='ocrx_word' id='word_1_758' title='bbox 1698 5187 2050 5257; x_wconf 83' lang='lat' dir='ltr'><strong>amplitudine</strong></span> 
     </span>
    </p>
   </div>
   <div class='ocr_carea' id='block_1_100' title="bbox 475 5276 2052 5346">
    <p class='ocr_par' dir='ltr' id='par_1_100' title="bbox 475 5276 2052 5346">
     <span class='ocr_line' id='line_1_100' title="bbox 475 5276 2052 5346; baseline 0.001 -16"><span class='ocrx_word' id='word_1_759' title='bbox 475 5292 644 5346; x_wconf 86' lang='lat' dir='ltr'><strong>capax</strong></span> <span class='ocrx_word' id='word_1_760' title='bbox 671 5285 769 5331; x_wconf 88' lang='lat' dir='ltr'><strong>est.</strong></span> <span class='ocrx_word' id='word_1_761' title='bbox 814 5276 902 5332; x_wconf 91' lang='lat' dir='ltr'><strong>Sic</strong></span> <span class='ocrx_word' id='word_1_762' title='bbox 927 5277 1175 5346; x_wconf 87' lang='lat' dir='ltr'><strong>equidem</strong></span> <span class='ocrx_word' id='word_1_763' title='bbox 1206 5282 1513 5332; x_wconf 84' lang='lat' dir='ltr'><strong>transcenso</strong></span> <span class='ocrx_word' id='word_1_764' title='bbox 1539 5277 1808 5333; x_wconf 80' lang='lat' dir='ltr'><strong>inferioris</strong></span> <span class='ocrx_word' id='word_1_765' title='bbox 1835 5285 2052 5333; x_wconf 85' lang='lat' dir='ltr'><strong>creatu-</strong></span> 
     </span>
    </p>
   </div>
   <div class='ocr_carea' id='block_1_101' title="bbox 478 5369 2054 5436">
    <p class='ocr_par' dir='ltr' id='par_1_101' title="bbox 478 5369 2054 5436">
     <span class='ocr_line' id='line_1_101' title="bbox 478 5369 2054 5436; baseline 0.001 -14"><span class='ocrx_word' id='word_1_766' title='bbox 478 5383 549 5422; x_wconf 68' lang='lat' dir='ltr'><strong>ra:</strong></span> <span class='ocrx_word' id='word_1_767' title='bbox 595 5369 760 5436; x_wconf 82' lang='lat' dir='ltr'><strong>gradu</strong></span> <span class='ocrx_word' id='word_1_768' title='bbox 796 5370 1162 5425; x_wconf 88' lang='lat' dir='ltr'><strong>sublimiorem</strong></span> <span class='ocrx_word' id='word_1_769' title='bbox 1199 5378 1497 5424; x_wconf 89' lang='lat' dir='ltr'><strong>creaturam</strong></span> <span class='ocrx_word' id='word_1_770' title='bbox 1551 5384 1731 5434; x_wconf 88' lang='lat' dir='ltr'><strong>cerne,</strong></span> <span class='ocrx_word' id='word_1_771' title='bbox 1781 5377 1837 5424; x_wconf 92' lang='lat' dir='ltr'><strong>et</strong></span> <span class='ocrx_word' id='word_1_772' title='bbox 1889 5371 2054 5424; x_wconf 84' lang='lat' dir='ltr'><strong>animi</strong></span> 
     </span>
    </p>
   </div>
   <div class='ocr_carea' id='block_1_102' title="bbox 481 5459 2060 5532">
    <p class='ocr_par' dir='ltr' id='par_1_102' title="bbox 481 5459 2060 5532">
     <span class='ocr_line' id='line_1_102' title="bbox 481 5459 2060 5532; baseline 0.003 -20"><span class='ocrx_word' id='word_1_773' title='bbox 481 5459 900 5525; x_wconf 84' lang='lat' dir='ltr'><strong>magnitudinem</strong></span> <span class='ocrx_word' id='word_1_774' title='bbox 925 5459 1006 5514; x_wconf 91' lang='lat' dir='ltr'><strong>sui</strong></span> <span class='ocrx_word' id='word_1_775' title='bbox 1035 5461 1332 5530; x_wconf 86' lang='lat' dir='ltr'><strong>capacitate</strong></span> <span class='ocrx_word' id='word_1_776' title='bbox 1371 5460 1577 5514; x_wconf 84' lang='lat' dir='ltr'><strong>metire.</strong></span> <span class='ocrx_word' id='word_1_777' title='bbox 1611 5459 1748 5516; x_wconf 83' lang='lat' dir='ltr'><strong>Ecce</strong></span> <span class='ocrx_word' id='word_1_778' title='bbox 1775 5475 1942 5532; x_wconf 81' lang='lat' dir='ltr'><strong>capax</strong></span> <span class='ocrx_word' id='word_1_779' title='bbox 1973 5470 2060 5516; x_wconf 85' lang='lat' dir='ltr'><strong>est</strong></span> 
     </span>
    </p>
   </div>
   <div class='ocr_carea' id='block_1_103' title="bbox 558 5641 1024 5708">
    <p class='ocr_par' dir='ltr' id='par_1_103' title="bbox 558 5641 1024 5708">
     <span class='ocr_line' id='line_1_103' title="bbox 558 5641 1024 5708; baseline 0.004 -16"><span class='ocrx_word' id='word_1_780' title='bbox 558 5648 580 5674; x_wconf 77' lang='grc'><strong>⁸⁸</strong></span> <span class='ocrx_word' id='word_1_781' title='bbox 620 5641 702 5694; x_wconf 88' lang='lat' dir='ltr'><strong>Al.</strong></span> <span class='ocrx_word' id='word_1_782' title='bbox 733 5644 852 5708; x_wconf 82' lang='lat' dir='ltr'><strong>quia</strong></span> <span class='ocrx_word' id='word_1_783' title='bbox 884 5644 1024 5696; x_wconf 54' lang='lat' dir='ltr'><strong>sinit.</strong></span> 
     </span>
    </p>
   </div>
   <div class='ocr_carea' id='block_1_104' title="bbox 2153 4549 3678 4629">
    <p class='ocr_par' dir='ltr' id='par_1_104' title="bbox 2153 4549 3678 4629">
     <span class='ocr_line' id='line_1_104' title="bbox 2153 4549 3678 4629; baseline -0.009 -17"><span class='ocrx_word' id='word_1_784' title='bbox 2153 4565 2256 4623; x_wconf 83' lang='lat' dir='ltr'><strong>tur,</strong></span> <span class='ocrx_word' id='word_1_785' title='bbox 2279 4572 2386 4626; x_wconf 90' lang='lat' dir='ltr'><strong>quo</strong></span> <span class='ocrx_word' id='word_1_786' title='bbox 2407 4557 2609 4612; x_wconf 88' lang='lat' dir='ltr'><strong>scilicet</strong></span> <span class='ocrx_word' id='word_1_787' title='bbox 2622 4557 2706 4611; x_wconf 89' lang='lat' dir='ltr'><strong>vel</strong></span> <span class='ocrx_word' id='word_1_788' title='bbox 2741 4572 2798 4612; x_wconf 84' lang='lat' dir='ltr'><strong>se</strong></span> <span class='ocrx_word' id='word_1_789' title='bbox 2827 4558 3016 4626; x_wconf 86' lang='lat' dir='ltr'><strong>ipsam,</strong></span> <span class='ocrx_word' id='word_1_790' title='bbox 3041 4559 3125 4613; x_wconf 88' lang='lat' dir='ltr'><strong>vel</strong></span> <span class='ocrx_word' id='word_1_791' title='bbox 3147 4558 3247 4612; x_wconf 86' lang='lat' dir='ltr'><strong>alia</strong></span> <span class='ocrx_word' id='word_1_792' title='bbox 3275 4555 3514 4629; x_wconf 73' lang='lat' dir='ltr'><strong>quaelibet</strong></span> <span class='ocrx_word' id='word_1_793' title='bbox 3536 4549 3678 4600; x_wconf 80' lang='lat' dir='ltr'><strong>amat:</strong></span> 
     </span>
    </p>
   </div>
   <div class='ocr_carea' id='block_1_105' title="bbox 2153 4635 3682 4728">
    <p class='ocr_par' dir='ltr' id='par_1_105' title="bbox 2153 4635 3682 4728">
     <span class='ocr_line' id='line_1_105' title="bbox 2153 4635 3682 4728; baseline 0.002 -25"><span class='ocrx_word' id='word_1_794' title='bbox 2153 4648 2265 4704; x_wconf 88' lang='lat' dir='ltr'><strong>sive</strong></span> <span class='ocrx_word' id='word_1_795' title='bbox 2293 4649 2434 4702; x_wconf 90' lang='lat' dir='ltr'><strong>enim</strong></span> <span class='ocrx_word' id='word_1_796' title='bbox 2461 4648 2562 4702; x_wconf 88' lang='lat' dir='ltr'><strong>sibi</strong></span> <span class='ocrx_word' id='word_1_797' title='bbox 2592 4648 2908 4717; x_wconf 87' lang='lat' dir='ltr'><strong>incorporea</strong></span> <span class='ocrx_word' id='word_1_798' title='bbox 2937 4648 3140 4728; x_wconf 62' lang='lat' dir='ltr'><strong>diligat,</strong></span> <span class='ocrx_word' id='word_1_799' title='bbox 3173 4658 3232 4702; x_wconf 89' lang='lat' dir='ltr'><strong>ut</strong></span> <span class='ocrx_word' id='word_1_800' title='bbox 3257 4656 3340 4702; x_wconf 88' lang='lat' dir='ltr'><strong>est</strong></span> <span class='ocrx_word' id='word_1_801' title='bbox 3367 4659 3482 4701; x_wconf 85' lang='lat' dir='ltr'><strong>vera</strong></span> <span class='ocrx_word' id='word_1_802' title='bbox 3509 4635 3682 4706; x_wconf 56' lang='grc' dir='ltr'><strong>θερίαν</strong></span> 
     </span>
    </p>
   </div>
   <div class='ocr_carea' id='block_1_106' title="bbox 2154 4723 3679 4808">
    <p class='ocr_par' dir='ltr' id='par_1_106' title="bbox 2154 4723 3679 4808">
     <span class='ocr_line' id='line_1_106' title="bbox 2154 4723 3679 4808; baseline -0.013 -16"><span class='ocrx_word' id='word_1_803' title='bbox 2154 4739 2258 4802; x_wconf 87' lang='lat' dir='ltr'><strong>tia;</strong></span> <span class='ocrx_word' id='word_1_804' title='bbox 2308 4739 2422 4793; x_wconf 88' lang='lat' dir='ltr'><strong>sive</strong></span> <span class='ocrx_word' id='word_1_805' title='bbox 2464 4738 2680 4807; x_wconf 84' lang='lat' dir='ltr'><strong>corpori</strong></span> <span class='ocrx_word' id='word_1_806' title='bbox 2723 4723 3389 4808; x_wconf 32' lang='lat' dir='ltr'><strong>corporeafconcupiscat,</strong></span> <span class='ocrx_word' id='word_1_807' title='bbox 3419 4741 3472 4788; x_wconf 89' lang='lat' dir='ltr'><strong>ut</strong></span> <span class='ocrx_word' id='word_1_808' title='bbox 3499 4723 3679 4799; x_wconf 81' lang='lat' dir='ltr'><strong>pulchra</strong></span> 
     </span>
    </p>
   </div>
   <div class='ocr_carea' id='block_1_107' title="bbox 2156 4817 3684 4898">
    <p class='ocr_par' dir='ltr' id='par_1_107' title="bbox 2156 4817 3684 4898">
     <span class='ocr_line' id='line_1_107' title="bbox 2156 4817 3684 4898; baseline -0.005 -15"><span class='ocrx_word' id='word_1_809' title='bbox 2156 4836 2282 4883; x_wconf 89' lang='lat' dir='ltr'><strong>sunt</strong></span> <span class='ocrx_word' id='word_1_810' title='bbox 2307 4843 2538 4898; x_wconf 88' lang='lat' dir='ltr'><strong>corpora</strong></span> <span class='ocrx_word' id='word_1_811' title='bbox 2563 4845 2576 4880; x_wconf 93' lang='lat'><strong>:</strong></span> <span class='ocrx_word' id='word_1_812' title='bbox 2609 4828 2808 4882; x_wconf 89' lang='lat' dir='ltr'><strong>illocali</strong></span> <span class='ocrx_word' id='word_1_813' title='bbox 2831 4829 3029 4882; x_wconf 86' lang='lat' dir='ltr'><strong>amoris</strong></span> <span class='ocrx_word' id='word_1_814' title='bbox 3058 4829 3292 4898; x_wconf 89' lang='lat' dir='ltr'><strong>pondere</strong></span> <span class='ocrx_word' id='word_1_815' title='bbox 3313 4827 3517 4897; x_wconf 90' lang='lat' dir='ltr'><strong>rapitur,</strong></span> <span class='ocrx_word' id='word_1_816' title='bbox 3544 4817 3684 4872; x_wconf 59' lang='lat' dir='ltr'><strong>donec</strong></span> 
     </span>
    </p>
   </div>
   <div class='ocr_carea' id='block_1_108' title="bbox 2155 4901 3682 4990">
    <p class='ocr_par' dir='ltr' id='par_1_108' title="bbox 2155 4901 3682 4990">
     <span class='ocr_line' id='line_1_108' title="bbox 2155 4901 3682 4990; baseline -0.005 -17"><span class='ocrx_word' id='word_1_817' title='bbox 2155 4928 2454 4974; x_wconf 88' lang='lat' dir='ltr'><strong>amatorum</strong></span> <span class='ocrx_word' id='word_1_818' title='bbox 2483 4919 2770 4989; x_wconf 90' lang='lat' dir='ltr'><strong>adeptione</strong></span> <span class='ocrx_word' id='word_1_819' title='bbox 2797 4921 3049 4989; x_wconf 79' lang='lat' dir='ltr'><strong>potiatur.</strong></span> <span class='ocrx_word' id='word_1_820' title='bbox 3083 4920 3245 4989; x_wconf 87' lang='lat' dir='ltr'><strong>Igitur</strong></span> <span class='ocrx_word' id='word_1_821' title='bbox 3262 4919 3461 4990; x_wconf 89' lang='lat' dir='ltr'><strong>pondus</strong></span> <span class='ocrx_word' id='word_1_822' title='bbox 3482 4901 3682 4977; x_wconf 61' lang='lat' dir='ltr'><strong>corpmls</strong></span> 
     </span>
    </p>
   </div>
   <div class='ocr_carea' id='block_1_109' title="bbox 2155 5005 3683 5082">
    <p class='ocr_par' dir='ltr' id='par_1_109' title="bbox 2155 5005 3683 5082">
     <span class='ocr_line' id='line_1_109' title="bbox 2155 5005 3683 5082; baseline -0.013 -14"><span class='ocrx_word' id='word_1_823' title='bbox 2155 5026 2473 5082; x_wconf 87' lang='lat' dir='ltr'><strong>quocunque</strong></span> <span class='ocrx_word' id='word_1_824' title='bbox 2501 5027 2697 5082; x_wconf 89' lang='lat' dir='ltr'><strong>corpus</strong></span> <span class='ocrx_word' id='word_1_825' title='bbox 2725 5012 2926 5076; x_wconf 89' lang='lat' dir='ltr'><strong>tulerit,</strong></span> <span class='ocrx_word' id='word_1_826' title='bbox 2950 5027 3229 5067; x_wconf 89' lang='lat' dir='ltr'><strong>mensuras</strong></span> <span class='ocrx_word' id='word_1_827' title='bbox 3265 5013 3378 5081; x_wconf 85' lang='lat' dir='ltr'><strong>ejus</strong></span> <span class='ocrx_word' id='word_1_828' title='bbox 3405 5016 3455 5062; x_wconf 89' lang='lat' dir='ltr'><strong>et</strong></span> <span class='ocrx_word' id='word_1_829' title='bbox 3475 5005 3683 5058; x_wconf 65' lang='lat' dir='ltr'><strong>numeres</strong></span> 
     </span>
    </p>
   </div>
   <div class='ocr_carea' id='block_1_110' title="bbox 2158 5091 3678 5174">
    <p class='ocr_par' dir='ltr' id='par_1_110' title="bbox 2158 5091 3678 5174">
     <span class='ocr_line' id='line_1_110' title="bbox 2158 5091 3678 5174; baseline -0.004 -17"><span class='ocrx_word' id='word_1_830' title='bbox 2158 5102 2624 5158; x_wconf 85' lang='lat' dir='ltr'><strong>indissociabiliter</strong></span> <span class='ocrx_word' id='word_1_831' title='bbox 2651 5118 2831 5156; x_wconf 87' lang='lat' dir='ltr'><strong>secum</strong></span> <span class='ocrx_word' id='word_1_832' title='bbox 2871 5104 3053 5158; x_wconf 88' lang='lat' dir='ltr'><strong>trahit.</strong></span> <span class='ocrx_word' id='word_1_833' title='bbox 3083 5103 3216 5159; x_wconf 82' lang='lat' dir='ltr'><strong>[tem</strong></span> <span class='ocrx_word' id='word_1_834' title='bbox 3247 5102 3463 5174; x_wconf 90' lang='lat' dir='ltr'><strong>pondus,</strong></span> <span class='ocrx_word' id='word_1_835' title='bbox 3491 5096 3580 5148; x_wconf 62' lang='lat' dir='ltr'><strong>hoc</strong></span> <span class='ocrx_word' id='word_1_836' title='bbox 3599 5091 3678 5143; x_wconf 60' lang='grc' dir='ltr'><strong>θεῖν</strong></span> 
     </span>
    </p>
   </div>
   <div class='ocr_carea' id='block_1_111' title="bbox 2159 5190 3682 5261">
    <p class='ocr_par' dir='ltr' id='par_1_111' title="bbox 2159 5190 3682 5261">
     <span class='ocr_line' id='line_1_111' title="bbox 2159 5190 3682 5261; baseline -0.012 -14"><span class='ocrx_word' id='word_1_837' title='bbox 2159 5209 2312 5248; x_wconf 83' lang='lat' dir='ltr'><strong>umor</strong></span> <span class='ocrx_word' id='word_1_838' title='bbox 2339 5194 2551 5259; x_wconf 69' lang='lat' dir='ltr'><strong>animae,</strong></span> <span class='ocrx_word' id='word_1_839' title='bbox 2574 5194 2626 5247; x_wconf 89' lang='lat' dir='ltr'><strong>in</strong></span> <span class='ocrx_word' id='word_1_840' title='bbox 2657 5193 2708 5247; x_wconf 89' lang='lat' dir='ltr'><strong>id</strong></span> <span class='ocrx_word' id='word_1_841' title='bbox 2737 5193 2880 5261; x_wconf 90' lang='lat' dir='ltr'><strong>quod</strong></span> <span class='ocrx_word' id='word_1_842' title='bbox 2909 5193 3097 5261; x_wconf 89' lang='lat' dir='ltr'><strong>diligit,</strong></span> <span class='ocrx_word' id='word_1_843' title='bbox 3122 5203 3176 5249; x_wconf 91' lang='lat' dir='ltr'><strong>et</strong></span> <span class='ocrx_word' id='word_1_844' title='bbox 3202 5192 3500 5250; x_wconf 85' lang='lat' dir='ltr'><strong>memoriam</strong></span> <span class='ocrx_word' id='word_1_845' title='bbox 3524 5191 3570 5238; x_wconf 90' lang='lat' dir='ltr'><strong>et</strong></span> <span class='ocrx_word' id='word_1_846' title='bbox 3585 5190 3682 5232; x_wconf 46' lang='lat' dir='ltr'><strong>con.</strong></span> 
     </span>
    </p>
   </div>
   <div class='ocr_carea' id='block_1_112' title="bbox 2160 5260 3678 5353">
    <p class='ocr_par' dir='ltr' id='par_1_112' title="bbox 2160 5260 3678 5353">
     <span class='ocr_line' id='line_1_112' title="bbox 2160 5260 3678 5353; baseline -0.009 -15"><span class='ocrx_word' id='word_1_847' title='bbox 2160 5285 2336 5338; x_wconf 87' lang='lat' dir='ltr'><strong>silium</strong></span> <span class='ocrx_word' id='word_1_848' title='bbox 2365 5300 2545 5340; x_wconf 87' lang='lat' dir='ltr'><strong>secum</strong></span> <span class='ocrx_word' id='word_1_849' title='bbox 2574 5286 2719 5352; x_wconf 86' lang='lat' dir='ltr'><strong>cogit</strong></span> <span class='ocrx_word' id='word_1_850' title='bbox 2737 5260 2904 5353; x_wconf 55' lang='lat' dir='ltr'><strong>{quia</strong></span> <span class='ocrx_word' id='word_1_851' title='bbox 2952 5260 3082 5339; x_wconf 87' lang='lat' dir='ltr'><strong>nihil</strong></span> <span class='ocrx_word' id='word_1_852' title='bbox 3127 5286 3267 5340; x_wconf 89' lang='lat' dir='ltr'><strong>aliud</strong></span> <span class='ocrx_word' id='word_1_853' title='bbox 3307 5278 3578 5340; x_wconf 77' lang='lat' dir='ltr'><strong>meminisse</strong></span> <span class='ocrx_word' id='word_1_854' title='bbox 3615 5260 3678 5317; x_wconf 77' lang='lat' dir='ltr'><strong>vel</strong></span> 
     </span>
    </p>
   </div>
   <div class='ocr_carea' id='block_1_113' title="bbox 2159 5354 3677 5445">
    <p class='ocr_par' dir='ltr' id='par_1_113' title="bbox 2159 5354 3677 5445">
     <span class='ocr_line' id='line_1_113' title="bbox 2159 5354 3677 5445; baseline -0.011 -16"><span class='ocrx_word' id='word_1_855' title='bbox 2159 5376 2397 5442; x_wconf 85' lang='lat' dir='ltr'><strong>cogitare</strong></span> <span class='ocrx_word' id='word_1_856' title='bbox 2425 5376 2585 5437; x_wconf 88' lang='lat' dir='ltr'><strong>valet,</strong></span> <span class='ocrx_word' id='word_1_857' title='bbox 2618 5377 2719 5430; x_wconf 90' lang='lat' dir='ltr'><strong>nisi</strong></span> <span class='ocrx_word' id='word_1_858' title='bbox 2749 5376 2874 5431; x_wconf 88' lang='lat' dir='ltr'><strong>illud</strong></span> <span class='ocrx_word' id='word_1_859' title='bbox 2899 5376 3054 5445; x_wconf 86' lang='lat' dir='ltr'><strong>cujus</strong></span> <span class='ocrx_word' id='word_1_860' title='bbox 3081 5391 3264 5431; x_wconf 82' lang='lat' dir='ltr'><strong>amore</strong></span> <span class='ocrx_word' id='word_1_861' title='bbox 3286 5368 3530 5431; x_wconf 79' lang='lat' dir='ltr'><strong>fervescit.</strong></span> <span class='ocrx_word' id='word_1_862' title='bbox 3558 5354 3677 5415; x_wconf 67' lang='lat' dir='ltr'><strong>Unde</strong></span> 
     </span>
    </p>
   </div>
   <div class='ocr_carea' id='block_1_114' title="bbox 2160 5451 3674 5538">
    <p class='ocr_par' dir='ltr' id='par_1_114' title="bbox 2160 5451 3674 5538">
     <span class='ocr_line' id='line_1_114' title="bbox 2160 5451 3674 5538; baseline -0.007 -16"><span class='ocrx_word' id='word_1_863' title='bbox 2160 5465 2416 5522; x_wconf 89' lang='lat' dir='ltr'><strong>divinitus</strong></span> <span class='ocrx_word' id='word_1_864' title='bbox 2462 5466 2664 5521; x_wconf 89' lang='lat' dir='ltr'><strong>homini</strong></span> <span class='ocrx_word' id='word_1_865' title='bbox 2705 5466 2898 5522; x_wconf 86' lang='lat' dir='ltr'><strong>dicitur</strong></span> <span class='ocrx_word' id='word_1_866' title='bbox 2937 5485 2948 5518; x_wconf 90' lang='lat'><strong>:</strong></span> <span class='ocrx_word' id='word_1_867' title='bbox 3000 5467 3201 5538; x_wconf 75' lang='lat' dir='ltr'><strong>Diliges</strong></span> <span class='ocrx_word' id='word_1_868' title='bbox 3249 5466 3507 5521; x_wconf 67' lang='lat' dir='ltr'><strong>Boarium</strong></span> <span class='ocrx_word' id='word_1_869' title='bbox 3544 5451 3674 5507; x_wconf 70' lang='lat' dir='ltr'><strong>Dm“</strong></span> 
     </span>
    </p>
   </div>
  </div>
