3946 6182
183 331 283 390 Ἠὸ

1384 319 1469 379 ne
1507 274 1732 379 STATU
1771 312 2009 373 suum
2051 313 2178 369 ιλιι.
2221 311 2282 367 ιι.

3365 292 3468 360 ΗΒ

184 457 323 502 tuum
366 461 431 500 cr
461 452 565 502 toto
587 424 742 499 corde
772 430 878 510 tuo,
909 446 954 495 et
980 455 1042 494 ea:
1072 444 1183 494 tota
1226 438 1404 492 anima
1444 445 1532 489 tua
1559 433 1776 508 (Matth.
1806 434 1852 492 Α
1883 443 2080 500 gnarus
2100 427 2239 483 ferre
2260 424 2601 488 sententiam,
2628 436 2766 478 anne
2794 421 2864 476 sil
2892 420 3044 476 locus
3071 416 3212 491 quod
3256 418 3466 476 illocale

185 558 309 604 un,
339 540 462 610 57).
489 538 750 593 Videlicet
776 544 835 590 ut
880 535 1020 590 sicut
1061 546 1275 609 corpus
1295 528 1535 600 pondere
1561 527 1771 595 cogitur

184 636 235 691 in
272 634 513 706 propria,
535 633 615 687 sic
642 632 820 685 anima
850 628 1089 699 pondere
1117 624 1382 680 referatur
1417 623 1470 676 in
1519 620 1767 691 patriam.

185 727 296 783 Hoc
322 725 564 798 pondere
586 738 687 778 suo
707 732 888 776 tamen
912 719 1090 773 anima
1112 730 1218 771 non
1248 715 1421 770 solum
1450 712 1569 766 aliis
1590 709 1772 781 jungi-

187 829 286 885 tur,
308 818 403 874 sed
424 818 539 888 ipsa
559 829 776 886 quoque
798 813 1087 876 solidatur;
1110 809 1234 880 quia
1261 806 1471 864 consilii
1493 821 1555 861 ae
1580 804 1776 859 mentis

185 926 368 965 amore
395 908 594 974 medio,
625 915 683 963 et
708 921 861 961 mens
906 903 1155 966 consilio,
1187 908 1242 955 et
1282 898 1563 955 consilium
1594 903 1775 949 mente

186 1001 442 1070 diligitur.

803 1062 1030 1122 CAPUT
1068 1063 1155 1118 Vl.

187 1156 265 1216 De
306 1162 566 1227 mensura,
616 1174 828 1213 numero
876 1165 924 1209 et
962 1155 1192 1227 pondere
1227 1152 1442 1227 divian
1467 1148 1773 1209 Trinitatis;

468 1223 721 1305 quomodo
743 1229 849 1282 hazc
882 1223 985 1281 tria
1007 1225 1123 1296 ipsa
1151 1223 1377 1278 Trinitas
1398 1223 1484 1274 sit.

254 1343 345 1400 Sic
372 1351 427 1398 et
452 1341 862 1412 incorporaliter
902 1345 1095 1393 cuncta
1146 1334 1553 1405 supereminens
1601 1329 1779 1382 unitas

188 1435 605 1508 prmcelsissimaz
633 1426 913 1487 Trinitatis
936 1444 1184 1483 mensura
1216 1417 1328 1488 est,
1373 1433 1431 1480 ut
1473 1425 1638 1483 aiunt,
1665 1421 1780 1473 sine

187 1544 454 1593 mensura,
486 1535 541 1581 et
588 1525 798 1596 pondus
845 1523 960 1577 sine
994 1520 1250 1591 pondere,
1282 1526 1337 1570 et
1382 1531 1635 1569 numerus
1665 1514 1782 1566 sine

192 1635 437 1673 numero.
454 1602 671 1671 Pondus
692 1629 820 1683 ergo
840 1628 948 1682 quo
970 1611 1085 1665 haec
1106 1609 1291 1664 eadem
1317 1622 1498 1662 secum
1515 1603 1787 1660 ineﬁ'ahiii-

190 1704 273 1766 ter
296 1727 459 1765 unum
490 1714 633 1773 sunt,
665 1706 901 1762 eharitas
926 1714 1009 1759 est
1032 1693 1205 1757 Patris
1232 1709 1287 1755 et
1314 1685 1454 1765 Filii,
1485 1713 1647 1769 quem
1669 1696 1785 1766 Spi-

1875 523 2088 594 recipit,
2115 537 2183 576 an
2205 519 2401 591 partile
2424 517 2569 587 quod
2591 516 2761 571 secari
2783 515 2988 583 nequit,
3013 529 3080 567 an
3109 511 3467 567 mensurabile

1875 613 2020 682 quod
2073 610 2340 667 inﬁnitum
2382 608 2545 678 capit.
2579 606 2732 661 Nune
2772 605 2839 660 ad
2868 604 3169 659 Philolaum
3203 601 3389 668 redeo,
3436 617 3467 655 a

1876 720 1985 773 quo
2011 703 2213 758 dudum
2255 714 2453 769 magno
2495 697 2779 754 intervallo
2824 695 3094 764 digressus
3120 708 3258 759 sum,
3299 692 3390 762 qui
3414 693 3467 747 in

1878 795 2039 850 tertio
2059 793 2393 849 voluminum
2413 805 2534 860 quas
2552 794 2670 867 περί
2699 790 2901 861 ῥυθμῶν
2926 790 3010 841 καὶ
3037 787 3233 860 μέτρων
3259 796 3469 854 pramo—

1879 895 1976 953 tat,
2000 886 2068 942 de
2097 886 2272 940 anima
2306 886 2541 940 humana
2583 882 2662 937 sic
2709 881 2983 950 loquitur:
3030 879 3221 933 Anima
3274 876 3472 931 inditur

1880 979 2103 1050 corpori,
2132 994 2225 1047 per
2272 992 2540 1030 numerum
2567 982 2615 1028 et
2643 970 2988 1027 immortalem
3034 968 3363 1040 eamdemque
3389 969 3472 1021 in-

1878 1070 2198 1141 corporalem
2253 1068 2675 1123 convenientiam.
2705 1065 2839 1119 item
2867 1073 2991 1134 post
3019 1062 3122 1116 alia
3157 1080 3169 1114 :
3220 1060 3472 1131 Diligitur

1879 1178 2063 1232 corpus
2093 1159 2156 1213 ab
2176 1162 2372 1224 anima,
2400 1159 2523 1231 quia
2550 1158 2662 1212 sine
2681 1174 2741 1212 eo
2779 1172 2881 1210 non
2910 1161 3075 1226 potest
3101 1154 3179 1207 uti
3212 1150 3465 1207 sensibus.
3520 1170 3525 1175 -

1880 1254 1921 1304 Α
1954 1269 2053 1323 quo
2082 1259 2354 1324 postquam
2381 1259 2547 1307 morte
2573 1248 2791 1302 deducta
2818 1253 2914 1312 est,
2957 1248 3067 1317 agit
3093 1246 3148 1299 in
3176 1245 3370 1298 mundo
3389 1243 3473 1297 in-

1883 1344 2201 1414 corporalem
2229 1343 2404 1396 vitam.
2447 1340 2565 1396 Non
2592 1353 2693 1408 ego
2720 1353 2862 1393 nunc
2889 1337 3156 1392 rationum
3198 1333 3471 1389 tramitem

1886 1452 1983 1506 per
2027 1435 2448 1490 nexuosissimas
2501 1432 2858 1501 quzestionum
2911 1428 3163 1483 minutias
3216 1426 3469 1488 revolvo,

1884 1527 2080 1595 quibus
2123 1526 2238 1580 haec
2275 1523 2590 1594 probabilia,
2622 1536 2731 1591 quo
2758 1520 2907 1575 voles
2928 1519 3262 1581 adversante,
3294 1514 3476 1570 Philo-

1888 1618 2005 1672 laus
2032 1617 2228 1672 eﬁ'eeit.
2259 1614 2318 1671 In
2346 1630 2467 1685 quae
2494 1614 2540 1669 si
2568 1612 2793 1689 quis‘vel
2821 1611 3155 1672 curiositate.
3184 1609 3269 1663 vel
3297 1609 3474 1664 studio

1889 1709 2025 1765 forte
2055 1707 2383 1777 ﬂagraverit,
2410 1707 2479 1762 de
2500 1706 2617 1776 ipso
2637 1704 2841 1761 scilicet
2860 1702 3007 1759 fonte
3026 1702 3257 1757 hauriat.
3291 1700 3476 1755 Enim-

185 1803 351 1856 ritum
372 1809 613 1855 sanetum
636 1797 924 1868 Apostolus
951 1793 1168 1865 proprie
1195 1791 1490 1852 insinuans,
1521 1788 1782 1853 Charitas,

1892 1817 2019 1856 vero
2043 1808 2244 1856 memet
2271 1814 2434 1855 causa
2463 1796 2798 1853 auctoritatis
2818 1795 2871 1849 in
2895 1794 3144 1850 eumdem
3167 1792 3300 1846 tanti
3320 1792 3443 1846 testi
3459 1822 3474 1832 -

186 1892 383 1962 inquit,
414 1891 512 1946 Dei
533 1890 726 1960 diffusa
748 1900 826 1943 est
849 1889 903 1942 in
932 1886 1175 1942 cordibus
1204 1883 1392 1939 nostris
1419 1899 1512 1953 per
1526 1881 1782 1959 Spiritum

184 1984 420 2039 sanctum
449 1984 533 2056 qui
563 1982 713 2036 datus
758 1988 833 2036 est
862 1976 1009 2034 nobis
1050 1976 1313 2056 (Rom.qv,
1347 1972 1414 2046 5)
1448 1992 1461 2026 :
1505 1972 1784 2051 evidenter

189 2054 502 2142 ostendens,
534 2076 639 2130 isto
661 2063 918 2145 pondere,
950 2072 1131 2127 divina
1159 2054 1365 2125 scilicet
1393 2066 1676 2130 charitate,
1720 2063 1784 2117 il-

186 2156 300 2223 lum
352 2167 675 2223 ineﬁ‘abilem
731 2180 1009 2220 numerum
1060 2161 1314 2231 illamque
1355 2172 1660 2215 mensuram
1690 2155 1783 2210 illo

185 2258 452 2313 stabiliter
478 2256 606 2312 ferri
633 2272 743 2326 quo
771 2252 879 2310 tale
908 2253 1120 2325 pondus
1153 2249 1462 2308 accesserit.
1494 2248 1659 2316 igitur
1680 2248 1782 2302 tria

188 2348 307 2405 hac
338 2348 715 2418 inseparabilia
744 2354 869 2402 sunt
900 2349 951 2401 in
982 2359 1241 2416 corpore,
1274 2342 1369 2398 sed
1409 2341 1576 2397 multo
1598 2341 1784 2411 magis

187 2439 240 2493 in
269 2440 484 2505 anima;
517 2446 573 2493 et
594 2438 866 2493 individua
896 2446 1020 2492 sunt
1043 2437 1096 2491 in
1127 2437 1324 2499 anima,
1357 2433 1451 2489 sed
1481 2422 1649 2486 multo
1670 2447 1784 2485 ina-

187 2531 270 2599 gis
317 2532 372 2585 in
400 2534 477 2586 se.
504 2529 572 2584 Et
608 2531 746 2586 sicut
784 2529 914 2584 nihil
953 2529 1069 2583 sine
1097 2543 1203 2583 uno
1232 2533 1499 2591 creatore,
1535 2524 1642 2579 hoc
1681 2531 1780 2586 est,

188 2623 309 2693 ipsa
344 2622 606 2677 Trinitate
646 2623 879 2687 exstitit;
924 2622 996 2674 ita
1027 2616 1157 2673 nihil
1189 2618 1407 2673 omnino
1438 2616 1556 2670 esse
1586 2623 1784 2685 potest,

185 2712 342 2782 quod
371 2728 476 2767 non
505 2719 561 2768 et
586 2712 844 2766 trifariam
885 2711 1161 2775 subsistat,
1205 2717 1260 2763 et
1305 2723 1465 2762 unum
1497 2708 1596 2761 sit:
1627 2720 1786 2760 omne

187 2803 402 2858 scilicet
429 2818 646 2872 corpus,
671 2810 726 2857 et
755 2817 919 2856 unum
949 2801 1071 2861 erit.
1099 2809 1153 2855 et
1183 2798 1542 2854 mensurabile
1581 2797 1700 2861 erit,
1733 2805 1788 2850 et

188 2892 553 2957 numerabile,
587 2901 641 2947 et
669 2891 1036 2962 ponderabile.
1062 2888 1128 2943 Et
1151 2890 1325 2944 omnis
1346 2889 1522 2942 anima
1552 2887 1789 2941 rationa-

186 2980 254 3039 lis
278 2984 455 3039 tribus
482 2983 787 3049 individuis,
816 2982 1083 3046 memoria,
1107 2980 1342 3044 consilio,
1375 2981 1635 3034 voluntate
1660 2977 1788 3032 sub-

184 3076 357 3141 sistit,
384 3075 576 3144 quibus
603 3088 774 3146 capax
797 3082 878 3131 est
896 3089 1181 3139 mensurm,
1204 3072 1457 3143 ponderis
1485 3076 1540 3126 'et
1557 3070 1779 3125 numeri.

1887 1893 2126 1949 monium
2154 1889 2459 1962 philosophi
2484 1888 2682 1958 jeeisse
2709 1884 2959 1951 sufﬁciet,
2982 1884 3138 1940 sicuti
3158 1893 3475 1938 (umerorum

1885 1992 2010 2056 post
2038 1984 2164 2039 hinc
2186 1982 2413 2038 strictim
2438 1979 2684 2050 proferre
2718 1976 3021 2034 conveniet.
3052 1974 3252 2045 lnjuria
3281 1989 3476 2044 nempe

1886 2092 1915 2130 a
1939 2089 2211 2146 quoquam
2237 2072 2498 2145 poscitur,
2532 2080 2586 2127 et
2616 2075 2991 2139 argumentum
3021 2067 3226 2138 pariter
3248 2074 3304 2122 et
3324 2066 3476 2122 testi-
3572 2081 3577 2091 ·

1885 2183 2143 2224 montum.

1955 2260 2017 2315 ll.
2046 2260 2309 2331 Archytas
2333 2256 2556 2328 perinde
2585 2254 2925 2320 Tarentinus,
2972 2252 3223 2322 idemque
3266 2250 3471 2323 Pytha-

1885 2352 2120 2420 goricus,
2151 2351 2204 2406 in
2232 2366 2299 2406 eo
2328 2364 2492 2420 opere
2511 2347 2657 2419 quod
2693 2343 3032 2415 magniﬁcum
3057 2343 3139 2400 De
3164 2360 3341 2400 rerum
3378 2360 3475 2397 na-

1888 2454 2003 2499 tura
2029 2443 2280 2515 prodidit,
2299 2450 2422 2512 post
2441 2441 2664 2495 multam
2694 2439 2761 2494 de
2781 2438 3019 2494 numeris
3046 2437 3474 2493 subtilissimam-

1887 2554 1992 2609 que
2040 2536 2478 2607 disputationem,
2535 2533 2755 2597 Anima,
2811 2531 3019 2599 inquit,
3067 2529 3137 2583 ad
3184 2528 3474 2600 exemplum

1887 2633 2040 2685 unius
2060 2629 2346 2696 composita
2373 2635 2466 2692 est,
2498 2640 2612 2697 quin
2640 2626 2712 2678 sic
2766 2623 3041 2676 illocaliter
3077 2622 3377 2675 dominatur
3420 2621 3473 2673 in

1887 2740 2118 2794 corpore,
2138 2724 2270 2777 sicut
2294 2738 2428 2775 unus
2441 2722 2497 2775 in
2524 2719 2769 2773 numeris.
2802 2715 2938 2783 Quid
2957 2757 2971 2781 ,
3003 2730 3204 2784 quaso,
3245 2728 3477 2784 praeces-

1888 2817 1999 2872 sius
2046 2816 2152 2872 dici
2192 2815 2408 2886 potest?
2456 2812 2583 2882 quid
2647 2810 2862 2865 verius?
2905 2808 2982 2862 Ad
3025 2810 3178 2862 unius
3228 2806 3475 2862 videlicet

1887 2908 2175 2978 exemplum
2234 2908 2537 2978 composita,
2575 2905 2699 2974 quia
2725 2903 2792 2957 ad
2832 2902 2988 2957 unius
3028 2900 3315 2970 imaginem
3337 2899 3474 2956 facta

1888 3009 1990 3056 est.
2024 2998 2092 3054 Et
2119 2999 2319 3055 idcirco
2366 2988 2509 3052 unus
2547 3004 2650 3060 est,
2694 2993 3003 3064 exemplum
3032 2991 3329 3063 principale
3370 2989 3477 3046 for-

1892 3106 2124 3152 marum,
2156 3089 2411 3160 quoniam
2443 3086 2742 3143 lormahilia
2783 3085 2850 3140 ab
2890 3084 2983 3139 illo
3014 3082 3215 3138 formas
3236 3083 3477 3153 capiunt,

184 3164 502 3220 Secundum
524 3166 638 3222 hmc
666 3166 734 3221 de
760 3164 1210 3221 mensurabilibus
1237 3164 1558 3233 quibusque,
1580 3162 1784 3232 ponde-

1890 3182 1980 3252 qui
2007 3197 2116 3235 non
2139 3177 2610 3250 cepit.Eromenes
2639 3176 2961 3231 Tarentinus
2982 3190 3046 3230 ex
3076 3174 3265 3230 eadem
3295 3174 3478 3231 schola

185 3258 454 3313 rahilibus
496 3266 552 3313 et
597 3255 1039 3323 numerabilibus,
1073 3257 1176 3313 hec
1214 3259 1325 3322 “est,
1373 3254 1441 3310 de
1470 3253 1787 3323 corporibus

186 3348 469 3417 judicans,
492 3361 612 3418 qua:
636 3349 682 3403 si
725 3354 924 3419 ‘corpus
953 3350 1114 3413 esset,
1149 3347 1481 3415 incorporea.
1505 3350 1652 3398 certe
1681 3358 1789 3397 non

188 3449 433 3512 caperet,
459 3442 599 3497 sicut
623 3457 821 3511 corpus
850 3441 1010 3496 etiam
1026 3439 1255 3510 judicari
1278 3445 1461 3509 posset
1487 3444 1542 3492 et
1569 3436 1636 3490 de
1664 3451 1787 3491 eor-

187 3532 416 3601 poribus
438 3531 679 3601 judicare
699 3541 807 3589 non
831 3538 1034 3604 posset.
1059 3531 1348 3586 Permanat
1369 3544 1499 3600 ergo
1528 3546 1558 3584 a
1579 3544 1788 3584 summo

186 3624 340 3692 quod
372 3624 514 3680 Deus
543 3636 646 3692 est,
672 3632 774 3695 p'er
800 3624 1035 3679 medium
1060 3623 1202 3693 quod
1239 3623 1437 3687 anima,
1471 3631 1496 3658 ἰ
1527 3621 1593 3675 ad
1624 3618 1787 3675 imum

187 3715 338 3784 quod
370 3722 455 3770 est
476 3730 688 3786 corpus,
718 3717 881 3771 unita:
910 3716 1181 3787 specimen
1212 3713 1488 3769 Trinitatis
1506 3753 1519 3776 ,
1546 3712 1790 3783 corpori-

187 3803 292 3859 bus
320 3804 477 3873 signa
503 3806 584 3861 sui
631 3806 963 3877 imprimens,
1005 3806 1285 3860 animabhs
1329 3805 1490 3860 etiam
1542 3804 1786 3857 notitiam

188 3896 444 3951 tribuens
475 3915 487 3950 :
513 3898 601 3952 illa
644 3897 881 3953 formans
908 3897 1208 3963 visibiliter,
1240 3882 1339 3952 has
1364 3893 1783 3965 intelligibiliter.

189 3985 329 4041 Cum
358 4002 491 4057 ergo
523 3988 548 4027 δ
578 3989 708 4044 nihil
748 3990 1048 4045 substantia
1079 3990 1181 4044 nisi
1228 3988 1469 4044 absentia
1497 3988 1692 4057 capiat,
1735 3997 1790 4042 et

186 4077 327 4132 nihil
359 4078 463 4133 nisi
491 4080 679 4146 tribus,
712 4081 850 4136 sicut
873 4096 1033 4152 supra
1072 4079 1442 4143 disseruimus,
1468 4077 1631 4133 unum
1664 4072 1784 4144 ﬁat;

185 4168 416 4236 quando
438 4178 587 4225 tanta
612 4179 693 4226 est
720 4171 899 4226 unitas
928 4172 982 4225 in
1010 4186 1259 4242 corpore,
1289 4172 1394 4225 hoc
1433 4178 1512 4225 est
1542 4170 1595 4222 in
1623 4166 1785 4223 vesti-

183 4261 279 4329 gio
307 4260 613 4327 Trinitatis,
643 4270 843 4331 quanta
892 4272 976 4319 eet
1006 4264 1058 4318 in
1082 4264 1282 4327 anima,
1310 4263 1417 4317 hoc
1444 4269 1528 4318 est
1566 4262 1619 4315 in
1650 4263 1788 4316 ima-

186 4350 318 4419 gine
358 4349 665 4417 Trinitatis;
709 4358 763 4408 et
792 4355 918 4409 item
965 4360 1086 4409 cum
1130 4358 1276 4409 tanta
1324 4354 1393 4408 sit
1440 4354 1493 4408 in
1535 4352 1787 4421 imagine,

185 4450 397 4509 quanta
427 4449 510 4496 est
534 4442 588 4496 in
619 4443 732 4513 ipsa
763 4446 1043 4499 Trinitate.

804 4555 1031 4610 caper
1072 4544 1177 4611 vn’.

189 4643 432 4717 Paganis
460 4646 621 4700 utitur
651 4645 878 4714 testibus,
902 4649 1071 4719 nullas
1100 4648 1152 4701 in
1179 4650 1352 4702 anima
1382 4664 1655 4719 corporeus
1677 4664 1787 4703 esse

566 4732 833 4771 mensuras
861 4718 934 4771 vel
956 4718 1143 4771 localia
1166 4719 1414 4789 pondera.

262 4822 307 4878 1.
352 4823 462 4878 Sed
507 4826 759 4894 quoniam
808 4845 950 4883 nunc
979 4828 1190 4898 tempus
1219 4829 1363 4883 aliud
1390 4838 1491 4893 est,
1524 4844 1687 4899 quam
1730 4839 1787 4885 ut
1814 4892 1815 4895 η

187 4915 257 4969 de
288 4916 605 4985 qmestionis
634 4920 790 4989 hujus
819 4918 1221 4990 pneeminenlia
1251 4921 1521 4991 copiosius
1547 4923 1787 4993 dispute-

187 5022 349 5072 mus;
392 5009 602 5063 tantum
651 5012 855 5068 scilicet
884 5014 936 5068 in
973 5013 1056 5069 his
1084 5022 1325 5070 moratus
1353 5031 1490 5081 sum,
1522 5025 1784 5086 quantum

185 5096 553 5167 prudentibus
590 5103 720 5157 satis
749 5105 999 5171 arbitror,
1044 5106 1222 5174 quoad
1269 5107 1427 5178 plene
1464 5116 1793 5176 cognoscant

184 5191 373 5244 nullas
401 5192 454 5246 in
485 5195 661 5248 anima
690 5196 1131 5266 eorpore‘as‘esse
1160 5214 1455 5266 mensuras,
1487 5188 1572 5255 vel
1601 5201 1791 5258 localia

184 5281 463 5350 pondera,
486 5284 571 5339 vel
600 5284 832 5356 partium
861 5288 1058 5359 spatia;
1082 5286 1175 5344 sed
1207 5276 1338 5345 illud
1362 5290 1430 5346 ab
1458 5306 1521 5346 ea
1551 5292 1789 5362 percipi,

185 5372 349 5441 quod
379 5382 482 5429 nec
507 5375 657 5432 locus
677 5380 840 5449 capit,
872 5396 972 5437 nec
1001 5380 1213 5452 pondus
1239 5388 1441 5447 movet,
1472 5398 1575 5437 nec
1599 5368 1793 5439 divisio

186 5464 415 5519 minuit.
440 5464 599 5523 Modo
630 5472 707 5537 tu,
739 5472 940 5528 arbiter
976 5466 1154 5541 docte,
1184 5460 1499 5546 probaVeris
1544 5486 1566 5513 ε
1593 5474 1792 5545 justam

269 5668 306 5773 ἒ
344 5658 1198 5773 ῑὲὶᾷἷὶηαῗεέκσέέῗῖξῗῑξέε

344 5730 663 5802 0rthodox..
705 5730 837 5795 nillil
875 5730 1217 5800 substantiam
1262 5748 1360 5802 nisi
1406 5745 1631 5803 essentia
1668 5760 1790 5817 up.

575 5831 843 5895 Ριιτιιοι.
883 5833 1041 5895 Llil.

1891 3273 2230 3344 Pythagorae,
2264 3270 2557 3342 praemissis
2585 3285 2685 3339 pro
2715 3276 2860 3323 statu
2888 3269 3173 3324 sententia:
3198 3284 3308 3324 sum
3335 3269 3478 3323 inso.

1890 3366 2142 3421 lnbilibus
2171 3363 2517 3433 argumentis,
2540 3362 2608 3417 de
2628 3363 2804 3415 anima
2835 3362 2913 3417 sic
2926 3362 3240 3432 pronuntiat
3263 3380 3275 3413 :
3301 3359 3476 3433 Longe

1890 3457 2035 3512 aliud
2062 3458 2259 3520 anima,
2283 3454 2429 3510 aliud
2456 3469 2641 3525 corpus
2669 3461 2765 3513 est,
2797 3468 2912 3524 qua?
2938 3461 2988 3507 et
3014 3460 3230 3522 corpore
3249 3460 3476 3521 torpente

1890 3552 2042 3622 riget,
2074 3558 2123 3603 et
2148 3564 2287 3603 caeco
2315 3547 2470 3611 videt,
2502 3554 2549 3598 et
2592 3554 2791 3599 mortuo
2838 3546 2976 3599 ririt.
3011 3542 3164 3598 Unde
3200 3550 3402 3609 autem,
3440 3544 3486 3596 si

1891 3641 1996 3696 hoc
2018 3647 2122 3706 est,
2153 3654 2262 3710 quo
2306 3637 2570 3709 principio
2616 3635 2824 3692 nescire
2861 3650 2922 3690 se
2941 3635 3087 3690 dicit.
3130 3633 3237 3690 Sed
3268 3650 3378 3690 non
3406 3635 3479 3688 ita

1840 3768 1843 3773 -
1893 3749 2034 3789 nunc
2068 3733 2308 3788 omnium
2356 3729 2801 3800 philosophorum
2848 3726 3216 3799 Pythagorica:
3266 3726 3480 3782 familia:

1889 3824 2186 3880 sententias
2212 3835 2523 3895 persequor,
2550 3827 2609 3874 ut
2629 3819 2844 3875 easdem
2866 3819 3135 3888 COpiOSlUS
3154 3818 3477 3888 aggeranda,

1890 3919 1957 3973 de
1982 3918 2172 3999 alienis
2200 3915 2487 3971 admodum
2517 3912 2876 3968 voluminibus
2894 3925 3073 3967 meum
3105 3910 3315 3975 faciam,
3348 3910 3482 3964 satis

1891 4009 2158 4065 arbitrans
2182 4014 2385 4062 memet
2410 4004 2732 4076 principium
2754 4000 3094 4075 Pythagorici
3125 4000 3386 4073 gymnasii
3410 3999 3479 4054 de

1890 4100 2145 4173 praesenti
2162 4097 2460 4169 quaestione
2486 4096 2623 4153 scita
2651 4095 2920 4151 evidentia
2941 4093 3251 4163 protulisse.
3285 4090 3477 4148 Certus

1891 4194 2096 4248 scilicet
2123 4191 2390 4246 neminem
2417 4186 2653 4244 refutare
2681 4185 2964 4242 doctorum
2983 4226 2997 4250 ,
3041 4184 3171 4253 quin
3199 4185 3305 4239 hoc
3333 4184 3475 4239 idem

1889 4286 2155 4341 senserint
2182 4284 2491 4354 scriptoque
2517 4279 2874 4351 prodiderint,
2906 4278 3224 4349 Archippus,
3254 4277 3476 4349 Epami-

1893 4377 2118 4442 nondas,
2143 4375 2404 4440 Aristeus,
2427 4371 2744 4442 Gorgiades,
2776 4369 3043 4426 Diodorus
3070 4378 3126 4425 et
3153 4385 3343 4425 omnes
3370 4369 3477 4440 Py;

1895 4469 2135 4537 thagorte
2154 4465 2357 4538 posteri
2382 4483 2394 4517 :
2426 4478 2656 4534 quorum
2685 4461 2937 4517 videlicet
2976 4460 3272 4526 nominum,
3304 4474 3374 4514 ne
3397 4459 3479 4514 di-

1814 4551 1861 4609 Ῑ)
1889 4576 2005 4616 eam
2054 4559 2440 4615 sententiarum
2488 4555 2905 4620 multitudinem,-
2936 4554 2982 4610 si
3028 4553 3216 4609 eadem
3260 4554 3472 4624 prodita

1891 4650 2070 4713 velim,
2101 4649 2353 4704 volumen
2384 4646 2672 4703 efﬁcerem.
3415 4713 3419 4717 _

1961 4740 2045 4795 ill.
2080 4740 2245 4808 Igitur
2283 4738 2436 4793 Plato
2473 4737 2728 4808 procedat
2761 4736 2812 4790 in
2860 4736 3117 4800 medium,
3142 4751 3174 4790 a
3212 4750 3319 4805 quo
3349 4747 3477 4793 vere

1890 4833 2079 4896 claret,
2110 4847 2271 4901 quam
2300 4844 2549 4899 magnum
2582 4830 2634 4884 in
2660 4836 2830 4890 semet
2857 4814 3058 4884 bonum
3091 4842 3259 4898 genus
3284 4830 3477 4887 humas

1890 4940 2019 5001 num
2068 4924 2302 4992 negligat
2347 4930 2533 4977 nostro
2563 4921 2861 4992 praesertim
2911 4922 3135 4986 smeulo,
3179 4937 3289 4992 quo
3322 4923 3479 4981 dictis

1891 5016 2153 5084 factisque
2200 5014 2410 5070 cmlitus
2454 5013 2632 5078 editis,
2662 5022 2886 5069 eatenus
2912 5014 3100 5082 religio
3144 5017 3493 5072 COnclumata-

1894 5115 1999 5173 est,
2014 5115 2073 5163 ut
2085 5121 2225 5177 pene
2241 5106 2353 5175 jam
2374 5105 2717 5161 credentibus
2735 5105 2921 5161 labore
2935 5105 3210 5170 submoto,
3235 5116 3482 5179 tempore

1895 5203 2019 5258 ﬁdei
2041 5201 2281 5259 scientiae
2306 5202 2535 5256 fructum
2565 5198 3145 5270 capessatdaborisque
3173 5201 3480 5257 mercedem

1896 5309 2064 5365 opere
2086 5309 2192 5349 non
2219 5300 2432 5364 patrato
2458 5291 2740 5362 percipiat.
2771 5289 2889 5358 Quo
2919 5288 2979 5345 ﬁt
3003 5299 3064 5346 ut
3086 5292 3270 5348 mirari
3300 5292 3485 5347 admo-

1897 5386 2025 5441 dum
2078 5383 2240 5453 digne
2290 5397 2553 5453 nequeam
2586 5382 2769 5451 ‘hujus
2806 5381 3047 5438 Platonis
3091 5382 3347 5445 animam,
3389 5382 3479 5450 qui

1899 5470 2064 5533 tantis
2110 5473 2359 5546 equidem
2407 5474 2616 5531 sarculis
2670 5480 2794 5529 ante
2837 5473 3179 5545 puerperium
3227 5470 3481 5540 Virginis,

1896 5660 1937 5730 Υ
1940 5684 2065 5749 orte
2077 5678 2183 5749 leg.
2216 5678 2349 5733 nihil
2373 5679 2676 5743 substantia!
2705 5680 2804 5732 nisi
2833 5678 3057 5731 essentia
3078 5692 3197 5749 cap.

1979 5757 2000 5785 ε
2041 5747 2151 5816 AL,
2173 5749 2322 5820 justo
2349 5751 2586 5822 ignarus.

3003 5835 3081 5898 2's
