3920 6176
513 342 614 401 747

1796 292 2109 392 usuusu
2147 332 2516 391 CLAUDlANl
3632 345 3716 403 us

515 463 642 514 ante
662 454 1085 511 incarnationem
1098 453 1355 515 Dei,ante
1375 451 1609 508 hominis
1629 450 2106 513 resurrectionem,
2141 453 2185 513 Α
2215 458 2311 517 est,
2342 451 2552 525 ipsaque
2580 466 2636 506 se
2664 462 2861 518 movet,
2912 453 3137 507 aliorum
3179 469 3365 526 quoque
3400 457 3610 528 agitatris
3631 460 3718 529 qua

520 562 644 607 ante
669 547 1009 618 prtedicatam
1047 560 1274 600 summa:
1300 543 1578 599 Trinitatis
1609 542 1664 597 in
1707 542 1961 610 gentibus
1990 540 2114 595 uni-

521 647 687 695 tatem
714 636 1056 703 ineffabilem,
1088 633 1287 704 Unum,
1319 644 1428 691 tres
1455 636 1507 690 in
1530 634 1813 690 divinitate
1826 647 2114 704 personas,

522 730 774 787 laudabili
818 744 971 795 ausu,
999 728 1233 783 mirabili
1263 727 1515 797 ingenio,
1548 725 1850 781 inimitabili
1900 723 2118 792 eloquio

522 822 786 893 quassivit,
819 821 1045 886 invenit,
1071 820 1322 891 prodidit,
1356 818 1573 875 Patrem
1605 817 1779 874 Deum
1811 824 2120 887 paternaru-

523 929 630 985 que
651 920 909 980 mentem,
933 919 1108 967 artem
1129 913 1244 968 sive
1282 912 1587 976 consilium,
1615 918 1672 965 et
1700 910 1978 978 utriusque
2016 908 2119 961 ho-

530 1020 648 1059 rum
670 1018 912 1059 amorem
934 993 1204 1066 mutuum,
1223 1017 1410 1068 unam,
1432 1015 1721 1066 summam,
1747 1000 2120 1068 aequiternam,

529 1101 816 1157 indivisam
842 1099 1202 1165 divinitatem,
1235 1114 1342 1155 non
1371 1098 1549 1154 solum
1582 1098 1655 1152 ita
1695 1096 1843 1151 credi
1871 1101 2127 1165 oportere

532 1194 736 1260 docuit,
767 1193 864 1249 sed
908 1194 985 1247 ita
1030 1208 1153 1249 esse
1197 1191 1449 1248 convicit.
1502 1188 1835 1267 Persuadere
1856 1188 1987 1243 mihi
2018 1201 2126 1241 non

532 1300 776 1356 possum,
807 1283 950 1354 quod
981 1282 1288 1354 philosophi
1310 1282 1470 1352 hujus
1499 1280 1678 1335 anima
1704 1293 1968 1349 corporea
2009 1276 2126 1331 l‘ue-

533 1378 636 1444 rit;
669 1391 734 1432 ac
761 1376 808 1431 si
836 1375 1017 1430 forsan
1046 1372 1309 1445 praecipiti
1340 1373 1494 1443 lapsu
1528 1370 1790 1436 stultitim,
1816 1369 1925 1423 ulla
1945 1367 2126 1422 anima

535 1485 734 1541 corpus
760 1483 880 1525 esse
903 1465 1189 1538 judicanda
1219 1472 1339 1531 est,
1390 1464 1510 1519 illas
1557 1461 1804 1532 equidem
1835 1472 2130 1530 eorporeas

533 1563 908 1636 indicaverim,
924 1576 1044 1632 quae
1064 1575 1124 1618 se
1147 1575 1346 1631 corpus
1365 1573 1485 1614 esse
1505 1555 1752 1613 credunt.
1776 1553 1892 1610 Non
1913 1566 2009 1623 per
2028 1551 2132 1605 hoc

537 1653 839 1709 animarum
864 1652 1048 1721 generi
1077 1651 1342 1719 derogans
1362 1687 1377 1714 ,
1401 1649 1495 1704 sed
1538 1645 1804 1717 quosdam
1850 1642 2132 1699 sententia:

537 1761 652 1802 sua:
672 1745 1044 1816 improbitate,
1082 1758 1193 1799 non
1215 1756 1337 1809 mea
1360 1747 1556 1812 sponte
1584 1739 1873 1803 denotans,
1922 1743 1979 1791 et
2004 1732 2131 1803 quid

2221 543 2530 597 naturaliter
2556 554 2693 599 mota
2729 553 2870 598 sunt.
2905 543 2960 597 In
3009 542 3280 600 l‘haadonc
3320 560 3482 602 autem
3518 548 3583 604 sic
3615 552 3721 620 apud

2222 636 2469 691 eumdem
2500 636 2804 702 Platonem,
2836 651 2959 692 cum
2989 635 3211 691 Simrnia
3256 646 3309 692 et
3334 636 3512 693 Cebete
3549 641 3724 711 aliisque

2222 728 2557 801 philosophis
2585 727 2840 785 Socrates
2869 728 3108 798 loquitur
3132 745 3145 780 :
3179 736 3239 783 ut
3253 743 3370 784 cum
3395 728 3629 786 videamus
3644 733 3725 789 illic

2221 820 2380 875 valde
2426 829 2788 876 consentazea
2837 821 3142 889 nostrisque
3193 821 3380 891 oppido
3422 823 3727 883 conuenientia

2225 910 2582 983 pronuntiari,
2607 928 2725 983 quae
2773 928 2881 967 non
2911 914 3086 968 solum
3117 912 3412 982 pnejudieio
3455 916 3727 971 auctoritatis

2227 1012 2469 1070 utuntur,
2500 1004 2594 1060 sed
2619 1005 2813 1060 virtute
2830 1005 3055 1060 rationis
3074 1005 3524 1072 adminiculantur;
3550 1008 3728 1063 anintad~

2226 1103 2500 1150 vertamus
2528 1103 2723 1165 praeter
2769 1096 3005 1151 nativum
3032 1096 3274 1152 humana:
3316 1098 3495 1154 mentis
3527 1099 3724 1167 vigorem,

2228 1186 2390 1240 hasce
2418 1184 2666 1240 videlicet
2695 1185 2925 1254 autimas,
2957 1201 3077 1255 qua:
3122 1197 3228 1242 tam
3272 1197 3463 1243 remota
3498 1200 3725 1258 persecuta:

2228 1287 2373 1343 sunt,
2408 1285 2519 1332 tam
2544 1278 2727 1333 clausa
2756 1279 3035 1344 adierunt,
3072 1288 3182 1335 tam
3213 1281 3377 1351 perita
3418 1281 3646 1350 viderunt,
3675 1283 3727 1336 id

2230 1370 2375 1425 circo
2397 1370 2605 1425 scilicet
2632 1370 2833 1426 lumine
2856 1372 3100 1427 veritatis
3132 1356 3355 1439 afﬂatas,
3386 1381 3440 1426 ut
3474 1374 3520 1427 in
3558 1373 3729 1428 salutem

2229 1462 2445 1531 generis
2460 1463 2698 1530 humani,
2715 1464 2813 1519 toti
2837 1463 3163 1535 quandoque
3180 1465 3373 1521 mundo
3386 1464 3635 1521 divinitus“
3648 1465 3731 1521 cde-

2231 1563 2382 1608 retur
2409 1552 2637 1622 dogma;
2661 1554 2799 1625 apud
2830 1555 2989 1611 rudes
3016 1571 3147 1612 vero
3174 1558 3404 1626 gentium
3432 1567 3626 1620 mentes,
3646 1572 3733 1627 gen-

2236 1645 2405 1699 tilium
2436 1644 2759 1701 testimoniis
2806 1642 3127 1714 utercntur;
3161 1662 3269 1718 quo
3296 1649 3454 1717 magis
3493 1647 3734 1718 ignorantia:

2233 1735 2420 1792 nubilo
2470 1745 2696 1801 caecata,
2728 1745 2787 1791 et
2815 1736 3143 1793 inﬁdelitatis
3196 1737 3389 1807 frigore
3432 1738 3480 1792 in
3515 1739 3734 1809 quamdam

540 1838 609 1894 de
635 1836 947 1894 hominibus
976 1835 1089 1903 llat,
1113 1850 1253 1905 quos
1272 1850 1396 1890 cum
1417 1847 1659 1902 eousque
1681 1831 1893 1886 inscitia
1922 1835 2127 1896 teneat,
2159 1829 2209 1891 B
2233 1826 2457 1895 glaciem
2486 1824 2678 1881 durata
2710 1827 3005 1896 gentilitas,
3037 1829 3357 1897 evangelica:
3382 1829 3594 1885 veritatis
3617 1828 3735 1883 calon

539 1938 602 1985 ut
620 1929 867 1985 indoctos
886 1942 943 1983 se
964 1942 1084 1983 esse
1106 1926 1366 1991 nesciant,
1390 1925 1629 1979 scientias
1648 1921 1995 1977 nihilominus
2017 1918 2130 1990 pri-

539 2022 795 2091 vilegium
839 2019 941 2075 sibi
972 2019 1275 2093 vindicant;
1306 2016 1544 2085 dumque
1571 2014 1624 2069 in
1668 2012 1944 2083 imperitas
1972 2023 2132 2065 aures

540 2112 832 2167 verborum
887 2108 1173 2180 puerilium
1215 2121 1435 2177 spumas
1465 2112 1753 2175 exspuunt,
1782 2117 1891 2159 uno
1910 2104 2131 2157 eodem-

542 2217 650 2273 que
668 2201 951 2258 mendacio
989 2207 1165 2256 semet
1187 2198 1427 2255 scientiae
1472 2196 1686 2263 fallunt,
1719 2195 1854 2250 alios
1886 2191 2132 2249 docendo

541 2292 849 2364 decipiunt;
881 2290 1055 2364 Lysiae
1082 2290 1303 2357 similes,
1334 2302 1497 2360 quem
1525 2285 1680 2343 Plato
1705 2286 1847 2341 idem
1864 2298 2019 2339 cassa
2047 2297 2134 2337 re-

544 2400 667 2442 rum
694 2383 859 2440 verba
889 2381 1226 2448 fundentem,
1256 2381 1311 2435 in
1339 2377 1568 2434 Phaedro
1610 2385 1838 2432 eatenus
1864 2375 2129 2444 increpat,

546 2488 609 2535 ut
638 2492 758 2535 esse
790 2475 1029 2533 deterius
1055 2482 1265 2529 astruat
1289 2484 1519 2541 gnarum
1546 2468 1857 2536 verborum,
1888 2466 2133 2534 ignarum

543 2587 667 2628 esse
678 2583 985 2634 causarum,
1000 2581 1162 2637 quam
1176 2565 1505 2621 nescientem
1524 2576 1708 2617 rerum
1723 2559 1885 2615 verba
1903 2557 2132 2623 nescire,

545 2667 727 2739 potius
746 2664 1015 2719 arbitrans
1040 2661 1351 2732 imperitum
1372 2658 1649 2714 silentium
1672 2654 1885 2725 loquaci
1914 2651 2137 2722 imperi-

548 2758 642 2812 tia.
668 2754 821 2811 Unde
850 2754 1013 2809 etiam
1034 2750 1239 2807 Tullius
1267 2749 1406 2804 libro
1427 2748 1496 2803 de
1519 2745 1747 2802 Oratore
1772 2745 1946 2815 primo
1977 2759 1990 2795 :
2019 2739 2142 2796 Elo-

547 2848 757 2923 quentia
778 2856 873 2912 est,
893 2844 1085 2911 inquit,
1102 2844 1319 2898 scientia
1349 2836 1946 2912 compreltendeudarum
1968 2850 2140 2889 rerum

550 2938 920 3011 plurimarum,
949 2934 1063 2988 sine
1090 2949 1193 3006 qua
1241 2930 1510 2987 uerborum
1535 2927 1825 2985 uolubilitas
1851 2926 2028 2981 inanis
2055 2934 2140 2979 at-

550 3045 651 3103 que
676 3026 944 3081 irridendo
972 3032 1067 3079 est.
1099 3023 1168 3078 Et
1208 3023 1371 3093 paulo
1411 3027 1578 3091 post:
1620 3017 1831 3073 Etenim
1868 3033 1935 3070 ea:
1971 3031 2143 3070 rerum

553 3121 849 3193 cognitione
876 3118 1162 3189 efflorescat
1206 3124 1256 3170 et
1284 3113 1535 3169 redundet
1575 3119 1779 3185 oportet
1811 3110 2013 3175 oratio;
2060 3108 2144 3162 cui

2233 1919 2469 1986 cederet,
2500 1919 2546 1975 si
2574 1919 2764 1976 eadem
2792 1920 2993 1975 veritas
3020 1920 3414 1975 adversantium
3439 1936 3625 1993 quoque
3647 1920 3736 1975 sibi.

2234 2020 2347 2065 met
2373 2026 2470 2067 ore
2496 2010 2788 2067 sonuisset.
2820 2009 2930 2066 Aut
2965 2027 3063 2066 cur
3092 2027 3201 2066 non
3232 2011 3341 2066 haec
3362 2009 3533 2065 eadem
3560 2026 3637 2082 per
3657 2010 3738 2079 phi-

2234 2104 2496 2175 losophos
2524 2105 2680 2160 nobis
2711 2106 2763 2159 in
2791 2121 2944 2160 usum
2972 2106 3087 2161 veri
3129 2106 3340 2161 coalitus
3380 2114 3626 2177 procurata
3655 2119 3740 2159 cre-

2234 2196 2458 2266 damus,
2509 2214 2629 2270 quae
2676 2198 2744 2253 ad
2792 2198 3218 2268 redarguendam
3266 2208 3546 2255 nostrorum
3584 2211 3741 2268 quoque

2236 2292 2561 2363 imperitiam
2592 2294 2743 2349 utilia
2772 2290 2888 2348 fore
2924 2275 3340 2362 cognoscimus?
3367 2292 3657 2347 Pcrsnadens
3676 2289 3740 2357 igi-

2238 2392 2326 2439 tur
2363 2384 2416 2438 in
2465 2382 2740 2440 Phaedone
2786 2383 2997 2440 Socrati
3025 2385 3105 2440 sic
3143 2386 3223 2439 ait
3250 2399 3370 2439 vera
3415 2383 3538 2437 ratio
3570 2400 3581 2435 :
3617 2380 3741 2434 Ilotae:

2222 2490 2424 2547 corpus
2453 2473 2752 2540 habeamus,
2801 2477 3190 2548 permixtasque
3236 2477 3303 2530 sit
3330 2475 3418 2529 tuli
3458 2475 3577 2529 nudo
3618 2482 3744 2545 noster

2239 2570 2466 2634 animus,
2515 2583 2778 2641 nunquam
2806 2584 2921 2632 nos,
2946 2568 3004 2621 id
3049 2568 3191 2637 quod
3222 2569 3332 2639 jam
3354 2566 3467 2622 olim
3502 2564 3744 2635 concupisti-

2241 2676 2373 2726 mus,
2398 2661 2527 2715 satis
2564 2660 2714 2732 plene
2758 2668 3142 2714 consecuturos.
3191 2658 3579 2720 Concupiscimus
3621 2666 3743 2708 autem

2240 2752 2348 2806 veri
2375 2753 2661 2806 scientiam.
2694 2750 2893 2822 Corpus
2920 2753 3059 2806 enini
3099 2752 3251 2806 nobis
3277 2753 3485 2822 printqu
3515 2751 3742 2803 innumera-

2244 2845 2371 2901 biles
2391 2855 2440 2899 et
2461 2846 2697 2917 inﬁnitas
2727 2845 3089 2917 occupationes
3111 2845 3290 2916 infert,
3320 2841 3489 2917 quibus
3506 2839 3745 2895 contuimur

2245 2938 2308 2995 ob
2336 2940 2683 2994 necessarium
2714 2939 2895 2992 rictum
2919 2947 2970 3007 et
2994 2937 3303 2992 alimentum
3332 2935 3654 3008 quotidianum.
3675 2929 3746 2982 De-

2244 3029 2369 3084 inde
2414 3030 2460 3083 si
2504 3030 2593 3101 qui
2636 3027 2798 3083 morbi
2838 3029 3165 3099 ingruerunt,
3191 3028 3537 3098 impedimento
3555 3032 3650 3078 sunt
3677 3035 3745 3090 quo

2246 3122 2419 3176 minus
2446 3121 2710 3192 inquirere
2738 3128 2787 3173 et
2826 3120 3054 3173 invenire
3081 3120 3350 3173 ueritatem
3377 3118 3616 3188 possimus.
3646 3110 3744 3165 Nunt

555 3191 659 3267 nisi
686 3210 858 3266 subest
896 3227 980 3266 res
1004 3210 1067 3264 ab
1097 3218 1302 3264 oratore
1331 3213 1588 3279 percepta
1612 3213 1660 3259 et
1683 3204 1906 3275 cognita,
1937 3202 2141 3255 inanem

2251 3211 2619 3285 cupiditatibus
2657 3220 2707 3265 et
2756 3210 3027 3266 timoribus
3053 3210 3528 3273 innumerabilibus,
3554 3207 3744 3262 variarum

554 3302 835 3377 quamdam
854 3300 1006 3356 liabet
1042 3301 1354 3356 locutionem
1374 3308 1424 3353 et
1450 3313 1580 3370 pene
1598 3293 1864 3368 puerilem.
1895 3290 2003 3348 Sed
2021 3290 2148 3347 hinc

559 3395 716 3451 alias.

628 3485 719 3541 IV.
755 3485 814 3540 ln
845 3483 1071 3539 Phasdro
1099 3490 1279 3537 autem
1310 3480 1463 3537 Plato
1490 3480 1558 3535 de
1596 3478 1773 3534 anima
1801 3478 1881 3534 sic
1911 3491 2149 3548 pronun-

564 3580 666 3635 tiat
691 3596 704 3632 :
727 3578 937 3643 Anima,
970 3577 1158 3645 inquit,
1206 3573 1514 3629 immortalis
1552 3581 1648 3640 est,
1674 3586 1786 3645 qua:
1805 3586 2007 3642 semper
2033 3586 2065 3622 a
2092 3584 2148 3623 se

556 3675 675 3743 ipsa
693 3680 938 3735 mouetur,
955 3678 1003 3724 et
1030 3669 1148 3723 aliis
1165 3684 1323 3722 causa
1344 3675 1512 3722 motus
1522 3675 1618 3720 est.
1634 3664 1844 3734 Corpus
1859 3671 2036 3741 autem
2053 3678 2150 3733 per

560 3779 622 3819 se
645 3778 753 3818 non
780 3770 1044 3816 movetur.
1071 3759 1189 3814 Non
1217 3759 1293 3813 ait
1312 3766 1541 3823 tantum,
1567 3767 1730 3812 movet
1750 3757 1878 3823 alia,
1900 3756 2011 3821 sed,
2029 3756 2149 3810 aliis

560 3870 720 3909 causa
737 3862 905 3907 ntotus
923 3861 1019 3918 est;
1036 3851 1467 3907 animadvertens
1488 3849 1735 3919 equidem
1745 3850 1827 3909 vir
1841 3850 2152 3905 excellentis

563 3945 787 4014 ingenii,
822 3943 937 3999 fore
970 3943 1227 3999 nonnulla
1267 3944 1461 4013 quibus
1495 3943 1565 3998 sit
1607 3943 1812 3998 moveri
1852 3944 2147 4015 proprium,

561 4052 725 4095 causa
740 4044 918 4092 motus
933 4036 1111 4090 alieni.
1134 4035 1400 4107 Quidquid
1413 4038 1555 4092 enim
1566 4036 1867 4095 voluntarie
1882 4043 2147 4102 movetur,

563 4129 739 4203 ipsum
765 4128 876 4185 fere
898 4128 1000 4183 sibi
1021 4143 1181 4183 causa
1201 4137 1381 4184 motus
1405 4137 1505 4184 est.
1521 4126 1675 4195 Quod
1697 4136 1878 4183 autem
1907 4135 2154 4182 movetur

563 4225 650 4280 vel
675 4224 920 4279 nesciens
939 4222 1025 4277 vel
1047 4222 1290 4287 invitum,
1306 4236 1474 4292 penes
1489 4221 1747 4276 scientem
1766 4220 1851 4276 vel
1871 4228 2153 4289 cogentem

565 4332 755 4373 causas
778 4323 959 4370 motus
987 4315 1170 4369 habet.
1202 4313 1313 4369 Nec
1339 4320 1603 4385 repugnat
1647 4312 2006 4368 anterioribus
2052 4326 2153 4366 no-

566 4408 693 4463 stris
720 4405 1194 4476 disputationibus,
1219 4405 1364 4474 quod
1393 4406 1514 4461 istic
1551 4420 1582 4459 a
1609 4419 1668 4460 se
1688 4405 1892 4460 moveri
1921 4405 2154 4459 animam

567 4489 813 4565 dicimus,
871 4512 995 4553 cum
1041 4496 1389 4566 principalem
1434 4497 1735 4552 motionum
1781 4496 2056 4551 cardinem
2102 4496 2154 4550 in

2249 3324 2419 3361 rerum
2446 3306 2919 3378 appetitionumque
2946 3305 3250 3371 visionibus,
3294 3313 3342 3357 et
3368 3304 3554 3373 inﬁnita
3585 3296 3745 3370 quadam

2248 3398 2506 3453 dementia
2527 3414 2712 3468 corpus
2728 3408 2991 3464 oneratur,
3014 3408 3067 3451 ut
3096 3417 3210 3470 prce
3228 3400 3316 3455 illo
3335 3414 3396 3455 ne
3422 3410 3579 3468 sapere
3602 3391 3744 3461 quidm

2246 3490 2357 3543 ulla
2383 3491 2437 3544 in
2465 3506 2521 3543 re
2548 3491 2824 3563 possimus.
2858 3486 2927 3542 Et
2956 3491 3000 3544 si
3030 3491 3241 3561 quando
3291 3500 3478 3561 tempus
3518 3481 3682 3556 aliquod
3699 3477 3743 3531 ad

2247 3581 2714 3653 plzilosOphanrlum
2735 3598 2950 3636 vacuum
2973 3581 3051 3636 vel
3077 3582 3406 3637 habuerimus
3435 3580 3503 3637 rel
3528 3577 3744 3651 fecerimus.

2248 3682 2369 3727 tunc
2393 3689 2590 3746 quoque
2612 3674 2662 3726 in
2686 3675 2813 3744 ipsis
2841 3673 3239 3744 cogitationibus
3260 3676 3444 3729 nostris
3462 3683 3617 3740 corpus
3632 3667 3744 3718 inter-

2250 3764 2432 3828 currit,
2467 3763 2669 3817 turbam
2696 3779 2933 3817 errorum
2970 3765 3206 3835 inferens
3238 3767 3419 3830 tuenti,
3446 3775 3496 3818 ut
3530 3760 3745 3817 obctrcault

2248 3854 2341 3910 illo
2395 3855 2661 3908 veritatem
2706 3854 2972 3925 perridere
3000 3870 3102 3909 non
3145 3857 3420 3924 possimus.
3447 3852 3602 3923 Itaque
3638 3856 3747 3899 unum

2251 3947 2347 4002 hoc
2368 3946 2421 4001 in
2442 3948 2581 4001 onmi
2605 3948 2887 4017 qua’slione
2911 3947 3078 4013 nobis,
3102 3956 3151 4001 et
3174 3948 3229 4002 id
3248 3939 3747 4020 quidemeuidentissimt

2251 4040 2517 4112 probatur.
2552 4038 2611 4094 Si
2643 4039 2765 4111 quid
2793 4055 3019 4110 unquam
3041 4039 3179 4095 bona
3200 4041 3307 4112 ﬁde
3335 4042 3458 4094 scire
3478 4036 3753 4093 coturnus,"-

2252 4132 2535 4187 cedendum
2550 4148 2662 4187 esse
2690 4148 2723 4185 a
2742 4148 2978 4203 corpore,
3007 4145 3055 4187 et
3075 4135 3129 4188 in
3156 4136 3271 4205 ipso
3296 4134 3460 4188 animo
3486 4144 3557 4185 res
3584 4118 3752 4180 conside-

2252 4226 2469 4279 randas.
2505 4223 2646 4278 Tunc
2673 4225 2811 4278 enim
2837 4224 3068 4279 ridemur
3095 4226 3418 4280 consecuturi
3461 4220 3578 4292 quod
3612 4226 3750 4269 concu-

2255 4318 2517 4389 piscimus,
2549 4326 2597 4371 et
2649 4317 2797 4388 cujus
2842 4317 2921 4372 rei
2945 4328 3208 4373 amatores
3250 4333 3344 4372 nos
3371 4314 3751 4387 proﬁtemunm‘

2258 4408 2489 4481 defuncti
2516 4410 2709 4462 erimus
2735 4424 2753 4462 :
2784 4425 2905 4462 nam
2935 4408 3054 4463 dum
3085 4409 3318 4474 vivimus,
3336 4400 3664 4475 desperandum
3684 4401 3750 4445 ts!-

2258 4499 2468 4553 Elenim
2482 4500 2525 4553 si
2546 4509 2745 4553 constat
2772 4499 2901 4554 nihil
2920 4500 3111 4554 sinceri
3140 4502 3358 4554 mixtum
3379 4494 3564 4567 corpori
3586 4489 3750 4543 animum

569 4589 682 4646 Deo
703 4604 823 4646 esse
842 4589 1103 4644 dicamus.
1137 4586 1403 4654 Quoniam
1429 4588 1481 4642 id
1529 4588 1705 4657 ipsum
1732 4587 1845 4643 fere
1871 4605 1903 4643 a
1930 4587 2044 4643 Deo
2078 4589 2155 4645 illi
2183 4571 2236 4632 Π
2259 4593 2524 4666 pervide’re
2550 4608 2731 4663 posse;
2765 4594 2995 4664 sequitur
3039 4593 3365 4656 alterutrum,
3397 4598 3479 4643 aut
3524 4584 3640 4639 nullo
3661 4588 3750 4631 tem-

571 4691 674 4748 est,
695 4690 754 4737 ut
780 4687 973 4753 sponte
1000 4687 1312 4745 moveatur;
1344 4678 1590 4735 videlicet
1620 4680 1836 4735 utsicut
1858 4695 2021 4736 causa
2041 4696 2159 4737 mo-

572 4786 660 4831 tus
680 4775 844 4830 animi
874 4774 1122 4830 voluntas
1148 4781 1231 4829 est
1259 4771 1394 4843 ejus,
1418 4773 1497 4828 sic
1518 4772 1829 4827 substantia:
1847 4787 1965 4842 qua:
1994 4775 2160 4829 utitur

573 4868 870 4934 voluntate,
894 4882 1056 4923 causa
1084 4867 1155 4921 sit
1174 4864 1334 4921 Deus.
1367 4865 1501 4931 Quia
1528 4864 1630 4919 etsi
1653 4879 1812 4936 posse
1838 4865 1977 4920 velle
2004 4866 2159 4922 nobis

575 4975 641 5015 ex
663 4960 775 5014 Deo
804 4968 903 5026 est,
946 4976 1052 5015 non
1081 4960 1258 5016 omnis
1295 4958 1591 5014 voluntatis
1619 4965 1817 5037 postue
1850 4967 2029 5013 motus
2056 4960 2160 5014 erit

572 5065 643 5105 ex
690 5047 822 5105 Deo.
857 5049 951 5104 Vel
979 5059 1104 5105 tunc
1146 5065 1272 5105 reor
1316 5066 1328 5102 :
1372 5064 1492 5105 cum
1528 5049 1807 5105 voluntate
1851 5065 2157 5121 peccamus,

579 5141 749 5198 nostri
777 5155 935 5195 causa
960 5149 1136 5197 motus
1157 5156 1225 5196 ex
1246 5141 1401 5197 nobis
1414 5150 1515 5208 est,
1540 5157 1607 5197 ne
1622 5148 1965 5212 peccatorum
1992 5143 2161 5198 Deum

582 5235 834 5291 faciamus
857 5239 1154 5286 auctorem.
1181 5229 1441 5300 Quocirca
1471 5234 1516 5288 si
1539 5249 1735 5304 corpus
1763 5249 1793 5288 a
1821 5249 1881 5289 se
1906 5250 2009 5289 non
2041 5251 2157 5292 mo-

582 5332 752 5391 vetur,
786 5330 842 5379 et
868 5338 1066 5392 corpus
1093 5340 1200 5379 non
1224 5333 1307 5379 est
1333 5324 1477 5393 quod
1503 5325 1604 5381 sibi
1633 5340 1794 5381 causa
1821 5335 2000 5382 motus
2029 5334 2111 5383 est
2143 5348 2155 5382 ε

582 5419 704 5491 quia
723 5419 773 5474 in
788 5426 1036 5473 semotus
1055 5418 1134 5472 sui
1149 5420 1507 5474 causashabet
1521 5421 1714 5485 anima,
1732 5437 1837 5475 non
1850 5430 1931 5477 est
1946 5438 2159 5492 corpus.

655 5510 719 5568 V.
752 5511 896 5567 Idem
918 5507 1070 5563 Plato
1102 5509 1155 5563 in
1184 5509 1321 5563 libro
1350 5525 1511 5577 quem
1540 5518 1655 5589 περὶ
1680 5515 1881 5574 Φύσεως
1910 5516 2121 5586 scripsit
2147 5535 2161 5570 :

586 5605 790 5668 Anima,
823 5601 1013 5672 inquit,
1069 5602 1412 5655 animantium
1458 5607 1685 5659 omnium
1733 5606 2018 5679 corporalis
2061 5626 2164 5665 non

660 5787 686 5815 ι
707 5776 817 5843 AL,
841 5779 1052 5832 editum.
1086 5777 1198 5841 AL,
1226 5777 1421 5832 editum
1448 5784 1600 5834 esset.

2259 4701 2384 4756 pore
2429 4700 2520 4737 nec
2554 4699 2771 4755 usquam
2798 4684 3097 4755 contingere
3132 4684 3328 4738 homini
3362 4695 3522 4737 verum
3554 4666 3751 4729 scientiam

2259 4793 2431 4848 posse,
2463 4785 2552 4830 aut
2573 4786 2694 4829 tunc
2723 4776 2927 4830 demum
2972 4793 3088 4831 cum
3132 4770 3494 4832 excesserimus
3516 4787 3542 4824 e
3562 4770 3658 4823 rita.
3682 4756 3752 4812 Dt-

2262 4871 2555 4942 functorum
2578 4869 2716 4923 enim
2745 4870 2952 4923 animus
2974 4868 3104 4923 liber
3122 4878 3220 4936 est,
3262 4877 3312 4923 el
3333 4867 3515 4922 solutus
3533 4878 3560 4914 a
3582 4860 3752 4922 τονροη·

2262 4959 2343 5015 Eo
2365 4969 2535 5015 autem
2556 4969 2785 5027 tempore
2815 4977 2913 5033 quo
2944 4961 3182 5026 vivimus,
3225 4962 3299 5013 ita
3327 4959 3517 5012 demum
3541 4942 3753 5022 apprai’l’“

2266 5051 2533 5127 quabimus
2561 5053 3032 5126 applicabimurque
3059 5053 3307 5118 scientiis,
3335 5051 3379 5103 si
3407 5044 3527 5101 nillil
3557 5047 3629 5095 aut

2264 5147 2535 5202 minimum
2557 5161 2769 5217 corpore
2796 5155 3001 5199 utamur
3017 5187 3031 5212 ,
3057 5154 3227 5217 neque‘
3243 5144 3295 5196 in
3326 5142 3549 5195 societate
3566 5132 3668 5201 ejus,
3685 5122 3755 5217 πξδι

2266 5251 2517 5322 quatenus
2564 5256 2767 5295 necesse
2806 5250 2904 5306 est,
2944 5236 3171 5294 animum
3218 5238 3537 5291 dimittamus.
3563 5224 3633 5280 Ita
3659 5213 3754 5271 ιιιῖικ

2270 5336 2479 5389 minime
2492 5320 2692 5405 replebi
2700 5351 2812 5387 mur
2836 5334 3017 5389 vitiosa
3042 5331 3423 5399 turbulentaque
3440 5332 3601 5378 natura
3620 5320 3754 5376 calli"

2269 5430 2361 5492 ris,
2383 5427 2473 5482 sed
2492 5428 2607 5498 puri
2629 5445 2659 5479 τι
2682 5427 2986 5498 contagione
3002 5442 3027 5477 ρ
3024 5426 3132 5496 jus,
3151 5426 3200 5478 in
3219 5431 3454 5495 quantum
3472 5417 3614 5488 facere
3625 5410 3755 5498 P9?”

2269 5537 2403 5583 mus,
2434 5520 2642 5572 erimus.
2677 5516 2742 5570 Et
2769 5519 2813 5570 si
2843 5520 2915 5570 ita
2944 5518 3228 5588 fecerimus,
3250 5504 3515 5578 incorrupti
3538 5498 3753 5555 sinccnqﬂ

2271 5610 2717 5684 digredientes,ad
2739 5612 2912 5664 omnia
2936 5609 3231 5679 incorrupta
3255 5586 3750 5662 sinceraquercnitm“
