3920 6176
261 331 352 394 719

1431 324 1518 389 DE
1557 326 1779 390 STATU
1822 334 2059 392 ΑΝΙΜΑΞ
2101 335 2226 394 LIB.
2268 335 2328 396 ll.
2485 374 2500 406 ς

3405 341 3509 401 750

325 449 400 504 Vl.
427 447 550 504 Haec
599 447 665 501 ad
697 445 920 503 verbum
946 462 1012 502 ex
1057 445 1270 516 dialogo
1296 447 1602 519 philosophi
1634 450 1822 505 admo-
1852 458 1891 511 Α
1925 453 2176 521 quiverit,
2203 462 2258 508 et
2304 453 2420 507 aliis
2461 454 2702 522 ignorata
2744 454 2846 521 sit;
2879 470 2998 510 eum
3021 456 3134 511 veri
3163 471 3384 528 compos
3411 459 3507 514 hu-

258 543 370 596 dum
394 538 646 610 principis
673 538 1040 608 cxcerpenda,
1073 546 1236 608 atque
1264 539 1390 594 huic
1440 548 1628 596 nostro
1673 543 1819 598 inse-

259 631 408 688 renda
434 629 692 684 volumini
713 638 860 682 ratus
887 645 1024 683 sitm.
1055 629 1174 683 Non
1200 629 1468 687 arbitrans
1495 630 1612 687 fore
1632 645 1820 701 quem-

213 757 218 761 ς
260 726 386 795 piam
413 721 788 777 illectamentis
804 719 1133 776 fallaciarum
1161 723 1529 793 corporalibus
1556 723 1822 780 obsistere

259 817 477 881 solitum,
517 814 609 883 qui
646 814 806 868 hasce
845 815 1229 882 repugnantias
1255 815 1311 868 in
1357 816 1653 886 semetipso
1692 831 1820 872 sen—

258 911 402 969 tiens,
433 904 724 975 disparium
779 913 1095 958 naturarum
1139 905 1384 974 corporis
1432 913 1595 975 atque
1631 907 1816 971 animi,

257 1005 381 1053 teste
401 1011 457 1051 se
486 996 541 1050 in
563 995 668 1049 hoc
690 995 861 1063 ipsum
890 993 1011 1059 sibi,
1043 994 1354 1051 indiscussis
1381 995 1630 1065 equidem
1663 996 1820 1064 longe

254 1087 455 1142 maximi
477 1087 620 1141 inter
647 1085 1002 1156 phi1050phos
1030 1086 1130 1139 viri
1159 1085 1613 1156 disputationibus
1636 1101 1822 1142 assen-

255 1182 420 1244 tiatur,
452 1179 700 1247 interque
724 1179 963 1232 animum
984 1194 1287 1248 corpusque
1307 1195 1459 1234 suum
1487 1181 1714 1250 praeside
1743 1197 1823 1235 ra-

253 1276 386 1330 tione
429 1273 712 1342 disceptet.
760 1271 1026 1337 Quidnam
1067 1273 1137 1324 sit
1184 1271 1312 1326 illud
1350 1272 1516 1341 quod,
1547 1280 1605 1326 ut
1650 1273 1819 1338 aiunt,

250 1379 532 1434 corporeus
583 1363 795 1416 animus
843 1361 912 1416 ab
959 1362 1107 1416 omni
1162 1362 1474 1417 inventione
1503 1374 1822 1419 occursante

249 1457 342 1512 sibi
369 1471 581 1525 semper
609 1455 830 1510 extrarii
869 1454 1114 1524 corporis
1138 1454 1494 1523 praepediatur
1521 1456 1818 1510 obstaculo.

250 1550 346 1604 Aut
369 1565 460 1604 cur
479 1548 778 1604 extrariam
809 1562 1005 1617 corpus
1043 1547 1099 1600 in
1128 1554 1336 1602 reatum
1360 1556 1536 1611 vocet,
1569 1549 1711 1616 quod
1733 1564 1822 1604 se-

249 1649 352 1696 met
372 1656 399 1694 a
438 1639 898 1708 contemplatione
925 1638 1038 1693 veri
1068 1644 1308 1704 revocet,
1330 1653 1448 1692 cum
1482 1638 1584 1693 sibi
1613 1639 1727 1708 ipse
1753 1640 1825 1695 sit

247 1732 639 1802 impedimento,
672 1730 717 1784 si
746 1743 942 1798 corpus
969 1735 1072 1783 est.
1105 1727 1211 1782 Sed
1249 1742 1412 1797 super
1455 1727 1540 1782 his
1580 1744 1691 1783 non
1738 1746 1826 1784 ar-

1925 559 2083 600 mana
2113 547 2412 602 substantia
2441 563 2550 602 non
2573 547 2643 602 sit
2661 547 2903 616 regione,
2935 548 3028 603 sed
3059 563 3275 620 genere,
3307 550 3510 606 Roma-

1925 647 2023 692 nos
2068 639 2232 693 etiam
2260 639 2585 708 eosdemque
2633 638 2990 709 phiIOSOphos
3035 648 3204 697 testes
3258 643 3507 708 citemus,

1925 728 2064 797 apud
2094 744 2230 798 quos
2257 729 2474 786 Sextius
2513 739 2666 804 pater
2695 728 3020 800 Sextiusque
3067 731 3206 787 filius
3235 749 3508 804 propenso

1925 821 1977 874 in
2008 822 2327 876 exercitium
2373 821 2653 892 sapientia:
2680 822 2858 876 studio
2887 822 3127 891 apprime
3147 823 3511 894 phil050phati

1924 919 2068 975 sunt,
2100 920 2262 979 atque
2287 911 2429 966 hanc
2450 926 2614 980 super
2643 911 2791 966 omni
2822 911 2998 964 anima
3029 912 3261 968 attulere
3288 921 3479 968 senten
3499 944 3512 954 ο

1925 1003 2054 1056 tiam
2079 1021 2091 1055 :
2124 1001 2503 1075 Incorporalis,
2524 1003 2790 1073 inquiunt,
2816 1005 2985 1057 omnis
3014 1011 3090 1057 est
3109 1006 3306 1069 animo,
3335 1016 3385 1059 et
3403 1007 3516 1061 illo-

1924 1096 2054 1148 culis
2093 1104 2246 1168 atque
2272 1095 2646 1164 indeprehensa
2674 1097 2748 1149 vis
2780 1093 3044 1166 quietiam,
3068 1111 3181 1166 quae
3210 1097 3320 1149 sine
3347 1099 3514 1166 spatio

1925 1201 2115 1254 capax,
2140 1201 2326 1255 corpus
2354 1185 2530 1238 haurit
2550 1196 2598 1240 et
2628 1187 2873 1239 continet.
2907 1185 3096 1240 Acrius
3127 1187 3231 1252 isti,
3261 1187 3315 1240 ni
3338 1186 3512 1253 fallor,

1926 1276 2201 1331 abstrusas
2244 1291 2424 1331 rerum
2454 1277 2695 1332 rationes
2736 1276 2963 1345 ingressi
3014 1285 3157 1342 sunt,
3186 1293 3344 1346 quam
3375 1294 3515 1332 nor.-

1927 1369 2054 1421 nulli
2105 1377 2404 1434 nostrates,
2455 1371 2545 1442 qui
2585 1370 2925 1425 cubiculariis
2963 1370 3415 1440 disputationibus
3449 1370 3518 1424 de

1925 1457 2231 1515 sublimium
2274 1461 2470 1530 indage
2503 1478 2783 1517 causarum
2830 1462 3030 1531 aliquid
3067 1461 3422 1532 soporiferum
3463 1463 3517 1516 in

1926 1547 2137 1604 lectulis
2179 1549 2493 1616 oscitantes,
2526 1549 2862 1619 perpellente
2892 1551 3046 1620 copia
3079 1551 3376 1621 tepentium
3405 1566 3517 1605 na:-

1927 1639 2158 1706 niarum,
2190 1640 2388 1695 stolido
2444 1639 2726 1695 laudatore
2774 1648 3095 1696 veternosas
3143 1641 3364 1696 anilium
3404 1642 3520 1710 epi-

1928 1732 2150 1787 nionem
2171 1732 2508 1802 suspiciones
2534 1729 2861 1797 edormiunt,
2907 1732 3267 1801 innexamque
3296 1732 3520 1787 visceri~

250 1821 613 1892 gumentahor.
639 1819 756 1890 Ipsa
785 1833 883 1888 per
909 1833 975 1873 se:
997 1818 1248 1873 nimirum
1281 1818 1484 1872 veritas
1511 1817 1700 1882 claret.
1725 1833 1827 1873 nec
1861 1827 1905 1886 Β
1930 1825 2031 1880 bus
2077 1826 2336 1890 animam,
2361 1824 2608 1894 corporis
2637 1823 2888 1878 claustris
2934 1824 3135 1879 includi
3173 1831 3230 1878 et
3257 1823 3520 1879 contineri

250 1919 563 1968 ornamento
585 1918 678 1966 aut
723 1909 1036 1978 adiumento
1075 1909 1416 1964 extrinsecus
1454 1907 1678 1977 indiget,
1707 1923 1826 1978 quae

246 2015 299 2064 et
320 2004 595 2076 pulchrior
615 2009 672 2056 et
699 1999 890 2056 fortior
914 2000 1057 2055 nuda
1079 2008 1181 2056 est.
1201 1999 1339 2056 Hinc
1364 2012 1581 2070 egomet
1609 2001 1825 2056 testium

244 2111 478 2152 meorum
512 2089 804 2147 indefensis
830 2089 1098 2146 hactenus
1143 2090 1275 2144 mihi
1316 2090 1643 2147 testimoniis
1672 2098 1827 2146 uten-

244 2187 361 2243 dum
410 2193 562 2240 ratus
589 2199 742 2248 sum;
788 2182 915 2251 quia
941 2196 1112 2251 penes
1141 2181 1262 2236 illos
1309 2189 1539 2248 tantum,
1570 2183 1661 2251 qui
1709 2190 1826 2238 toto

241 2280 316 2335 sui
344 2279 632 2334 admodum
661 2291 859 2346 corpus
885 2281 1029 2340 sunt,
1061 2274 1129 2329 de
1155 2273 1306 2330 hisce
1333 2275 1576 2330 veritatis
1603 2274 1828 2331 vadibus

242 2370 618 2425 dubitabimus.

307 2461 410 2515 VII.
457 2461 658 2516 Verum
710 2458 838 2527 quid
879 2457 968 2512 hic
1018 2457 1157 2512 idem
1210 2454 1366 2511 Plato
1396 2457 1451 2510 in
1496 2455 1823 2526 Hipparcho,

239 2555 358 2623 quid
386 2555 442 2608 in
487 2551 751 2616 Lachete,
777 2551 831 2604 in
872 2548 1188 2618 Protagora,
1222 2550 1277 2603 in
1306 2548 1611 2622 Symposio,
1645 2551 1698 2604 in
1739 2549 1828 2604 Al-

238 2647 460 2711 cibiade,
487 2647 544 2699 in
567 2643 783 2712 Gorgia,
813 2643 868 2696 in
896 2642 1150 2708 Critone;
1179 2642 1306 2712 quid
1332 2643 1384 2696 in
1415 2642 1632 2707 Timmo,
1665 2645 1827 2698 etiam

238 2753 355 2792 arce
395 2737 631 2806 quadam
670 2743 727 2789 et
756 2745 778 2772 ⁸
805 2734 1434 2804 quodamphilosophim
1482 2737 1705 2801 vertice,
1761 2737 1829 2792 de

235 2827 403 2881 anima
434 2825 886 2896 pronuntiaverit,
919 2823 1126 2894 placitae
1155 2821 1433 2879 brevitatis
1474 2827 1646 2894 gratia
1687 2827 1826 2881 mis-

236 2934 346 2972 sum
374 2919 541 2974 facio.
583 2916 766 2985 Neque
806 2916 949 2970 enim
993 2915 1161 2970 refert
1204 2915 1271 2969 ad
1310 2917 1643 2984 agnitionem
1693 2918 1824 2985 veri,

235 3011 356 3081 quid
382 3010 448 3066 de
478 3007 678 3064 eodem
719 3007 913 3076 Stepius
962 3007 1189 3076 quisque
1235 3006 1452 3071 dixerit,
1495 3023 1658 3076 quam
1701 3009 1828 3076 quid

232 3103 457 3157 senserit
508 3114 774 3169 quaerere.
805 3097 938 3165 Quia
987 3098 1041 3151 in
1071 3112 1213 3167 sazpe
1262 3098 1422 3153 dictis
1466 3116 1564 3153 nec
1614 3100 1830 3155 uberior

1928 1916 2244 1972 decernunt.
2260 1915 2367 1970 Sed
2389 1917 2527 1970 istuc
2551 1915 2835 1985 imperitia:
2855 1916 2969 1970 veri
2983 1930 3164 1970 vacuae
3189 1913 3519 1983 figmentum,

1928 2013 2090 2077 prout
2119 2007 2362 2062 locorum
2391 2006 2534 2061 ratio
2562 2005 2834 2076 poposcit,
2860 2012 2917 2060 et
2944 2007 3224 2077 superiore
3252 2004 3389 2060 libro
3417 2005 3524 2060 dis-

1929 2097 2212 2163 cussimus,
2237 2103 2294 2152 et
2317 2096 2543 2166 prolatis
2568 2110 2715 2150 nunc
2742 2110 3077 2151 summorum
3106 2095 3316 2164 magnis
3337 2103 3522 2150 aucto-

1930 2203 2046 2242 rum
2076 2186 2424 2252 testimoniis,
2445 2186 2501 2240 in
2524 2200 2640 2240 rem
2660 2185 2742 2241 sui
2770 2185 2928 2241 nobis
2957 2185 3257 2256 opitulante
3272 2187 3521 2250 veritate,

1928 2277 2154 2332 rationis
2178 2291 2394 2346 quoque
2443 2274 2470 2314 δ
2511 2275 2716 2330 viribus
2744 2275 3056 2330 refellimus.
3102 2274 3173 2330 Μ.
3204 2274 3395 2342 Varro,
3441 2277 3522 2332 sui

1929 2367 2111 2423 smeuli
2137 2367 2516 2437 peritissimus,
2550 2373 2604 2421 et
2635 2373 2777 2421 teste
2806 2365 2984 2420 Tullio
3016 2365 3256 2419 omnium
3287 2365 3404 2422 sine
3427 2365 3523 2419 du-

1929 2455 2192 2513 bitatione
2213 2457 2576 2521 doctissimus,
2610 2456 2737 2526 quid
2764 2456 2818 2510 in
2847 2456 3086 2521 musicis,
3115 2457 3244 2526 quid
3272 2457 3326 2511 in
3356 2457 3524 2511 arith-

1929 2550 2159 2614 meticis,
2189 2547 2318 2619 quid
2337 2549 2392 2603 in
2412 2548 2770 2618 geometricis,
2803 2559 2824 2586 ε
2856 2547 2982 2616 quid
3010 2547 3064 2601 in
3093 2549 3524 2620 φιλοσοφουμένων

1929 2645 2078 2700 libris
2103 2644 2282 2698 divina
2313 2643 2545 2714 quadam
2593 2641 2960 2711 disputatione
3007 2640 3304 2707 contendit,
3335 2639 3437 2694 nisi
3468 2649 3522 2696 ut

1929 2752 1960 2791 a
1989 2736 2288 2792 visibilibus
2317 2735 2387 2790 ad
2421 2734 2726 2799 invisibilia,
2767 2750 2798 2788 a
2829 2734 3089 2788 localibus
3117 2732 3183 2787 ad
3214 2732 3468 2798 illocalia,
3493 2749 3522 2786 a

1929 2829 2210 2900 corporeis
2239 2827 2306 2882 ad
2346 2827 2686 2897 incorporea,
2719 2825 2870 2880 miris
2898 2822 2922 2860 ἀ
2953 2831 3171 2878 teternae
3199 2824 3329 2878 artis
3351 2823 3524 2879 modis

1929 2921 2208 2977 abstrahat
2236 2921 2494 2984 animum,
2525 2926 2580 2974 et
2606 2919 2660 2972 in
2689 2932 2937 2987 corpora,
2969 2915 3074 2971 hoc
3102 2922 3189 2970 est
3212 2915 3265 2969 in
3297 2914 3525 2970 adversa

1928 3015 2030 3071 sibi
2056 3014 2318 3084 dilapsum
2347 3012 2430 3068 sui
2468 3019 2774 3082 compotem
2807 3009 3002 3064 faciat?
3031 3006 3128 3062 Cui
3151 3009 3197 3064 si
3219 3023 3416 3077 corpus
3438 3023 3524 3061 es-

1930 3115 2033 3172 set,
2056 3121 2254 3177 corpus
2271 3104 2554 3159 adversum
2575 3117 2695 3158 esse
2719 3118 2830 3156 non
2853 3107 3055 3171 posset.
3089 3099 3227 3166 Quid
3258 3113 3357 3168 ego
3379 3115 3524 3153 nunc

231 3202 312 3248 est
338 3193 588 3263 cognitio
615 3206 813 3255 rerum,
843 3206 1000 3260 quam
1030 3191 1101 3245 sit
1132 3191 1413 3260 prolixitas
1451 3207 1682 3247 onerosa
1700 3207 1820 3247 ver-
1847 3199 1890 3258 C
1923 3196 2217 3262 Zoroastri,
2241 3195 2369 3264 quid
2399 3193 2789 3249 Brachmanum
2813 3207 2882 3248 ex
2909 3192 3076 3257 India,
3097 3191 3222 3260 quid
3254 3189 3523 3245 Anachar-

200 3276 436 3340 'borurn.
473 3286 822 3354 Quapropter
850 3284 904 3337 in
932 3285 1315 3339 astructionem
1341 3284 1454 3338 veri
1488 3286 1657 3353 magis
1688 3300 1819 3340 con-

230 3376 575 3432 siderandum
603 3383 714 3436 est,
745 3375 873 3444 quid
922 3391 1084 3428 unum
1125 3374 1278 3428 multi
1329 3374 1615 3442 senserint,
1657 3391 1816 3446 quam

227 3468 348 3535 quid
380 3485 524 3522 unus
554 3482 698 3536 saepe
727 3467 940 3520 dixerit.
975 3465 1088 3534 Ego
1117 3474 1300 3520 tamen
1331 3465 1634 3532 Platonem,
1659 3478 1822 3538 prout

227 3573 339 3613 mea
369 3560 568 3629 opinio
597 3567 696 3620 est,
720 3557 1167 3627 philosophorum
1192 3559 1430 3613 omnium
1458 3561 1652 3613 merito
1676 3561 1818 3629 prin-

223 3649 411 3719 cipem,
437 3652 494 3704 in
527 3649 800 3717 negotium
820 3664 1051 3717 praesens
1066 3649 1422 3704 admiratione
1436 3650 1516 3703 sui
1539 3651 1816 3720 pellectus,

223 3747 410 3795 testem
443 3755 600 3808 sarpc
623 3739 853 3794 vocitari
873 3757 886 3805 ;
906 3739 1201 3807 quamlibet
1221 3755 1338 3808 qum
1359 3741 1510 3809 plura
1537 3742 1653 3795 istic
1679 3744 1814 3810 ejus-

221 3830 337 3885 dem
375 3833 554 3899 legas,
597 3830 892 3884 innumeris
935 3839 1248 3898 comparata
1289 3847 1409 3900 qua:
1450 3848 1612 3902 super
1643 3836 1820 3887 anima

224 3922 561 3988 dissertavit,
615 3937 782 3992 pauca
833 3921 1119 3975 admodum
1145 3936 1390 3975 censeas.
1424 3922 1530 3976 Sed
1561 3939 1658 3978 nec
1689 3922 1820 3978 Por-
1884 3957 1887 3960 -

222 4015 442 4088 phyrius
491 4015 826 4078 Platonicus,
855 4014 1037 4067 multis
1078 4023 1200 4082 post
1228 4012 1511 4068 Platonem
1535 4016 1760 4080 saeculis,
1794 4032 1824 4068 a

222 4108 485 4174 magistro
508 4105 720 4175 uspiam
751 4105 805 4158 in
833 4104 938 4158 hac
965 4103 1158 4159 eadem
1206 4119 1367 4159 causa
1397 4105 1668 4159 dissensit.
1703 4105 1824 4168 Illu-

217 4198 311 4251 stri
343 4199 554 4270 quippe
589 4211 720 4251 voce
749 4210 920 4264 genus
965 4195 1258 4250 humanum
1289 4212 1399 4250 sua:
1422 4197 1698 4264 dignitatis
1726 4198 1822 4252 ad-

220 4289 472 4341 monuit:
528 4287 590 4341 Si
634 4285 789 4350 beati,
821 4287 1023 4355 inquit,
1076 4301 1187 4339 esse
1230 4288 1479 4352 volumus,
1525 4304 1710 4358 corpus
1751 4297 1823 4342 est

216 4394 364 4432 onme
394 4378 730 4450 fugiendum.
778 4378 871 4432 Est
895 4393 1026 4446 ergo
1076 4378 1456 4448 incorporeum
1496 4382 1747 4449 quiddafn
1771 4383 1824 4435 in

217 4469 392 4534 nobis,
427 4469 519 4523 cui
554 4469 780 4522 adversa
809 4471 1053 4539 corporis
1076 4470 1312 4524 universi
1340 4471 1590 4539 contagio
1619 4479 1722 4527 est.
1756 4471 1824 4525 Et

1922 3289 1996 3344 sis
2023 3303 2055 3344 e
2082 3286 2328 3358 Scythia,
2351 3284 2479 3353 quid
2503 3299 2630 3339 vero
2650 3281 2942 3348 Catonum,
2967 3282 3093 3350 quid
3119 3281 3188 3334 M.
3222 3280 3522 3346 Ciceronis,

1921 3377 2050 3448 quid
2079 3376 2363 3448 Chrysippi
2395 3375 2508 3444 (qui
2539 3374 2606 3427 ab
2630 3373 2751 3442 ipso
2777 3388 2914 3441 pene
2935 3371 3201 3441 principio
3230 3373 3312 3425 sui
3343 3374 3523 3441 operis

1922 3468 2106 3523 animo
2135 3464 2447 3521 dominandi
2470 3463 2561 3533 jus
2590 3461 3026 3530 tribuit,corpori
3049 3461 3222 3528 legem
3247 3462 3521 3515 servitutis

1923 3557 2192 3630 imponit)
2244 3557 2300 3611 in
2345 3556 2719 3612 defensionem
2767 3553 2881 3608 veri
2923 3553 3224 3607 sententias
3263 3552 3520 3606 afferam?

1921 3651 2060 3718 Quid
2080 3650 2226 3706 orbis
2255 3648 2490 3704 universi
2519 3646 2587 3702 de
2610 3646 2802 3700 anima:
2831 3652 2975 3700 statu
3001 3643 3159 3698 nobis
3183 3659 3518 3713 concrepare

1917 3742 2200 3812 judicium,
2234 3741 2288 3794 in
2319 3739 2403 3793 his
2430 3739 2691 3793 duntaxat
2718 3735 2810 3805 qui
2845 3735 3038 3790 merito
3073 3734 3340 3801 enituere,
3374 3750 3506 3788 eon-

1924 3834 2133 3887 vincam
2155 3832 2178 3883 ‘?
2651 3905 2653 3908 Q

2544 3915 2773 3973 CAPUT
2815 3919 2903 3972 IX.

2003 4014 2382 4067 Ecclesiasticis
2410 4011 2700 4065 doctoribus
2727 4012 2891 4063 utitur
2921 4008 3132 4064 testibus
3163 4010 3227 4063 de
3256 4011 3447 4065 anima:

2489 4081 2930 4149 incorporalitate.

2001 4199 2039 4253 Ι.
2081 4195 2258 4252 Facile
2287 4196 2528 4266 profecto
2558 4195 2663 4249 hoc
2691 4195 2831 4248 idem
2871 4195 3014 4249 factu
3045 4195 3175 4248 mihi
3207 4205 3381 4262 esset,
3415 4200 3514 4252 nisi
3587 4195 3590 4198 ’

1929 4291 2087 4358 adjici
2133 4289 2425 4358 quaepiam,
2477 4293 2663 4340 coacta
2705 4285 2919 4338 testium
2962 4287 3116 4339 turba
3152 4303 3259 4341 non
3289 4289 3510 4355 sineret,

1929 4391 1984 4435 et
2011 4381 2191 4435 divina
2225 4379 2335 4447 jam
2375 4393 2517 4432 nunc
2554 4376 2769 4431 oracula
2811 4376 3047 4445 pandere
3078 4378 3161 4432 vel
3193 4387 3403 4450 tempus
3432 4381 3515 4435 fo-

1931 4483 2032 4535 ret,
2066 4473 2149 4527 vel
2179 4472 2317 4525 ratio
2349 4475 2738 4524 commoneret.
2789 4469 2965 4538 Atque
2994 4477 3052 4524 ut
3082 4471 3147 4525 ad
3177 4472 3323 4541 ipsos
3349 4475 3514 4528 cmic-

217 4557 343 4625 quid
372 4557 525 4613 istud
559 4558 682 4621 erit,
716 4558 818 4612 nisi
846 4559 1023 4626 imago
1054 4559 1187 4614 Dei?
1225 4567 1281 4614 et
1319 4561 1447 4629 quid
1495 4561 1671 4630 imago
1700 4563 1816 4628 Dei,
1854 4570 1898 4627 Ι)
1925 4567 2084 4621 stium
2130 4563 2458 4616 voluminum
2507 4559 2683 4615 fontes
2733 4560 2836 4613 illis
2884 4559 2996 4621 fere
3047 4561 3272 4616 ducibus
3318 4564 3406 4630 qui
3449 4579 3514 4618 ex

217 4651 318 4704 nisi
342 4652 624 4705 humanus
655 4652 899 4706 animus?
927 4654 1017 4720 qui
1046 4653 1088 4706 si
1120 4653 1174 4706 in
1216 4669 1444 4723 corpore
1470 4655 1661 4710 beatus
1697 4671 1816 4711 esse

216 4757 322 4797 non
353 4751 568 4813 potest,
600 4751 656 4797 et
682 4743 1030 4812 incorporeus
1059 4760 1167 4799 non
1196 4753 1297 4809 est,
1332 4763 1599 4815 nunquam
1629 4749 1818 4803 beatus

213 4834 334 4898 erit,
367 4835 467 4902 qui
500 4835 623 4888 sine
651 4848 710 4888 se
740 4850 847 4888 non
871 4835 995 4888 erit.

821 4925 1048 4981 CAPUT
1087 4928 1217 4982 Vlll.

211 5016 473 5073 Romanis
497 5019 826 5092 philosOphis
858 5021 1032 5142 utittltr’
1045 5021 1253 5073 testibus
1275 5021 1337 5073 de
1369 5023 1560 5074 anima:
1579 5024 1818 5093 incorpo-

902 5106 962 5142 ra
987 5097 1130 5142 state.

902 5097 1130 5142 ralttate.

280 5204 662 5260 Plurimorum
692 5204 748 5258 in
787 5204 1062 5274 negotium
1099 5219 1336 5274 praesens
1366 5203 1811 5275 philosophorum

205 5295 464 5364 plurimis
498 5295 831 5350 testimoniis
853 5295 933 5350 usi
953 5311 1156 5358 sumus,
1188 5295 1498 5365 multosque
1527 5309 1595 5350 ex
1621 5296 1813 5351 eadem

202 5384 438 5449 Crtecia,
471 5386 522 5441 si
555 5386 638 5440 vel
667 5401 828 5442 causa
845 5389 1108 5456 posceret
1139 5386 1223 5441 vel
1251 5387 1392 5441 ratio
1438 5387 1663 5455 sineret,
1688 5405 1816 5458 pro-

201 5477 348 5535 ferre
379 5493 696 5550 possemus.
731 5477 838 5533 Sed
867 5493 933 5532 ne
963 5479 1210 5535 localiter
1251 5479 1535 5534 veritatem
1563 5479 1816 5549 qumsisse

201 5570 520 5632 videamur,
556 5569 758 5624 ut-htec
786 5569 976 5624 eadem
999 5570 1067 5624 ab
1086 5585 1190 5626 una
1211 5577 1424 5625 tantum
1454 5569 1626 5627 videri
1652 5579 1815 5642 gente

275 5701 302 5762 ξ
331 5692 422 5762 ΑΙ.
456 5701 720 5762 omittunt
747 5691 994 5762 quodam.

272 5759 304 5800 δ
327 5761 446 5828 AL,
480 5759 793 5815 verberibus.

1925 4657 2124 4712 eisdem
2155 4655 2355 4722 largius
2375 4655 2601 4708 hausere
2630 4653 2928 4712 veniamus,
2963 4651 3252 4719 Gregorius
3282 4653 3510 4710 Nazian-

1926 4765 2087 4804 zenus
2118 4749 2169 4800 in
2203 4747 2550 4815 Apologetico
2576 4786 2590 4808 ,
2641 4758 2889 4811 magnum
2940 4745 3187 4799 videlicet
3230 4746 3371 4802 inter
3399 4751 3514 4803 ani-

1927 4857 2068 4895 mam
2116 4851 2169 4894 et
2216 4855 2412 4908 corpus
2460 4838 2655 4892 clamat
2703 4852 2820 4890 esse
2870 4838 3195 4903 discrimen;
3248 4848 3408 4910 atque
3457 4853 3515 4898 ut

1925 4946 2121 4999 corpus
2159 4928 2527 4997 corporalibus
2575 4923 2759 4996 pasci,
2812 4927 2888 4980 sic
2919 4928 3149 4982 animam
3179 4930 3514 5002 inecrporeis

1925 5022 2174 5091 saginari.
2237 5021 2433 5074 Beatus
2477 5020 2791 5074 Ambrosius
2838 5020 2905 5073 ad
2953 5019 3407 5079 Mediolanensem
3457 5027 3512 5079 in

1924 5113 2148 5168 ecclesia
2181 5111 2437 5182 populum
2467 5110 2634 5164 verbo
2672 5109 2984 5165 doctissimo
3025 5119 3186 5181 atque
3216 5115 3514 5170 eruditissi-

1922 5219 2010 5259 mo
2036 5222 2047 5256 :
2080 5203 2464 5275 Sequestremus
2492 5217 2605 5265 nos,
2632 5188 2824 5270 inquit,
2857 5218 2888 5252 a
2912 5217 3153 5271 corpore,
3176 5213 3354 5256 contra
3376 5205 3512 5274 quod

1919 5295 2098 5358 nobis,
2144 5295 2190 5347 si
2215 5292 2342 5348 salvi
2367 5308 2477 5346 esse
2503 5291 2762 5357 volumus,
2788 5291 2915 5363 juge
2955 5302 3213 5346 certamen
3257 5303 3349 5346 cst.
3396 5293 3510 5352 Una

1920 5383 2338 5456 prmccllentium
2383 5382 2683 5452 eademque
2723 5383 2989 5438 sententia
3033 5398 3139 5438 non
3186 5384 3284 5437 nisi
3315 5384 3504 5439 eodem

1922 5478 2194 5532 intellectu
2225 5473 2699 5530 animadvertenda
2730 5484 2812 5532 est
2833 5516 2847 5541 ,
2899 5474 3196 5543 eodemque
3226 5475 3504 5532 tractanda

1923 5581 2192 5623 sermone.
2224 5566 2408 5620 Dicam
2438 5581 2582 5621 nunc
2613 5566 2773 5635 igitur
2802 5564 2945 5634 quod
2975 5579 3117 5633 stupe
3146 5578 3253 5629 me,
3281 5564 3408 5619 dum
3437 5567 3504 5621 ad

2000 5696 2022 5723 ο
2063 5683 2146 5737 Al.
2178 5684 2576 5746 omittnntquid
2606 5686 2681 5739 in.

1998 5752 2024 5792 δ
2059 5753 2174 5825 AL,
2200 5754 2526 5808 teterm'mu's.
