  <div class='ocr_page' id='page_1' title='image "/cluster/home/n/w/nwhite01/storage/ocr_20150623/53/hvd.32044073505091/383.png"; bbox 0 0 3920 6176; ppageno 0'>
   <div class='ocr_carea' id='block_1_1' title="bbox 522 306 620 362">
    <p class='ocr_par' dir='ltr' id='par_1_1' title="bbox 522 306 620 362">
     <span class='ocr_line' id='line_1_1' title="bbox 522 306 620 362; baseline -0.02 0"><span class='ocrx_word' id='word_1_1' title='bbox 522 306 620 362; x_wconf 77' lang='grc'><strong>751</strong></span> 
     </span>
    </p>
   </div>
   <div class='ocr_carea' id='block_1_2' title="bbox 1778 302 2492 362">
    <p class='ocr_par' dir='ltr' id='par_1_2' title="bbox 1778 302 2492 362">
     <span class='ocr_line' id='line_1_2' title="bbox 1778 302 2492 362; baseline -0.003 -1"><span class='ocrx_word' id='word_1_2' title='bbox 1778 303 2086 362; x_wconf 77' lang='lat' dir='ltr'><strong>MAMERTI</strong></span> <span class='ocrx_word' id='word_1_3' title='bbox 2126 302 2492 360; x_wconf 70' lang='lat' dir='ltr'><strong>CLAUDIAM</strong></span> 
     </span>
    </p>
   </div>
   <div class='ocr_carea' id='block_1_3' title="bbox 3612 324 3699 379">
    <p class='ocr_par' dir='ltr' id='par_1_3' title="bbox 3612 324 3699 379">
     <span class='ocr_line' id='line_1_3' title="bbox 3612 324 3699 379; baseline 0.011 -1"><span class='ocrx_word' id='word_1_4' title='bbox 3612 324 3699 379; x_wconf 74' lang='lat'><strong>75?.</strong></span> 
     </span>
    </p>
   </div>
   <div class='ocr_carea' id='block_1_4' title="bbox 523 407 3702 496">
    <p class='ocr_par' dir='ltr' id='par_1_4' title="bbox 523 407 3702 496">
     <span class='ocr_line' id='line_1_4' title="bbox 523 407 3702 496; baseline 0.003 -20"><span class='ocrx_word' id='word_1_5' title='bbox 523 420 574 476; x_wconf 93' lang='lat' dir='ltr'><strong>id</strong></span> <span class='ocrx_word' id='word_1_6' title='bbox 605 419 845 474; x_wconf 89' lang='lat' dir='ltr'><strong>locorum</strong></span> <span class='ocrx_word' id='word_1_7' title='bbox 866 407 1084 472; x_wconf 86' lang='lat' dir='ltr'><strong>ven&#39;tum</strong></span> <span class='ocrx_word' id='word_1_8' title='bbox 1105 423 1264 482; x_wconf 80' lang='lat' dir='ltr'><strong>esset,</strong></span> <span class='ocrx_word' id='word_1_9' title='bbox 1296 417 1473 472; x_wconf 81' lang='lat' dir='ltr'><strong>dicere</strong></span> <span class='ocrx_word' id='word_1_10' title='bbox 1495 417 1734 472; x_wconf 91' lang='lat' dir='ltr'><strong>memini.</strong></span> <span class='ocrx_word' id='word_1_11' title='bbox 1766 418 2091 491; x_wconf 80' lang='lat' dir='ltr'><strong>Sequestrari</strong></span> <span class='ocrx_word' id='word_1_12' title='bbox 2121 419 2169 478; x_wconf 83' lang='lat' dir='ltr'><strong>A</strong></span> <span class='ocrx_word' id='word_1_13' title='bbox 2199 420 2374 474; x_wconf 89' lang='lat' dir='ltr'><strong>verius</strong></span> <span class='ocrx_word' id='word_1_14' title='bbox 2396 459 2412 482; x_wconf 93' lang='lat'><strong>,</strong></span> <span class='ocrx_word' id='word_1_15' title='bbox 2443 420 2574 474; x_wconf 87' lang='lat' dir='ltr'><strong>nihil</strong></span> <span class='ocrx_word' id='word_1_16' title='bbox 2601 421 2873 491; x_wconf 72' lang='lat' dir='ltr'><strong>disputare</strong></span> <span class='ocrx_word' id='word_1_17' title='bbox 2902 439 3060 492; x_wconf 82' lang='lat' dir='ltr'><strong>posse</strong></span> <span class='ocrx_word' id='word_1_18' title='bbox 3088 427 3374 496; x_wconf 76' lang='lat' dir='ltr'><strong>perfectius.</strong></span> <span class='ocrx_word' id='word_1_19' title='bbox 3406 429 3471 483; x_wconf 82' lang='lat' dir='ltr'><strong>Eu</strong></span> <span class='ocrx_word' id='word_1_20' title='bbox 3496 433 3573 487; x_wconf 85' lang='lat' dir='ltr'><strong>tibi</strong></span> <span class='ocrx_word' id='word_1_21' title='bbox 3595 441 3702 494; x_wconf 68' lang='lat' dir='ltr'><strong>duos</strong></span> 
     </span>
    </p>
   </div>
   <div class='ocr_carea' id='block_1_5' title="bbox 520 508 2102 581">
    <p class='ocr_par' dir='ltr' id='par_1_5' title="bbox 520 508 2102 581">
     <span class='ocr_line' id='line_1_5' title="bbox 520 508 2102 581; baseline 0 -17"><span class='ocrx_word' id='word_1_22' title='bbox 520 527 614 566; x_wconf 83' lang='lat' dir='ltr'><strong>nos</strong></span> <span class='ocrx_word' id='word_1_23' title='bbox 643 527 678 564; x_wconf 89' lang='lat' dir='ltr'><strong>a</strong></span> <span class='ocrx_word' id='word_1_24' title='bbox 704 525 918 581; x_wconf 84' lang='lat' dir='ltr'><strong>corpore</strong></span> <span class='ocrx_word' id='word_1_25' title='bbox 940 549 955 576; x_wconf 95' lang='lat'><strong>,</strong></span> <span class='ocrx_word' id='word_1_26' title='bbox 995 508 1307 563; x_wconf 84' lang='lat' dir='ltr'><strong>Ambrosius</strong></span> <span class='ocrx_word' id='word_1_27' title='bbox 1335 515 1588 579; x_wconf 81' lang='lat' dir='ltr'><strong>oportere</strong></span> <span class='ocrx_word' id='word_1_28' title='bbox 1617 509 1923 578; x_wconf 80' lang='lat' dir='ltr'><strong>persuadet.</strong></span> <span class='ocrx_word' id='word_1_29' title='bbox 1973 509 2102 577; x_wconf 87' lang='lat' dir='ltr'><strong>Quis</strong></span> 
     </span>
    </p>
   </div>
   <div class='ocr_carea' id='block_1_6' title="bbox 2203 512 3703 594">
    <p class='ocr_par' dir='ltr' id='par_1_6' title="bbox 2203 512 3703 594">
     <span class='ocr_line' id='line_1_6' title="bbox 2203 512 3703 594; baseline 0.01 -27"><span class='ocrx_word' id='word_1_30' title='bbox 2203 512 2641 581; x_wconf 62' lang='lat' dir='ltr'><strong>praeclarissimas</strong></span> <span class='ocrx_word' id='word_1_31' title='bbox 2685 514 2944 570; x_wconf 88' lang='lat' dir='ltr'><strong>virtutum</strong></span> <span class='ocrx_word' id='word_1_32' title='bbox 3007 517 3455 591; x_wconf 70' lang='lat' dir='ltr'><strong>doctrinarumque</strong></span> <span class='ocrx_word' id='word_1_33' title='bbox 3509 530 3703 594; x_wconf 61' lang='lat' dir='ltr'><strong>praemi-</strong></span> 
     </span>
    </p>
   </div>
   <div class='ocr_carea' id='block_1_7' title="bbox 512 598 3700 677">
    <p class='ocr_par' dir='ltr' id='par_1_7' title="bbox 512 598 3700 677">
     <span class='ocr_line' id='line_1_7' title="bbox 512 598 3700 677; baseline 0.005 -25"><span class='ocrx_word' id='word_1_34' title='bbox 512 614 648 670; x_wconf 87' lang='lat' dir='ltr'><strong>.ergo</strong></span> <span class='ocrx_word' id='word_1_35' title='bbox 694 600 795 654; x_wconf 89' lang='lat' dir='ltr'><strong>iste</strong></span> <span class='ocrx_word' id='word_1_36' title='bbox 839 599 944 663; x_wconf 89' lang='lat' dir='ltr'><strong>sit,</strong></span> <span class='ocrx_word' id='word_1_37' title='bbox 995 598 1081 653; x_wconf 92' lang='lat' dir='ltr'><strong>cui</strong></span> <span class='ocrx_word' id='word_1_38' title='bbox 1129 614 1159 652; x_wconf 90' lang='lat' dir='ltr'><strong>a</strong></span> <span class='ocrx_word' id='word_1_39' title='bbox 1201 614 1428 668; x_wconf 89' lang='lat' dir='ltr'><strong>corpore</strong></span> <span class='ocrx_word' id='word_1_40' title='bbox 1456 609 1794 668; x_wconf 89' lang='lat' dir='ltr'><strong>sequestrare</strong></span> <span class='ocrx_word' id='word_1_41' title='bbox 1815 601 2123 662; x_wconf 82' lang='lat' dir='ltr'><strong>conveniat,</strong></span> <span class='ocrx_word' id='word_1_42' title='bbox 2204 605 2384 658; x_wconf 87' lang='lat' dir='ltr'><strong>nentia</strong></span> <span class='ocrx_word' id='word_1_43' title='bbox 2408 605 2564 672; x_wconf 86' lang='lat' dir='ltr'><strong>longe</strong></span> <span class='ocrx_word' id='word_1_44' title='bbox 2591 619 2756 673; x_wconf 91' lang='lat' dir='ltr'><strong>porro</strong></span> <span class='ocrx_word' id='word_1_45' title='bbox 2782 606 3037 674; x_wconf 66' lang='lat' dir='ltr'><strong>praeditos</strong></span> <span class='ocrx_word' id='word_1_46' title='bbox 3076 622 3234 677; x_wconf 86' lang='lat' dir='ltr'><strong>super</strong></span> <span class='ocrx_word' id='word_1_47' title='bbox 3260 617 3392 664; x_wconf 86' lang='lat' dir='ltr'><strong>statu</strong></span> <span class='ocrx_word' id='word_1_48' title='bbox 3419 614 3582 666; x_wconf 79' lang='lat' dir='ltr'><strong>anima:</strong></span> <span class='ocrx_word' id='word_1_49' title='bbox 3603 631 3700 670; x_wconf 68' lang='lat' dir='ltr'><strong>seu.</strong></span> 
     </span>
    </p>
   </div>
   <div class='ocr_carea' id='block_1_8' title="bbox 517 689 2102 762">
    <p class='ocr_par' dir='ltr' id='par_1_8' title="bbox 517 689 2102 762">
     <span class='ocr_line' id='line_1_8' title="bbox 517 689 2102 762; baseline -0.001 -17"><span class='ocrx_word' id='word_1_50' title='bbox 517 691 737 760; x_wconf 81' lang='lat' dir='ltr'><strong>quaero?</strong></span> <span class='ocrx_word' id='word_1_51' title='bbox 778 689 859 744; x_wconf 80' lang='lat' dir='ltr'><strong>Ex</strong></span> <span class='ocrx_word' id='word_1_52' title='bbox 904 690 1083 744; x_wconf 89' lang='lat' dir='ltr'><strong>anima</strong></span> <span class='ocrx_word' id='word_1_53' title='bbox 1124 690 1267 744; x_wconf 91' lang='lat' dir='ltr'><strong>enim</strong></span> <span class='ocrx_word' id='word_1_54' title='bbox 1308 706 1492 746; x_wconf 90' lang='lat' dir='ltr'><strong>sumus</strong></span> <span class='ocrx_word' id='word_1_55' title='bbox 1521 699 1576 747; x_wconf 90' lang='lat' dir='ltr'><strong>et</strong></span> <span class='ocrx_word' id='word_1_56' title='bbox 1603 706 1849 762; x_wconf 91' lang='lat' dir='ltr'><strong>corpore.</strong></span> <span class='ocrx_word' id='word_1_57' title='bbox 1902 692 1978 746; x_wconf 85' lang='lat' dir='ltr'><strong>Ac</strong></span> <span class='ocrx_word' id='word_1_58' title='bbox 2003 706 2102 761; x_wconf 89' lang='lat' dir='ltr'><strong>per</strong></span> 
     </span>
    </p>
   </div>
   <div class='ocr_carea' id='block_1_9' title="bbox 515 782 2096 854">
    <p class='ocr_par' dir='ltr' id='par_1_9' title="bbox 515 782 2096 854">
     <span class='ocr_line' id='line_1_9' title="bbox 515 782 2096 854; baseline 0 -16"><span class='ocrx_word' id='word_1_59' title='bbox 515 785 621 839; x_wconf 90' lang='lat' dir='ltr'><strong>hoc</strong></span> <span class='ocrx_word' id='word_1_60' title='bbox 648 800 771 840; x_wconf 91' lang='lat' dir='ltr'><strong>cum</strong></span> <span class='ocrx_word' id='word_1_61' title='bbox 818 782 1144 851; x_wconf 88' lang='lat' dir='ltr'><strong>sequestrari</strong></span> <span class='ocrx_word' id='word_1_62' title='bbox 1187 797 1218 836; x_wconf 89' lang='lat' dir='ltr'><strong>a</strong></span> <span class='ocrx_word' id='word_1_63' title='bbox 1261 784 1550 854; x_wconf 90' lang='lat' dir='ltr'><strong>semetipso</strong></span> <span class='ocrx_word' id='word_1_64' title='bbox 1606 792 1838 852; x_wconf 86' lang='lat' dir='ltr'><strong>nequeat</strong></span> <span class='ocrx_word' id='word_1_65' title='bbox 1866 784 2096 850; x_wconf 90' lang='lat' dir='ltr'><strong>animus,</strong></span> 
     </span>
    </p>
   </div>
   <div class='ocr_carea' id='block_1_10' title="bbox 517 872 2094 944">
    <p class='ocr_par' dir='ltr' id='par_1_10' title="bbox 517 872 2094 944">
     <span class='ocr_line' id='line_1_10' title="bbox 517 872 2094 944; baseline 0.002 -18"><span class='ocrx_word' id='word_1_66' title='bbox 517 873 648 926; x_wconf 85' lang='lat' dir='ltr'><strong>nihil</strong></span> <span class='ocrx_word' id='word_1_67' title='bbox 680 872 732 926; x_wconf 92' lang='lat' dir='ltr'><strong>in</strong></span> <span class='ocrx_word' id='word_1_68' title='bbox 764 872 919 927; x_wconf 86' lang='lat' dir='ltr'><strong>nobis</strong></span> <span class='ocrx_word' id='word_1_69' title='bbox 945 880 1028 926; x_wconf 93' lang='lat' dir='ltr'><strong>est</strong></span> <span class='ocrx_word' id='word_1_70' title='bbox 1061 873 1206 941; x_wconf 89' lang='lat' dir='ltr'><strong>quod</strong></span> <span class='ocrx_word' id='word_1_71' title='bbox 1234 874 1560 942; x_wconf 89' lang='lat' dir='ltr'><strong>sequestrari</strong></span> <span class='ocrx_word' id='word_1_72' title='bbox 1588 873 1758 943; x_wconf 90' lang='lat' dir='ltr'><strong>possit</strong></span> <span class='ocrx_word' id='word_1_73' title='bbox 1785 889 1816 927; x_wconf 91' lang='lat' dir='ltr'><strong>a</strong></span> <span class='ocrx_word' id='word_1_74' title='bbox 1844 889 2094 944; x_wconf 90' lang='lat' dir='ltr'><strong>corpore,</strong></span> 
     </span>
    </p>
   </div>
   <div class='ocr_carea' id='block_1_11' title="bbox 513 962 2098 1033">
    <p class='ocr_par' dir='ltr' id='par_1_11' title="bbox 513 962 2098 1033">
     <span class='ocr_line' id='line_1_11' title="bbox 513 962 2098 1033; baseline 0.001 -16"><span class='ocrx_word' id='word_1_75' title='bbox 513 965 558 1018; x_wconf 98' lang='lat' dir='ltr'><strong>si</strong></span> <span class='ocrx_word' id='word_1_76' title='bbox 589 979 787 1033; x_wconf 89' lang='lat' dir='ltr'><strong>corpus</strong></span> <span class='ocrx_word' id='word_1_77' title='bbox 815 970 896 1018; x_wconf 90' lang='lat' dir='ltr'><strong>est</strong></span> <span class='ocrx_word' id='word_1_78' title='bbox 925 964 1150 1018; x_wconf 89' lang='lat' dir='ltr'><strong>animus.</strong></span> <span class='ocrx_word' id='word_1_79' title='bbox 1203 962 1330 1029; x_wconf 90' lang='lat' dir='ltr'><strong>Cur,</strong></span> <span class='ocrx_word' id='word_1_80' title='bbox 1361 972 1547 1019; x_wconf 85' lang='lat' dir='ltr'><strong>sancte</strong></span> <span class='ocrx_word' id='word_1_81' title='bbox 1577 965 1825 1020; x_wconf 83' lang='lat' dir='ltr'><strong>Ambrosi</strong></span> <span class='ocrx_word' id='word_1_82' title='bbox 1851 1005 1865 1030; x_wconf 97' lang='lat'><strong>,</strong></span> <span class='ocrx_word' id='word_1_83' title='bbox 1897 979 1992 1019; x_wconf 90' lang='lat' dir='ltr'><strong>cur</strong></span> <span class='ocrx_word' id='word_1_84' title='bbox 2016 971 2098 1019; x_wconf 89' lang='lat' dir='ltr'><strong>ta-</strong></span> 
     </span>
    </p>
   </div>
   <div class='ocr_carea' id='block_1_12' title="bbox 514 1052 2098 1122">
    <p class='ocr_par' dir='ltr' id='par_1_12' title="bbox 514 1052 2098 1122">
     <span class='ocr_line' id='line_1_12' title="bbox 514 1052 2098 1122; baseline 0.002 -16"><span class='ocrx_word' id='word_1_85' title='bbox 514 1054 638 1108; x_wconf 88' lang='lat' dir='ltr'><strong>liter</strong></span> <span class='ocrx_word' id='word_1_86' title='bbox 683 1053 885 1108; x_wconf 88' lang='lat' dir='ltr'><strong>doces?</strong></span> <span class='ocrx_word' id='word_1_87' title='bbox 939 1052 1049 1107; x_wconf 89' lang='lat' dir='ltr'><strong>Cur</strong></span> <span class='ocrx_word' id='word_1_88' title='bbox 1096 1068 1347 1122; x_wconf 86' lang='lat' dir='ltr'><strong>sponsam</strong></span> <span class='ocrx_word' id='word_1_89' title='bbox 1395 1052 1595 1108; x_wconf 87' lang='lat' dir='ltr'><strong>Christi</strong></span> <span class='ocrx_word' id='word_1_90' title='bbox 1638 1069 1794 1108; x_wconf 71' lang='lat' dir='ltr'><strong>creno</strong></span> <span class='ocrx_word' id='word_1_91' title='bbox 1849 1053 2098 1109; x_wconf 75' lang='lat' dir='ltr'><strong>falsitatis</strong></span> 
     </span>
    </p>
   </div>
   <div class='ocr_carea' id='block_1_13' title="bbox 514 1144 2096 1217">
    <p class='ocr_par' dir='ltr' id='par_1_13' title="bbox 514 1144 2096 1217">
     <span class='ocr_line' id='line_1_13' title="bbox 514 1144 2096 1217; baseline 0.001 -17"><span class='ocrx_word' id='word_1_92' title='bbox 514 1145 730 1200; x_wconf 89' lang='lat' dir='ltr'><strong>oblinis.</strong></span> <span class='ocrx_word' id='word_1_93' title='bbox 785 1144 895 1200; x_wconf 90' lang='lat' dir='ltr'><strong>Cur</strong></span> <span class='ocrx_word' id='word_1_94' title='bbox 933 1145 1177 1200; x_wconf 87' lang='lat' dir='ltr'><strong>eamdem</strong></span> <span class='ocrx_word' id='word_1_95' title='bbox 1215 1161 1246 1199; x_wconf 92' lang='lat' dir='ltr'><strong>a</strong></span> <span class='ocrx_word' id='word_1_96' title='bbox 1275 1146 1360 1201; x_wconf 92' lang='lat' dir='ltr'><strong>via</strong></span> <span class='ocrx_word' id='word_1_97' title='bbox 1386 1147 1626 1201; x_wconf 88' lang='lat' dir='ltr'><strong>veritatis</strong></span> <span class='ocrx_word' id='word_1_98' title='bbox 1654 1162 1809 1201; x_wconf 77' lang='lat' dir='ltr'><strong>szeva:</strong></span> <span class='ocrx_word' id='word_1_99' title='bbox 1836 1146 2096 1217; x_wconf 66' lang='lat' dir='ltr'><strong>prmdica-</strong></span> 
     </span>
    </p>
   </div>
   <div class='ocr_carea' id='block_1_14' title="bbox 513 1236 2099 1308">
    <p class='ocr_par' dir='ltr' id='par_1_14' title="bbox 513 1236 2099 1308">
     <span class='ocr_line' id='line_1_14' title="bbox 513 1236 2099 1308; baseline 0.003 -20"><span class='ocrx_word' id='word_1_100' title='bbox 513 1237 675 1291; x_wconf 87' lang='lat' dir='ltr'><strong>tionis</strong></span> <span class='ocrx_word' id='word_1_101' title='bbox 703 1236 968 1305; x_wconf 76' lang='lat' dir='ltr'><strong>impulsu,</strong></span> <span class='ocrx_word' id='word_1_102' title='bbox 1002 1237 1056 1290; x_wconf 91' lang='lat' dir='ltr'><strong>in</strong></span> <span class='ocrx_word' id='word_1_103' title='bbox 1095 1236 1250 1292; x_wconf 86' lang='lat' dir='ltr'><strong>devia</strong></span> <span class='ocrx_word' id='word_1_104' title='bbox 1279 1239 1507 1308; x_wconf 89' lang='lat' dir='ltr'><strong>abrupta</strong></span> <span class='ocrx_word' id='word_1_105' title='bbox 1537 1238 1830 1308; x_wconf 89' lang='lat' dir='ltr'><strong>propellis?</strong></span> <span class='ocrx_word' id='word_1_106' title='bbox 1877 1237 1986 1292; x_wconf 90' lang='lat' dir='ltr'><strong>Cur</strong></span> <span class='ocrx_word' id='word_1_107' title='bbox 2013 1253 2099 1293; x_wconf 84' lang='lat' dir='ltr'><strong>se-</strong></span> 
     </span>
    </p>
   </div>
   <div class='ocr_carea' id='block_1_15' title="bbox 456 1329 2096 1402">
    <p class='ocr_par' dir='ltr' id='par_1_15' title="bbox 456 1329 2096 1402">
     <span class='ocr_line' id='line_1_15' title="bbox 456 1329 2096 1402; baseline 0.001 -18"><span class='ocrx_word' id='word_1_108' title='bbox 456 1388 459 1394; x_wconf 57' lang='grc'><em>,</em></span> <span class='ocrx_word' id='word_1_109' title='bbox 512 1329 778 1398; x_wconf 90' lang='lat' dir='ltr'><strong>questrari</strong></span> <span class='ocrx_word' id='word_1_110' title='bbox 805 1337 1056 1399; x_wconf 89' lang='lat' dir='ltr'><strong>oportere</strong></span> <span class='ocrx_word' id='word_1_111' title='bbox 1084 1345 1115 1384; x_wconf 88' lang='lat' dir='ltr'><strong>a</strong></span> <span class='ocrx_word' id='word_1_112' title='bbox 1141 1345 1369 1400; x_wconf 89' lang='lat' dir='ltr'><strong>corpore</strong></span> <span class='ocrx_word' id='word_1_113' title='bbox 1396 1346 1593 1402; x_wconf 90' lang='lat' dir='ltr'><strong>corpus</strong></span> <span class='ocrx_word' id='word_1_114' title='bbox 1616 1332 1902 1402; x_wconf 82' lang='lat' dir='ltr'><strong>perhibes?</strong></span> <span class='ocrx_word' id='word_1_115' title='bbox 1931 1331 2096 1398; x_wconf 87' lang='lat' dir='ltr'><strong>Quid-</strong></span> 
     </span>
    </p>
   </div>
   <div class='ocr_carea' id='block_1_16' title="bbox 511 1419 2094 1492">
    <p class='ocr_par' dir='ltr' id='par_1_16' title="bbox 511 1419 2094 1492">
     <span class='ocr_line' id='line_1_16' title="bbox 511 1419 2094 1492; baseline 0.003 -20"><span class='ocrx_word' id='word_1_116' title='bbox 511 1435 636 1473; x_wconf 87' lang='lat' dir='ltr'><strong>nam</strong></span> <span class='ocrx_word' id='word_1_117' title='bbox 684 1419 865 1486; x_wconf 81' lang='lat' dir='ltr'><strong>istud,</strong></span> <span class='ocrx_word' id='word_1_118' title='bbox 917 1435 1140 1488; x_wconf 71' lang='lat' dir='ltr'><strong>quzeso,</strong></span> <span class='ocrx_word' id='word_1_119' title='bbox 1192 1421 1433 1492; x_wconf 89' lang='lat' dir='ltr'><strong>proderit</strong></span> <span class='ocrx_word' id='word_1_120' title='bbox 1479 1423 1728 1477; x_wconf 90' lang='lat' dir='ltr'><strong>homini?</strong></span> <span class='ocrx_word' id='word_1_121' title='bbox 1783 1422 1922 1477; x_wconf 86' lang='lat' dir='ltr'><strong>Num</strong></span> <span class='ocrx_word' id='word_1_122' title='bbox 1967 1422 2094 1492; x_wconf 90' lang='lat' dir='ltr'><strong>quia</strong></span> 
     </span>
    </p>
   </div>
   <div class='ocr_carea' id='block_1_17' title="bbox 508 1512 2094 1582">
    <p class='ocr_par' dir='ltr' id='par_1_17' title="bbox 508 1512 2094 1582">
     <span class='ocr_line' id='line_1_17' title="bbox 508 1512 2094 1582; baseline 0.001 -16"><span class='ocrx_word' id='word_1_123' title='bbox 508 1512 743 1567; x_wconf 87' lang='lat' dir='ltr'><strong>hominis</strong></span> <span class='ocrx_word' id='word_1_124' title='bbox 793 1512 1063 1567; x_wconf 89' lang='lat' dir='ltr'><strong>interioris</strong></span> <span class='ocrx_word' id='word_1_125' title='bbox 1106 1520 1188 1568; x_wconf 90' lang='lat' dir='ltr'><strong>est</strong></span> <span class='ocrx_word' id='word_1_126' title='bbox 1232 1521 1427 1568; x_wconf 89' lang='lat' dir='ltr'><strong>natura</strong></span> <span class='ocrx_word' id='word_1_127' title='bbox 1474 1514 1739 1578; x_wconf 87' lang='lat' dir='ltr'><strong>subtilior,</strong></span> <span class='ocrx_word' id='word_1_128' title='bbox 1771 1528 1892 1582; x_wconf 87' lang='lat' dir='ltr'><strong>qua:</strong></span> <span class='ocrx_word' id='word_1_129' title='bbox 1915 1521 2094 1568; x_wconf 87' lang='lat' dir='ltr'><strong>tamen</strong></span> 
     </span>
    </p>
   </div>
   <div class='ocr_carea' id='block_1_18' title="bbox 510 1603 2094 1674">
    <p class='ocr_par' dir='ltr' id='par_1_18' title="bbox 510 1603 2094 1674">
     <span class='ocr_line' id='line_1_18' title="bbox 510 1603 2094 1674; baseline 0.001 -18"><span class='ocrx_word' id='word_1_130' title='bbox 510 1618 619 1657; x_wconf 93' lang='lat' dir='ltr'><strong>non</strong></span> <span class='ocrx_word' id='word_1_131' title='bbox 645 1609 727 1658; x_wconf 90' lang='lat' dir='ltr'><strong>est</strong></span> <span class='ocrx_word' id='word_1_132' title='bbox 754 1603 855 1657; x_wconf 90' lang='lat' dir='ltr'><strong>nisi</strong></span> <span class='ocrx_word' id='word_1_133' title='bbox 885 1618 1107 1672; x_wconf 90' lang='lat' dir='ltr'><strong>corpus;</strong></span> <span class='ocrx_word' id='word_1_134' title='bbox 1139 1603 1336 1659; x_wconf 91' lang='lat' dir='ltr'><strong>idcirco</strong></span> <span class='ocrx_word' id='word_1_135' title='bbox 1362 1605 1608 1659; x_wconf 89' lang='lat' dir='ltr'><strong>eamdem</strong></span> <span class='ocrx_word' id='word_1_136' title='bbox 1636 1604 1809 1674; x_wconf 90' lang='lat' dir='ltr'><strong>disjici</strong></span> <span class='ocrx_word' id='word_1_137' title='bbox 1840 1603 2094 1658; x_wconf 89' lang='lat' dir='ltr'><strong>convenit</strong></span> 
     </span>
    </p>
   </div>
   <div class='ocr_carea' id='block_1_19' title="bbox 509 1694 2086 1765">
    <p class='ocr_par' dir='ltr' id='par_1_19' title="bbox 509 1694 2086 1765">
     <span class='ocr_line' id='line_1_19' title="bbox 509 1694 2086 1765; baseline -0.001 -16"><span class='ocrx_word' id='word_1_138' title='bbox 509 1703 670 1763; x_wconf 90' lang='lat' dir='ltr'><strong>atque</strong></span> <span class='ocrx_word' id='word_1_139' title='bbox 716 1695 998 1765; x_wconf 88' lang='lat' dir='ltr'><strong>separari?</strong></span> <span class='ocrx_word' id='word_1_140' title='bbox 1035 1694 1286 1764; x_wconf 87' lang='lat' dir='ltr'><strong>Nunquid</strong></span> <span class='ocrx_word' id='word_1_141' title='bbox 1313 1696 1569 1764; x_wconf 90' lang='lat' dir='ltr'><strong>quoniam</strong></span> <span class='ocrx_word' id='word_1_142' title='bbox 1609 1695 1662 1749; x_wconf 91' lang='lat' dir='ltr'><strong>in</strong></span> <span class='ocrx_word' id='word_1_143' title='bbox 1693 1696 1793 1750; x_wconf 90' lang='lat' dir='ltr'><strong>hac</strong></span> <span class='ocrx_word' id='word_1_144' title='bbox 1820 1701 2086 1750; x_wconf 86' lang='lat' dir='ltr'><strong>structura</strong></span> 
     </span>
    </p>
   </div>
   <div class='ocr_carea' id='block_1_20' title="bbox 2201 696 3706 774">
    <p class='ocr_par' dir='ltr' id='par_1_20' title="bbox 2201 696 3706 774">
     <span class='ocr_line' id='line_1_20' title="bbox 2201 696 3706 774; baseline 0.009 -25"><span class='ocrx_word' id='word_1_145' title='bbox 2201 696 2303 750; x_wconf 92' lang='lat' dir='ltr'><strong>tire</strong></span> <span class='ocrx_word' id='word_1_146' title='bbox 2331 696 2610 751; x_wconf 90' lang='lat' dir='ltr'><strong>nobiscum</strong></span> <span class='ocrx_word' id='word_1_147' title='bbox 2635 738 2650 762; x_wconf 95' lang='lat'><strong>,</strong></span> <span class='ocrx_word' id='word_1_148' title='bbox 2701 698 3070 767; x_wconf 89' lang='lat' dir='ltr'><strong>inermemque</strong></span> <span class='ocrx_word' id='word_1_149' title='bbox 3097 707 3148 753; x_wconf 91' lang='lat' dir='ltr'><strong>te</strong></span> <span class='ocrx_word' id='word_1_150' title='bbox 3177 703 3488 758; x_wconf 82' lang='lat' dir='ltr'><strong>auctoritatis</strong></span> <span class='ocrx_word' id='word_1_151' title='bbox 3511 707 3706 774; x_wconf 87' lang='lat' dir='ltr'><strong>pondere</strong></span> 
     </span>
    </p>
   </div>
   <div class='ocr_carea' id='block_1_21' title="bbox 2200 788 3700 866">
    <p class='ocr_par' dir='ltr' id='par_1_21' title="bbox 2200 788 3700 866">
     <span class='ocr_line' id='line_1_21' title="bbox 2200 788 3700 866; baseline 0.007 -25"><span class='ocrx_word' id='word_1_152' title='bbox 2200 794 2256 841; x_wconf 91' lang='lat' dir='ltr'><strong>et</strong></span> <span class='ocrx_word' id='word_1_153' title='bbox 2280 788 2506 843; x_wconf 89' lang='lat' dir='ltr'><strong>rationis</strong></span> <span class='ocrx_word' id='word_1_154' title='bbox 2531 788 2736 843; x_wconf 90' lang='lat' dir='ltr'><strong>viribus</strong></span> <span class='ocrx_word' id='word_1_155' title='bbox 2761 797 3128 858; x_wconf 87' lang='lat' dir='ltr'><strong>prosternere,</strong></span> <span class='ocrx_word' id='word_1_156' title='bbox 3153 791 3241 860; x_wconf 90' lang='lat' dir='ltr'><strong>qui</strong></span> <span class='ocrx_word' id='word_1_157' title='bbox 3269 792 3526 862; x_wconf 80' lang='lat' dir='ltr'><strong>disparatis</strong></span> <span class='ocrx_word' id='word_1_158' title='bbox 3550 813 3700 866; x_wconf 87' lang='lat' dir='ltr'><strong>corpo-</strong></span> 
     </span>
    </p>
   </div>
   <div class='ocr_carea' id='block_1_22' title="bbox 2199 879 3705 952">
    <p class='ocr_par' dir='ltr' id='par_1_22' title="bbox 2199 879 3705 952">
     <span class='ocr_line' id='line_1_22' title="bbox 2199 879 3705 952; baseline 0.005 -18"><span class='ocrx_word' id='word_1_159' title='bbox 2199 879 2348 935; x_wconf 90' lang='lat' dir='ltr'><strong>ribus</strong></span> <span class='ocrx_word' id='word_1_160' title='bbox 2387 882 2630 935; x_wconf 86' lang='lat' dir='ltr'><strong>vanitate</strong></span> <span class='ocrx_word' id='word_1_161' title='bbox 2658 881 2936 952; x_wconf 85' lang='lat' dir='ltr'><strong>sapientia:</strong></span> <span class='ocrx_word' id='word_1_162' title='bbox 2958 923 2973 947; x_wconf 93' lang='lat'><strong>,</strong></span> <span class='ocrx_word' id='word_1_163' title='bbox 3019 882 3149 936; x_wconf 91' lang='lat' dir='ltr'><strong>duas</strong></span> <span class='ocrx_word' id='word_1_164' title='bbox 3178 884 3372 940; x_wconf 88' lang='lat' dir='ltr'><strong>animas</strong></span> <span class='ocrx_word' id='word_1_165' title='bbox 3397 887 3468 938; x_wconf 86' lang='lat' dir='ltr'><strong>vis</strong></span> <span class='ocrx_word' id='word_1_166' title='bbox 3494 903 3626 942; x_wconf 84' lang='lat' dir='ltr'><strong>unam</strong></span> <span class='ocrx_word' id='word_1_167' title='bbox 3652 888 3705 941; x_wconf 56' lang='lat' dir='ltr'><strong>fa.</strong></span> 
     </span>
    </p>
   </div>
   <div class='ocr_carea' id='block_1_23' title="bbox 2198 971 3701 1045">
    <p class='ocr_par' dir='ltr' id='par_1_23' title="bbox 2198 971 3701 1045">
     <span class='ocr_line' id='line_1_23' title="bbox 2198 971 3701 1045; baseline 0.006 -21"><span class='ocrx_word' id='word_1_168' title='bbox 2198 986 2341 1025; x_wconf 90' lang='lat' dir='ltr'><strong>cere.</strong></span> <span class='ocrx_word' id='word_1_169' title='bbox 2421 971 2571 1026; x_wconf 89' lang='lat' dir='ltr'><strong>Unde</strong></span> <span class='ocrx_word' id='word_1_170' title='bbox 2598 973 2820 1027; x_wconf 90' lang='lat' dir='ltr'><strong>multum</strong></span> <span class='ocrx_word' id='word_1_171' title='bbox 2850 973 3020 1028; x_wconf 89' lang='lat' dir='ltr'><strong>miror</strong></span> <span class='ocrx_word' id='word_1_172' title='bbox 3049 972 3415 1045; x_wconf 82' lang='lat' dir='ltr'><strong>Hieronymum</strong></span> <span class='ocrx_word' id='word_1_173' title='bbox 3445 978 3525 1030; x_wconf 85' lang='lat' dir='ltr'><strong>tibi</strong></span> <span class='ocrx_word' id='word_1_174' title='bbox 3551 988 3701 1034; x_wconf 87' lang='lat' dir='ltr'><strong>testem</strong></span> 
     </span>
    </p>
   </div>
   <div class='ocr_carea' id='block_1_24' title="bbox 2198 1060 3700 1136">
    <p class='ocr_par' dir='ltr' id='par_1_24' title="bbox 2198 1060 3700 1136">
     <span class='ocr_line' id='line_1_24' title="bbox 2198 1060 3700 1136; baseline 0.005 -22"><span class='ocrx_word' id='word_1_175' title='bbox 2198 1060 2441 1125; x_wconf 88' lang='lat' dir='ltr'><strong>citatum,</strong></span> <span class='ocrx_word' id='word_1_176' title='bbox 2465 1078 2586 1117; x_wconf 89' lang='lat' dir='ltr'><strong>cum</strong></span> <span class='ocrx_word' id='word_1_177' title='bbox 2613 1063 2926 1132; x_wconf 90' lang='lat' dir='ltr'><strong>potissimus</strong></span> <span class='ocrx_word' id='word_1_178' title='bbox 2956 1071 3301 1118; x_wconf 88' lang='lat' dir='ltr'><strong>tractatorum</strong></span> <span class='ocrx_word' id='word_1_179' title='bbox 3328 1067 3526 1120; x_wconf 86' lang='lat' dir='ltr'><strong>minimc</strong></span> <span class='ocrx_word' id='word_1_180' title='bbox 3552 1076 3700 1136; x_wconf 66' lang='lat' dir='ltr'><strong>potae.</strong></span> 
     </span>
    </p>
   </div>
   <div class='ocr_carea' id='block_1_25' title="bbox 2196 1151 3699 1226">
    <p class='ocr_par' dir='ltr' id='par_1_25' title="bbox 2196 1151 3699 1226">
     <span class='ocr_line' id='line_1_25' title="bbox 2196 1151 3699 1226; baseline 0.006 -23"><span class='ocrx_word' id='word_1_181' title='bbox 2196 1151 2267 1204; x_wconf 92' lang='lat' dir='ltr'><strong>rit</strong></span> <span class='ocrx_word' id='word_1_182' title='bbox 2295 1158 2351 1205; x_wconf 89' lang='lat' dir='ltr'><strong>et</strong></span> <span class='ocrx_word' id='word_1_183' title='bbox 2372 1167 2471 1220; x_wconf 91' lang='lat' dir='ltr'><strong>pro</strong></span> <span class='ocrx_word' id='word_1_184' title='bbox 2499 1153 2677 1206; x_wconf 91' lang='lat' dir='ltr'><strong>anima</strong></span> <span class='ocrx_word' id='word_1_185' title='bbox 2701 1160 2760 1207; x_wconf 91' lang='lat' dir='ltr'><strong>et</strong></span> <span class='ocrx_word' id='word_1_186' title='bbox 2789 1154 2842 1207; x_wconf 92' lang='lat' dir='ltr'><strong>in</strong></span> <span class='ocrx_word' id='word_1_187' title='bbox 2872 1155 3105 1208; x_wconf 89' lang='lat' dir='ltr'><strong>animam</strong></span> <span class='ocrx_word' id='word_1_188' title='bbox 3135 1155 3413 1224; x_wconf 86' lang='lat' dir='ltr'><strong>disputare.</strong></span> <span class='ocrx_word' id='word_1_189' title='bbox 3445 1157 3699 1226; x_wconf 85' lang='lat' dir='ltr'><strong>Quanquam</strong></span> 
     </span>
    </p>
   </div>
   <div class='ocr_carea' id='block_1_26' title="bbox 2197 1241 3702 1317">
    <p class='ocr_par' dir='ltr' id='par_1_26' title="bbox 2197 1241 3702 1317">
     <span class='ocr_line' id='line_1_26' title="bbox 2197 1241 3702 1317; baseline 0.006 -24"><span class='ocrx_word' id='word_1_190' title='bbox 2197 1256 2315 1310; x_wconf 86' lang='lat' dir='ltr'><strong>qua:</strong></span> <span class='ocrx_word' id='word_1_191' title='bbox 2342 1256 2409 1294; x_wconf 79' lang='lat' dir='ltr'><strong>ex</strong></span> <span class='ocrx_word' id='word_1_192' title='bbox 2436 1241 2624 1296; x_wconf 90' lang='lat' dir='ltr'><strong>eodem</strong></span> <span class='ocrx_word' id='word_1_193' title='bbox 2656 1242 2936 1297; x_wconf 88' lang='lat' dir='ltr'><strong>adversum</strong></span> <span class='ocrx_word' id='word_1_194' title='bbox 2967 1259 3069 1299; x_wconf 92' lang='lat' dir='ltr'><strong>nos</strong></span> <span class='ocrx_word' id='word_1_195' title='bbox 3112 1244 3255 1300; x_wconf 89' lang='lat' dir='ltr'><strong>haud</strong></span> <span class='ocrx_word' id='word_1_196' title='bbox 3292 1246 3537 1300; x_wconf 89' lang='lat' dir='ltr'><strong>intellecta</strong></span> <span class='ocrx_word' id='word_1_197' title='bbox 3563 1251 3702 1317; x_wconf 87' lang='lat' dir='ltr'><strong>posui-</strong></span> 
     </span>
    </p>
   </div>
   <div class='ocr_carea' id='block_1_27' title="bbox 2195 1331 3701 1406">
    <p class='ocr_par' dir='ltr' id='par_1_27' title="bbox 2195 1331 3701 1406">
     <span class='ocr_line' id='line_1_27' title="bbox 2195 1331 3701 1406; baseline 0.007 -22"><span class='ocrx_word' id='word_1_198' title='bbox 2195 1331 2281 1396; x_wconf 90' lang='lat' dir='ltr'><strong>sti,</strong></span> <span class='ocrx_word' id='word_1_199' title='bbox 2312 1347 2412 1385; x_wconf 92' lang='lat' dir='ltr'><strong>nos</strong></span> <span class='ocrx_word' id='word_1_200' title='bbox 2439 1347 2505 1386; x_wconf 92' lang='lat' dir='ltr'><strong>eo</strong></span> <span class='ocrx_word' id='word_1_201' title='bbox 2534 1349 2702 1403; x_wconf 91' lang='lat' dir='ltr'><strong>usque</strong></span> <span class='ocrx_word' id='word_1_202' title='bbox 2729 1333 3060 1398; x_wconf 89' lang='lat' dir='ltr'><strong>conducant,</strong></span> <span class='ocrx_word' id='word_1_203' title='bbox 3115 1337 3193 1390; x_wconf 88' lang='lat' dir='ltr'><strong>uti</strong></span> <span class='ocrx_word' id='word_1_204' title='bbox 3231 1352 3386 1406; x_wconf 91' lang='lat' dir='ltr'><strong>quam</strong></span> <span class='ocrx_word' id='word_1_205' title='bbox 3420 1339 3585 1393; x_wconf 86' lang='lat' dir='ltr'><strong>callide</strong></span> <span class='ocrx_word' id='word_1_206' title='bbox 3621 1356 3701 1395; x_wconf 89' lang='lat' dir='ltr'><strong>non</strong></span> 
     </span>
    </p>
   </div>
   <div class='ocr_carea' id='block_1_28' title="bbox 2195 1421 3702 1493">
    <p class='ocr_par' dir='ltr' id='par_1_28' title="bbox 2195 1421 3702 1493">
     <span class='ocr_line' id='line_1_28' title="bbox 2195 1421 3702 1493; baseline 0.007 -19"><span class='ocrx_word' id='word_1_207' title='bbox 2195 1421 2572 1488; x_wconf 85' lang='lat' dir='ltr'><strong>adversarius,</strong></span> <span class='ocrx_word' id='word_1_208' title='bbox 2638 1439 2824 1478; x_wconf 89' lang='lat' dir='ltr'><strong>verum</strong></span> <span class='ocrx_word' id='word_1_209' title='bbox 2871 1426 3251 1493; x_wconf 52' lang='lat' dir='ltr'><strong>prevaricator</strong></span> <span class='ocrx_word' id='word_1_210' title='bbox 3291 1429 3582 1484; x_wconf 85' lang='lat' dir='ltr'><strong>subornatus</strong></span> <span class='ocrx_word' id='word_1_211' title='bbox 3615 1446 3702 1486; x_wconf 86' lang='lat' dir='ltr'><strong>esse</strong></span> 
     </span>
    </p>
   </div>
   <div class='ocr_carea' id='block_1_29' title="bbox 2194 1513 3702 1584">
    <p class='ocr_par' dir='ltr' id='par_1_29' title="bbox 2194 1513 3702 1584">
     <span class='ocr_line' id='line_1_29' title="bbox 2194 1513 3702 1584; baseline 0.006 -16"><span class='ocrx_word' id='word_1_212' title='bbox 2194 1513 2460 1581; x_wconf 85' lang='lat' dir='ltr'><strong>videaris,</strong></span> <span class='ocrx_word' id='word_1_213' title='bbox 2508 1515 2599 1584; x_wconf 87' lang='lat' dir='ltr'><strong>qui</strong></span> <span class='ocrx_word' id='word_1_214' title='bbox 2651 1516 2798 1570; x_wconf 89' lang='lat' dir='ltr'><strong>velut</strong></span> <span class='ocrx_word' id='word_1_215' title='bbox 2843 1525 3153 1572; x_wconf 88' lang='lat' dir='ltr'><strong>asscntante</strong></span> <span class='ocrx_word' id='word_1_216' title='bbox 3197 1520 3421 1575; x_wconf 89' lang='lat' dir='ltr'><strong>colludio</strong></span> <span class='ocrx_word' id='word_1_217' title='bbox 3449 1521 3610 1576; x_wconf 88' lang='lat' dir='ltr'><strong>feceris</strong></span> <span class='ocrx_word' id='word_1_218' title='bbox 3630 1539 3702 1578; x_wconf 86' lang='lat' dir='ltr'><strong>nos</strong></span> 
     </span>
    </p>
   </div>
   <div class='ocr_carea' id='block_1_30' title="bbox 2195 1604 3701 1679">
    <p class='ocr_par' dir='ltr' id='par_1_30' title="bbox 2195 1604 3701 1679">
     <span class='ocr_line' id='line_1_30' title="bbox 2195 1604 3701 1679; baseline 0.007 -22"><span class='ocrx_word' id='word_1_219' title='bbox 2195 1604 2299 1658; x_wconf 91' lang='lat' dir='ltr'><strong>tuis</strong></span> <span class='ocrx_word' id='word_1_220' title='bbox 2349 1605 2636 1659; x_wconf 88' lang='lat' dir='ltr'><strong>admodum</strong></span> <span class='ocrx_word' id='word_1_221' title='bbox 2685 1607 2908 1661; x_wconf 89' lang='lat' dir='ltr'><strong>testibus</strong></span> <span class='ocrx_word' id='word_1_222' title='bbox 2953 1609 3188 1662; x_wconf 88' lang='lat' dir='ltr'><strong>vincere.</strong></span> <span class='ocrx_word' id='word_1_223' title='bbox 3249 1609 3445 1679; x_wconf 88' lang='lat' dir='ltr'><strong>Quippe</strong></span> <span class='ocrx_word' id='word_1_224' title='bbox 3467 1612 3701 1679; x_wconf 82' lang='lat' dir='ltr'><strong>gloriosum</strong></span> 
     </span>
    </p>
   </div>
   <div class='ocr_carea' id='block_1_31' title="bbox 2190 1695 3703 1767">
    <p class='ocr_par' dir='ltr' id='par_1_31' title="bbox 2190 1695 3703 1767">
     <span class='ocr_line' id='line_1_31' title="bbox 2190 1695 3703 1767; baseline 0.005 -19"><span class='ocrx_word' id='word_1_225' title='bbox 2190 1695 2428 1750; x_wconf 90' lang='lat' dir='ltr'><strong>victoria:</strong></span> <span class='ocrx_word' id='word_1_226' title='bbox 2473 1708 2641 1763; x_wconf 84' lang='lat' dir='ltr'><strong>genus</strong></span> <span class='ocrx_word' id='word_1_227' title='bbox 2681 1703 2796 1758; x_wconf 90' lang='lat' dir='ltr'><strong>est,</strong></span> <span class='ocrx_word' id='word_1_228' title='bbox 2848 1697 2916 1750; x_wconf 88' lang='lat' dir='ltr'><strong>ab</strong></span> <span class='ocrx_word' id='word_1_229' title='bbox 2962 1712 3028 1751; x_wconf 90' lang='lat' dir='ltr'><strong>eo</strong></span> <span class='ocrx_word' id='word_1_230' title='bbox 3057 1713 3180 1751; x_wconf 92' lang='lat' dir='ltr'><strong>cum</strong></span> <span class='ocrx_word' id='word_1_231' title='bbox 3211 1713 3316 1767; x_wconf 90' lang='lat' dir='ltr'><strong>quo</strong></span> <span class='ocrx_word' id='word_1_232' title='bbox 3351 1699 3568 1755; x_wconf 90' lang='lat' dir='ltr'><strong>decertes</strong></span> <span class='ocrx_word' id='word_1_233' title='bbox 3591 1717 3703 1755; x_wconf 79' lang='lat' dir='ltr'><strong>arma</strong></span> 
     </span>
    </p>
   </div>
   <div class='ocr_carea' id='block_1_32' title="bbox 507 1775 3699 1855">
    <p class='ocr_par' dir='ltr' id='par_1_32' title="bbox 507 1775 3699 1855">
     <span class='ocr_line' id='line_1_32' title="bbox 507 1775 3699 1855; baseline 0.003 -20"><span class='ocrx_word' id='word_1_234' title='bbox 507 1781 790 1836; x_wconf 83' lang='lat' dir='ltr'><strong>mundana:</strong></span> <span class='ocrx_word' id='word_1_235' title='bbox 818 1782 976 1836; x_wconf 89' lang='lat' dir='ltr'><strong>molis</strong></span> <span class='ocrx_word' id='word_1_236' title='bbox 1003 1783 1249 1850; x_wconf 68' lang='lat' dir='ltr'><strong>quredam</strong></span> <span class='ocrx_word' id='word_1_237' title='bbox 1275 1783 1558 1837; x_wconf 90' lang='lat' dir='ltr'><strong>subtiliora</strong></span> <span class='ocrx_word' id='word_1_238' title='bbox 1587 1791 1641 1838; x_wconf 91' lang='lat' dir='ltr'><strong>et</strong></span> <span class='ocrx_word' id='word_1_239' title='bbox 1670 1784 1874 1839; x_wconf 89' lang='lat' dir='ltr'><strong>leviora</strong></span> <span class='ocrx_word' id='word_1_240' title='bbox 1892 1824 1906 1849; x_wconf 92' lang='lat'><strong>,</strong></span> <span class='ocrx_word' id='word_1_241' title='bbox 1939 1798 2089 1852; x_wconf 83' lang='lat' dir='ltr'><strong>quae-</strong></span> <span class='ocrx_word' id='word_1_242' title='bbox 2124 1775 2165 1832; x_wconf 86' lang='grc' dir='ltr'><strong>Î’</strong></span> <span class='ocrx_word' id='word_1_243' title='bbox 2193 1801 2406 1855; x_wconf 91' lang='lat' dir='ltr'><strong>capere,</strong></span> <span class='ocrx_word' id='word_1_244' title='bbox 2439 1786 2828 1854; x_wconf 71' lang='lat' dir='ltr'><strong>quzesitumque</strong></span> <span class='ocrx_word' id='word_1_245' title='bbox 2856 1786 3165 1842; x_wconf 89' lang='lat' dir='ltr'><strong>adversario</strong></span> <span class='ocrx_word' id='word_1_246' title='bbox 3199 1795 3385 1842; x_wconf 89' lang='lat' dir='ltr'><strong>testem</strong></span> <span class='ocrx_word' id='word_1_247' title='bbox 3410 1789 3539 1843; x_wconf 90' lang='lat' dir='ltr'><strong>illinc</strong></span> <span class='ocrx_word' id='word_1_248' title='bbox 3561 1797 3699 1852; x_wconf 85' lang='lat' dir='ltr'><strong>stare.</strong></span> 
     </span>
    </p>
   </div>
   <div class='ocr_carea' id='block_1_33' title="bbox 508 1872 2089 1941">
    <p class='ocr_par' dir='ltr' id='par_1_33' title="bbox 508 1872 2089 1941">
     <span class='ocr_line' id='line_1_33' title="bbox 508 1872 2089 1941; baseline 0.001 -15"><span class='ocrx_word' id='word_1_249' title='bbox 508 1873 632 1926; x_wconf 87' lang='lat' dir='ltr'><strong>dam</strong></span> <span class='ocrx_word' id='word_1_250' title='bbox 659 1872 921 1928; x_wconf 88' lang='lat' dir='ltr'><strong>crassiora</strong></span> <span class='ocrx_word' id='word_1_251' title='bbox 945 1881 1110 1941; x_wconf 88' lang='lat' dir='ltr'><strong>atque</strong></span> <span class='ocrx_word' id='word_1_252' title='bbox 1138 1873 1384 1941; x_wconf 83' lang='lat' dir='ltr'><strong>graviora</strong></span> <span class='ocrx_word' id='word_1_253' title='bbox 1415 1883 1566 1940; x_wconf 87' lang='lat' dir='ltr'><strong>sunt,</strong></span> <span class='ocrx_word' id='word_1_254' title='bbox 1599 1874 1799 1930; x_wconf 89' lang='lat' dir='ltr'><strong>idcirco</strong></span> <span class='ocrx_word' id='word_1_255' title='bbox 1828 1875 2089 1930; x_wconf 88' lang='lat' dir='ltr'><strong>tenuiori-</strong></span> 
     </span>
    </p>
   </div>
   <div class='ocr_carea' id='block_1_34' title="bbox 507 1965 2088 2037">
    <p class='ocr_par' dir='ltr' id='par_1_34' title="bbox 507 1965 2088 2037">
     <span class='ocr_line' id='line_1_34' title="bbox 507 1965 2088 2037; baseline 0.001 -17"><span class='ocrx_word' id='word_1_256' title='bbox 507 1966 608 2021; x_wconf 89' lang='lat' dir='ltr'><strong>bus</strong></span> <span class='ocrx_word' id='word_1_257' title='bbox 637 1967 936 2020; x_wconf 87' lang='lat' dir='ltr'><strong>universam</strong></span> <span class='ocrx_word' id='word_1_258' title='bbox 979 1965 1134 2020; x_wconf 89' lang='lat' dir='ltr'><strong>solidi</strong></span> <span class='ocrx_word' id='word_1_259' title='bbox 1162 1965 1320 2034; x_wconf 88' lang='lat' dir='ltr'><strong>hujus</strong></span> <span class='ocrx_word' id='word_1_260' title='bbox 1348 1967 1603 2022; x_wconf 85' lang='lat' dir='ltr'><strong>convenit</strong></span> <span class='ocrx_word' id='word_1_261' title='bbox 1630 1968 1839 2037; x_wconf 90' lang='lat' dir='ltr'><strong>rupisse</strong></span> <span class='ocrx_word' id='word_1_262' title='bbox 1868 1982 2088 2037; x_wconf 86' lang='lat' dir='ltr'><strong>compa-</strong></span> 
     </span>
    </p>
   </div>
   <div class='ocr_carea' id='block_1_35' title="bbox 455 2056 2088 2126">
    <p class='ocr_par' dir='ltr' id='par_1_35' title="bbox 455 2056 2088 2126">
     <span class='ocr_line' id='line_1_35' title="bbox 455 2056 2088 2126; baseline 0.001 -14"><span class='ocrx_word' id='word_1_263' title='bbox 455 2119 458 2122; x_wconf 33' lang='lat'><strong>,</strong></span> <span class='ocrx_word' id='word_1_264' title='bbox 505 2057 668 2124; x_wconf 88' lang='lat' dir='ltr'><strong>gem?</strong></span> <span class='ocrx_word' id='word_1_265' title='bbox 696 2057 801 2110; x_wconf 81' lang='lat' dir='ltr'><strong>Aut</strong></span> <span class='ocrx_word' id='word_1_266' title='bbox 827 2056 1038 2110; x_wconf 90' lang='lat' dir='ltr'><strong>beatior</strong></span> <span class='ocrx_word' id='word_1_267' title='bbox 1059 2071 1152 2110; x_wconf 90' lang='lat' dir='ltr'><strong>aer</strong></span> <span class='ocrx_word' id='word_1_268' title='bbox 1180 2057 1302 2123; x_wconf 89' lang='lat' dir='ltr'><strong>erit,</strong></span> <span class='ocrx_word' id='word_1_269' title='bbox 1333 2057 1378 2112; x_wconf 91' lang='lat' dir='ltr'><strong>si</strong></span> <span class='ocrx_word' id='word_1_270' title='bbox 1407 2073 1529 2112; x_wconf 92' lang='lat' dir='ltr'><strong>cum</strong></span> <span class='ocrx_word' id='word_1_271' title='bbox 1558 2073 1695 2126; x_wconf 90' lang='lat' dir='ltr'><strong>aqua</strong></span> <span class='ocrx_word' id='word_1_272' title='bbox 1719 2073 1782 2112; x_wconf 90' lang='lat' dir='ltr'><strong>ac</strong></span> <span class='ocrx_word' id='word_1_273' title='bbox 1810 2066 1952 2112; x_wconf 89' lang='lat' dir='ltr'><strong>terra</strong></span> <span class='ocrx_word' id='word_1_274' title='bbox 1981 2073 2088 2114; x_wconf 90' lang='lat' dir='ltr'><strong>non</strong></span> 
     </span>
    </p>
   </div>
   <div class='ocr_carea' id='block_1_36' title="bbox 504 2147 2089 2219">
    <p class='ocr_par' dir='ltr' id='par_1_36' title="bbox 504 2147 2089 2219">
     <span class='ocr_line' id='line_1_36' title="bbox 504 2147 2089 2219; baseline 0.002 -16"><span class='ocrx_word' id='word_1_275' title='bbox 504 2150 704 2205; x_wconf 85' lang='lat' dir='ltr'><strong>fuerit?</strong></span> <span class='ocrx_word' id='word_1_276' title='bbox 740 2148 901 2205; x_wconf 83' lang='lat' dir='ltr'><strong>Hisce</strong></span> <span class='ocrx_word' id='word_1_277' title='bbox 942 2147 1258 2218; x_wconf 90' lang='lat' dir='ltr'><strong>falsiloquiis</strong></span> <span class='ocrx_word' id='word_1_278' title='bbox 1286 2150 1876 2219; x_wconf 86' lang='lat' dir='ltr'><strong>circumgarrientibus,</strong></span> <span class='ocrx_word' id='word_1_279' title='bbox 1907 2151 2089 2206; x_wconf 91' lang='lat' dir='ltr'><strong>istius-</strong></span> 
     </span>
    </p>
   </div>
   <div class='ocr_carea' id='block_1_37' title="bbox 504 2241 2091 2312">
    <p class='ocr_par' dir='ltr' id='par_1_37' title="bbox 504 2241 2091 2312">
     <span class='ocr_line' id='line_1_37' title="bbox 504 2241 2091 2312; baseline 0.001 -15"><span class='ocrx_word' id='word_1_280' title='bbox 504 2243 649 2299; x_wconf 91' lang='lat' dir='ltr'><strong>modi</strong></span> <span class='ocrx_word' id='word_1_281' title='bbox 697 2241 800 2298; x_wconf 90' lang='lat' dir='ltr'><strong>fert</strong></span> <span class='ocrx_word' id='word_1_282' title='bbox 845 2242 933 2296; x_wconf 92' lang='lat' dir='ltr'><strong>ille</strong></span> <span class='ocrx_word' id='word_1_283' title='bbox 982 2258 1338 2312; x_wconf 88' lang='lat' dir='ltr'><strong>responsum:</strong></span> <span class='ocrx_word' id='word_1_284' title='bbox 1371 2243 1622 2309; x_wconf 64' lang='lat' dir='ltr'><strong>Quaedam</strong></span> <span class='ocrx_word' id='word_1_285' title='bbox 1663 2245 1818 2298; x_wconf 89' lang='lat' dir='ltr'><strong>nobis</strong></span> <span class='ocrx_word' id='word_1_286' title='bbox 1847 2245 2091 2299; x_wconf 89' lang='lat' dir='ltr'><strong>oboritur</strong></span> 
     </span>
    </p>
   </div>
   <div class='ocr_carea' id='block_1_38' title="bbox 503 2321 2089 2408">
    <p class='ocr_par' dir='ltr' id='par_1_38' title="bbox 503 2321 2089 2408">
     <span class='ocr_line' id='line_1_38' title="bbox 503 2321 2089 2408; baseline 0.001 -20"><span class='ocrx_word' id='word_1_287' title='bbox 503 2334 793 2408; x_wconf 79' lang='lat' dir='ltr'><strong>verborum</strong></span> <span class='ocrx_word' id='word_1_288' title='bbox 823 2333 982 2397; x_wconf 90' lang='lat' dir='ltr'><strong>nuda,</strong></span> <span class='ocrx_word' id='word_1_289' title='bbox 1017 2321 1227 2387; x_wconf 82' lang='lat' dir='ltr'><strong>virtutis</strong></span> <span class='ocrx_word' id='word_1_290' title='bbox 1256 2348 1426 2398; x_wconf 87' lang='lat' dir='ltr'><strong>cassa,</strong></span> <span class='ocrx_word' id='word_1_291' title='bbox 1461 2334 1685 2388; x_wconf 89' lang='lat' dir='ltr'><strong>rationis</strong></span> <span class='ocrx_word' id='word_1_292' title='bbox 1713 2334 1915 2399; x_wconf 88' lang='lat' dir='ltr'><strong>aliena,</strong></span> <span class='ocrx_word' id='word_1_293' title='bbox 1947 2335 2089 2389; x_wconf 89' lang='lat' dir='ltr'><strong>veri-</strong></span> 
     </span>
    </p>
   </div>
   <div class='ocr_carea' id='block_1_39' title="bbox 506 2424 2087 2496">
    <p class='ocr_par' dir='ltr' id='par_1_39' title="bbox 506 2424 2087 2496">
     <span class='ocr_line' id='line_1_39' title="bbox 506 2424 2087 2496; baseline 0 -16"><span class='ocrx_word' id='word_1_294' title='bbox 506 2426 628 2480; x_wconf 86' lang='lat' dir='ltr'><strong>tatis</strong></span> <span class='ocrx_word' id='word_1_295' title='bbox 656 2440 847 2490; x_wconf 89' lang='lat' dir='ltr'><strong>vacua,</strong></span> <span class='ocrx_word' id='word_1_296' title='bbox 879 2424 1128 2479; x_wconf 88' lang='lat' dir='ltr'><strong>vanitatis</strong></span> <span class='ocrx_word' id='word_1_297' title='bbox 1157 2439 1308 2490; x_wconf 89' lang='lat' dir='ltr'><strong>cava,</strong></span> <span class='ocrx_word' id='word_1_298' title='bbox 1341 2425 1606 2496; x_wconf 72' lang='lat' dir='ltr'><strong>superbiae</strong></span> <span class='ocrx_word' id='word_1_299' title='bbox 1637 2425 1858 2491; x_wconf 90' lang='lat' dir='ltr'><strong>tumida,</strong></span> <span class='ocrx_word' id='word_1_300' title='bbox 1890 2426 2087 2480; x_wconf 86' lang='lat' dir='ltr'><strong>novelli</strong></span> 
     </span>
    </p>
   </div>
   <div class='ocr_carea' id='block_1_40' title="bbox 505 2515 2088 2588">
    <p class='ocr_par' dir='ltr' id='par_1_40' title="bbox 505 2515 2088 2588">
     <span class='ocr_line' id='line_1_40' title="bbox 505 2515 2088 2588; baseline -0.001 -16"><span class='ocrx_word' id='word_1_301' title='bbox 505 2517 662 2588; x_wconf 85' lang='lat' dir='ltr'><strong>hujus</strong></span> <span class='ocrx_word' id='word_1_302' title='bbox 690 2517 992 2573; x_wconf 90' lang='lat' dir='ltr'><strong>schismatis</strong></span> <span class='ocrx_word' id='word_1_303' title='bbox 1032 2517 1148 2571; x_wconf 90' lang='lat' dir='ltr'><strong>sine</strong></span> <span class='ocrx_word' id='word_1_304' title='bbox 1176 2525 1398 2572; x_wconf 89' lang='lat' dir='ltr'><strong>auctore</strong></span> <span class='ocrx_word' id='word_1_305' title='bbox 1430 2515 1697 2581; x_wconf 90' lang='lat' dir='ltr'><strong>doctrina,</strong></span> <span class='ocrx_word' id='word_1_306' title='bbox 1729 2517 1869 2570; x_wconf 89' lang='lat' dir='ltr'><strong>elata</strong></span> <span class='ocrx_word' id='word_1_307' title='bbox 1899 2532 2088 2586; x_wconf 90' lang='lat' dir='ltr'><strong>super-</strong></span> 
     </span>
    </p>
   </div>
   <div class='ocr_carea' id='block_1_41' title="bbox 505 2604 2086 2675">
    <p class='ocr_par' dir='ltr' id='par_1_41' title="bbox 505 2604 2086 2675">
     <span class='ocr_line' id='line_1_41' title="bbox 505 2604 2086 2675; baseline -0.001 -14"><span class='ocrx_word' id='word_1_308' title='bbox 505 2607 646 2673; x_wconf 84' lang='lat' dir='ltr'><strong>cilio,</strong></span> <span class='ocrx_word' id='word_1_309' title='bbox 688 2606 896 2675; x_wconf 87' lang='lat' dir='ltr'><strong>abjecta</strong></span> <span class='ocrx_word' id='word_1_310' title='bbox 934 2605 1242 2671; x_wconf 89' lang='lat' dir='ltr'><strong>mendacio,</strong></span> <span class='ocrx_word' id='word_1_311' title='bbox 1286 2604 1485 2659; x_wconf 87' lang='lat' dir='ltr'><strong>referta</strong></span> <span class='ocrx_word' id='word_1_312' title='bbox 1527 2605 1790 2668; x_wconf 90' lang='lat' dir='ltr'><strong>convicio,</strong></span> <span class='ocrx_word' id='word_1_313' title='bbox 1845 2604 2086 2660; x_wconf 86' lang='lat' dir='ltr'><strong>Creatori</strong></span> 
     </span>
    </p>
   </div>
   <div class='ocr_carea' id='block_1_42' title="bbox 505 2695 2087 2770">
    <p class='ocr_par' dir='ltr' id='par_1_42' title="bbox 505 2695 2087 2770">
     <span class='ocr_line' id='line_1_42' title="bbox 505 2695 2087 2770; baseline -0.003 -17"><span class='ocrx_word' id='word_1_314' title='bbox 505 2706 825 2770; x_wconf 87' lang='lat' dir='ltr'><strong>potestatem</strong></span> <span class='ocrx_word' id='word_1_315' title='bbox 871 2697 1217 2766; x_wconf 88' lang='lat' dir='ltr'><strong>subripiens,</strong></span> <span class='ocrx_word' id='word_1_316' title='bbox 1267 2695 1484 2764; x_wconf 76' lang='lat' dir='ltr'><strong>imagini</strong></span> <span class='ocrx_word' id='word_1_317' title='bbox 1528 2695 1874 2763; x_wconf 89' lang='lat' dir='ltr'><strong>dignitatem,</strong></span> <span class='ocrx_word' id='word_1_318' title='bbox 1925 2710 2087 2764; x_wconf 89' lang='lat' dir='ltr'><strong>quam</strong></span> 
     </span>
    </p>
   </div>
   <div class='ocr_carea' id='block_1_43' title="bbox 503 2786 2088 2855">
    <p class='ocr_par' dir='ltr' id='par_1_43' title="bbox 503 2786 2088 2855">
     <span class='ocr_line' id='line_1_43' title="bbox 503 2786 2088 2855; baseline -0.003 -12"><span class='ocrx_word' id='word_1_319' title='bbox 503 2789 640 2844; x_wconf 91' lang='lat' dir='ltr'><strong>miro</strong></span> <span class='ocrx_word' id='word_1_320' title='bbox 695 2788 934 2843; x_wconf 61' lang='lat' dir='ltr'><strong>stultitiae</strong></span> <span class='ocrx_word' id='word_1_321' title='bbox 995 2801 1193 2854; x_wconf 78' lang='lat' dir='ltr'><strong>genere</strong></span> <span class='ocrx_word' id='word_1_322' title='bbox 1239 2787 1732 2855; x_wconf 87' lang='lat' dir='ltr'><strong>comparationibus</strong></span> <span class='ocrx_word' id='word_1_323' title='bbox 1776 2786 2088 2840; x_wconf 73' lang='lat' dir='ltr'><strong>substantia:</strong></span> 
     </span>
    </p>
   </div>
   <div class='ocr_carea' id='block_1_44' title="bbox 501 2877 2087 2948">
    <p class='ocr_par' dir='ltr' id='par_1_44' title="bbox 501 2877 2087 2948">
     <span class='ocr_line' id='line_1_44' title="bbox 501 2877 2087 2948; baseline -0.003 -12"><span class='ocrx_word' id='word_1_324' title='bbox 501 2880 801 2948; x_wconf 65' lang='lat' dir='ltr'><strong>corporalis</strong></span> <span class='ocrx_word' id='word_1_325' title='bbox 848 2877 1089 2934; x_wconf 84' lang='lat' dir='ltr'><strong>infamat.</strong></span> <span class='ocrx_word' id='word_1_326' title='bbox 1151 2877 1409 2932; x_wconf 82' lang='lat' dir='ltr'><strong>Asserens</strong></span> <span class='ocrx_word' id='word_1_327' title='bbox 1441 2878 1645 2932; x_wconf 89' lang='lat' dir='ltr'><strong>scilicet</strong></span> <span class='ocrx_word' id='word_1_328' title='bbox 1673 2886 1780 2930; x_wconf 88' lang='lat' dir='ltr'><strong>tam</strong></span> <span class='ocrx_word' id='word_1_329' title='bbox 1812 2878 1943 2930; x_wconf 88' lang='lat' dir='ltr'><strong>nihil</strong></span> <span class='ocrx_word' id='word_1_330' title='bbox 1972 2878 2087 2932; x_wconf 89' lang='lat' dir='ltr'><strong>ani-</strong></span> 
     </span>
    </p>
   </div>
   <div class='ocr_carea' id='block_1_45' title="bbox 503 2968 2086 3039">
    <p class='ocr_par' dir='ltr' id='par_1_45' title="bbox 503 2968 2086 3039">
     <span class='ocr_line' id='line_1_45' title="bbox 503 2968 2086 3039; baseline 0 -15"><span class='ocrx_word' id='word_1_331' title='bbox 503 2986 592 3024; x_wconf 89' lang='lat' dir='ltr'><strong>mo</strong></span> <span class='ocrx_word' id='word_1_332' title='bbox 631 2968 849 3039; x_wconf 89' lang='lat' dir='ltr'><strong>profore</strong></span> <span class='ocrx_word' id='word_1_333' title='bbox 876 2969 1022 3038; x_wconf 91' lang='lat' dir='ltr'><strong>quod</strong></span> <span class='ocrx_word' id='word_1_334' title='bbox 1065 2969 1245 3024; x_wconf 87' lang='lat' dir='ltr'><strong>valeat</strong></span> <span class='ocrx_word' id='word_1_335' title='bbox 1272 2984 1502 3038; x_wconf 89' lang='lat' dir='ltr'><strong>corpore</strong></span> <span class='ocrx_word' id='word_1_336' title='bbox 1529 2969 1758 3031; x_wconf 90' lang='lat' dir='ltr'><strong>secerni,</strong></span> <span class='ocrx_word' id='word_1_337' title='bbox 1790 2984 1949 3038; x_wconf 90' lang='lat' dir='ltr'><strong>quam</strong></span> <span class='ocrx_word' id='word_1_338' title='bbox 1978 2985 2086 3024; x_wconf 91' lang='lat' dir='ltr'><strong>non</strong></span> 
     </span>
    </p>
   </div>
   <div class='ocr_carea' id='block_1_46' title="bbox 501 3060 2085 3117">
    <p class='ocr_par' dir='ltr' id='par_1_46' title="bbox 501 3060 2085 3117">
     <span class='ocr_line' id='line_1_46' title="bbox 501 3060 2085 3117; baseline 0 -1"><span class='ocrx_word' id='word_1_339' title='bbox 501 3063 572 3117; x_wconf 91' lang='lat' dir='ltr'><strong>sit</strong></span> <span class='ocrx_word' id='word_1_340' title='bbox 616 3061 727 3114; x_wconf 90' lang='lat' dir='ltr'><strong>aeri</strong></span> <span class='ocrx_word' id='word_1_341' title='bbox 767 3060 1107 3116; x_wconf 87' lang='lat' dir='ltr'><strong>conducibile</strong></span> <span class='ocrx_word' id='word_1_342' title='bbox 1172 3061 1526 3117; x_wconf 80' lang='lat' dir='ltr'><strong>crassioribus</strong></span> <span class='ocrx_word' id='word_1_343' title='bbox 1591 3061 1876 3116; x_wconf 88' lang='lat' dir='ltr'><strong>mundana:</strong></span> <span class='ocrx_word' id='word_1_344' title='bbox 1927 3062 2085 3116; x_wconf 91' lang='lat' dir='ltr'><strong>molis</strong></span> 
     </span>
    </p>
   </div>
   <div class='ocr_carea' id='block_1_47' title="bbox 501 3132 2151 3224">
    <p class='ocr_par' dir='ltr' id='par_1_47' title="bbox 501 3132 2151 3224">
     <span class='ocr_line' id='line_1_47' title="bbox 501 3132 2151 3224; baseline 0.001 -17"><span class='ocrx_word' id='word_1_345' title='bbox 501 3153 817 3222; x_wconf 90' lang='lat' dir='ltr'><strong>corporibus</strong></span> <span class='ocrx_word' id='word_1_346' title='bbox 857 3153 1114 3222; x_wconf 85' lang='lat' dir='ltr'><strong>separari.</strong></span> <span class='ocrx_word' id='word_1_347' title='bbox 1167 3152 1335 3209; x_wconf 89' lang='lat' dir='ltr'><strong>Porro</strong></span> <span class='ocrx_word' id='word_1_348' title='bbox 1363 3155 1409 3209; x_wconf 92' lang='lat' dir='ltr'><strong>si</strong></span> <span class='ocrx_word' id='word_1_349' title='bbox 1435 3155 1527 3224; x_wconf 89' lang='lat' dir='ltr'><strong>qui</strong></span> <span class='ocrx_word' id='word_1_350' title='bbox 1555 3153 1684 3209; x_wconf 91' lang='lat' dir='ltr'><strong>estis</strong></span> <span class='ocrx_word' id='word_1_351' title='bbox 1714 3154 1922 3223; x_wconf 87' lang='lat' dir='ltr'><strong>uspiam</strong></span> <span class='ocrx_word' id='word_1_352' title='bbox 1950 3167 2080 3221; x_wconf 87' lang='lat' dir='ltr'><strong>gen-</strong></span> <span class='ocrx_word' id='word_1_353' title='bbox 2106 3132 2151 3194; x_wconf 67' lang='grc' dir='ltr'>ÎŸ</span> 
     </span>
    </p>
   </div>
   <div class='ocr_carea' id='block_1_48' title="bbox 501 3243 2075 3311">
    <p class='ocr_par' dir='ltr' id='par_1_48' title="bbox 501 3243 2075 3311">
     <span class='ocr_line' id='line_1_48' title="bbox 501 3243 2075 3311; baseline 0.001 -15"><span class='ocrx_word' id='word_1_354' title='bbox 501 3244 635 3296; x_wconf 92' lang='lat' dir='ltr'><strong>tium</strong></span> <span class='ocrx_word' id='word_1_355' title='bbox 659 3283 673 3307; x_wconf 93' lang='lat'><strong>,</strong></span> <span class='ocrx_word' id='word_1_356' title='bbox 721 3257 950 3311; x_wconf 89' lang='lat' dir='ltr'><strong>quorum</strong></span> <span class='ocrx_word' id='word_1_357' title='bbox 1001 3243 1226 3310; x_wconf 81' lang='lat' dir='ltr'><strong>ingeniis</strong></span> <span class='ocrx_word' id='word_1_358' title='bbox 1253 3244 1515 3300; x_wconf 86' lang='lat' dir='ltr'><strong>cesserint</strong></span> <span class='ocrx_word' id='word_1_359' title='bbox 1547 3260 1742 3300; x_wconf 89' lang='lat' dir='ltr'><strong>arcana</strong></span> <span class='ocrx_word' id='word_1_360' title='bbox 1771 3260 2075 3311; x_wconf 88' lang='lat' dir='ltr'><strong>causarum,</strong></span> 
     </span>
    </p>
   </div>
   <div class='ocr_carea' id='block_1_49' title="bbox 499 3333 2078 3407">
    <p class='ocr_par' dir='ltr' id='par_1_49' title="bbox 499 3333 2078 3407">
     <span class='ocr_line' id='line_1_49' title="bbox 499 3333 2078 3407; baseline 0.001 -19"><span class='ocrx_word' id='word_1_361' title='bbox 499 3333 684 3389; x_wconf 87' lang='lat' dir='ltr'><strong>adeste</strong></span> <span class='ocrx_word' id='word_1_362' title='bbox 712 3341 995 3404; x_wconf 69' lang='lat' dir='ltr'><strong>prtepetes,</strong></span> <span class='ocrx_word' id='word_1_363' title='bbox 1025 3342 1233 3390; x_wconf 88' lang='lat' dir='ltr'><strong>vosmet</strong></span> <span class='ocrx_word' id='word_1_364' title='bbox 1260 3336 1574 3404; x_wconf 71' lang='lat' dir='ltr'><strong>ignorantia:</strong></span> <span class='ocrx_word' id='word_1_365' title='bbox 1601 3338 1838 3407; x_wconf 88' lang='lat' dir='ltr'><strong>plectite.</strong></span> <span class='ocrx_word' id='word_1_366' title='bbox 1872 3336 2078 3392; x_wconf 89' lang='lat' dir='ltr'><strong>Novum</strong></span> 
     </span>
    </p>
   </div>
   <div class='ocr_carea' id='block_1_50' title="bbox 499 3424 2077 3498">
    <p class='ocr_par' dir='ltr' id='par_1_50' title="bbox 499 3424 2077 3498">
     <span class='ocr_line' id='line_1_50' title="bbox 499 3424 2077 3498; baseline 0.003 -20"><span class='ocrx_word' id='word_1_367' title='bbox 499 3424 690 3493; x_wconf 81' lang='lat' dir='ltr'><strong>dogma</strong></span> <span class='ocrx_word' id='word_1_368' title='bbox 711 3425 976 3479; x_wconf 88' lang='lat' dir='ltr'><strong>miramini</strong></span> <span class='ocrx_word' id='word_1_369' title='bbox 1003 3445 1015 3478; x_wconf 89' lang='lat'><strong>:</strong></span> <span class='ocrx_word' id='word_1_370' title='bbox 1059 3425 1264 3481; x_wconf 69' lang='lat' dir='ltr'><strong>Animze</strong></span> <span class='ocrx_word' id='word_1_371' title='bbox 1303 3427 1617 3496; x_wconf 87' lang='lat' dir='ltr'><strong>dignitatem</strong></span> <span class='ocrx_word' id='word_1_372' title='bbox 1645 3430 1878 3498; x_wconf 79' lang='lat' dir='ltr'><strong>capessit</strong></span> <span class='ocrx_word' id='word_1_373' title='bbox 1903 3429 1956 3483; x_wconf 93' lang='lat' dir='ltr'><strong>iu</strong></span> <span class='ocrx_word' id='word_1_374' title='bbox 1985 3443 2077 3482; x_wconf 90' lang='lat' dir='ltr'><strong>so-</strong></span> 
     </span>
    </p>
   </div>
   <div class='ocr_carea' id='block_1_51' title="bbox 500 3518 2080 3590">
    <p class='ocr_par' dir='ltr' id='par_1_51' title="bbox 500 3518 2080 3590">
     <span class='ocr_line' id='line_1_51' title="bbox 500 3518 2080 3590; baseline 0.003 -19"><span class='ocrx_word' id='word_1_375' title='bbox 500 3518 607 3574; x_wconf 87' lang='lat' dir='ltr'><strong>lido</strong></span> <span class='ocrx_word' id='word_1_376' title='bbox 635 3519 856 3584; x_wconf 90' lang='lat' dir='ltr'><strong>mundi,</strong></span> <span class='ocrx_word' id='word_1_377' title='bbox 906 3519 1083 3588; x_wconf 88' lang='lat' dir='ltr'><strong>portio</strong></span> <span class='ocrx_word' id='word_1_378' title='bbox 1128 3520 1372 3589; x_wconf 91' lang='lat' dir='ltr'><strong>corporis</strong></span> <span class='ocrx_word' id='word_1_379' title='bbox 1418 3529 1610 3590; x_wconf 87' lang='lat' dir='ltr'><strong>quarta</strong></span> <span class='ocrx_word' id='word_1_380' title='bbox 1638 3521 1912 3575; x_wconf 91' lang='lat' dir='ltr'><strong>mundani.</strong></span> <span class='ocrx_word' id='word_1_381' title='bbox 1955 3519 2080 3575; x_wconf 63' lang='lat' dir='ltr'><strong>Haec</strong></span> 
     </span>
    </p>
   </div>
   <div class='ocr_carea' id='block_1_52' title="bbox 498 3612 2074 3682">
    <p class='ocr_par' dir='ltr' id='par_1_52' title="bbox 498 3612 2074 3682">
     <span class='ocr_line' id='line_1_52' title="bbox 498 3612 2074 3682; baseline -0.002 -13"><span class='ocrx_word' id='word_1_382' title='bbox 498 3627 628 3681; x_wconf 87' lang='lat' dir='ltr'><strong>ergo</strong></span> <span class='ocrx_word' id='word_1_383' title='bbox 658 3613 908 3667; x_wconf 88' lang='lat' dir='ltr'><strong>nimirum</strong></span> <span class='ocrx_word' id='word_1_384' title='bbox 955 3612 1257 3665; x_wconf 89' lang='lat' dir='ltr'><strong>animarum</strong></span> <span class='ocrx_word' id='word_1_385' title='bbox 1285 3613 1523 3667; x_wconf 90' lang='lat' dir='ltr'><strong>omnium</strong></span> <span class='ocrx_word' id='word_1_386' title='bbox 1563 3613 1737 3682; x_wconf 88' lang='lat' dir='ltr'><strong>major</strong></span> <span class='ocrx_word' id='word_1_387' title='bbox 1764 3621 1850 3667; x_wconf 90' lang='lat' dir='ltr'><strong>est</strong></span> <span class='ocrx_word' id='word_1_388' title='bbox 1876 3614 2074 3678; x_wconf 90' lang='lat' dir='ltr'><strong>anima,</strong></span> 
     </span>
    </p>
   </div>
   <div class='ocr_carea' id='block_1_53' title="bbox 499 3702 2078 3773">
    <p class='ocr_par' dir='ltr' id='par_1_53' title="bbox 499 3702 2078 3773">
     <span class='ocr_line' id='line_1_53' title="bbox 499 3702 2078 3773; baseline 0.001 -18"><span class='ocrx_word' id='word_1_389' title='bbox 499 3718 703 3773; x_wconf 87' lang='lat' dir='ltr'><strong>proque</strong></span> <span class='ocrx_word' id='word_1_390' title='bbox 747 3703 830 3757; x_wconf 92' lang='lat' dir='ltr'><strong>sui</strong></span> <span class='ocrx_word' id='word_1_391' title='bbox 877 3703 1020 3756; x_wconf 90' lang='lat' dir='ltr'><strong>mole</strong></span> <span class='ocrx_word' id='word_1_392' title='bbox 1057 3702 1225 3770; x_wconf 86' lang='lat' dir='ltr'><strong>magis</strong></span> <span class='ocrx_word' id='word_1_393' title='bbox 1270 3702 1500 3772; x_wconf 87' lang='lat' dir='ltr'><strong>sapiens.</strong></span> <span class='ocrx_word' id='word_1_394' title='bbox 1543 3703 1728 3772; x_wconf 88' lang='lat' dir='ltr'><strong>Itaque</strong></span> <span class='ocrx_word' id='word_1_395' title='bbox 1757 3719 1898 3758; x_wconf 90' lang='lat' dir='ltr'><strong>nunc</strong></span> <span class='ocrx_word' id='word_1_396' title='bbox 1929 3710 2078 3757; x_wconf 89' lang='lat' dir='ltr'><strong>tanto</strong></span> 
     </span>
    </p>
   </div>
   <div class='ocr_carea' id='block_1_54' title="bbox 499 3793 2079 3865">
    <p class='ocr_par' dir='ltr' id='par_1_54' title="bbox 499 3793 2079 3865">
     <span class='ocr_line' id='line_1_54' title="bbox 499 3793 2079 3865; baseline 0.003 -18"><span class='ocrx_word' id='word_1_397' title='bbox 499 3795 676 3862; x_wconf 88' lang='lat' dir='ltr'><strong>potius</strong></span> <span class='ocrx_word' id='word_1_398' title='bbox 703 3794 966 3862; x_wconf 89' lang='lat' dir='ltr'><strong>quispiam</strong></span> <span class='ocrx_word' id='word_1_399' title='bbox 991 3793 1287 3864; x_wconf 76' lang='lat' dir='ltr'><strong>prudentia:</strong></span> <span class='ocrx_word' id='word_1_400' title='bbox 1303 3810 1532 3864; x_wconf 88' lang='lat' dir='ltr'><strong>compos</strong></span> <span class='ocrx_word' id='word_1_401' title='bbox 1553 3797 1674 3861; x_wconf 91' lang='lat' dir='ltr'><strong>erit,</strong></span> <span class='ocrx_word' id='word_1_402' title='bbox 1705 3804 1910 3865; x_wconf 90' lang='lat' dir='ltr'><strong>quanto</strong></span> <span class='ocrx_word' id='word_1_403' title='bbox 1939 3797 2079 3851; x_wconf 90' lang='lat' dir='ltr'><strong>aeris</strong></span> 
     </span>
    </p>
   </div>
   <div class='ocr_carea' id='block_1_55' title="bbox 499 3876 2078 3956">
    <p class='ocr_par' dir='ltr' id='par_1_55' title="bbox 499 3876 2078 3956">
     <span class='ocr_line' id='line_1_55' title="bbox 499 3876 2078 3956; baseline 0.001 -18"><span class='ocrx_word' id='word_1_404' title='bbox 499 3883 654 3953; x_wconf 87' lang='lat' dir='ltr'><strong>hujus</strong></span> <span class='ocrx_word' id='word_1_405' title='bbox 693 3900 790 3954; x_wconf 87' lang='lat' dir='ltr'><strong>pro</strong></span> <span class='ocrx_word' id='word_1_406' title='bbox 835 3885 918 3938; x_wconf 87' lang='lat' dir='ltr'><strong>sui</strong></span> <span class='ocrx_word' id='word_1_407' title='bbox 957 3876 1254 3954; x_wconf 87' lang='lat' dir='ltr'><strong>capacitate</strong></span> <span class='ocrx_word' id='word_1_408' title='bbox 1282 3885 1398 3954; x_wconf 88' lang='lat' dir='ltr'><strong>plus</strong></span> <span class='ocrx_word' id='word_1_409' title='bbox 1428 3886 1684 3940; x_wconf 86' lang='lat' dir='ltr'><strong>hauserit.</strong></span> <span class='ocrx_word' id='word_1_410' title='bbox 1749 3887 1860 3942; x_wconf 81' lang='lat' dir='ltr'><strong>Nec</strong></span> <span class='ocrx_word' id='word_1_411' title='bbox 1885 3886 2078 3956; x_wconf 90' lang='lat' dir='ltr'><strong>injuria</strong></span> 
     </span>
    </p>
   </div>
   <div class='ocr_carea' id='block_1_56' title="bbox 498 3979 2081 4050">
    <p class='ocr_par' dir='ltr' id='par_1_56' title="bbox 498 3979 2081 4050">
     <span class='ocr_line' id='line_1_56' title="bbox 498 3979 2081 4050; baseline 0 -16"><span class='ocrx_word' id='word_1_412' title='bbox 498 3994 664 4048; x_wconf 86' lang='lat' dir='ltr'><strong>genus</strong></span> <span class='ocrx_word' id='word_1_413' title='bbox 691 3981 980 4034; x_wconf 89' lang='lat' dir='ltr'><strong>humanum</strong></span> <span class='ocrx_word' id='word_1_414' title='bbox 1009 3986 1257 4032; x_wconf 87' lang='lat' dir='ltr'><strong>naturam</strong></span> <span class='ocrx_word' id='word_1_415' title='bbox 1288 3979 1568 4046; x_wconf 87' lang='lat' dir='ltr'><strong>incusavit,</strong></span> <span class='ocrx_word' id='word_1_416' title='bbox 1601 3995 1718 4050; x_wconf 66' lang='lat' dir='ltr'><strong>quae</strong></span> <span class='ocrx_word' id='word_1_417' title='bbox 1746 3989 1951 4049; x_wconf 91' lang='lat' dir='ltr'><strong>quanto</strong></span> <span class='ocrx_word' id='word_1_418' title='bbox 1973 3995 2081 4034; x_wconf 86' lang='lat' dir='ltr'><strong>ma-</strong></span> 
     </span>
    </p>
   </div>
   <div class='ocr_carea' id='block_1_57' title="bbox 497 4069 2081 4142">
    <p class='ocr_par' dir='ltr' id='par_1_57' title="bbox 497 4069 2081 4142">
     <span class='ocr_line' id='line_1_57' title="bbox 497 4069 2081 4142; baseline 0 -18"><span class='ocrx_word' id='word_1_419' title='bbox 497 4069 638 4142; x_wconf 83' lang='lat' dir='ltr'><strong>jores</strong></span> <span class='ocrx_word' id='word_1_420' title='bbox 700 4070 1006 4124; x_wconf 90' lang='lat' dir='ltr'><strong>hominibus</strong></span> <span class='ocrx_word' id='word_1_421' title='bbox 1051 4069 1221 4124; x_wconf 81' lang='lat' dir='ltr'><strong>boves</strong></span> <span class='ocrx_word' id='word_1_422' title='bbox 1267 4070 1416 4125; x_wconf 89' lang='lat' dir='ltr'><strong>lucas</strong></span> <span class='ocrx_word' id='word_1_423' title='bbox 1461 4069 1657 4136; x_wconf 89' lang='lat' dir='ltr'><strong>edidit;</strong></span> <span class='ocrx_word' id='word_1_424' title='bbox 1719 4087 1785 4126; x_wconf 93' lang='lat' dir='ltr'><strong>eo</strong></span> <span class='ocrx_word' id='word_1_425' title='bbox 1831 4071 2081 4126; x_wconf 90' lang='lat' dir='ltr'><strong>videlicet</strong></span> 
     </span>
    </p>
   </div>
   <div class='ocr_carea' id='block_1_58' title="bbox 497 4159 2079 4230">
    <p class='ocr_par' dir='ltr' id='par_1_58' title="bbox 497 4159 2079 4230">
     <span class='ocr_line' id='line_1_58' title="bbox 497 4159 2079 4230; baseline 0.003 -16"><span class='ocrx_word' id='word_1_426' title='bbox 497 4162 762 4216; x_wconf 82' lang='lat' dir='ltr'><strong>beatiores</strong></span> <span class='ocrx_word' id='word_1_427' title='bbox 786 4200 802 4226; x_wconf 95' lang='lat'><strong>,</strong></span> <span class='ocrx_word' id='word_1_428' title='bbox 847 4175 954 4229; x_wconf 91' lang='lat' dir='ltr'><strong>quo</strong></span> <span class='ocrx_word' id='word_1_429' title='bbox 983 4161 1314 4230; x_wconf 87' lang='lat' dir='ltr'><strong>capaciores.</strong></span> <span class='ocrx_word' id='word_1_430' title='bbox 1365 4159 1470 4214; x_wconf 86' lang='lat' dir='ltr'><strong>Sed</strong></span> <span class='ocrx_word' id='word_1_431' title='bbox 1506 4162 1766 4217; x_wconf 89' lang='lat' dir='ltr'><strong>hactenus</strong></span> <span class='ocrx_word' id='word_1_432' title='bbox 1793 4163 1925 4218; x_wconf 89' lang='lat' dir='ltr'><strong>satis</strong></span> <span class='ocrx_word' id='word_1_433' title='bbox 1951 4165 2079 4219; x_wconf 83' lang='lat' dir='ltr'><strong>Am-</strong></span> 
     </span>
    </p>
   </div>
   <div class='ocr_carea' id='block_1_59' title="bbox 501 4251 2079 4322">
    <p class='ocr_par' dir='ltr' id='par_1_59' title="bbox 501 4251 2079 4322">
     <span class='ocr_line' id='line_1_59' title="bbox 501 4251 2079 4322; baseline 0.002 -15"><span class='ocrx_word' id='word_1_434' title='bbox 501 4253 740 4319; x_wconf 88' lang='lat' dir='ltr'><strong>brosius,</strong></span> <span class='ocrx_word' id='word_1_435' title='bbox 784 4254 876 4322; x_wconf 89' lang='lat' dir='ltr'><strong>qui</strong></span> <span class='ocrx_word' id='word_1_436' title='bbox 911 4253 992 4307; x_wconf 90' lang='lat' dir='ltr'><strong>vel</strong></span> <span class='ocrx_word' id='word_1_437' title='bbox 1033 4253 1180 4308; x_wconf 92' lang='lat' dir='ltr'><strong>solus</strong></span> <span class='ocrx_word' id='word_1_438' title='bbox 1209 4251 1452 4322; x_wconf 85' lang='lat' dir='ltr'><strong>profecto</strong></span> <span class='ocrx_word' id='word_1_439' title='bbox 1481 4255 1552 4308; x_wconf 90' lang='lat' dir='ltr'><strong>sit</strong></span> <span class='ocrx_word' id='word_1_440' title='bbox 1580 4255 1730 4309; x_wconf 88' lang='lat' dir='ltr'><strong>satis.</strong></span> <span class='ocrx_word' id='word_1_441' title='bbox 1781 4255 1967 4310; x_wconf 84' lang='lat' dir='ltr'><strong>Faxim</strong></span> <span class='ocrx_word' id='word_1_442' title='bbox 1998 4265 2079 4310; x_wconf 90' lang='lat' dir='ltr'><strong>ta-</strong></span> 
     </span>
    </p>
   </div>
   <div class='ocr_carea' id='block_1_60' title="bbox 499 4341 1412 4400">
    <p class='ocr_par' dir='ltr' id='par_1_60' title="bbox 499 4341 1412 4400">
     <span class='ocr_line' id='line_1_60' title="bbox 499 4341 1412 4400; baseline -0.003 -1"><span class='ocrx_word' id='word_1_443' title='bbox 499 4359 618 4400; x_wconf 83' lang='lat' dir='ltr'><strong>men</strong></span> <span class='ocrx_word' id='word_1_444' title='bbox 641 4352 696 4398; x_wconf 89' lang='lat' dir='ltr'><strong>et</strong></span> <span class='ocrx_word' id='word_1_445' title='bbox 723 4343 841 4397; x_wconf 87' lang='lat' dir='ltr'><strong>aliis</strong></span> <span class='ocrx_word' id='word_1_446' title='bbox 866 4341 1187 4397; x_wconf 84' lang='lat' dir='ltr'><strong>testificandi</strong></span> <span class='ocrx_word' id='word_1_447' title='bbox 1217 4343 1412 4396; x_wconf 91' lang='lat' dir='ltr'><strong>locum.</strong></span> 
     </span>
    </p>
   </div>
   <div class='ocr_carea' id='block_1_61' title="bbox 563 4431 2080 4502">
    <p class='ocr_par' dir='ltr' id='par_1_61' title="bbox 563 4431 2080 4502">
     <span class='ocr_line' id='line_1_61' title="bbox 563 4431 2080 4502; baseline 0.001 -14"><span class='ocrx_word' id='word_1_448' title='bbox 563 4434 627 4488; x_wconf 91' lang='lat' dir='ltr'><strong>ll.</strong></span> <span class='ocrx_word' id='word_1_449' title='bbox 669 4433 917 4488; x_wconf 89' lang='lat' dir='ltr'><strong>Aurelius</strong></span> <span class='ocrx_word' id='word_1_450' title='bbox 964 4431 1326 4500; x_wconf 78' lang='lat' dir='ltr'><strong>Augustinus,</strong></span> <span class='ocrx_word' id='word_1_451' title='bbox 1378 4441 1434 4486; x_wconf 89' lang='lat' dir='ltr'><strong>et</strong></span> <span class='ocrx_word' id='word_1_452' title='bbox 1483 4435 1728 4487; x_wconf 88' lang='lat' dir='ltr'><strong>acumine</strong></span> <span class='ocrx_word' id='word_1_453' title='bbox 1777 4435 1990 4502; x_wconf 81' lang='lat' dir='ltr'><strong>ingenii,</strong></span> <span class='ocrx_word' id='word_1_454' title='bbox 2024 4443 2080 4489; x_wconf 89' lang='lat' dir='ltr'><strong>et</strong></span> 
     </span>
    </p>
   </div>
   <div class='ocr_carea' id='block_1_62' title="bbox 495 4523 2077 4595">
    <p class='ocr_par' dir='ltr' id='par_1_62' title="bbox 495 4523 2077 4595">
     <span class='ocr_line' id='line_1_62' title="bbox 495 4523 2077 4595; baseline 0.001 -15"><span class='ocrx_word' id='word_1_455' title='bbox 495 4541 672 4581; x_wconf 91' lang='lat' dir='ltr'><strong>rerum</strong></span> <span class='ocrx_word' id='word_1_456' title='bbox 715 4523 1095 4588; x_wconf 89' lang='lat' dir='ltr'><strong>multitudine,</strong></span> <span class='ocrx_word' id='word_1_457' title='bbox 1143 4531 1200 4578; x_wconf 91' lang='lat' dir='ltr'><strong>et</strong></span> <span class='ocrx_word' id='word_1_458' title='bbox 1237 4524 1416 4592; x_wconf 89' lang='lat' dir='ltr'><strong>operis</strong></span> <span class='ocrx_word' id='word_1_459' title='bbox 1463 4524 1606 4579; x_wconf 89' lang='lat' dir='ltr'><strong>mole</strong></span> <span class='ocrx_word' id='word_1_460' title='bbox 1653 4525 1815 4578; x_wconf 91' lang='lat' dir='ltr'><strong>veluti</strong></span> <span class='ocrx_word' id='word_1_461' title='bbox 1861 4526 2077 4595; x_wconf 87' lang='lat' dir='ltr'><strong>quidam</strong></span> 
     </span>
    </p>
   </div>
   <div class='ocr_carea' id='block_1_63' title="bbox 495 4619 2080 4692">
    <p class='ocr_par' dir='ltr' id='par_1_63' title="bbox 495 4619 2080 4692">
     <span class='ocr_line' id='line_1_63' title="bbox 495 4619 2080 4692; baseline -0.001 -17"><span class='ocrx_word' id='word_1_462' title='bbox 495 4621 824 4692; x_wconf 81' lang='lat' dir='ltr'><strong>Chrysippus</strong></span> <span class='ocrx_word' id='word_1_463' title='bbox 854 4619 1263 4688; x_wconf 88' lang='lat' dir='ltr'><strong>argumentandi</strong></span> <span class='ocrx_word' id='word_1_464' title='bbox 1295 4621 1512 4686; x_wconf 92' lang='lat' dir='ltr'><strong>virtute,</strong></span> <span class='ocrx_word' id='word_1_465' title='bbox 1536 4628 1630 4674; x_wconf 90' lang='lat' dir='ltr'><strong>aut</strong></span> <span class='ocrx_word' id='word_1_466' title='bbox 1659 4621 1802 4677; x_wconf 89' lang='lat' dir='ltr'><strong>Zeno</strong></span> <span class='ocrx_word' id='word_1_467' title='bbox 1828 4636 2080 4677; x_wconf 89' lang='lat' dir='ltr'><strong>sensuum</strong></span> 
     </span>
    </p>
   </div>
   <div class='ocr_carea' id='block_1_64' title="bbox 497 4709 2084 4781">
    <p class='ocr_par' dir='ltr' id='par_1_64' title="bbox 497 4709 2084 4781">
     <span class='ocr_line' id='line_1_64' title="bbox 497 4709 2084 4781; baseline 0 -14"><span class='ocrx_word' id='word_1_468' title='bbox 497 4713 824 4780; x_wconf 84' lang='lat' dir='ltr'><strong>subtilitate,</strong></span> <span class='ocrx_word' id='word_1_469' title='bbox 870 4719 964 4766; x_wconf 88' lang='lat' dir='ltr'><strong>aut</strong></span> <span class='ocrx_word' id='word_1_470' title='bbox 1005 4709 1172 4765; x_wconf 86' lang='lat' dir='ltr'><strong>Varro</strong></span> <span class='ocrx_word' id='word_1_471' title='bbox 1219 4718 1406 4766; x_wconf 91' lang='lat' dir='ltr'><strong>noster</strong></span> <span class='ocrx_word' id='word_1_472' title='bbox 1456 4711 1787 4766; x_wconf 88' lang='lat' dir='ltr'><strong>voluminum</strong></span> <span class='ocrx_word' id='word_1_473' title='bbox 1816 4713 2084 4781; x_wconf 84' lang='lat' dir='ltr'><strong>magnitu-</strong></span> 
     </span>
    </p>
   </div>
   <div class='ocr_carea' id='block_1_65' title="bbox 496 4801 2081 4872">
    <p class='ocr_par' dir='ltr' id='par_1_65' title="bbox 496 4801 2081 4872">
     <span class='ocr_line' id='line_1_65' title="bbox 496 4801 2081 4872; baseline -0.001 -14"><span class='ocrx_word' id='word_1_474' title='bbox 496 4804 652 4865; x_wconf 88' lang='lat' dir='ltr'><strong>dine,</strong></span> <span class='ocrx_word' id='word_1_475' title='bbox 683 4810 739 4858; x_wconf 91' lang='lat' dir='ltr'><strong>et</strong></span> <span class='ocrx_word' id='word_1_476' title='bbox 765 4803 857 4872; x_wconf 88' lang='lat' dir='ltr'><strong>qui</strong></span> <span class='ocrx_word' id='word_1_477' title='bbox 883 4801 1127 4872; x_wconf 88' lang='lat' dir='ltr'><strong>profecto</strong></span> <span class='ocrx_word' id='word_1_478' title='bbox 1158 4802 1278 4857; x_wconf 89' lang='lat' dir='ltr'><strong>talis</strong></span> <span class='ocrx_word' id='word_1_479' title='bbox 1314 4810 1504 4857; x_wconf 89' lang='lat' dir='ltr'><strong>natura</strong></span> <span class='ocrx_word' id='word_1_480' title='bbox 1525 4843 1538 4867; x_wconf 95' lang='lat'><strong>,</strong></span> <span class='ocrx_word' id='word_1_481' title='bbox 1572 4802 1891 4868; x_wconf 89' lang='lat' dir='ltr'><strong>attentione,</strong></span> <span class='ocrx_word' id='word_1_482' title='bbox 1925 4802 2081 4857; x_wconf 89' lang='lat' dir='ltr'><strong>disci-</strong></span> 
     </span>
    </p>
   </div>
   <div class='ocr_carea' id='block_1_66' title="bbox 496 4893 2080 4966">
    <p class='ocr_par' dir='ltr' id='par_1_66' title="bbox 496 4893 2080 4966">
     <span class='ocr_line' id='line_1_66' title="bbox 496 4893 2080 4966; baseline 0.001 -18"><span class='ocrx_word' id='word_1_483' title='bbox 496 4895 657 4966; x_wconf 88' lang='lat' dir='ltr'><strong>plinis</strong></span> <span class='ocrx_word' id='word_1_484' title='bbox 684 4895 983 4960; x_wconf 79' lang='lat' dir='ltr'><strong>exstiterit,</strong></span> <span class='ocrx_word' id='word_1_485' title='bbox 1016 4901 1074 4948; x_wconf 91' lang='lat' dir='ltr'><strong>ut</strong></span> <span class='ocrx_word' id='word_1_486' title='bbox 1099 4910 1214 4949; x_wconf 90' lang='lat' dir='ltr'><strong>non</strong></span> <span class='ocrx_word' id='word_1_487' title='bbox 1245 4894 1514 4948; x_wconf 86' lang='lat' dir='ltr'><strong>immerito</strong></span> <span class='ocrx_word' id='word_1_488' title='bbox 1545 4893 1612 4948; x_wconf 88' lang='lat' dir='ltr'><strong>ab</strong></span> <span class='ocrx_word' id='word_1_489' title='bbox 1643 4895 1759 4948; x_wconf 89' lang='lat' dir='ltr'><strong>istis</strong></span> <span class='ocrx_word' id='word_1_490' title='bbox 1788 4895 2080 4964; x_wconf 89' lang='lat' dir='ltr'><strong>corporali-</strong></span> 
     </span>
    </p>
   </div>
   <div class='ocr_carea' id='block_1_67' title="bbox 499 4982 2082 5056">
    <p class='ocr_par' dir='ltr' id='par_1_67' title="bbox 499 4982 2082 5056">
     <span class='ocr_line' id='line_1_67' title="bbox 499 4982 2082 5056; baseline -0.002 -15"><span class='ocrx_word' id='word_1_491' title='bbox 499 4987 599 5041; x_wconf 90' lang='lat' dir='ltr'><strong>bus</strong></span> <span class='ocrx_word' id='word_1_492' title='bbox 646 4987 818 5039; x_wconf 89' lang='lat' dir='ltr'><strong>nostri</strong></span> <span class='ocrx_word' id='word_1_493' title='bbox 865 4986 1045 5041; x_wconf 63' lang='grc' dir='ltr'><strong>Î´Îµá½·Î¾Î¿Ï…Î¹á½·</strong></span> <span class='ocrx_word' id='word_1_494' title='bbox 1093 4983 1374 5055; x_wconf 88' lang='lat' dir='ltr'><strong>Epicureis</strong></span> <span class='ocrx_word' id='word_1_495' title='bbox 1410 4993 1504 5039; x_wconf 89' lang='lat' dir='ltr'><strong>aut</strong></span> <span class='ocrx_word' id='word_1_496' title='bbox 1536 4982 1752 5056; x_wconf 89' lang='lat' dir='ltr'><strong>Cynicis</strong></span> <span class='ocrx_word' id='word_1_497' title='bbox 1777 5025 1792 5050; x_wconf 96' lang='lat'><strong>,</strong></span> <span class='ocrx_word' id='word_1_498' title='bbox 1824 4985 2082 5054; x_wconf 90' lang='lat' dir='ltr'><strong>spiritalis</strong></span> 
     </span>
    </p>
   </div>
   <div class='ocr_carea' id='block_1_68' title="bbox 497 5073 2086 5146">
    <p class='ocr_par' dir='ltr' id='par_1_68' title="bbox 497 5073 2086 5146">
     <span class='ocr_line' id='line_1_68' title="bbox 497 5073 2086 5146; baseline -0.002 -15"><span class='ocrx_word' id='word_1_499' title='bbox 497 5075 741 5146; x_wconf 85' lang='lat' dir='ltr'><strong>sophista</strong></span> <span class='ocrx_word' id='word_1_500' title='bbox 771 5074 1122 5138; x_wconf 90' lang='lat' dir='ltr'><strong>dissenserit,</strong></span> <span class='ocrx_word' id='word_1_501' title='bbox 1168 5075 1304 5130; x_wconf 87' lang='lat' dir='ltr'><strong>libro</strong></span> <span class='ocrx_word' id='word_1_502' title='bbox 1351 5074 1417 5128; x_wconf 89' lang='lat' dir='ltr'><strong>ad</strong></span> <span class='ocrx_word' id='word_1_503' title='bbox 1459 5073 1844 5146; x_wconf 85' lang='lat' dir='ltr'><strong>Hieronymum</strong></span> <span class='ocrx_word' id='word_1_504' title='bbox 1882 5075 1949 5129; x_wconf 92' lang='lat' dir='ltr'><strong>dc</strong></span> <span class='ocrx_word' id='word_1_505' title='bbox 1978 5075 2086 5128; x_wconf 86' lang='lat' dir='ltr'><strong>ori-</strong></span> 
     </span>
    </p>
   </div>
   <div class='ocr_carea' id='block_1_69' title="bbox 498 5164 2084 5237">
    <p class='ocr_par' dir='ltr' id='par_1_69' title="bbox 498 5164 2084 5237">
     <span class='ocr_line' id='line_1_69' title="bbox 498 5164 2084 5237; baseline -0.003 -14"><span class='ocrx_word' id='word_1_506' title='bbox 498 5169 623 5237; x_wconf 83' lang='lat' dir='ltr'><strong>gine</strong></span> <span class='ocrx_word' id='word_1_507' title='bbox 661 5166 854 5221; x_wconf 83' lang='lat' dir='ltr'><strong>anima:</strong></span> <span class='ocrx_word' id='word_1_508' title='bbox 890 5166 968 5220; x_wconf 90' lang='lat' dir='ltr'><strong>sic</strong></span> <span class='ocrx_word' id='word_1_509' title='bbox 1005 5168 1357 5236; x_wconf 89' lang='lat' dir='ltr'><strong>pronuntiat:</strong></span> <span class='ocrx_word' id='word_1_510' title='bbox 1402 5164 1774 5237; x_wconf 82' lang='lat' dir='ltr'><strong>lncorpoream</strong></span> <span class='ocrx_word' id='word_1_511' title='bbox 1814 5182 1925 5220; x_wconf 87' lang='lat' dir='ltr'><strong>esse</strong></span> <span class='ocrx_word' id='word_1_512' title='bbox 1965 5167 2084 5219; x_wconf 86' lang='lat' dir='ltr'><strong>ani-</strong></span> 
     </span>
    </p>
   </div>
   <div class='ocr_carea' id='block_1_70' title="bbox 500 5255 2083 5328">
    <p class='ocr_par' dir='ltr' id='par_1_70' title="bbox 500 5255 2083 5328">
     <span class='ocr_line' id='line_1_70' title="bbox 500 5255 2083 5328; baseline -0.004 -14"><span class='ocrx_word' id='word_1_513' title='bbox 500 5258 765 5328; x_wconf 87' lang='lat' dir='ltr'><strong>mam,etsi</strong></span> <span class='ocrx_word' id='word_1_514' title='bbox 805 5256 1008 5327; x_wconf 76' lang='lat' dir='ltr'><strong>difï¬cite</strong></span> <span class='ocrx_word' id='word_1_515' title='bbox 1039 5255 1350 5310; x_wconf 79' lang='lat' dir='ltr'><strong>tardioribus</strong></span> <span class='ocrx_word' id='word_1_516' title='bbox 1398 5257 1698 5326; x_wconf 82' lang='lat' dir='ltr'><strong>persuaderi</strong></span> <span class='ocrx_word' id='word_1_517' title='bbox 1727 5264 1893 5326; x_wconf 70' lang='lat' dir='ltr'><strong>potest</strong></span> <span class='ocrx_word' id='word_1_518' title='bbox 1917 5297 1931 5320; x_wconf 89' lang='lat'><strong>,</strong></span> <span class='ocrx_word' id='word_1_519' title='bbox 1960 5255 2083 5308; x_wconf 71' lang='lat' dir='ltr'><strong>milii</strong></span> 
     </span>
    </p>
   </div>
   <div class='ocr_carea' id='block_1_71' title="bbox 501 5347 2085 5423">
    <p class='ocr_par' dir='ltr' id='par_1_71' title="bbox 501 5347 2085 5423">
     <span class='ocr_line' id='line_1_71' title="bbox 501 5347 2085 5423; baseline -0.003 -19"><span class='ocrx_word' id='word_1_520' title='bbox 501 5366 674 5404; x_wconf 76' lang='lat' dir='ltr'><strong>tamen</strong></span> <span class='ocrx_word' id='word_1_521' title='bbox 705 5351 875 5423; x_wconf 79' lang='lat' dir='ltr'><strong>fateor</strong></span> <span class='ocrx_word' id='word_1_522' title='bbox 895 5364 1006 5402; x_wconf 85' lang='lat' dir='ltr'><strong>esse</strong></span> <span class='ocrx_word' id='word_1_523' title='bbox 1029 5364 1351 5418; x_wconf 76' lang='lat' dir='ltr'><strong>persuasum.</strong></span> <span class='ocrx_word' id='word_1_524' title='bbox 1399 5347 1640 5417; x_wconf 88' lang='lat' dir='ltr'><strong>Cumque</strong></span> <span class='ocrx_word' id='word_1_525' title='bbox 1669 5348 1721 5402; x_wconf 91' lang='lat' dir='ltr'><strong>id</strong></span> <span class='ocrx_word' id='word_1_526' title='bbox 1751 5348 1824 5402; x_wconf 88' lang='lat' dir='ltr'><strong>ita</strong></span> <span class='ocrx_word' id='word_1_527' title='bbox 1853 5347 1970 5402; x_wconf 88' lang='lat' dir='ltr'><strong>fore</strong></span> <span class='ocrx_word' id='word_1_528' title='bbox 1997 5362 2085 5401; x_wconf 90' lang='lat' dir='ltr'><strong>ra-</strong></span> 
     </span>
    </p>
   </div>
   <div class='ocr_carea' id='block_1_72' title="bbox 500 5439 2082 5508">
    <p class='ocr_par' dir='ltr' id='par_1_72' title="bbox 500 5439 2082 5508">
     <span class='ocr_line' id='line_1_72' title="bbox 500 5439 2082 5508; baseline -0.003 -12"><span class='ocrx_word' id='word_1_529' title='bbox 500 5441 736 5496; x_wconf 90' lang='lat' dir='ltr'><strong>tionibus</strong></span> <span class='ocrx_word' id='word_1_530' title='bbox 757 5440 964 5508; x_wconf 80' lang='lat' dir='ltr'><strong>magnis</strong></span> <span class='ocrx_word' id='word_1_531' title='bbox 985 5446 1147 5507; x_wconf 89' lang='lat' dir='ltr'><strong>atque</strong></span> <span class='ocrx_word' id='word_1_532' title='bbox 1168 5439 1440 5493; x_wconf 88' lang='lat' dir='ltr'><strong>insolubili</strong></span> <span class='ocrx_word' id='word_1_533' title='bbox 1461 5440 1931 5507; x_wconf 84' lang='lat' dir='ltr'><strong>argumentatione</strong></span> <span class='ocrx_word' id='word_1_534' title='bbox 1948 5453 2082 5493; x_wconf 89' lang='lat' dir='ltr'><strong>con-</strong></span> 
     </span>
    </p>
   </div>
   <div class='ocr_carea' id='block_1_73' title="bbox 500 5531 2079 5604">
    <p class='ocr_par' dir='ltr' id='par_1_73' title="bbox 500 5531 2079 5604">
     <span class='ocr_line' id='line_1_73' title="bbox 500 5531 2079 5604; baseline 0.001 -20"><span class='ocrx_word' id='word_1_535' title='bbox 500 5539 703 5600; x_wconf 78' lang='lat' dir='ltr'><strong>vincat,</strong></span> <span class='ocrx_word' id='word_1_536' title='bbox 730 5549 796 5589; x_wconf 90' lang='lat' dir='ltr'><strong>ac</strong></span> <span class='ocrx_word' id='word_1_537' title='bbox 821 5549 984 5604; x_wconf 91' lang='lat' dir='ltr'><strong>super</strong></span> <span class='ocrx_word' id='word_1_538' title='bbox 1022 5534 1128 5592; x_wconf 87' lang='lat' dir='ltr'><strong>hoc</strong></span> <span class='ocrx_word' id='word_1_539' title='bbox 1164 5531 1484 5604; x_wconf 83' lang='lat' dir='ltr'><strong>Hieronymi</strong></span> <span class='ocrx_word' id='word_1_540' title='bbox 1511 5534 1840 5588; x_wconf 86' lang='lat' dir='ltr'><strong>sententiam</strong></span> <span class='ocrx_word' id='word_1_541' title='bbox 1871 5539 2079 5603; x_wconf 89' lang='lat' dir='ltr'><strong>poscat,</strong></span> 
     </span>
    </p>
   </div>
   <div class='ocr_carea' id='block_1_74' title="bbox 504 5625 2084 5697">
    <p class='ocr_par' dir='ltr' id='par_1_74' title="bbox 504 5625 2084 5697">
     <span class='ocr_line' id='line_1_74' title="bbox 504 5625 2084 5697; baseline -0.001 -18"><span class='ocrx_word' id='word_1_542' title='bbox 504 5626 675 5680; x_wconf 88' lang='lat' dir='ltr'><strong>laudis</strong></span> <span class='ocrx_word' id='word_1_543' title='bbox 690 5641 799 5680; x_wconf 85' lang='lat' dir='ltr'><strong>sua:</strong></span> <span class='ocrx_word' id='word_1_544' title='bbox 814 5635 1018 5681; x_wconf 84' lang='lat' dir='ltr'><strong>tantum</strong></span> <span class='ocrx_word' id='word_1_545' title='bbox 1028 5644 1057 5681; x_wconf 90' lang='lat' dir='ltr'><strong>a</strong></span> <span class='ocrx_word' id='word_1_546' title='bbox 1070 5625 1400 5697; x_wconf 78' lang='lat' dir='ltr'><strong>Hieronymo</strong></span> <span class='ocrx_word' id='word_1_547' title='bbox 1413 5625 1610 5696; x_wconf 87' lang='lat' dir='ltr'><strong>scripta</strong></span> <span class='ocrx_word' id='word_1_548' title='bbox 1626 5632 1905 5694; x_wconf 79' lang='lat' dir='ltr'><strong>recuperat</strong></span> <span class='ocrx_word' id='word_1_549' title='bbox 1918 5662 1930 5684; x_wconf 90' lang='lat'><strong>,</strong></span> <span class='ocrx_word' id='word_1_550' title='bbox 1956 5626 2084 5693; x_wconf 87' lang='lat' dir='ltr'><strong>quin</strong></span> 
     </span>
    </p>
   </div>
   <div class='ocr_carea' id='block_1_75' title="bbox 508 5713 2087 5790">
    <p class='ocr_par' dir='ltr' id='par_1_75' title="bbox 508 5713 2087 5790">
     <span class='ocr_line' id='line_1_75' title="bbox 508 5713 2087 5790; baseline -0.001 -19"><span class='ocrx_word' id='word_1_551' title='bbox 508 5713 652 5771; x_wconf 85' lang='lat' dir='ltr'><strong>haud</strong></span> <span class='ocrx_word' id='word_1_552' title='bbox 691 5715 850 5772; x_wconf 89' lang='lat' dir='ltr'><strong>dubie</strong></span> <span class='ocrx_word' id='word_1_553' title='bbox 897 5717 1252 5790; x_wconf 84' lang='lat' dir='ltr'><strong>Hieronymus</strong></span> <span class='ocrx_word' id='word_1_554' title='bbox 1280 5716 1414 5778; x_wconf 89' lang='lat' dir='ltr'><strong>nihil</strong></span> <span class='ocrx_word' id='word_1_555' title='bbox 1442 5716 1508 5771; x_wconf 91' lang='lat' dir='ltr'><strong>de</strong></span> <span class='ocrx_word' id='word_1_556' title='bbox 1538 5717 1713 5770; x_wconf 88' lang='lat' dir='ltr'><strong>anima</strong></span> <span class='ocrx_word' id='word_1_557' title='bbox 1744 5716 1928 5770; x_wconf 79' lang='lat' dir='ltr'><strong>sentiri</strong></span> <span class='ocrx_word' id='word_1_558' title='bbox 1959 5715 2087 5771; x_wconf 91' lang='lat' dir='ltr'><strong>dicit</strong></span> 
     </span>
    </p>
   </div>
   <div class='ocr_carea' id='block_1_76' title="bbox 2193 1875 2708 1944">
    <p class='ocr_par' dir='ltr' id='par_1_76' title="bbox 2193 1875 2708 1944">
     <span class='ocr_line' id='line_1_76' title="bbox 2193 1875 2708 1944; baseline 0.002 -16"><span class='ocrx_word' id='word_1_559' title='bbox 2193 1885 2248 1929; x_wconf 90' lang='lat' dir='ltr'><strong>et</strong></span> <span class='ocrx_word' id='word_1_560' title='bbox 2270 1877 2428 1932; x_wconf 85' lang='lat' dir='ltr'><strong>istinc</strong></span> <span class='ocrx_word' id='word_1_561' title='bbox 2455 1875 2708 1944; x_wconf 89' lang='lat' dir='ltr'><strong>dejicere.</strong></span> 
     </span>
    </p>
   </div>
   <div class='ocr_carea' id='block_1_77' title="bbox 2261 1966 3702 2036">
    <p class='ocr_par' dir='ltr' id='par_1_77' title="bbox 2261 1966 3702 2036">
     <span class='ocr_line' id='line_1_77' title="bbox 2261 1966 3702 2036; baseline 0.002 -15"><span class='ocrx_word' id='word_1_562' title='bbox 2261 1967 2347 2021; x_wconf 88' lang='lat' dir='ltr'><strong>Ill.</strong></span> <span class='ocrx_word' id='word_1_563' title='bbox 2388 1967 2465 2022; x_wconf 85' lang='lat' dir='ltr'><strong>Ne</strong></span> <span class='ocrx_word' id='word_1_564' title='bbox 2492 1966 2618 2036; x_wconf 89' lang='lat' dir='ltr'><strong>quid</strong></span> <span class='ocrx_word' id='word_1_565' title='bbox 2646 1975 2829 2022; x_wconf 88' lang='lat' dir='ltr'><strong>tamen</strong></span> <span class='ocrx_word' id='word_1_566' title='bbox 2856 1981 3076 2036; x_wconf 88' lang='lat' dir='ltr'><strong>segnem</strong></span> <span class='ocrx_word' id='word_1_567' title='bbox 3107 1984 3195 2023; x_wconf 91' lang='lat' dir='ltr'><strong>me</strong></span> <span class='ocrx_word' id='word_1_568' title='bbox 3242 1969 3561 2024; x_wconf 85' lang='lat' dir='ltr'><strong>redhibeuda:</strong></span> <span class='ocrx_word' id='word_1_569' title='bbox 3581 1970 3702 2025; x_wconf 81' lang='lat' dir='ltr'><strong>vicis-</strong></span> 
     </span>
    </p>
   </div>
   <div class='ocr_carea' id='block_1_78' title="bbox 2189 2057 3706 2126">
    <p class='ocr_par' dir='ltr' id='par_1_78' title="bbox 2189 2057 3706 2126">
     <span class='ocr_line' id='line_1_78' title="bbox 2189 2057 3706 2126; baseline 0.002 -16"><span class='ocrx_word' id='word_1_570' title='bbox 2189 2057 2438 2111; x_wconf 90' lang='lat' dir='ltr'><strong>situdinis</strong></span> <span class='ocrx_word' id='word_1_571' title='bbox 2467 2057 2776 2123; x_wconf 88' lang='lat' dir='ltr'><strong>arbitreris,</strong></span> <span class='ocrx_word' id='word_1_572' title='bbox 2806 2066 2965 2126; x_wconf 89' lang='lat' dir='ltr'><strong>prout</strong></span> <span class='ocrx_word' id='word_1_573' title='bbox 3004 2059 3155 2113; x_wconf 90' lang='lat' dir='ltr'><strong>locus</strong></span> <span class='ocrx_word' id='word_1_574' title='bbox 3185 2068 3270 2114; x_wconf 91' lang='lat' dir='ltr'><strong>est</strong></span> <span class='ocrx_word' id='word_1_575' title='bbox 3295 2075 3497 2123; x_wconf 89' lang='lat' dir='ltr'><strong>moneo,</strong></span> <span class='ocrx_word' id='word_1_576' title='bbox 3528 2076 3706 2116; x_wconf 86' lang='lat' dir='ltr'><strong>consen-</strong></span> 
     </span>
    </p>
   </div>
   <div class='ocr_carea' id='block_1_79' title="bbox 2192 2147 3704 2217">
    <p class='ocr_par' dir='ltr' id='par_1_79' title="bbox 2192 2147 3704 2217">
     <span class='ocr_line' id='line_1_79' title="bbox 2192 2147 3704 2217; baseline 0.001 -17"><span class='ocrx_word' id='word_1_577' title='bbox 2192 2155 2407 2202; x_wconf 89' lang='lat' dir='ltr'><strong>taneum</strong></span> <span class='ocrx_word' id='word_1_578' title='bbox 2457 2149 2626 2214; x_wconf 87' lang='lat' dir='ltr'><strong>magis</strong></span> <span class='ocrx_word' id='word_1_579' title='bbox 2675 2147 2772 2201; x_wconf 87' lang='lat' dir='ltr'><strong>tibi</strong></span> <span class='ocrx_word' id='word_1_580' title='bbox 2831 2163 2994 2217; x_wconf 82' lang='lat' dir='ltr'><strong>super</strong></span> <span class='ocrx_word' id='word_1_581' title='bbox 3039 2151 3307 2203; x_wconf 80' lang='lat' dir='ltr'><strong>sententia</strong></span> <span class='ocrx_word' id='word_1_582' title='bbox 3354 2158 3437 2204; x_wconf 88' lang='lat' dir='ltr'><strong>tua</strong></span> <span class='ocrx_word' id='word_1_583' title='bbox 3481 2149 3704 2204; x_wconf 83' lang='lat' dir='ltr'><strong>Pictavum</strong></span> 
     </span>
    </p>
   </div>
   <div class='ocr_carea' id='block_1_80' title="bbox 2190 2237 3705 2312">
    <p class='ocr_par' dir='ltr' id='par_1_80' title="bbox 2190 2237 3705 2312">
     <span class='ocr_line' id='line_1_80' title="bbox 2190 2237 3705 2312; baseline 0.004 -22"><span class='ocrx_word' id='word_1_584' title='bbox 2190 2237 2448 2292; x_wconf 80' lang='lat' dir='ltr'><strong>Hilarium</strong></span> <span class='ocrx_word' id='word_1_585' title='bbox 2489 2254 2609 2294; x_wconf 90' lang='lat' dir='ltr'><strong>esse</strong></span> <span class='ocrx_word' id='word_1_586' title='bbox 2654 2239 2894 2310; x_wconf 89' lang='lat' dir='ltr'><strong>potuisse</strong></span> <span class='ocrx_word' id='word_1_587' title='bbox 2915 2280 2929 2304; x_wconf 95' lang='lat'><strong>,</strong></span> <span class='ocrx_word' id='word_1_588' title='bbox 2970 2240 3061 2309; x_wconf 92' lang='lat' dir='ltr'><strong>qui</strong></span> <span class='ocrx_word' id='word_1_589' title='bbox 3091 2241 3301 2296; x_wconf 91' lang='lat' dir='ltr'><strong>scilicet</strong></span> <span class='ocrx_word' id='word_1_590' title='bbox 3327 2242 3459 2296; x_wconf 92' lang='lat' dir='ltr'><strong>inter</strong></span> <span class='ocrx_word' id='word_1_591' title='bbox 3484 2242 3705 2312; x_wconf 85' lang='lat' dir='ltr'><strong>complura</strong></span> 
     </span>
    </p>
   </div>
   <div class='ocr_carea' id='block_1_81' title="bbox 2190 2329 3706 2401">
    <p class='ocr_par' dir='ltr' id='par_1_81' title="bbox 2190 2329 3706 2401">
     <span class='ocr_line' id='line_1_81' title="bbox 2190 2329 3706 2401; baseline 0.002 -19"><span class='ocrx_word' id='word_1_592' title='bbox 2190 2329 2563 2397; x_wconf 72' lang='lat' dir='ltr'><strong>prmcelsarum</strong></span> <span class='ocrx_word' id='word_1_593' title='bbox 2618 2329 3040 2399; x_wconf 89' lang='lat' dir='ltr'><strong>disputationum</strong></span> <span class='ocrx_word' id='word_1_594' title='bbox 3077 2346 3296 2386; x_wconf 89' lang='lat' dir='ltr'><strong>suarum</strong></span> <span class='ocrx_word' id='word_1_595' title='bbox 3325 2332 3554 2401; x_wconf 88' lang='lat' dir='ltr'><strong>quiddam</strong></span> <span class='ocrx_word' id='word_1_596' title='bbox 3588 2345 3706 2386; x_wconf 85' lang='lat' dir='ltr'><strong>secus</strong></span> 
     </span>
    </p>
   </div>
   <div class='ocr_carea' id='block_1_82' title="bbox 2187 2420 3704 2485">
    <p class='ocr_par' dir='ltr' id='par_1_82' title="bbox 2187 2420 3704 2485">
     <span class='ocr_line' id='line_1_82' title="bbox 2187 2420 3704 2485; baseline 0.001 -10"><span class='ocrx_word' id='word_1_597' title='bbox 2187 2421 2425 2475; x_wconf 89' lang='lat' dir='ltr'><strong>sentiens</strong></span> <span class='ocrx_word' id='word_1_598' title='bbox 2449 2460 2464 2485; x_wconf 94' lang='lat'><strong>,</strong></span> <span class='ocrx_word' id='word_1_599' title='bbox 2511 2420 2619 2475; x_wconf 91' lang='lat' dir='ltr'><strong>duo</strong></span> <span class='ocrx_word' id='word_1_600' title='bbox 2657 2420 2776 2476; x_wconf 66' lang='lat' dir='ltr'><strong>haec</strong></span> <span class='ocrx_word' id='word_1_601' title='bbox 2803 2421 2943 2475; x_wconf 90' lang='lat' dir='ltr'><strong>veris</strong></span> <span class='ocrx_word' id='word_1_602' title='bbox 2987 2421 3217 2476; x_wconf 89' lang='lat' dir='ltr'><strong>adversa</strong></span> <span class='ocrx_word' id='word_1_603' title='bbox 3258 2423 3532 2478; x_wconf 90' lang='lat' dir='ltr'><strong>disseruit:</strong></span> <span class='ocrx_word' id='word_1_604' title='bbox 3562 2439 3704 2484; x_wconf 86' lang='lat' dir='ltr'><strong>unum,</strong></span> 
     </span>
    </p>
   </div>
   <div class='ocr_carea' id='block_1_83' title="bbox 2187 2511 3706 2582">
    <p class='ocr_par' dir='ltr' id='par_1_83' title="bbox 2187 2511 3706 2582">
     <span class='ocr_line' id='line_1_83' title="bbox 2187 2511 3706 2582; baseline 0.001 -18"><span class='ocrx_word' id='word_1_605' title='bbox 2187 2511 2329 2579; x_wconf 89' lang='lat' dir='ltr'><strong>quod</strong></span> <span class='ocrx_word' id='word_1_606' title='bbox 2355 2511 2487 2564; x_wconf 91' lang='lat' dir='ltr'><strong>nihil</strong></span> <span class='ocrx_word' id='word_1_607' title='bbox 2528 2511 2904 2581; x_wconf 90' lang='lat' dir='ltr'><strong>incorporeum</strong></span> <span class='ocrx_word' id='word_1_608' title='bbox 2953 2520 3196 2567; x_wconf 90' lang='lat' dir='ltr'><strong>creatum</strong></span> <span class='ocrx_word' id='word_1_609' title='bbox 3245 2514 3410 2580; x_wconf 80' lang='lat' dir='ltr'><strong>dixit;</strong></span> <span class='ocrx_word' id='word_1_610' title='bbox 3441 2514 3568 2569; x_wconf 91' lang='lat' dir='ltr'><strong>aliud</strong></span> <span class='ocrx_word' id='word_1_611' title='bbox 3588 2557 3600 2580; x_wconf 90' lang='lat'><strong>,</strong></span> <span class='ocrx_word' id='word_1_612' title='bbox 3625 2529 3706 2582; x_wconf 90' lang='lat' dir='ltr'><strong>quo</strong></span> 
     </span>
    </p>
   </div>
   <div class='ocr_carea' id='block_1_84' title="bbox 2186 2601 3707 2674">
    <p class='ocr_par' dir='ltr' id='par_1_84' title="bbox 2186 2601 3707 2674">
     <span class='ocr_line' id='line_1_84' title="bbox 2186 2601 3707 2674; baseline 0.001 -17"><span class='ocrx_word' id='word_1_613' title='bbox 2186 2603 2318 2657; x_wconf 89' lang='lat' dir='ltr'><strong>nihil</strong></span> <span class='ocrx_word' id='word_1_614' title='bbox 2347 2604 2550 2658; x_wconf 91' lang='lat' dir='ltr'><strong>doloris</strong></span> <span class='ocrx_word' id='word_1_615' title='bbox 2578 2601 2849 2659; x_wconf 79' lang='lat' dir='ltr'><strong>Christum</strong></span> <span class='ocrx_word' id='word_1_616' title='bbox 2881 2605 2933 2658; x_wconf 91' lang='lat' dir='ltr'><strong>in</strong></span> <span class='ocrx_word' id='word_1_617' title='bbox 2961 2605 3218 2674; x_wconf 87' lang='lat' dir='ltr'><strong>passione</strong></span> <span class='ocrx_word' id='word_1_618' title='bbox 3245 2607 3484 2661; x_wconf 86' lang='lat' dir='ltr'><strong>sensisse.</strong></span> <span class='ocrx_word' id='word_1_619' title='bbox 3519 2605 3653 2674; x_wconf 87' lang='lat' dir='ltr'><strong>Cujus</strong></span> <span class='ocrx_word' id='word_1_620' title='bbox 3673 2605 3707 2658; x_wconf 80' lang='lat' dir='ltr'><strong>si</strong></span> 
     </span>
    </p>
   </div>
   <div class='ocr_carea' id='block_1_85' title="bbox 2185 2695 3706 2767">
    <p class='ocr_par' dir='ltr' id='par_1_85' title="bbox 2185 2695 3706 2767">
     <span class='ocr_line' id='line_1_85' title="bbox 2185 2695 3706 2767; baseline 0.003 -20"><span class='ocrx_word' id='word_1_621' title='bbox 2185 2710 2312 2748; x_wconf 88' lang='lat' dir='ltr'><strong>vera</strong></span> <span class='ocrx_word' id='word_1_622' title='bbox 2341 2696 2517 2765; x_wconf 89' lang='lat' dir='ltr'><strong>passio</strong></span> <span class='ocrx_word' id='word_1_623' title='bbox 2545 2711 2652 2754; x_wconf 90' lang='lat' dir='ltr'><strong>non</strong></span> <span class='ocrx_word' id='word_1_624' title='bbox 2695 2695 2793 2750; x_wconf 90' lang='lat' dir='ltr'><strong>fuit</strong></span> <span class='ocrx_word' id='word_1_625' title='bbox 2817 2734 2831 2758; x_wconf 92' lang='lat'><strong>,</strong></span> <span class='ocrx_word' id='word_1_626' title='bbox 2866 2696 3163 2766; x_wconf 88' lang='lat' dir='ltr'><strong>redemptio</strong></span> <span class='ocrx_word' id='word_1_627' title='bbox 3195 2713 3406 2767; x_wconf 89' lang='lat' dir='ltr'><strong>quoque</strong></span> <span class='ocrx_word' id='word_1_628' title='bbox 3429 2708 3586 2753; x_wconf 86' lang='lat' dir='ltr'><strong>nostra</strong></span> <span class='ocrx_word' id='word_1_629' title='bbox 3610 2712 3706 2752; x_wconf 84' lang='lat' dir='ltr'><strong>vera</strong></span> 
     </span>
    </p>
   </div>
   <div class='ocr_carea' id='block_1_86' title="bbox 2187 2786 3706 2857">
    <p class='ocr_par' dir='ltr' id='par_1_86' title="bbox 2187 2786 3706 2857">
     <span class='ocr_line' id='line_1_86' title="bbox 2187 2786 3706 2857; baseline 0.001 -17"><span class='ocrx_word' id='word_1_630' title='bbox 2187 2801 2305 2841; x_wconf 90' lang='lat' dir='ltr'><strong>esse</strong></span> <span class='ocrx_word' id='word_1_631' title='bbox 2351 2802 2462 2841; x_wconf 90' lang='lat' dir='ltr'><strong>non</strong></span> <span class='ocrx_word' id='word_1_632' title='bbox 2507 2787 2704 2856; x_wconf 90' lang='lat' dir='ltr'><strong>potuit.</strong></span> <span class='ocrx_word' id='word_1_633' title='bbox 2755 2786 2860 2840; x_wconf 91' lang='lat' dir='ltr'><strong>Sed</strong></span> <span class='ocrx_word' id='word_1_634' title='bbox 2887 2787 3144 2854; x_wconf 88' lang='lat' dir='ltr'><strong>quoniam</strong></span> <span class='ocrx_word' id='word_1_635' title='bbox 3176 2788 3367 2843; x_wconf 88' lang='lat' dir='ltr'><strong>beatus</strong></span> <span class='ocrx_word' id='word_1_636' title='bbox 3394 2787 3597 2843; x_wconf 87' lang='lat' dir='ltr'><strong>Hilarius</strong></span> <span class='ocrx_word' id='word_1_637' title='bbox 3619 2787 3706 2857; x_wconf 85' lang='lat' dir='ltr'><strong>opi-</strong></span> 
     </span>
    </p>
   </div>
   <div class='ocr_carea' id='block_1_87' title="bbox 2187 2877 3705 2946">
    <p class='ocr_par' dir='ltr' id='par_1_87' title="bbox 2187 2877 3705 2946">
     <span class='ocr_line' id='line_1_87' title="bbox 2187 2877 3705 2946; baseline -0.001 -15"><span class='ocrx_word' id='word_1_638' title='bbox 2187 2877 2364 2932; x_wconf 90' lang='lat' dir='ltr'><strong>nionis</strong></span> <span class='ocrx_word' id='word_1_639' title='bbox 2406 2877 2628 2946; x_wconf 89' lang='lat' dir='ltr'><strong>hujusce</strong></span> <span class='ocrx_word' id='word_1_640' title='bbox 2668 2877 2852 2930; x_wconf 87' lang='lat' dir='ltr'><strong>vitium</strong></span> <span class='ocrx_word' id='word_1_641' title='bbox 2901 2877 3097 2930; x_wconf 89' lang='lat' dir='ltr'><strong>virtute</strong></span> <span class='ocrx_word' id='word_1_642' title='bbox 3126 2878 3479 2933; x_wconf 82' lang='lat' dir='ltr'><strong>confessionis</strong></span> <span class='ocrx_word' id='word_1_643' title='bbox 3503 2877 3705 2940; x_wconf 82' lang='lat' dir='ltr'><strong>abolevit,</strong></span> 
     </span>
    </p>
   </div>
   <div class='ocr_carea' id='block_1_88' title="bbox 2187 2967 3707 3039">
    <p class='ocr_par' dir='ltr' id='par_1_88' title="bbox 2187 2967 3707 3039">
     <span class='ocr_line' id='line_1_88' title="bbox 2187 2967 3707 3039; baseline -0.003 -16"><span class='ocrx_word' id='word_1_644' title='bbox 2187 2970 2264 3024; x_wconf 90' lang='lat' dir='ltr'><strong>sic</strong></span> <span class='ocrx_word' id='word_1_645' title='bbox 2293 2969 2518 3023; x_wconf 90' lang='lat' dir='ltr'><strong>sustinet</strong></span> <span class='ocrx_word' id='word_1_646' title='bbox 2547 2967 2987 3036; x_wconf 88' lang='lat' dir='ltr'><strong>reprehensionis</strong></span> <span class='ocrx_word' id='word_1_647' title='bbox 3013 2968 3236 3038; x_wconf 86' lang='lat' dir='ltr'><strong>stylum,</strong></span> <span class='ocrx_word' id='word_1_648' title='bbox 3269 2970 3408 3038; x_wconf 91' lang='lat' dir='ltr'><strong>quod</strong></span> <span class='ocrx_word' id='word_1_649' title='bbox 3428 2985 3526 3024; x_wconf 90' lang='lat' dir='ltr'><strong>non</strong></span> <span class='ocrx_word' id='word_1_650' title='bbox 3549 2969 3707 3039; x_wconf 86' lang='lat' dir='ltr'><strong>patitur</strong></span> 
     </span>
    </p>
   </div>
   <div class='ocr_carea' id='block_1_89' title="bbox 2187 3057 3706 3129">
    <p class='ocr_par' dir='ltr' id='par_1_89' title="bbox 2187 3057 3706 3129">
     <span class='ocr_line' id='line_1_89' title="bbox 2187 3057 3706 3129; baseline -0.002 -15"><span class='ocrx_word' id='word_1_651' title='bbox 2187 3059 2508 3114; x_wconf 88' lang='lat' dir='ltr'><strong>detrimenta</strong></span> <span class='ocrx_word' id='word_1_652' title='bbox 2552 3060 2887 3112; x_wconf 88' lang='lat' dir='ltr'><strong>meritorum.</strong></span> <span class='ocrx_word' id='word_1_653' title='bbox 2942 3057 3289 3129; x_wconf 89' lang='lat' dir='ltr'><strong>Quapropter</strong></span> <span class='ocrx_word' id='word_1_654' title='bbox 3317 3070 3525 3116; x_wconf 89' lang='lat' dir='ltr'><strong>eatenus</strong></span> <span class='ocrx_word' id='word_1_655' title='bbox 3547 3061 3706 3113; x_wconf 83' lang='lat' dir='ltr'><strong>divina-</strong></span> 
     </span>
    </p>
   </div>
   <div class='ocr_carea' id='block_1_90' title="bbox 2184 3147 3707 3218">
    <p class='ocr_par' dir='ltr' id='par_1_90' title="bbox 2184 3147 3707 3218">
     <span class='ocr_line' id='line_1_90' title="bbox 2184 3147 3707 3218; baseline -0.001 -14"><span class='ocrx_word' id='word_1_656' title='bbox 2184 3166 2302 3204; x_wconf 91' lang='lat' dir='ltr'><strong>rum</strong></span> <span class='ocrx_word' id='word_1_657' title='bbox 2330 3149 2715 3205; x_wconf 87' lang='lat' dir='ltr'><strong>tractatoribus</strong></span> <span class='ocrx_word' id='word_1_658' title='bbox 2765 3147 3164 3218; x_wconf 88' lang='lat' dir='ltr'><strong>Scripturarnm</strong></span> <span class='ocrx_word' id='word_1_659' title='bbox 3209 3150 3366 3205; x_wconf 79' lang='lat' dir='ltr'><strong>fidem</strong></span> <span class='ocrx_word' id='word_1_660' title='bbox 3402 3149 3707 3218; x_wconf 82' lang='lat' dir='ltr'><strong>adhiberipar</strong></span> 
     </span>
    </p>
   </div>
   <div class='ocr_carea' id='block_1_91' title="bbox 2183 3239 3703 3311">
    <p class='ocr_par' dir='ltr' id='par_1_91' title="bbox 2183 3239 3703 3311">
     <span class='ocr_line' id='line_1_91' title="bbox 2183 3239 3703 3311; baseline -0.005 -15"><span class='ocrx_word' id='word_1_661' title='bbox 2183 3249 2284 3307; x_wconf 90' lang='lat' dir='ltr'><strong>est,</strong></span> <span class='ocrx_word' id='word_1_662' title='bbox 2317 3241 2666 3309; x_wconf 65' lang='lat' dir='ltr'><strong>quoadusque</strong></span> <span class='ocrx_word' id='word_1_663' title='bbox 2703 3239 2878 3294; x_wconf 91' lang='lat' dir='ltr'><strong>eidem</strong></span> <span class='ocrx_word' id='word_1_664' title='bbox 2911 3241 3086 3295; x_wconf 92' lang='lat' dir='ltr'><strong>tenori</strong></span> <span class='ocrx_word' id='word_1_665' title='bbox 3109 3243 3358 3296; x_wconf 89' lang='lat' dir='ltr'><strong>veritatis</strong></span> <span class='ocrx_word' id='word_1_666' title='bbox 3391 3242 3703 3311; x_wconf 88' lang='lat' dir='ltr'><strong>astipulantur.</strong></span> 
     </span>
    </p>
   </div>
   <div class='ocr_carea' id='block_1_92' title="bbox 2182 3327 3708 3404">
    <p class='ocr_par' dir='ltr' id='par_1_92' title="bbox 2182 3327 3708 3404">
     <span class='ocr_line' id='line_1_92' title="bbox 2182 3327 3708 3404; baseline -0.005 -16"><span class='ocrx_word' id='word_1_667' title='bbox 2182 3332 2288 3388; x_wconf 90' lang='lat' dir='ltr'><strong>Sed</strong></span> <span class='ocrx_word' id='word_1_668' title='bbox 2317 3347 2623 3402; x_wconf 89' lang='lat' dir='ltr'><strong>quanquam</strong></span> <span class='ocrx_word' id='word_1_669' title='bbox 2651 3332 2926 3386; x_wconf 91' lang='lat' dir='ltr'><strong>nonnullis</strong></span> <span class='ocrx_word' id='word_1_670' title='bbox 2964 3332 3409 3388; x_wconf 87' lang='lat' dir='ltr'><strong>dissertatoribus</strong></span> <span class='ocrx_word' id='word_1_671' title='bbox 3437 3327 3708 3404; x_wconf 78' lang='lat' dir='ltr'><strong>proferendis</strong></span> 
     </span>
    </p>
   </div>
   <div class='ocr_carea' id='block_1_93' title="bbox 2182 3426 3708 3496">
    <p class='ocr_par' dir='ltr' id='par_1_93' title="bbox 2182 3426 3708 3496">
     <span class='ocr_line' id='line_1_93' title="bbox 2182 3426 3708 3496; baseline -0.004 -15"><span class='ocrx_word' id='word_1_672' title='bbox 2182 3428 2489 3482; x_wconf 89' lang='lat' dir='ltr'><strong>necessario</strong></span> <span class='ocrx_word' id='word_1_673' title='bbox 2517 3426 2940 3496; x_wconf 90' lang='lat' dir='ltr'><strong>supersederim,</strong></span> <span class='ocrx_word' id='word_1_674' title='bbox 2974 3428 3100 3483; x_wconf 91' lang='lat' dir='ltr'><strong>dum</strong></span> <span class='ocrx_word' id='word_1_675' title='bbox 3129 3429 3200 3481; x_wconf 87' lang='lat' dir='ltr'><strong>ad</strong></span> <span class='ocrx_word' id='word_1_676' title='bbox 3234 3428 3447 3484; x_wconf 89' lang='lat' dir='ltr'><strong>oracula</strong></span> <span class='ocrx_word' id='word_1_677' title='bbox 3477 3427 3628 3481; x_wconf 89' lang='lat' dir='ltr'><strong>divina</strong></span> <span class='ocrx_word' id='word_1_678' title='bbox 3661 3437 3708 3476; x_wconf 81' lang='lat' dir='ltr'><strong>ex</strong></span> 
     </span>
    </p>
   </div>
   <div class='ocr_carea' id='block_1_94' title="bbox 2181 3516 3707 3587">
    <p class='ocr_par' dir='ltr' id='par_1_94' title="bbox 2181 3516 3707 3587">
     <span class='ocr_line' id='line_1_94' title="bbox 2181 3516 3707 3587; baseline -0.003 -16"><span class='ocrx_word' id='word_1_679' title='bbox 2181 3517 2373 3585; x_wconf 88' lang='lat' dir='ltr'><strong>quibus</strong></span> <span class='ocrx_word' id='word_1_680' title='bbox 2419 3517 2731 3572; x_wconf 89' lang='lat' dir='ltr'><strong>eorumdem</strong></span> <span class='ocrx_word' id='word_1_681' title='bbox 2779 3517 2979 3586; x_wconf 91' lang='lat' dir='ltr'><strong>pendet</strong></span> <span class='ocrx_word' id='word_1_682' title='bbox 3025 3520 3346 3582; x_wconf 90' lang='lat' dir='ltr'><strong>auctoritas,</strong></span> <span class='ocrx_word' id='word_1_683' title='bbox 3387 3518 3499 3587; x_wconf 90' lang='lat' dir='ltr'><strong>jure</strong></span> <span class='ocrx_word' id='word_1_684' title='bbox 3525 3516 3707 3576; x_wconf 85' lang='lat' dir='ltr'><strong>festino;</strong></span> 
     </span>
    </p>
   </div>
   <div class='ocr_carea' id='block_1_95' title="bbox 2180 3603 3710 3678">
    <p class='ocr_par' dir='ltr' id='par_1_95' title="bbox 2180 3603 3710 3678">
     <span class='ocr_line' id='line_1_95' title="bbox 2180 3603 3710 3678; baseline -0.004 -17"><span class='ocrx_word' id='word_1_685' title='bbox 2180 3607 2593 3676; x_wconf 88' lang='lat' dir='ltr'><strong>haudquaquam</strong></span> <span class='ocrx_word' id='word_1_686' title='bbox 2632 3616 2816 3662; x_wconf 88' lang='lat' dir='ltr'><strong>tamen</strong></span> <span class='ocrx_word' id='word_1_687' title='bbox 2851 3607 3178 3662; x_wconf 89' lang='lat' dir='ltr'><strong>Eucherium</strong></span> <span class='ocrx_word' id='word_1_688' title='bbox 3215 3607 3566 3678; x_wconf 69' lang='lat' dir='ltr'><strong>pneterierim,</strong></span> <span class='ocrx_word' id='word_1_689' title='bbox 3593 3603 3710 3658; x_wconf 88' lang='lat' dir='ltr'><strong>mihi-</strong></span> 
     </span>
    </p>
   </div>
   <div class='ocr_carea' id='block_1_96' title="bbox 2180 3695 3711 3766">
    <p class='ocr_par' dir='ltr' id='par_1_96' title="bbox 2180 3695 3711 3766">
     <span class='ocr_line' id='line_1_96' title="bbox 2180 3695 3711 3766; baseline -0.003 -16"><span class='ocrx_word' id='word_1_690' title='bbox 2180 3705 2293 3751; x_wconf 91' lang='lat' dir='ltr'><strong>met</strong></span> <span class='ocrx_word' id='word_1_691' title='bbox 2319 3697 2590 3751; x_wconf 88' lang='lat' dir='ltr'><strong>viventem</strong></span> <span class='ocrx_word' id='word_1_692' title='bbox 2618 3696 2860 3751; x_wconf 90' lang='lat' dir='ltr'><strong>doctrina</strong></span> <span class='ocrx_word' id='word_1_693' title='bbox 2889 3704 2944 3751; x_wconf 90' lang='lat' dir='ltr'><strong>et</strong></span> <span class='ocrx_word' id='word_1_694' title='bbox 2971 3699 3360 3766; x_wconf 64' lang='lat' dir='ltr'><strong>praesentaneis</strong></span> <span class='ocrx_word' id='word_1_695' title='bbox 3387 3712 3552 3753; x_wconf 89' lang='lat' dir='ltr'><strong>coram</strong></span> <span class='ocrx_word' id='word_1_696' title='bbox 3572 3695 3711 3762; x_wconf 83' lang='lat' dir='ltr'><strong>dispu-</strong></span> 
     </span>
    </p>
   </div>
   <div class='ocr_carea' id='block_1_97' title="bbox 2183 3785 3711 3858">
    <p class='ocr_par' dir='ltr' id='par_1_97' title="bbox 2183 3785 3711 3858">
     <span class='ocr_line' id='line_1_97' title="bbox 2183 3785 3711 3858; baseline -0.004 -18"><span class='ocrx_word' id='word_1_697' title='bbox 2183 3787 2477 3842; x_wconf 90' lang='lat' dir='ltr'><strong>tationibus</strong></span> <span class='ocrx_word' id='word_1_698' title='bbox 2504 3789 2772 3856; x_wconf 83' lang='lat' dir='ltr'><strong>cognitum</strong></span> <span class='ocrx_word' id='word_1_699' title='bbox 2793 3829 2806 3854; x_wconf 93' lang='lat'><strong>,</strong></span> <span class='ocrx_word' id='word_1_700' title='bbox 2852 3804 2961 3842; x_wconf 91' lang='lat' dir='ltr'><strong>non</strong></span> <span class='ocrx_word' id='word_1_701' title='bbox 2992 3804 3155 3858; x_wconf 88' lang='lat' dir='ltr'><strong>porro</strong></span> <span class='ocrx_word' id='word_1_702' title='bbox 3186 3791 3390 3844; x_wconf 90' lang='lat' dir='ltr'><strong>nuntiis</strong></span> <span class='ocrx_word' id='word_1_703' title='bbox 3417 3797 3501 3842; x_wconf 91' lang='lat' dir='ltr'><strong>aut</strong></span> <span class='ocrx_word' id='word_1_704' title='bbox 3529 3785 3711 3840; x_wconf 86' lang='lat' dir='ltr'><strong>lectione</strong></span> 
     </span>
    </p>
   </div>
   <div class='ocr_carea' id='block_1_98' title="bbox 2182 3872 3707 3948">
    <p class='ocr_par' dir='ltr' id='par_1_98' title="bbox 2182 3872 3707 3948">
     <span class='ocr_line' id='line_1_98' title="bbox 2182 3872 3707 3948; baseline -0.005 -16"><span class='ocrx_word' id='word_1_705' title='bbox 2182 3887 2516 3948; x_wconf 88' lang='lat' dir='ltr'><strong>compertum</strong></span> <span class='ocrx_word' id='word_1_706' title='bbox 2548 3897 2558 3931; x_wconf 91' lang='lat'><strong>:</strong></span> <span class='ocrx_word' id='word_1_707' title='bbox 2592 3880 2683 3947; x_wconf 88' lang='lat' dir='ltr'><strong>qui</strong></span> <span class='ocrx_word' id='word_1_708' title='bbox 2710 3879 2918 3933; x_wconf 87' lang='lat' dir='ltr'><strong>scilicet</strong></span> <span class='ocrx_word' id='word_1_709' title='bbox 2946 3878 3131 3933; x_wconf 87' lang='lat' dir='ltr'><strong>viridis</strong></span> <span class='ocrx_word' id='word_1_710' title='bbox 3158 3881 3282 3944; x_wconf 67' lang='lat' dir='ltr'><strong>sevi,</strong></span> <span class='ocrx_word' id='word_1_711' title='bbox 3315 3887 3540 3933; x_wconf 87' lang='lat' dir='ltr'><strong>maturus</strong></span> <span class='ocrx_word' id='word_1_712' title='bbox 3565 3872 3707 3934; x_wconf 87' lang='lat' dir='ltr'><strong>animi,</strong></span> 
     </span>
    </p>
   </div>
   <div class='ocr_carea' id='block_1_99' title="bbox 2182 3968 3711 4038">
    <p class='ocr_par' dir='ltr' id='par_1_99' title="bbox 2182 3968 3711 4038">
     <span class='ocr_line' id='line_1_99' title="bbox 2182 3968 3711 4038; baseline -0.005 -16"><span class='ocrx_word' id='word_1_713' title='bbox 2182 3976 2339 4022; x_wconf 81' lang='lat' dir='ltr'><strong>terra:</strong></span> <span class='ocrx_word' id='word_1_714' title='bbox 2384 3969 2668 4038; x_wconf 92' lang='lat' dir='ltr'><strong>dispucns,</strong></span> <span class='ocrx_word' id='word_1_715' title='bbox 2713 3969 2836 4024; x_wconf 69' lang='lat' dir='ltr'><strong>creti</strong></span> <span class='ocrx_word' id='word_1_716' title='bbox 2873 3968 3403 4038; x_wconf 89' lang='lat' dir='ltr'><strong>appetens,bumilis</strong></span> <span class='ocrx_word' id='word_1_717' title='bbox 3422 3969 3619 4038; x_wconf 90' lang='lat' dir='ltr'><strong>spiritu,</strong></span> <span class='ocrx_word' id='word_1_718' title='bbox 3645 3979 3711 4016; x_wconf 83' lang='lat' dir='ltr'><strong>ar-</strong></span> 
     </span>
    </p>
   </div>
   <div class='ocr_carea' id='block_1_100' title="bbox 2180 4054 3710 4128">
    <p class='ocr_par' dir='ltr' id='par_1_100' title="bbox 2180 4054 3710 4128">
     <span class='ocr_line' id='line_1_100' title="bbox 2180 4054 3710 4128; baseline -0.005 -14"><span class='ocrx_word' id='word_1_719' title='bbox 2180 4059 2318 4114; x_wconf 90' lang='lat' dir='ltr'><strong>duus</strong></span> <span class='ocrx_word' id='word_1_720' title='bbox 2345 4059 2557 4124; x_wconf 89' lang='lat' dir='ltr'><strong>merito,</strong></span> <span class='ocrx_word' id='word_1_721' title='bbox 2589 4074 2652 4114; x_wconf 90' lang='lat' dir='ltr'><strong>ac</strong></span> <span class='ocrx_word' id='word_1_722' title='bbox 2682 4058 2903 4128; x_wconf 80' lang='lat' dir='ltr'><strong>perinde</strong></span> <span class='ocrx_word' id='word_1_723' title='bbox 2932 4059 3133 4127; x_wconf 86' lang='lat' dir='ltr'><strong>ingenii</strong></span> <span class='ocrx_word' id='word_1_724' title='bbox 3163 4060 3550 4122; x_wconf 88' lang='lat' dir='ltr'><strong>subtilissimus,</strong></span> <span class='ocrx_word' id='word_1_725' title='bbox 3573 4054 3710 4110; x_wconf 85' lang='lat' dir='ltr'><strong>scien-</strong></span> 
     </span>
    </p>
   </div>
   <div class='ocr_carea' id='block_1_101' title="bbox 2184 4142 3712 4223">
    <p class='ocr_par' dir='ltr' id='par_1_101' title="bbox 2184 4142 3712 4223">
     <span class='ocr_line' id='line_1_101' title="bbox 2184 4142 3712 4223; baseline -0.005 -17"><span class='ocrx_word' id='word_1_726' title='bbox 2184 4153 2270 4206; x_wconf 89' lang='lat' dir='ltr'><strong>tia:</strong></span> <span class='ocrx_word' id='word_1_727' title='bbox 2300 4154 2489 4223; x_wconf 86' lang='lat' dir='ltr'><strong>plenus</strong></span> <span class='ocrx_word' id='word_1_728' title='bbox 2512 4193 2526 4217; x_wconf 93' lang='lat'><strong>,</strong></span> <span class='ocrx_word' id='word_1_729' title='bbox 2560 4152 2760 4220; x_wconf 88' lang='lat' dir='ltr'><strong>eloquii</strong></span> <span class='ocrx_word' id='word_1_730' title='bbox 2809 4150 3051 4220; x_wconf 81' lang='lat' dir='ltr'><strong>profluus</strong></span> <span class='ocrx_word' id='word_1_731' title='bbox 3075 4193 3089 4216; x_wconf 94' lang='lat'><strong>,</strong></span> <span class='ocrx_word' id='word_1_732' title='bbox 3131 4166 3448 4220; x_wconf 89' lang='lat' dir='ltr'><strong>magnorum</strong></span> <span class='ocrx_word' id='word_1_733' title='bbox 3475 4147 3628 4205; x_wconf 64' lang='lat' dir='ltr'><strong>saeculi</strong></span> <span class='ocrx_word' id='word_1_734' title='bbox 3649 4142 3712 4197; x_wconf 82' lang='lat' dir='ltr'><strong>sni</strong></span> 
     </span>
    </p>
   </div>
   <div class='ocr_carea' id='block_1_102' title="bbox 2180 4233 3710 4317">
    <p class='ocr_par' dir='ltr' id='par_1_102' title="bbox 2180 4233 3710 4317">
     <span class='ocr_line' id='line_1_102' title="bbox 2180 4233 3710 4317; baseline -0.01 -17"><span class='ocrx_word' id='word_1_735' title='bbox 2180 4245 2495 4317; x_wconf 84' lang='lat' dir='ltr'><strong>pontiï¬cum</strong></span> <span class='ocrx_word' id='word_1_736' title='bbox 2525 4245 2686 4312; x_wconf 85' lang='lat' dir='ltr'><strong>longe</strong></span> <span class='ocrx_word' id='word_1_737' title='bbox 2715 4244 3014 4306; x_wconf 85' lang='lat' dir='ltr'><strong>maximus,</strong></span> <span class='ocrx_word' id='word_1_738' title='bbox 3059 4244 3221 4298; x_wconf 87' lang='lat' dir='ltr'><strong>editis</strong></span> <span class='ocrx_word' id='word_1_739' title='bbox 3251 4245 3305 4298; x_wconf 93' lang='lat' dir='ltr'><strong>iu</strong></span> <span class='ocrx_word' id='word_1_740' title='bbox 3335 4258 3445 4297; x_wconf 90' lang='lat' dir='ltr'><strong>rem</strong></span> <span class='ocrx_word' id='word_1_741' title='bbox 3472 4239 3579 4293; x_wconf 89' lang='lat' dir='ltr'><strong>tidei</strong></span> <span class='ocrx_word' id='word_1_742' title='bbox 3602 4233 3710 4290; x_wconf 85' lang='lat' dir='ltr'><strong>mul-</strong></span> 
     </span>
    </p>
   </div>
   <div class='ocr_carea' id='block_1_103' title="bbox 2186 4327 3713 4405">
    <p class='ocr_par' dir='ltr' id='par_1_103' title="bbox 2186 4327 3713 4405">
     <span class='ocr_line' id='line_1_103' title="bbox 2186 4327 3713 4405; baseline -0.006 -15"><span class='ocrx_word' id='word_1_743' title='bbox 2186 4337 2366 4405; x_wconf 87' lang='lat' dir='ltr'><strong>tijugis</strong></span> <span class='ocrx_word' id='word_1_744' title='bbox 2415 4337 2683 4390; x_wconf 90' lang='lat' dir='ltr'><strong>variorum</strong></span> <span class='ocrx_word' id='word_1_745' title='bbox 2733 4350 2958 4403; x_wconf 90' lang='lat' dir='ltr'><strong>operum</strong></span> <span class='ocrx_word' id='word_1_746' title='bbox 2995 4334 3387 4399; x_wconf 88' lang='lat' dir='ltr'><strong>voluminibus,</strong></span> <span class='ocrx_word' id='word_1_747' title='bbox 3419 4332 3480 4386; x_wconf 91' lang='lat' dir='ltr'><strong>ad</strong></span> <span class='ocrx_word' id='word_1_748' title='bbox 3508 4327 3713 4401; x_wconf 86' lang='lat' dir='ltr'><strong>populum</strong></span> 
     </span>
    </p>
   </div>
   <div class='ocr_carea' id='block_1_104' title="bbox 2183 4414 3714 4500">
    <p class='ocr_par' dir='ltr' id='par_1_104' title="bbox 2183 4414 3714 4500">
     <span class='ocr_line' id='line_1_104' title="bbox 2183 4414 3714 4500; baseline -0.009 -16"><span class='ocrx_word' id='word_1_749' title='bbox 2183 4444 2397 4500; x_wconf 90' lang='lat' dir='ltr'><strong>quoque</strong></span> <span class='ocrx_word' id='word_1_750' title='bbox 2425 4426 2511 4483; x_wconf 85' lang='lat' dir='ltr'><strong>his</strong></span> <span class='ocrx_word' id='word_1_751' title='bbox 2538 4442 2701 4496; x_wconf 91' lang='lat' dir='ltr'><strong>super</strong></span> <span class='ocrx_word' id='word_1_752' title='bbox 2728 4433 2872 4480; x_wconf 87' lang='lat' dir='ltr'><strong>statu</strong></span> <span class='ocrx_word' id='word_1_753' title='bbox 2889 4426 3080 4480; x_wconf 82' lang='lat' dir='ltr'><strong>anima:</strong></span> <span class='ocrx_word' id='word_1_754' title='bbox 3102 4427 3457 4480; x_wconf 63' lang='lat' dir='ltr'><strong>contionatus</strong></span> <span class='ocrx_word' id='word_1_755' title='bbox 3482 4429 3580 4476; x_wconf 84' lang='lat' dir='ltr'><strong>est:</strong></span> <span class='ocrx_word' id='word_1_756' title='bbox 3602 4414 3714 4480; x_wconf 73' lang='lat' dir='ltr'><strong>Qua!-</strong></span> 
     </span>
    </p>
   </div>
   <div class='ocr_carea' id='block_1_105' title="bbox 2105 4503 3713 4593">
    <p class='ocr_par' dir='ltr' id='par_1_105' title="bbox 2105 4503 3713 4593">
     <span class='ocr_line' id='line_1_105' title="bbox 2105 4503 3713 4593; baseline -0.014 -13"><span class='ocrx_word' id='word_1_757' title='bbox 2105 4503 2156 4563; x_wconf 67' lang='grc' dir='ltr'>Î’</span> <span class='ocrx_word' id='word_1_758' title='bbox 2184 4542 2315 4588; x_wconf 89' lang='lat' dir='ltr'><strong>rere,</strong></span> <span class='ocrx_word' id='word_1_759' title='bbox 2347 4524 2548 4591; x_wconf 89' lang='lat' dir='ltr'><strong>inquit,</strong></span> <span class='ocrx_word' id='word_1_760' title='bbox 2589 4521 2800 4593; x_wconf 84' lang='lat' dir='ltr'><strong>quidam</strong></span> <span class='ocrx_word' id='word_1_761' title='bbox 2844 4519 3041 4584; x_wconf 83' lang='lat' dir='ltr'><strong>solent,</strong></span> <span class='ocrx_word' id='word_1_762' title='bbox 3074 4519 3333 4591; x_wconf 84' lang='lat' dir='ltr'><strong>quomodo</strong></span> <span class='ocrx_word' id='word_1_763' title='bbox 3357 4520 3410 4572; x_wconf 83' lang='lat' dir='ltr'><strong>in</strong></span> <span class='ocrx_word' id='word_1_764' title='bbox 3438 4515 3616 4569; x_wconf 78' lang='lat' dir='ltr'><strong>Christo</strong></span> <span class='ocrx_word' id='word_1_765' title='bbox 3639 4508 3713 4561; x_wconf 79' lang='lat' dir='ltr'><strong>mi-</strong></span> 
     </span>
    </p>
   </div>
   <div class='ocr_carea' id='block_1_106' title="bbox 2185 4595 3712 4683">
    <p class='ocr_par' dir='ltr' id='par_1_106' title="bbox 2185 4595 3712 4683">
     <span class='ocr_line' id='line_1_106' title="bbox 2185 4595 3712 4683; baseline -0.012 -14"><span class='ocrx_word' id='word_1_766' title='bbox 2185 4615 2314 4669; x_wconf 86' lang='lat' dir='ltr'><strong>sceri</strong></span> <span class='ocrx_word' id='word_1_767' title='bbox 2341 4614 2560 4683; x_wconf 79' lang='lat' dir='ltr'><strong>potuerit</strong></span> <span class='ocrx_word' id='word_1_768' title='bbox 2585 4612 2736 4664; x_wconf 87' lang='lat' dir='ltr'><strong>homo</strong></span> <span class='ocrx_word' id='word_1_769' title='bbox 2764 4618 2814 4663; x_wconf 93' lang='lat' dir='ltr'><strong>et</strong></span> <span class='ocrx_word' id='word_1_770' title='bbox 2839 4607 2999 4662; x_wconf 87' lang='lat' dir='ltr'><strong>Deus.</strong></span> <span class='ocrx_word' id='word_1_771' title='bbox 3044 4604 3303 4670; x_wconf 63' lang='lat' dir='ltr'><strong>Quaerunt</strong></span> <span class='ocrx_word' id='word_1_772' title='bbox 3330 4617 3379 4659; x_wconf 89' lang='lat' dir='ltr'><strong>et</strong></span> <span class='ocrx_word' id='word_1_773' title='bbox 3401 4605 3626 4660; x_wconf 84' lang='lat' dir='ltr'><strong>rationem</strong></span> <span class='ocrx_word' id='word_1_774' title='bbox 3649 4595 3712 4646; x_wconf 76' lang='grc' dir='ltr'><strong><em>Î™Î¹Î¹Î¹Î‡</em></strong></span> 
     </span>
    </p>
   </div>
   <div class='ocr_carea' id='block_1_107' title="bbox 2178 4688 3714 4778">
    <p class='ocr_par' dir='ltr' id='par_1_107' title="bbox 2178 4688 3714 4778">
     <span class='ocr_line' id='line_1_107' title="bbox 2178 4688 3714 4778; baseline -0.013 -20"><span class='ocrx_word' id='word_1_775' title='bbox 2178 4709 2266 4778; x_wconf 85' lang='lat' dir='ltr'><strong>jus</strong></span> <span class='ocrx_word' id='word_1_776' title='bbox 2287 4705 2516 4776; x_wconf 80' lang='lat' dir='ltr'><strong>mysterii</strong></span> <span class='ocrx_word' id='word_1_777' title='bbox 2544 4702 2680 4773; x_wconf 84' lang='lat' dir='ltr'><strong>quod</strong></span> <span class='ocrx_word' id='word_1_778' title='bbox 2705 4701 2860 4758; x_wconf 80' lang='lat' dir='ltr'><strong>semel</strong></span> <span class='ocrx_word' id='word_1_779' title='bbox 2890 4703 3085 4770; x_wconf 80' lang='lat' dir='ltr'><strong>factum</strong></span> <span class='ocrx_word' id='word_1_780' title='bbox 3107 4708 3214 4764; x_wconf 88' lang='lat' dir='ltr'><strong>est,</strong></span> <span class='ocrx_word' id='word_1_781' title='bbox 3271 4715 3385 4752; x_wconf 87' lang='lat' dir='ltr'><strong>cum</strong></span> <span class='ocrx_word' id='word_1_782' title='bbox 3422 4697 3514 4767; x_wconf 82' lang='lat' dir='ltr'><strong>ipsi</strong></span> <span class='ocrx_word' id='word_1_783' title='bbox 3548 4688 3714 4745; x_wconf 73' lang='lat' dir='ltr'><strong>reddere</strong></span> 
     </span>
    </p>
   </div>
   <div class='ocr_carea' id='block_1_108' title="bbox 2185 4789 3709 4869">
    <p class='ocr_par' dir='ltr' id='par_1_108' title="bbox 2185 4789 3709 4869">
     <span class='ocr_line' id='line_1_108' title="bbox 2185 4789 3709 4869; baseline -0.013 -15"><span class='ocrx_word' id='word_1_784' title='bbox 2185 4801 2442 4854; x_wconf 84' lang='lat' dir='ltr'><strong>rationem</strong></span> <span class='ocrx_word' id='word_1_785' title='bbox 2473 4811 2792 4869; x_wconf 81' lang='lat' dir='ltr'><strong>nequaquam</strong></span> <span class='ocrx_word' id='word_1_786' title='bbox 2822 4795 3021 4866; x_wconf 82' lang='lat' dir='ltr'><strong>possint</strong></span> <span class='ocrx_word' id='word_1_787' title='bbox 3065 4793 3175 4863; x_wconf 87' lang='lat' dir='ltr'><strong>ejus</strong></span> <span class='ocrx_word' id='word_1_788' title='bbox 3216 4794 3294 4846; x_wconf 86' lang='lat' dir='ltr'><strong>rei</strong></span> <span class='ocrx_word' id='word_1_789' title='bbox 3321 4805 3434 4862; x_wconf 71' lang='lat' dir='ltr'><strong>qua:</strong></span> <span class='ocrx_word' id='word_1_790' title='bbox 3457 4789 3513 4858; x_wconf 80' lang='lat' dir='ltr'><strong>ï¬t</strong></span> <span class='ocrx_word' id='word_1_791' title='bbox 3537 4794 3709 4850; x_wconf 73' lang='lat' dir='ltr'><strong>semper,</strong></span> 
     </span>
    </p>
   </div>
   <div class='ocr_carea' id='block_1_109' title="bbox 2185 4869 3714 4962">
    <p class='ocr_par' dir='ltr' id='par_1_109' title="bbox 2185 4869 3714 4962">
     <span class='ocr_line' id='line_1_109' title="bbox 2185 4869 3714 4962; baseline -0.013 -16"><span class='ocrx_word' id='word_1_792' title='bbox 2185 4891 2435 4962; x_wconf 87' lang='lat' dir='ltr'><strong>quomodo</strong></span> <span class='ocrx_word' id='word_1_793' title='bbox 2463 4891 2684 4944; x_wconf 78' lang='lat' dir='ltr'><strong>societur</strong></span> <span class='ocrx_word' id='word_1_794' title='bbox 2713 4888 2889 4941; x_wconf 82' lang='lat' dir='ltr'><strong>anima</strong></span> <span class='ocrx_word' id='word_1_795' title='bbox 2927 4887 3161 4956; x_wconf 84' lang='lat' dir='ltr'><strong>corpori,</strong></span> <span class='ocrx_word' id='word_1_796' title='bbox 3194 4892 3252 4937; x_wconf 86' lang='lat' dir='ltr'><strong>ut</strong></span> <span class='ocrx_word' id='word_1_797' title='bbox 3283 4884 3380 4954; x_wconf 79' lang='lat' dir='ltr'><strong>ï¬at</strong></span> <span class='ocrx_word' id='word_1_798' title='bbox 3419 4881 3573 4934; x_wconf 84' lang='lat' dir='ltr'><strong>homo.</strong></span> <span class='ocrx_word' id='word_1_799' title='bbox 3607 4869 3714 4938; x_wconf 78' lang='lat' dir='ltr'><strong>Ergo</strong></span> 
     </span>
    </p>
   </div>
   <div class='ocr_carea' id='block_1_110' title="bbox 2185 4963 3714 5056">
    <p class='ocr_par' dir='ltr' id='par_1_110' title="bbox 2185 4963 3714 5056">
     <span class='ocr_line' id='line_1_110' title="bbox 2185 4963 3714 5056; baseline -0.009 -20"><span class='ocrx_word' id='word_1_800' title='bbox 2185 4983 2438 5056; x_wconf 85' lang='lat' dir='ltr'><strong>quomodo</strong></span> <span class='ocrx_word' id='word_1_801' title='bbox 2482 4996 2729 5050; x_wconf 73' lang='lat' dir='ltr'><strong>corporea</strong></span> <span class='ocrx_word' id='word_1_802' title='bbox 2769 4993 2849 5032; x_wconf 88' lang='lat' dir='ltr'><strong>res</strong></span> <span class='ocrx_word' id='word_1_803' title='bbox 2895 4979 3302 5046; x_wconf 84' lang='lat' dir='ltr'><strong>incorporeaque</strong></span> <span class='ocrx_word' id='word_1_804' title='bbox 3346 4963 3714 5056; x_wconf 59' lang='lat' dir='ltr'><strong>conjungilttnâ€œ</strong></span> 
     </span>
    </p>
   </div>
   <div class='ocr_carea' id='block_1_111' title="bbox 2181 5053 3712 5144">
    <p class='ocr_par' dir='ltr' id='par_1_111' title="bbox 2181 5053 3712 5144">
     <span class='ocr_line' id='line_1_111' title="bbox 2181 5053 3712 5144; baseline -0.016 -17"><span class='ocrx_word' id='word_1_805' title='bbox 2181 5053 2386 5144; x_wconf 67' lang='lat' dir='ltr'><strong>corpori</strong></span> <span class='ocrx_word' id='word_1_806' title='bbox 2415 5073 2591 5125; x_wconf 85' lang='lat' dir='ltr'><strong>anima</strong></span> <span class='ocrx_word' id='word_1_807' title='bbox 2629 5069 2873 5124; x_wconf 84' lang='lat' dir='ltr'><strong>miscetur</strong></span> <span class='ocrx_word' id='word_1_808' title='bbox 2917 5074 2973 5121; x_wconf 86' lang='lat' dir='ltr'><strong>ut</strong></span> <span class='ocrx_word' id='word_1_809' title='bbox 3013 5068 3162 5121; x_wconf 84' lang='lat' dir='ltr'><strong>homo</strong></span> <span class='ocrx_word' id='word_1_810' title='bbox 3199 5061 3572 5134; x_wconf 71' lang='lat' dir='ltr'><strong>e/jiciatur;ita</strong></span> <span class='ocrx_word' id='word_1_811' title='bbox 3597 5053 3712 5106; x_wconf 71' lang='lat' dir='ltr'><strong>horto</strong></span> 
     </span>
    </p>
   </div>
   <div class='ocr_carea' id='block_1_112' title="bbox 2179 5154 3714 5238">
    <p class='ocr_par' dir='ltr' id='par_1_112' title="bbox 2179 5154 3714 5238">
     <span class='ocr_line' id='line_1_112' title="bbox 2179 5154 3714 5238; baseline -0.02 -16"><span class='ocrx_word' id='word_1_812' title='bbox 2179 5167 2480 5238; x_wconf 79' lang='lat' dir='ltr'><strong>conjunctus</strong></span> <span class='ocrx_word' id='word_1_813' title='bbox 2529 5171 2602 5216; x_wconf 82' lang='lat' dir='ltr'><strong>est</strong></span> <span class='ocrx_word' id='word_1_814' title='bbox 2640 5160 2781 5226; x_wconf 89' lang='lat' dir='ltr'><strong>Deo,</strong></span> <span class='ocrx_word' id='word_1_815' title='bbox 2813 5168 2862 5214; x_wconf 86' lang='lat' dir='ltr'><strong>et</strong></span> <span class='ocrx_word' id='word_1_816' title='bbox 2904 5161 3068 5231; x_wconf 77' lang='lat' dir='ltr'><strong>factus</strong></span> <span class='ocrx_word' id='word_1_817' title='bbox 3099 5165 3172 5212; x_wconf 85' lang='lat' dir='ltr'><strong>est</strong></span> <span class='ocrx_word' id='word_1_818' title='bbox 3216 5155 3488 5210; x_wconf 83' lang='lat' dir='ltr'><strong>Christus:</strong></span> <span class='ocrx_word' id='word_1_819' title='bbox 3515 5159 3557 5202; x_wconf 87' lang='lat' dir='ltr'><strong>et</strong></span> <span class='ocrx_word' id='word_1_820' title='bbox 3579 5154 3714 5238; x_wconf 69' lang='lat' dir='ltr'><strong>tamen</strong></span> 
     </span>
    </p>
   </div>
   <div class='ocr_carea' id='block_1_113' title="bbox 2179 5235 3714 5326">
    <p class='ocr_par' dir='ltr' id='par_1_113' title="bbox 2179 5235 3714 5326">
     <span class='ocr_line' id='line_1_113' title="bbox 2179 5235 3714 5326; baseline -0.013 -17"><span class='ocrx_word' id='word_1_821' title='bbox 2179 5265 2234 5310; x_wconf 87' lang='lat' dir='ltr'><strong>ut</strong></span> <span class='ocrx_word' id='word_1_822' title='bbox 2258 5235 2402 5326; x_wconf 64' lang='lat' dir='ltr'><strong>fieret</strong></span> <span class='ocrx_word' id='word_1_823' title='bbox 2433 5252 2688 5316; x_wconf 85' lang='lat' dir='ltr'><strong>Christus,</strong></span> <span class='ocrx_word' id='word_1_824' title='bbox 2722 5250 2821 5304; x_wconf 84' lang='lat' dir='ltr'><strong>duo</strong></span> <span class='ocrx_word' id='word_1_825' title='bbox 2850 5250 2942 5304; x_wconf 79' lang='lat' dir='ltr'><strong>illa</strong></span> <span class='ocrx_word' id='word_1_826' title='bbox 2969 5250 3278 5316; x_wconf 85' lang='lat' dir='ltr'><strong>incorporea</strong></span> <span class='ocrx_word' id='word_1_827' title='bbox 3299 5288 3314 5313; x_wconf 80' lang='grc'><strong><em>,</em></strong></span> <span class='ocrx_word' id='word_1_828' title='bbox 3341 5243 3396 5297; x_wconf 83' lang='lat' dir='ltr'><strong>id</strong></span> <span class='ocrx_word' id='word_1_829' title='bbox 3421 5249 3492 5296; x_wconf 86' lang='lat' dir='ltr'><strong>est</strong></span> <span class='ocrx_word' id='word_1_830' title='bbox 3516 5237 3662 5291; x_wconf 80' lang='lat' dir='ltr'><strong>anima</strong></span> <span class='ocrx_word' id='word_1_831' title='bbox 3678 5235 3714 5280; x_wconf 71' lang='grc' dir='ltr'><strong>ÎµÏ„</strong></span> 
     </span>
    </p>
   </div>
   <div class='ocr_carea' id='block_1_114' title="bbox 2185 5331 3715 5418">
    <p class='ocr_par' dir='ltr' id='par_1_114' title="bbox 2185 5331 3715 5418">
     <span class='ocr_line' id='line_1_114' title="bbox 2185 5331 3715 5418; baseline -0.016 -16"><span class='ocrx_word' id='word_1_832' title='bbox 2185 5349 2344 5412; x_wconf 87' lang='lat' dir='ltr'><strong>Deus,</strong></span> <span class='ocrx_word' id='word_1_833' title='bbox 2377 5344 2582 5418; x_wconf 74' lang='lat' dir='ltr'><strong>{acilius</strong></span> <span class='ocrx_word' id='word_1_834' title='bbox 2611 5341 2859 5412; x_wconf 81' lang='lat' dir='ltr'><strong>conjungi</strong></span> <span class='ocrx_word' id='word_1_835' title='bbox 2880 5338 3277 5411; x_wconf 82' lang='lat' dir='ltr'><strong>permiscerique</strong></span> <span class='ocrx_word' id='word_1_836' title='bbox 3299 5337 3577 5405; x_wconf 78' lang='lat' dir='ltr'><strong>potuerunt,</strong></span> 
     </span>
    </p>
   </div>
   <div class='ocr_carea' id='block_1_115' title="bbox 2185 5419 3714 5508">
    <p class='ocr_par' dir='ltr' id='par_1_115' title="bbox 2185 5419 3714 5508">
     <span class='ocr_line' id='line_1_115' title="bbox 2185 5419 3714 5508; baseline -0.02 -14"><span class='ocrx_word' id='word_1_837' title='bbox 2185 5441 2428 5494; x_wconf 82' lang='lat' dir='ltr'><strong>miscetur</strong></span> <span class='ocrx_word' id='word_1_838' title='bbox 2450 5452 2557 5489; x_wconf 84' lang='lat' dir='ltr'><strong>una</strong></span> <span class='ocrx_word' id='word_1_839' title='bbox 2576 5435 2885 5504; x_wconf 80' lang='lat' dir='ltr'><strong>incorporea</strong></span> <span class='ocrx_word' id='word_1_840' title='bbox 2906 5430 3111 5499; x_wconf 83' lang='lat' dir='ltr'><strong>aliaque</strong></span> <span class='ocrx_word' id='word_1_841' title='bbox 3139 5440 3407 5496; x_wconf 83' lang='lat' dir='ltr'><strong>corporea,</strong></span> <span class='ocrx_word' id='word_1_842' title='bbox 3437 5419 3486 5476; x_wconf 83' lang='lat' dir='ltr'><strong>id</strong></span> <span class='ocrx_word' id='word_1_843' title='bbox 3513 5423 3596 5508; x_wconf 82' lang='lat' dir='ltr'><strong>est,</strong></span> <span class='ocrx_word' id='word_1_844' title='bbox 3623 5421 3714 5508; x_wconf 45' lang='lat' dir='ltr'><strong>att-1:</strong></span> 
     </span>
    </p>
   </div>
   <div class='ocr_carea' id='block_1_116' title="bbox 2185 5496 3715 5602">
    <p class='ocr_par' dir='ltr' id='par_1_116' title="bbox 2185 5496 3715 5602">
     <span class='ocr_line' id='line_1_116' title="bbox 2185 5496 3715 5602; baseline -0.014 -12"><span class='ocrx_word' id='word_1_845' title='bbox 2185 5552 2269 5590; x_wconf 77' lang='lat' dir='ltr'><strong>ma</strong></span> <span class='ocrx_word' id='word_1_846' title='bbox 2299 5541 2347 5586; x_wconf 87' lang='lat' dir='ltr'><strong>et</strong></span> <span class='ocrx_word' id='word_1_847' title='bbox 2376 5545 2584 5602; x_wconf 82' lang='lat' dir='ltr'><strong>corpus,</strong></span> <span class='ocrx_word' id='word_1_848' title='bbox 2606 5536 2662 5582; x_wconf 86' lang='lat' dir='ltr'><strong>ut</strong></span> <span class='ocrx_word' id='word_1_849' title='bbox 2690 5541 2911 5596; x_wconf 85' lang='lat' dir='ltr'><strong>persona</strong></span> <span class='ocrx_word' id='word_1_850' title='bbox 2941 5523 3162 5577; x_wconf 83' lang='lat' dir='ltr'><strong>hominis</strong></span> <span class='ocrx_word' id='word_1_851' title='bbox 3185 5519 3398 5582; x_wconf 68' lang='lat' dir='ltr'><strong>existat.</strong></span> <span class='ocrx_word' id='word_1_852' title='bbox 3614 5496 3715 5602; x_wconf 39' lang='lat' dir='ltr'><strong>my&quot;</strong></span> 
     </span>
    </p>
   </div>
   <div class='ocr_carea' id='block_1_117' title="bbox 2189 5586 3714 5689">
    <p class='ocr_par' dir='ltr' id='par_1_117' title="bbox 2189 5586 3714 5689">
     <span class='ocr_line' id='line_1_117' title="bbox 2189 5586 3714 5689; baseline -0.022 -9"><span class='ocrx_word' id='word_1_853' title='bbox 2189 5586 2330 5680; x_wconf 79' lang='lat' dir='ltr'><strong>nunc</strong></span> <span class='ocrx_word' id='word_1_854' title='bbox 2359 5586 2481 5677; x_wconf 75' lang='lat' dir='ltr'><strong>illos</strong></span> <span class='ocrx_word' id='word_1_855' title='bbox 2501 5661 2514 5685; x_wconf 96' lang='lat'><strong>,</strong></span> <span class='ocrx_word' id='word_1_856' title='bbox 2547 5586 2638 5689; x_wconf 78' lang='lat' dir='ltr'><strong>qui</strong></span> <span class='ocrx_word' id='word_1_857' title='bbox 2685 5586 2838 5685; x_wconf 49' lang='lat' dir='ltr'><strong>inque</strong></span> <span class='ocrx_word' id='word_1_858' title='bbox 2885 5614 3080 5668; x_wconf 89' lang='lat' dir='ltr'><strong>talibus</strong></span> <span class='ocrx_word' id='word_1_859' title='bbox 3107 5607 3370 5671; x_wconf 82' lang='lat' dir='ltr'><strong>instituti,</strong></span> <span class='ocrx_word' id='word_1_860' title='bbox 3401 5601 3464 5657; x_wconf 90' lang='lat' dir='ltr'><strong>ab</strong></span> <span class='ocrx_word' id='word_1_861' title='bbox 3490 5586 3714 5689; x_wconf 37' lang='lat' dir='ltr'><strong>hisee}?-</strong></span> 
     </span>
    </p>
   </div>
   <div class='ocr_carea' id='block_1_118' title="bbox 2187 5678 3712 5782">
    <p class='ocr_par' dir='ltr' id='par_1_118' title="bbox 2187 5678 3712 5782">
     <span class='ocr_line' id='line_1_118' title="bbox 2187 5678 3712 5782; baseline -0.022 -11"><span class='ocrx_word' id='word_1_862' title='bbox 2187 5716 2372 5772; x_wconf 78' lang='lat' dir='ltr'><strong>ct:inis</strong></span> <span class='ocrx_word' id='word_1_863' title='bbox 2419 5678 2918 5782; x_wconf 78' lang='lat' dir='ltr'><strong>degeneraverunt;</strong></span> <span class='ocrx_word' id='word_1_864' title='bbox 2970 5716 3182 5775; x_wconf 89' lang='lat' dir='ltr'><strong>pessum</strong></span> <span class='ocrx_word' id='word_1_865' title='bbox 3233 5697 3486 5753; x_wconf 84' lang='lat' dir='ltr'><strong>facientes</strong></span> <span class='ocrx_word' id='word_1_866' title='bbox 3522 5678 3712 5741; x_wconf 71' lang='lat' dir='ltr'><strong>salubril</strong></span> 
     </span>
    </p>
   </div>
  </div>
