3920 6176
127 361 232 420 763

1318 357 1402 413 DE
1438 354 1664 412 STATU
1704 351 1942 408 ΑΝῙΜᾸΞ
1983 351 2109 409 LIB.
2146 348 2209 409 ll.

3294 350 3398 404 75l

127 490 224 532 sua
251 519 267 541 ,
331 481 389 530 et
435 474 625 530 alienis
671 482 842 530 semet
893 475 1051 529 noxis
1107 473 1466 528 obnoxiantes
1515 470 1714 539 injusto
1747 472 1791 528 Δ
1821 470 2084 529 facturum
2116 493 2127 526 :
2162 472 2298 539 Quid
2349 482 2404 527 tu
2430 513 2444 537 ,
2478 473 2617 527 unde
2647 469 2787 527 unde
2816 469 3108 527 contractis
3155 467 3403 522 testifica-

129 566 425 620 amantium
455 567 536 620 sui
566 565 690 621 odio
719 581 956 634 eousque
998 564 1231 634 prolapsi
1259 603 1272 627 ,
1331 570 1391 617 ut
1430 572 1718 616 extraneos

128 658 354 712 mallent
381 673 502 712 cum
533 657 763 713 falsitate
811 659 1131 728 prmlegere,
1162 665 1216 711 et
1244 655 1567 730 Eucherium
1594 670 1716 708 cum

129 746 360 803 veritate
387 749 664 802 damnare.

200 835 290 897 IV.
337 836 532 891 Videas
570 837 698 892 hinc
745 837 880 891 alios
924 836 1176 906 quiddam
1214 835 1426 891 socordi
1457 834 1720 888 trutinare

129 925 334 994 judicio
361 967 377 991 ,
427 927 562 981 alios
609 925 662 980 id
705 927 878 996 ipsum
927 934 1022 979 aut
1067 925 1278 980 nescios
1305 925 1471 978 stulto
1502 922 1721 977 laudare

132 1017 435 1086 praeconio,
467 1024 560 1070 aut
599 1016 796 1071 sciolos
825 1015 1053 1070 subdolo
1081 1016 1256 1071 ridere
1296 1029 1591 1079 consensu;
1621 1013 1722 1067 hos

133 1109 279 1161 inter
305 1107 518 1177 placere
538 1107 638 1161 sibi
660 1108 829 1171 illum,
855 1121 1016 1176 quem
1045 1123 1222 1171 nemo,
1254 1107 1356 1161 nisi
1385 1112 1478 1159 aut
1505 1106 1723 1173 ignarus

135 1197 371 1252 laudavit
417 1207 510 1251 aut
559 1197 801 1252 callidus.
856 1196 956 1252 llic
995 1199 1107 1266 jam
1137 1197 1381 1251 feruntur
1407 1196 1475 1251 de
1502 1195 1724 1263 singulis

135 1303 246 1341 non
277 1303 373 1356 pro
401 1288 714 1342 meritorum
733 1327 748 1351 ,
785 1287 882 1343 sed
908 1304 1008 1358 pro
1036 1296 1286 1342 votorum
1314 1287 1572 1356 qualitate
1601 1301 1725 1340 sen-

135 1380 338 1435 tentim.
391 1377 470 1434 Ob
511 1379 723 1433 laudem
752 1379 1094 1449 praesentium
1122 1378 1493 1447 quarumpiam
1519 1376 1728 1430 fabula-

136 1485 257 1523 rum
307 1469 462 1536 longe
507 1469 726 1522 maximi
771 1469 1096 1522 damnantur
1141 1475 1408 1522 auctores.
1467 1466 1592 1521 Istic
1639 1466 1726 1521 ille

136 1557 389 1612 laudatus
437 1574 503 1612 ne
550 1559 685 1613 infra
734 1559 1067 1612 laudantium
1117 1557 1362 1612 videatur
1405 1565 1548 1612 stare
1583 1556 1726 1626 judi-

137 1651 284 1705 cium
310 1692 323 1715 ,
357 1649 675 1719 panniculus
719 1649 979 1719 quosdam
1005 1666 1071 1706 ex
1101 1649 1433 1704 diversorum
1459 1649 1606 1702 varia
1647 1648 1726 1701 le-

136 1741 326 1794 ctione
375 1741 689 1809 concerpit,
743 1741 1070 1809 eosdemque
1120 1740 1314 1794 vilibus
1361 1740 1508 1804 suis,
1559 1739 1724 1793 veluti

1823 566 2055 619 tionibus
2081 566 2264 629 uteris,
2298 566 2708 635 haudquaquam
2731 571 2908 617 tamen
2935 563 3161 616 veritate
3189 560 3405 629 pulsan—

1823 657 1964 710 tibus
1991 657 2333 712 conscicntia!
2363 665 2558 710 nostra:
2580 656 2889 711 sincerum?
2916 652 3051 719 Quid
3074 663 3262 707 autem.
3285 667 3403 706 mea

1824 746 2015 808 refert,
2064 745 2192 813 quid
2233 761 2396 815 porro
2426 747 2648 808 attinet,
2682 746 2874 813 impios
2901 745 2970 798 ob
2999 745 3294 798 detractam
3320 742 3403 797 di-

1824 837 1957 890 vina:
2008 836 2225 903 imagini
2272 837 2584 903 dignitatem
2631 836 2885 889 divinitus
2913 835 3103 904 plecti,
3135 850 3256 904 cum
3288 851 3403 888 me-

1823 937 1934 982 met
1962 928 2255 997 impietatis
2301 927 2523 996 hujusce
2554 929 2758 995 laqueis
2787 915 3026 981 noverim
3058 903 3360 981 non'teneri
3385 928 3408 978 ?

1825 1019 2055 1073 Proinde
2105 1034 2300 1073 moneo
2349 1017 2618 1082 facessas,
2671 1033 2770 1072 nec
2815 1018 3094 1072 sententia:
3133 1017 3252 1070 talis
3281 1017 3409 1069 infa-

1825 1110 1986 1164 miam
2018 1110 2149 1162 mihi
2198 1108 2535 1163 mendaciter
2582 1109 2782 1162 inuras.
2845 1108 2994 1163 Nunc
3045 1122 3146 1175 ego
3192 1108 3294 1161 nisi
3324 1123 3407 1160 re-

1826 1201 1966 1266 nuis,
2000 1201 2053 1255 in
2099 1208 2189 1254 tua
2239 1208 2416 1254 tecum
2461 1199 2662 1263 redeo,
2721 1217 2785 1253 ex
2839 1201 2990 1269 queis
3035 1199 3404 1260 arbitrabere,

1827 1301 2132 1347 utrumnam
2167 1290 2304 1345 istud
2352 1292 2404 1345 in
2454 1292 2644 1360 impios
2673 1291 2973 1360 prophetici
3001 1289 3265 1344 sermonis
3293 1303 3409 1342 ora-

1826 1384 2002 1439 culum
2023 1425 2037 1447 ,
2073 1391 2096 1420 °
2127 1399 2194 1436 an
2227 1383 2278 1435 in
2309 1391 2360 1436 te
2389 1383 2458 1436 sit
2479 1382 2822 1452 porrectum?
2862 1389 2915 1435 te
2943 1381 3178 1443 scilicet,
3213 1387 3266 1433 te
3291 1394 3408 1432 ma-

1825 1475 1905 1542 gis
1950 1474 2299 1543 perstringit,
2353 1474 2445 1541 qui
2504 1481 2767 1543 prmtento
2823 1473 3059 1526 scientia:
3106 1470 3405 1541 privilegio,

1827 1574 2015 1620 contra
2043 1564 2239 1618 famam
2267 1564 2478 1619 deditus
2507 1562 2790 1618 sententia:
2812 1605 2826 1626 ,
2875 1570 2930 1615 et
2975 1568 3163 1616 contra
3193 1566 3410 1613 senten-

1830 1657 1956 1712 tiam
2002 1655 2262 1710 sollicitus
2306 1655 2489 1719 famae,
2522 1654 2708 1709 eadem
2747 1669 2865 1722 qua:
2912 1654 3031 1706 istic
3065 1652 3209 1705 velut
3238 1650 3411 1703 aliena

1831 1745 2030 1805 renuis,
2061 1751 2116 1798 et
2142 1744 2250 1798 illic
2283 1743 2467 1797 itidem
2495 1742 2660 1796 veluti
2693 1742 2907 1811 propria
2936 1739 3195 1794 defendis.

132 1829 457 1898 quibusdam
486 1831 725 1900 stuppeis
755 1830 949 1892 assnit,
985 1830 1267 1898 laceroque
1296 1829 1492 1884 vestitu
1522 1829 1729 1898 turpior
1764 1834 1808 1892 Β
1904 1836 1968 1890 ιι,
2011 1835 2086 1889 Ne
2113 1836 2234 1904 quis
2279 1835 2350 1888 sit
2399 1842 2579 1888 tamen
2626 1834 2712 1887 vel
2761 1833 2890 1886 mihi
2938 1848 3093 1887 secus
3143 1833 3410 1900 interpre-

137 1920 301 1975 nudis
348 1921 551 1988 absiue
594 1920 759 1976 furaci
807 1921 1156 1977 meditatione
1204 1929 1382 1975 mutus
1419 1920 1726 1988 eloquentia

136 2012 392 2082 palliatus
421 2011 636 2067 incedit.
667 2010 872 2067 Cen-nas
900 2012 1026 2068 hinc
1054 2013 1216 2066 alium
1240 2053 1254 2077 ,
1287 2012 1394 2066 situ
1422 2011 1727 2076 fetidarum,

137 2104 378 2172 turpium
407 2119 473 2158 ex
499 2103 664 2158 olenti
694 2103 862 2159 cumis
891 2105 1000 2158 suis
1029 2118 1091 2158 ac
1119 2103 1358 2158 tenebris
1386 2103 1570 2158 cloaca
1600 2117 1729 2156 ven-

134 2197 234 2250 tris
269 2204 324 2249 ct
353 2196 465 2249 oris
512 2195 753 2249 inbalare
798 2197 1090 2259 sentinam,
1137 2195 1382 2263 interque
1411 2193 1726 2248 ructandum

132 2289 400 2358 quasdam
423 2289 918 2356 suggillatiunculas
939 2286 1356 2355 fringultientem
1388 2286 1455 2340 ab
1484 2286 1610 2351 alio,
1638 2285 1728 2354 qui

135 2386 340 2454 stipem
372 2399 522 2437 suam
567 2383 729 2436 variis
779 2382 1344 2437 conlucernationibus
1392 2379 1728 2450 dilapidavit,

134 2477 438 2549 parasitico
504 2491 656 2530 more
704 2475 927 2529 laudari.
1000 2475 1147 2528 lnter
1193 2474 1294 2529 has
1339 2472 1730 2542 hujusdemque

133 2567 286 2622 modi
328 2566 644 2635 quisquilias
673 2565 874 2635 aliquid
901 2574 958 2620 tu
987 2565 1226 2620 sobrium
1253 2572 1368 2619 tuto
1421 2563 1730 2618 dixerisne?

133 2657 312 2713 Porro
360 2670 608 2724 magnum
660 2657 877 2726 aliquod
925 2673 956 2712 e
1002 2656 1214 2712 socordi
1255 2656 1407 2710 turba
1435 2654 1728 2724 periculum

132 2748 559 2820 periclitabere:
615 2756 640 2784 ⁸
687 2748 780 2818 qui
819 2748 945 2801 dum
990 2746 1262 2817 (Imperio
1301 2745 1325 2785 δ
1365 2748 1553 2817 quippe
1599 2744 1731 2798 nihil

130 2838 424 2912 quidquam
454 2837 727 2908 injustius)
777 2837 878 2892 hos
925 2854 989 2893 ac
1014 2838 1148 2892 tales
1177 2845 1355 2891 tamen
1383 2843 1598 2906 egomet
1622 2851 1730 2890 non

133 2945 405 3001 pavesco.
443 2928 520 2983 Ac
548 2929 593 2982 si
621 2930 742 2998 quis
771 2945 913 2983 nunc
941 2928 1194 2984 monendi
1223 2929 1371 2983 locus
1400 2936 1502 2993 est,
1533 2943 1732 2983 moneo

130 3031 305 3091 atque
333 3020 593 3074 denuntio
621 3038 632 3071 :
665 3020 862 3088 quique
894 3019 980 3073 isti
1009 3019 1207 3087 quique
1234 3026 1360 3073 sunt
1387 3019 1498 3083 alii,
1527 3019 1620 3088 qui
1650 3019 1732 3073 vel

133 3115 186 3169 in
218 3127 460 3181 magnos
487 3113 634 3166 viros
662 3111 912 3180 obloquia
931 3151 946 3174 ,
977 3111 1062 3165 vel
1107 3111 1173 3165 de
1204 3110 1362 3165 rebus
1389 3111 1612 3164 summis
1640 3110 1733 3165 de-

1832 1927 1998 1990 tandi,
2030 1926 2114 1981 vel
2144 1926 2241 1980 tibi
2287 1925 2468 1980 forsan
2510 1923 2778 1979 inliciauzli
2805 1926 2954 1979 locus
2978 1966 2992 1990 ,
3024 1925 3411 1994 impra:sentia-

1830 2033 1951 2072 rum
1979 2032 2141 2086 super
2185 2017 2378 2085 quibus
2423 2017 2630 2084 agimus
2678 2024 2905 2083 utraque
2933 2015 3226 2068 videamus.
3278 2012 3412 2067 Pro-

1831 2109 1994 2178 pheta
2037 2123 2231 2177 nempe
2271 2108 2400 2162 dicit
2443 2107 2638 2176 impios
2672 2107 2851 2161 dicere
2889 2125 2900 2159 :
2952 2106 3254 2160 Exstinctus
3283 2106 3413 2158 cinis

1830 2201 1927 2254 erit
1955 2215 2139 2270 corpus
2177 2209 2412 2252 nostrum
2438 2239 2452 2262 ,
2487 2206 2538 2252 et
2571 2198 2782 2266 spiritus
2823 2197 3141 2264 diffundatur
3170 2185 3414 2264 tanquam

1831 2291 2001 2346 mollis
2022 2307 2130 2344 aer.
2163 2289 2449 2345 Enimvero
2472 2297 2586 2342 tute
2605 2287 2733 2357 quid
2759 2286 2929 2341 dicis?
2963 2286 3238 2341 Nonnullze
3266 2293 3410 2349 sunt,

1833 2384 2030 2454 inquis,
2059 2383 2366 2454 spirituales
2397 2389 2620 2444 naturae,
2655 2387 2713 2432 ut
2738 2378 2946 2446 angeli,
2978 2377 3285 2446 archangeli
3307 2393 3410 2431 ca:-

1834 2485 2066 2543 tertnque
2091 2475 2337 2538 virtutes,
2370 2474 2482 2543 ipsa
2503 2485 2716 2541 quoque
2738 2471 2914 2524 anima
2946 2478 3127 2524 nostra
3156 2469 3239 2522 vel
3267 2475 3414 2522 certe

1833 2582 1925 2622 aer
1953 2568 2052 2620 iste
2079 2565 2290 2620 subtilis
2315 2605 2329 2628 ,
2362 2574 2540 2619 tamen
2568 2564 2903 2633 incorporea:
2941 2561 3245 2616 nullatenus
3271 2561 3413 2614 resti-

1831 2659 2058 2714 mandae.
2100 2657 2358 2724 lntende,
2405 2673 2607 2728 quazso,
2664 2656 2899 2710 animum
2943 2670 3040 2725 pro
3090 2662 3142 2708 te
3187 2653 3415 2722 quisque

1833 2752 2004 2806 nostri
2033 2749 2252 2815 arbiter,
2285 2749 2470 2818 ferque
2509 2748 2795 2817 judicium,
2835 2752 2975 2801 sitne
3028 2743 3243 2814 aliquod
3290 2759 3416 2813 pro-

1834 2841 2165 2896 locutionum
2213 2841 2471 2894 harumce
2517 2838 2848 2894 discrimen:
2897 2837 3048 2907 lmpii
3075 2837 3142 2890 de
3179 2836 3416 2890 humano

1834 2935 2026 3003 spiritu
2049 2974 2062 2996 ,
2113 2932 2181 2987 de
2227 2932 2462 2986 humana
2489 2931 2742 2987 videlicet
2765 2931 2945 2985 anima
2972 2930 3240 2992 dixerunt,
3273 2927 3417 2996 quod

1835 3024 2160 3081 diffundatur
2184 3025 2404 3094 spiritus
2431 3031 2685 3092 tanquam
2708 3022 2886 3078 mollis
2914 3037 3024 3076 aer.
3077 3018 3420 3073 Necessarius

1837 3117 1927 3172 hic
1955 3124 2139 3170 noster
2167 3115 2442 3184 adjungit,
2466 3114 2611 3183 quod
2638 3115 2816 3168 anima
2844 3113 3080 3167 humana
3108 3120 3163 3166 et
3198 3125 3291 3163 aer
3320 3109 3420 3162 iste

133 3204 435 3258 liramenta
503 3199 746 3270 qundam
814 3215 933 3254 cum
982 3199 1385 3268 computoribus
1430 3199 1731 3264 mussitant,

1840 3209 2049 3263 subtilis
2069 3221 2222 3275 atque
2247 3205 2542 3275 spiritualia
2564 3212 2708 3269 sunt,
2735 3203 2828 3259 sed
2854 3201 3075 3272 perinde
3105 3201 3418 3269 incorporea

134 3305 226 3351 aut
260 3294 450 3364 palam
498 3292 805 3360 loquantur,
837 3298 925 3344 aut
956 3297 1186 3344 taceant.
1231 3289 1516 3344 Enimvero
1539 3304 1733 3343 eruen-

135 3398 221 3444 tur
249 3386 398 3442 mihi
451 3394 614 3453 atque
663 3382 1018 3438 extrahentur
1064 3381 1224 3435 etiam
1275 3380 1622 3450 nuncupatim
1670 3395 1738 3433 ex

132 3478 346 3534 abditis
379 3475 768 3529 tenebellarum
791 3514 804 3540 ,
844 3473 935 3541 qui
973 3471 1235 3526 hactenus
1263 3471 1541 3526 delituere.
1591 3469 1736 3525 Prac~

136 3568 301 3624 nosci
349 3581 478 3620 vero
526 3566 688 3630 licet,
745 3575 922 3620 tacere
968 3583 1034 3621 ne
1075 3566 1303 3620 habeam
1341 3562 1481 3618 facta
1509 3579 1738 3633 quorum

139 3659 373 3714 nomina
423 3672 529 3710 non
580 3656 790 3710 tacebo.
843 3655 1036 3710 Faxint
1085 3665 1264 3710 tamen
1312 3655 1400 3709 isti
1427 3653 1571 3723 quod
1602 3653 1741 3708 foret

137 3752 381 3812 libitum,
414 3749 763 3818 salubresque
792 3749 1027 3803 monitus
1054 3756 1326 3818 spernant,
1352 3747 1496 3802 haud
1526 3747 1741 3816 impune

141 3843 382 3897 scilicet.
434 3839 549 3906 Ego
582 3854 708 3893 vero
749 3839 1113 3908 praeeligerem
1145 3839 1213 3892 ab
1243 3839 1360 3893 istis
1385 3854 1506 3893 cum
1529 3837 1742 3892 Euche-

139 3933 223 3986 rio
257 3930 440 4000 rejici,
473 3945 636 3998 quam
683 3946 802 3984 cum
833 3930 951 3982 istis
1003 3945 1032 3982 a
1064 3929 1291 3984 veritate
1327 3929 1584 3983 damnari.
1637 3927 1742 3983 Sed

139 4025 264 4079 istic
317 4039 469 4077 nunc
519 4023 668 4076 locus
699 4029 753 4075 et
804 4028 1016 4092 tempus
1044 4030 1164 4084 est,
1196 4029 1254 4075 ut
1275 4022 1412 4076 sicut
1441 4036 1471 4075 a
1501 4021 1742 4091 philosm

139 4117 267 4186 phis
301 4113 375 4168 ad
410 4121 762 4178 tractatorcs,
813 4114 891 4168 sic
937 4130 968 4166 a
1008 4114 1388 4167 tractatoribus
1417 4113 1485 4167 ad
1514 4113 1743 4167 authen-

140 4210 284 4263 ticos
312 4205 542 4275 gradum
573 4221 843 4274 consequa
890 4206 1100 4260 ratione
1129 4204 1387 4260 faciamus
1411 4244 1425 4269 ,
1483 4204 1744 4259 suadente

143 4301 338 4366 modo,
372 4298 581 4354 scilicet
609 4299 878 4368 plerisque
908 4295 1123 4353 testium
1155 4298 1351 4352 tacitis.

795 4388 1022 4443 CAPUT
1052 4389 1115 4443 Χ.

467 4478 616 4533 Teste
643 4481 804 4534 utitur
830 4483 943 4552 ipsa
971 4481 1144 4534 divina
1172 4483 1445 4551 sapientia.

1838 3314 1946 3353 non
1976 3299 2102 3352 sint.
2160 3296 2338 3350 Verba
2368 3311 2510 3350 nunc
2531 3293 2719 3348 eadem
2743 3335 2758 3357 ,
2802 3301 2858 3347 et
2884 3307 3101 3346 sensum
3131 3289 3376 3359 expende
3404 3306 3415 3339 :

1837 3409 1959 3446 nam
1990 3391 2134 3461 quod
2162 3391 2272 3446 illic
2302 3389 2522 3459 spiritus
2555 3387 2750 3442 dicitur
2775 3386 3040 3439 humanus
3059 3423 3073 3447 ,
3103 3383 3190 3436 hic
3218 3383 3413 3433 anima.

1838 3485 1914 3538 ιω
1964 3484 2206 3554 profecto
2253 3480 2583 3544 concordat,
2635 3479 2814 3549 atque
2843 3478 2888 3532 si
2930 3483 3155 3542 uterque
3185 3472 3419 3526 animam

1840 3585 1932 3630 aut
1959 3575 2203 3644 spiritum
2245 3581 2474 3640 uterque
2518 3570 2772 3634 dixisset;
2821 3570 2914 3638 qui
2957 3566 3163 3624 scilicet
3209 3563 3317 3618 illic
3365 3561 3419 3615 in

1842 3670 2056 3723 mollem
2086 3666 2232 3721 fundi
2263 3681 2441 3720 aerem
2469 3664 2680 3730 dicitur,
2712 3663 2852 3717 sicut
2881 3659 3063 3714 itidem
3091 3656 3274 3713 subtili
3303 3655 3436 3710 istic

1842 3759 1954 3814 aeri
1982 3766 2346 3829 comparatur.
2387 3754 2542 3822 Quod
2580 3767 2708 3821 ergo
2734 3751 2954 3806 diffundi
2983 3750 3202 3820 spiritus
3229 3747 3425 3802 dicitur

1844 3860 2097 3918 tanquam
2127 3848 2304 3903 mollis
2332 3862 2445 3909 aer,
2481 3846 2587 3900 tale
2616 3852 2698 3900 est
2720 3859 2783 3899 ac
2811 3843 2856 3898 si
2884 3843 3174 3905 diceretur,
3197 3838 3426 3909 Spiritus

1844 3943 1950 3996 hoc
1977 3922 2060 3995 est
2085 3939 2231 4008 quod
2260 3937 2435 3991 mollis
2463 3952 2576 3991 aer.
2627 3935 2886 4003 Itemque,
2916 3931 3173 4002 spiritalis
3200 3937 3281 3983 est
3308 3927 3424 3981 ani-

1844 4051 1930 4090 ma
1960 4042 2142 4088 nostra
2163 4038 2219 4085 et
2245 4046 2338 4084 aer
2359 4031 2460 4084 iste
2488 4028 2731 4093 subtilis;
2758 4028 2831 4080 ita
2857 4034 2940 4080 est
2965 4040 3028 4079 ac
3054 4025 3098 4078 si
3118 4023 3383 4077 diceretur
3407 4037 3418 4070 :

1845 4124 2034 4179 Anima
2062 4128 2247 4176 nostra
2275 4119 2382 4173 hoc
2410 4128 2494 4173 est
2529 4117 2672 4186 quod
2719 4132 2813 4171 aer
2857 4116 2957 4169 iste
2985 4113 3215 4169 subtilis.
3259 4109 3426 4163 Cum-

1845 4230 1949 4284 que
1977 4211 2002 4250 ἀ
2035 4228 2102 4266 ex
2129 4211 2214 4265 his
2259 4209 2468 4264 duobus
2515 4206 2662 4277 quod
2707 4214 2833 4260 ante
2878 4205 3077 4259 dictum
3107 4209 3212 4266 est,
3244 4199 3428 4269 impio-

1849 4323 1964 4361 rum
1983 4304 2324 4376 ,blasphemia
2366 4303 2471 4366 sit,
2521 4299 2666 4370 quod
2704 4297 3060 4370 postpositum
3092 4303 3180 4348 tua
3207 4301 3428 4347 senten-

1849 4399 1942 4463 tia,
1985 4397 2200 4465 duoque
2227 4396 2328 4449 ista
2358 4401 2582 4447 eatenus
2611 4391 2884 4454 uniantur,
2911 4395 2969 4442 ut
2996 4386 3103 4440 sint
3131 4393 3186 4439 et
3212 4382 3429 4450 negotio

1849 4499 1903 4546 et
1929 4504 2089 4546 sensu
2114 4497 2167 4541 et
2188 4487 2353 4542 verbo
2377 4481 2868 4539 indiscriminabilia
2898 4498 2909 4532 :
2943 4477 3067 4548 quid
3095 4475 3431 4547 potissimum

215 4573 259 4627 l.
310 4571 614 4626 Audiamus
651 4569 810 4638 igitur
850 4572 975 4640 quid
1016 4573 1262 4640 imaginis
1301 4590 1410 4629 sua:
1439 4564 1825 4643 pronuntiet”
1853 4582 2219 4650 consequitur,
2271 4579 2372 4634 nisi
2424 4586 2484 4632 ut
2531 4584 2623 4630 aut
2652 4590 2751 4645 pro
2781 4571 3128 4628 similitudine
3153 4565 3462 4622 sententia:-

142 4666 396 4721 inimicis
443 4663 619 4717 divina
668 4664 979 4733 Sapientia:
1031 4663 1323 4727 Dixerunt,
1367 4665 1558 4734 inquit,
1607 4665 1752 4736 impii

145 4761 456 4829 cogitantes
483 4773 588 4809 non
618 4765 784 4810 recte:
832 4755 1092 4827 Exiguum
1114 4765 1162 4810 et
1191 4773 1306 4809 cum
1335 4757 1490 4811 twdio
1515 4766 1590 4811 est
1624 4766 1752 4811 tem-

143 4868 242 4918 pus
289 4850 424 4902 rita:
466 4855 687 4910 nostra};
731 4855 778 4900 et
807 4849 1094 4901 exstinctus
1131 4849 1260 4901 cinis
1295 4850 1391 4902 erit
1427 4865 1612 4920 corpus
1657 4867 1746 4904 no-

144 4949 354 5003 strum,
416 4945 464 4988 et
522 4937 736 5006 spiritus
776 4937 1097 5006 diﬂ‘undetur
1142 4946 1388 5008 tanquam
1441 4940 1610 4993 mollis
1661 4956 1754 4993 aer

148 5030 312 5100 (Sap.
349 5045 410 5091 ιι,
448 5026 497 5092 l,
528 5028 600 5097 3).
637 5027 788 5096 lmpii
811 5027 926 5081 brec
953 5028 1225 5093 dixerunt,
1255 5044 1414 5098 super
1434 5046 1570 5099 quos
1591 5033 1750 5100 paulo

145 5129 279 5189 post
360 5117 556 5172 eadem
619 5116 896 5187 Scriptura
945 5119 1023 5173 sic
1069 5120 1306 5187 loquitur
1369 5139 1381 5172 :
1455 5120 1751 5176 Excwcavit

141 5213 289 5265 enim
321 5209 451 5263 illos
498 5209 701 5261 malitia
731 5225 941 5274 eorum;
984 5211 1227 5280 quoniam
1268 5210 1407 5267 Deus
1437 5214 1624 5265 creavit
1655 5213 1751 5266 lio-

141 5306 358 5356 minem
392 5297 924 5366 inexterminabilem,
953 5309 1000 5354 et
1023 5300 1090 5352 ad
1118 5302 1397 5370 imaginem
1425 5319 1533 5355 sua:
1569 5303 1755 5356 simili-

142 5394 364 5449 tudinis
393 5392 510 5462 {ecit
540 5392 686 5446 illum
717 5390 903 5463 (Ibid.,
933 5393 1020 5459 21,
1052 5393 1162 5464 25).
1195 5394 1318 5450 Istic
1348 5409 1476 5462 ergo
1507 5404 1672 5449 temet
1703 5398 1754 5450 in

139 5485 542 5542 defensionem
573 5486 648 5540 tui
675 5486 851 5542 acrius
879 5489 1299 5558 permovendum
1329 5491 1520 5556 credo,
1553 5508 1756 5562 proque

137 5592 339 5637 causa:
397 5578 588 5631 merito
634 5577 688 5631 in
737 5594 823 5634 me
864 5579 1028 5633 etiam
1069 5580 1368 5636 istiusmodi
1396 5579 1562 5636 ferme
1593 5585 1751 5639 vcrba

220 5704 248 5729 ιι
297 5691 417 5746 Hic
445 5691 631 5747 deesse
667 5691 867 5761 aliquid
895 5691 1124 5747 videtur.

217 5763 248 5804 δ
300 5763 618 5828 Terentius,
653 5764 900 5834 Adelph.,
934 5771 1036 5818 act.
1072 5762 1120 5830 l,
1147 5779 1292 5821 scen.
1320 5763 1373 5831 ‘3,
1407 5782 1546 5822 vers.
1587 5766 1665 5817 l8.

1853 4683 1995 4740 tum,
2042 4675 2087 4728 si
2135 4672 2378 4727 eamdem
2424 4666 2848 4724 defensitandam
2897 4662 3110 4724 credis,
3145 4659 3432 4728 impiorum

1853 4781 2069 4836 quoque
2119 4763 2384 4819 sententia
2434 4759 2713 4814 laudabilis
2740 4756 2840 4820 sit;
2874 4761 2965 4807 aut
2991 4751 3115 4820 quia
3147 4748 3455 4820 plectibilis-

1855 4861 1942 4914 illa
1975 4867 2084 4924 est,
2116 4865 2206 4910 tua
2234 4869 2449 4925 quoque
2483 4853 2551 4906 sit
2591 4865 2690 4919 pro
2731 4846 2847 4915 ejus
2891 4843 3160 4914 parilitate
3208 4841 3435 4895 damna-

1855 4953 2018 5008 bilis?

1925 5040 2010 5094 lll.
2044 5037 2149 5093 Sed
2178 5035 2304 5106 quid
2332 5033 2530 5088 diutius
2576 5031 2659 5085 vel
2699 5031 3136 5098 argumentantes
3174 5021 3437 5077 allucina-

1857 5146 1996 5194 mur,
2026 5145 2148 5183 cum
2186 5141 2345 5196 super
2373 5124 2477 5178 hoc
2524 5121 2786 5192 propheta
2823 5115 3131 5173 censuerit:
3161 5113 3441 5176 Dixerunt,

1857 5221 2049 5288 inquit,
2091 5219 2234 5284 impii
2273 5214 2411 5285 apud
2440 5229 2493 5266 se
2521 5213 2804 5283 cogitantes
2833 5224 2937 5262 non
2978 5213 3154 5260 recte:
3179 5203 3436 5272 Exiguum

1857 5320 1934 5364 est
1963 5320 2160 5378 tempus
2181 5308 2298 5360 vita:
2325 5313 2541 5367 nostris;
2582 5311 2632 5355 et
2669 5300 2953 5354 exstinctus
2975 5298 3104 5351 cinis
3131 5295 3227 5348 erit
3254 5307 3436 5361 corpus

1859 5411 2108 5463 nostrum,
2153 5408 2200 5450 et
2245 5397 2453 5466 spiritus
2496 5392 2813 5462 diﬂ'undetur
2853 5399 3096 5458 tanquam
3136 5382 3304 5438 mollis
3327 5395 3433 5433 aer.

1859 5491 2091 5558 Postque
2119 5487 2390 5557 paululum
2421 5484 2742 5539 sententiam
2784 5494 2999 5550 quoque
3045 5473 3286 5531 intersita
3325 5470 3437 5524 dis-

1859 5581 2137 5652 putatione
2182 5577 2453 5646 subjungit
2484 5594 2496 5628 :
2531 5574 2690 5642 ch,
2737 5573 2928 5642 inquit,
2968 5569 3348 5641 cogitaverunt,
3374 5567 3462 5614 νειμ

1938 5706 1960 5733 ε
2004 5693 2126 5748 Hmc
2152 5694 2388 5763 pneterit
2415 5692 2578 5747 editio
2606 5689 2844 5763 Lugdnn.

1940 5763 1964 5802 ιι
2006 5763 2132 5820 llaec
2156 5758 2286 5820 item
2316 5763 2513 5819 omittit
2534 5762 2719 5817 eadem
2749 5758 2941 5816 editio.-
