3920 6176
160 301 256 359 757

159 511 289 567 illud
319 523 483 566 unum
514 515 641 563 ante
668 514 1077 577 temporaneum
1123 505 1317 561 omium
1358 503 1577 559 credere
1623 502 1749 557 sini-

160 620 300 669 mur,
328 616 635 672 quanquam
675 598 814 655 istud
841 596 908 653 de
936 612 1045 667 quo
1080 598 1287 667 agimus
1331 594 1741 657 firmamentum,

162 695 338 751 calum
361 692 542 748 dicere
567 707 675 746 non
705 689 1060 754 inhibeamur,
1081 703 1148 744 eo
1169 687 1437 752 videlicet,
1457 686 1581 756 quia
1606 684 1747 739 Deus

163 785 559 840 ﬁrmamentum
587 780 866 836 vocaverit
895 779 1112 834 coelum.

229 871 317 930 Ill.
359 870 469 928 Sed
514 879 697 927 movet
738 871 951 935 iterum,
983 869 1129 938 quod
1156 866 1280 924 οωιί
1326 869 1379 923 in
1426 865 1749 922 authenticis

162 962 525 1023 voluminibus
560 978 667 1017 non
706 960 849 1015 duali
898 968 1123 1026 tantum,
1155 960 1251 1015 sed
1295 958 1487 1029 plurali
1525 973 1749 1013 numero

163 1070 306 1125 stepe
343 1054 666 1109 vocitantur.
697 1050 844 1107 Vero
872 1059 1050 1106 autem
1090 1051 1389 1121 subjicitur,
1421 1049 1564 1119 quod
1594 1056 1752 1103 terra:

161 1161 360 1217 corpus
390 1160 555 1199 unum
602 1145 656 1199 in
705 1142 997 1213 Scripturis
1025 1142 1217 1197 dicitur
1254 1143 1400 1197 orbis
1428 1157 1547 1198 esse
1576 1148 1750 1196 terra-

160 1253 302 1291 rum.
340 1234 419 1289 lta
457 1235 618 1303 igitur
649 1234 830 1289 forsan
860 1230 1105 1287 dicantur
1151 1233 1260 1288 caeli
1300 1233 1451 1287 multi
1494 1247 1613 1287 cum
1643 1231 1751 1288 duo

162 1325 290 1388 sint,
322 1324 460 1380 sicut
489 1330 643 1377 terrae
669 1322 917 1376 dicuntur
945 1337 1083 1386 esse,
1114 1337 1233 1376 cum
1263 1321 1459 1377 existat
1478 1320 1619 1375 haud
1647 1319 1750 1375 du-

163 1414 313 1471 bium
354 1414 499 1485 q‘uod
543 1430 646 1469 una
692 1412 781 1468 sit.
824 1410 903 1467 Ad
942 1408 1085 1481 quod
1131 1427 1261 1482 ergo
1309 1412 1525 1467 tertium
1557 1412 1751 1467 coelum

163 1513 353 1575 raptus
392 1513 476 1559 est
512 1500 748 1558 Paulus?
774 1500 871 1557 Eia
903 1518 1043 1559 nunc
1070 1502 1228 1558 sedes
1255 1503 1528 1571 egredere,
1561 1510 1615 1559 et
1644 1504 1754 1558 eic-

160 1604 467 1651 mentorum
505 1593 735 1648 molibus
782 1594 1039 1660 excussis,
1070 1593 1379 1662 trutinaquc
1414 1593 1597 1663 judicii
1626 1609 1751 1649 cor-

160 1700 355 1756 porum
406 1683 732 1754 ponderibus
784 1683 1084 1754 impositis,
1143 1683 1387 1753 appende
1434 1684 1690 1739 mundum
1737 1702 1750 1738 :

1349 290 1435 346 DE
1472 287 1696 346 STATU
1737 283 1974 341 ΑΝΙΜᾸΞ
2017 279 2142 338 LIB.
2185 280 2266 337 llr

158 424 210 479 in
235 420 568 493 ﬁrmamento
603 417 757 472 cali:
788 429 893 485 qua
919 413 1165 470 videlicet
1205 413 1524 493 auctoritate
1560 425 1744 466 verum
1773 412 1817 469 Α
1851 406 2006 472 ritur,
2056 418 2155 459 nec
2198 397 2445 457 localiter
2491 397 2763 493 invenitur
2810 415 2822 450 :

1293 489 1317 553 ᾖ
1358 503 1577 553 credere
1623 502 1749 553 sini-
1844 493 2174 550 ascensionis
2210 500 2314 546 tum
2353 505 2513 546 causa
2543 488 2776 553 dabitur,
2817 488 2862 543 si
2906 488 2976 542 ab
3011 486 3280 543 inferioris
3308 488 3436 543 sub-

3331 278 3455 336 758'

2872 396 2984 454 haec
3030 413 3155 454 vera
3194 396 3436 469 profecto

1846 586 2054 641 stantia:
2080 584 2219 639 caelo
2244 581 2312 636 ad
2337 581 2533 636 coelum
2561 578 2872 635 substaatim
2908 578 3136 649 potioris
3167 578 3434 634 ascendis.

1848 674 1982 743 Quia
2023 673 2385 743 quaerentibus
2430 670 2597 726 Deum
2652 685 2680 723 a
2738 668 3015 740 corporeis
3063 668 3130 723 ad
3175 682 3436 739 corporea

1850 767 2026 822 nulhts
2055 779 2307 820 ascensus
2352 772 2453 827 cst,
2484 778 2590 832 qua
2638 777 2850 817 versum
2896 778 3039 817 nunc
3085 762 3438 832 corporalitas

1850 858 2052 913 inclusa
2081 854 2354 924 diffugiet?
2382 853 2529 911 Ecce
2569 863 2625 909 et
2663 862 2873 925 raptum
2903 853 3066 908 fuisse
3094 851 3317 908 Paulum
3345 869 3438 910 us-

1850 967 1955 1021 que
1982 951 2033 1004 iu
2057 949 2274 1004 tertium
2303 946 2496 1003 cmlum
2525 963 2712 1002 verum
2737 955 2847 1012 est;
2872 954 2927 1001 et
2952 961 3162 1001 rursum
3184 953 3293 1000 tres
3321 961 3439 1001 esse

1851 1043 2017 1099 cmios
2043 1055 2334 1111 corporeos
2364 1054 2546 1094 verum
2590 1054 2696 1093 non
2739 1045 2842 1094 est.
2878 1037 3045 1106 igitur
3072 1046 3165 1093 aut
3193 1039 3441 1108 inoorpo~

1851 1148 2003 1187 reum
2042 1130 2170 1201 quid
2198 1137 2439 1185 creatum
2468 1128 2816 1193 conﬁtebere,
2848 1137 2941 1182 aut
2979 1135 3090 1183 tres
3127 1128 3292 1183 oculos
3322 1128 3441 1181 inii-

1850 1223 2082 1279 ciabere.
2113 1220 2219 1276 Sed
2243 1219 2497 1290 quoniam
2528 1226 2584 1274 et
2613 1227 2721 1273 tros
2749 1230 2869 1273 esse
2898 1218 3084 1284 cceios,
3108 1225 3164 1273 et
3192 1234 3298 1272 non
3329 1234 3445 1272 om-

1853 1329 1950 1369 nes
1995 1325 2306 1382 corporeos,
2337 1307 2422 1365 vel
2469 1308 2878 1364 indiscussibilis
2925 1309 3221 1363 auctoritas
3266 1308 3442 1369 docet,

1853 1405 1938 1459 vel
1967 1403 2107 1458 ratio
2136 1402 2417 1457 manifesta
2443 1402 2747 1468 convincit;
2774 1402 2874 1456 sub
2896 1402 3051 1456 unius
3078 1416 3181 1471 ope
3205 1402 3446 1456 veritatis

1855 1494 1993 1549 sicut
2016 1488 2256 1547 fallentia
2283 1491 2650 1557 discussimus,
2683 1491 2762 1546 sic
2787 1506 2913 1545 vera
2943 1506 3259 1561 qumramus.

1925 1582 2013 1638 VI.
2048 1582 2296 1652 Legimus
2325 1582 2378 1637 in
2408 1581 2681 1653 Propheta
2711 1601 2723 1635 :
2760 1580 2863 1647 Qui
2893 1583 3015 1654 fecit
3052 1583 3230 1637 curtum
3266 1590 3315 1635 et
3348 1591 3448 1634 lor-

1857 1694 1989 1729 ram.
2024 1673 2216 1729 Caelum
2259 1674 2372 1729 caeli
2404 1672 2654 1741 Domino,
2700 1683 2891 1728 terram
2938 1682 3109 1728 autem
3149 1672 3287 1726 dedit
3325 1673 3449 1743 filiis

159 1773 438 1845 quippiam
471 1772 695 1828 fortasse
732 1773 850 1828 οωιί
896 1773 1050 1828 nobis
1080 1773 1221 1828 unde
1269 1773 1408 1828 unde
1449 1775 1746 1844 prosiliant.
1787 1776 1828 1833 Β
1856 1768 2120 1822 hominum
2142 1765 2311 1839 (Psal.
2345 1781 2490 1831 exin,
2516 1763 2600 1829 l5,
2635 1762 2748 1835 16).
2777 1763 2900 1820 Istic
2921 1762 3448 1818 animadvertendum

162 1864 276 1918 Aut
316 1865 361 1919 si
394 1880 525 1917 unus
563 1856 793 1917 mundus
823 1863 1005 1933 plures
1033 1879 1195 1934 porro
1242 1880 1347 1919 non
1378 1864 1540 1920 habet
1567 1865 1751 1931 casias,

161 1955 379 2024 aliquos
420 1953 512 2008 tibi
542 1968 665 2009 cum
692 1952 924 2023 Epicuro
953 1954 1181 2009 mundos
1209 1963 1512 2010 atomorum
1552 1955 1756 2010 minuta

160 2045 492 2116 parturiant,
529 2051 589 2097 ut
636 2043 848 2097 tertium
896 2044 1092 2099 omium
1138 2040 1334 2099 Paulus
1364 2044 1618 2101 inveniat.
1651 2044 1758 2101 Sed

159 2136 295 2206 quid
322 2132 391 2189 ad
416 2134 805 2190 beatitudinem
831 2144 1057 2205 spectat,
1093 2136 1241 2191 ut’de
1267 2152 1376 2191 uno
1404 2152 1669 2208 corporeo
1690 2136 1758 2192 ad

160 2224 333 2291 aliud,
364 2230 458 2279 aut
501 2225 567 2280 ab
608 2226 713 2280 hoc
739 2224 805 2278 ad
836 2225 1049 2279 tertium
1086 2241 1238 2295 teque
1265 2242 1588 2296 corporeum
1612 2227 1759 2296 quis-

160 2335 273 2388 que
303 2316 575 2384 ascendat,
607 2333 729 2372 cum
766 2321 873 2371 non
922 2317 974 2371 id
1019 2317 1089 2371 sit
1135 2318 1329 2374 merito
1358 2317 1586 2383 beatius,
1615 2316 1760 2387 quod

161 2411 293 2464 loco
339 2408 656 2463 sublimius?
702 2407 952 2477 Alioquin
988 2408 1184 2463 cedent
1227 2408 1448 2464 aviculis
1493 2410 1759 2477 homines,

161 2507 334 2568 atque
381 2497 446 2552 ad
493 2498 847 2553 aeternitatem
886 2514 992 2554 non
1033 2499 1362 2570 profectibus
1389 2500 1488 2555 ibit
1512 2500 1758 2571 quisque,

160 2588 260 2643 sed
295 2588 557 2658 passibus.

232 2678 333 2734 1V.
366 2677 705 2751 Quapropter
730 2694 848 2735 cum
874 2696 972 2736 uec
1001 2680 1405 2751 prmeminentia
1431 2682 1617 2739 localis
1634 2683 1763 2739 bea-

157 2780 285 2826 tum
315 2769 496 2837 faciat,
530 2787 628 2827 nec
656 2779 767 2827 tres
806 2772 1099 2827 identidem
1145 2773 1314 2829 oculos
1355 2774 1533 2830 anima
1563 2791 1760 2846 oorpo-

155 2862 314 2917 rales
353 2863 609 2927 inveniat,
654 2870 712 2916 ut
755 2862 970 2917 tandem
998 2862 1209 2919 defecta
1237 2866 1554 2937 corporibus
1581 2868 1763 2924 incor-

156 2952 354 3024 poreis
399 2951 586 3017 cedat;
628 2952 780 3021 juxta
839 2952 1170 3023 praeiibatam
1217 2955 1382 3010 tacita
1428 2955 1765 3013 discussione

154 3046 439 3100 rationem
462 3083 481 3110 ,
527 3044 822 3099 ternarium
867 3044 1128 3100 caelorum
1180 3061 1459 3102 numerum
1514 3046 1766 3103 differen-

1858 1868 1960 1925 est,
1993 1857 2139 1913 aliud
2178 1873 2296 1913 esse
2333 1858 2515 1911 caelum
2561 1865 2618 1911 et
2659 1856 3026 1911 aiiud‘coslum
3071 1854 3200 1909 cwli.
3245 1854 3451 1924 Quippe

1857 1967 1978 2007 cum
2006 1950 2185 2004 caelum
2207 1951 2319 2004 coeli
2347 1948 2560 2012 dicitur,
2593 1948 2700 2003 tale
2729 1956 2811 2005 est
2845 1963 2908 2003 ac
2934 1949 2979 2003 si
3007 1947 3184 2002 malum
3215 1964 3275 2001 ac
3316 1958 3452 2001 terra

1857 2042 2085 2096 dicatur.
2116 2040 2286 2094 imum
2313 2054 2509 2110 nempe
2536 2038 2732 2094 siderei
2757 2038 2880 2094 οωιί
2909 2039 3024 2093 hmo
3049 2047 3191 2093 terra
3213 2045 3313 2093 est.
3348 2036 3451 2093 Sed

1859 2146 1981 2186 cum
2013 2138 2138 2184 ante
2164 2144 2326 2184 omne
2354 2138 2761 2199 temporaneum
2790 2128 3056 2187 creaverit
3085 2127 3225 2182 Deus
3258 2128 3451 2183 coelum

1860 2230 1916 2277 et
1938 2229 2161 2289 terram,
2188 2221 2533 2290 secundoque
2571 2220 2659 2276 die
2694 2220 2802 2274 hoc
2846 2219 3055 2274 visibile
3083 2220 3280 2274 coelum
3310 2218 3453 2274 fece-

1861 2314 1958 2381 rit;
1988 2323 2070 2370 est
2095 2328 2224 2384 ergo
2250 2314 2445 2370 omium
2473 2328 2590 2368 aevo
2624 2319 2782 2367 terra:
2827 2312 3118 2382 posterius,
3149 2327 3269 2367 cum
3300 2319 3453 2366 tanto

1860 2407 1932 2463 sit
1951 2397 2209 2479 qualitate
2238 2404 2597 2477 praestantius.
2627 2403 2734 2460 Sed
2762 2404 3018 2475 quoniam
3037 2404 3183 2459 vices
3205 2412 3257 2459 et
3283 2404 3453 2474 spatia

1863 2506 2185 2569 temporum,
2238 2503 2293 2552 et
2348 2510 2530 2551 moras
2579 2495 2805 2561 dierum,
2863 2493 3217 2548 momentaria
3270 2492 3455 2549 mundi

1862 2591 2068 2648 creatio
2110 2600 2218 2659 non
2254 2588 2507 2650 admittit,
2551 2587 2675 2657 quia
2721 2585 2790 2642 de
2836 2601 2930 2641 sex
2977 2585 3183 2640 dierum
3229 2600 3455 2641 numero

1864 2683 2053 2753 magis,
2084 2695 2245 2751 quam
2289 2678 2463 2750 spatio
2502 2678 2704 2732 nullum
2734 2675 3032 2733 disserendi
3072 2690 3218 2731 nunc
3246 2682 3456 2746 tempus

1865 2783 1950 2833 est
1986 2794 1998 2829 :
2031 2773 2159 2830 illud
2204 2773 2503 2842 intelligere
2547 2772 2805 2828 debemus
2845 2769 2987 2839 quod
3027 2768 3291 2839 propheta
3320 2768 3458 2822 inter

1865 2867 2044 2924 caelum
2066 2872 2122 2922 et
2140 2866 2320 2920 caelum
2340 2865 2452 2919 caeli
2477 2872 2679 2918 tantam
2702 2859 3056 2916 differentiam
3087 2858 3231 2924 fecit,
3255 2865 3458 2928 quanta

1866 2957 2034 3014 ferme
2062 2962 2147 3012 est
2173 2957 2315 3011 inter
2343 2955 2448 3011 hoc
2477 2955 2656 3009 coelum
2702 2959 2759 3007 et
2806 2962 3019 3007 terram.
3055 2949 3122 3007 Ut
3149 2951 3287 3007 sicut
3312 2957 3459 3006 terra

1866 3049 2028 3117 hujus
2065 3047 2272 3103 scilicet
2321 3046 2444 3102 εαξιί
2484 3053 2628 3100 terra
2667 3050 2777 3110 est;
2806 3044 2879 3097 ita
2929 3043 3036 3098 hoc
3081 3041 3277 3097 omium
3318 3040 3459 3097 illius

155 3138 413 3205 tiamque
456 3136 752 3192 videamus.
795 3135 931 3202 Quia
969 3152 1091 3191 cum
1121 3135 1419 3192 diﬂ'erentia
1448 3138 1766 3207 dignitatum
1794 3148 1839 3208 ο
1868 3139 1991 3195 οωιί
2019 3153 2183 3209 porro
2208 3138 2278 3192 sit
2306 3145 2469 3193 terra.
2506 3135 2659 3191 Unde
2698 3135 3095 3205 conjiciendum
3137 3142 3238 3201 est,
3277 3133 3461 3190 mundi

154 3230 229 3283 sit
260 3226 540 3282 distantias
565 3226 826 3303 locorum,
850 3227 895 3282 si
923 3226 1126 3282 distant
1152 3228 1321 3296 magis
1339 3243 1500 3298 quam
1519 3228 1768 3285 differant

155 3318 316 3373 inter
342 3315 575 3386 primum
614 3316 1015 3386 secundumque
1053 3318 1273 3385 omium,
1298 3334 1500 3389 quaero,
1528 3321 1659 3390 quid
1687 3322 1767 3376 rei

155 3409 278 3464 sit?
323 3408 433 3461 Aut
477 3407 776 3462 substantia
804 3406 1052 3463 videlicet
1090 3408 1216 3475 illic,
1250 3416 1344 3463 aut
1382 3409 1512 3463 nihil
1551 3414 1669 3465 est?
1708 3409 1767 3466 Si

153 3496 325 3563 nihil,
358 3496 506 3551 nulla
533 3496 700 3552 creati
742 3497 867 3553 εωιί
913 3512 1075 3553 causa
1120 3497 1345 3564 suberit,
1390 3514 1512 3553 cum
1560 3500 1676 3556 haec
1713 3500 1769 3555 in

157 3587 379 3644 inﬁmis
423 3597 580 3643 terra:
621 3588 895 3659 quippiam
919 3628 936 3655 ,
984 3590 1086 3644 nisi
1138 3589 1564 3660 praecedentibus
1604 3607 1769 3663 porro

154 3678 314 3751 apud
332 3694 510 3734 :evum
536 3680 713 3734 causis
740 3680 1023 3735 exstiterit.
1056 3679 1150 3736 Sin
1181 3688 1360 3736 autem
1390 3689 1474 3737 est
1502 3682 1612 3739 illic
1631 3697 1772 3753 qute.

157 3772 294 3827 dam
330 3770 565 3825 terrenis
592 3770 773 3840 potior
795 3771 1087 3825 viventium
1128 3771 1436 3839 multitudo,
1470 3782 1495 3810 ι
1516 3772 1770 3830 substan-

158 3863 240 3917 tia
293 3876 433 3930 ergo
475 3861 870 3932 supercmiestis
898 3863 1000 3916 ista
1040 3862 1140 3917 sub
1179 3863 1318 3918 omlo
1367 3871 1470 3929 est,
1518 3864 1772 3921 hauriens

156 3955 430 4011 videlicet
458 3969 489 4008 a
516 3968 753 4024 superno
780 3954 863 4009 sui
896 3954 1216 4009 vibrantium
1256 3955 1493 4011 siderum
1526 3955 1772 4013 ﬂammas

156 4054 218 4102 et
252 4044 577 4115 liquidiores
619 4059 778 4100 auras
824 4044 982 4111 aeris,
1033 4045 1187 4114 cujus
1227 4045 1555 4101 elementum
1600 4047 1774 4117 replet

155 4135 559 4193 interc-mlestis
604 4134 761 4190 vacui
806 4150 1121 4201 concavum,
1153 4136 1299 4204 quod
1338 4136 1545 4191 scilicet
1572 4152 1606 4191 a
1631 4137 1772 4193 cosio

152 4229 340 4284 tertio
372 4226 463 4281 alii
501 4226 792 4281 viventium
819 4225 1006 4297 populi
1039 4236 1202 4295 atque
1230 4225 1333 4280 alia
1373 4227 1606 4283 intersiti
1633 4230 1774 4284 aeris

153 4316 448 4392 profunda
470 4316 854 4371 discriminaut.

234 4409 313 4464 ν.
340 4406 497 4461 Nunc
516 4407 677 4475 igitur
694 4407 740 4461 si
763 4421 860 4476 per
883 4407 999 4461 haac
1026 4414 1269 4477 raptatus
1289 4406 1577 4479 Apostolus
1605 4423 1775 4479 usque

1868 3244 2065 3300 corpus
2093 3230 2403 3284 universum
2431 3227 2686 3283 divinitus
2708 3234 2903 3281 terram
2924 3226 3047 3293 dici,
3080 3234 3134 3281 et
3161 3225 3289 3281 illud
3317 3225 3461 3296 quod

1870 3323 2098 3378 Domino
2137 3322 2320 3377 datum
2368 3329 2472 3385 est,
2522 3320 2741 3391 proprio
2788 3320 3007 3374 nomine
3049 3319 3229 3373 malum
3255 3320 3457 3375 vocari.

1870 3414 2145 3484 Scriptura
2174 3427 2402 3483 namque
2430 3412 2508 3467 sic
2536 3410 2777 3480 loquitur
2808 3427 2821 3462 ε
2853 3408 3044 3464 Casium
3075 3409 3185 3463 τωιί
3213 3407 3457 3476 Domino,

1870 3513 2065 3559 terram
2085 3513 2256 3558 autem
2284 3504 2429 3557 dedit
2456 3502 2581 3573 ﬁliis
2611 3501 2893 3556 hominum.

1941 3593 2051 3649 VII.
2082 3592 2220 3661 Quid
2250 3607 2379 3661 ergo
2407 3592 2673 3647 dicimus?
2701 3589 2950 3661 Nunquid
2979 3590 3083 3645 hoc
3109 3590 3302 3644 omium
3334 3588 3463 3642 visi-

1870 3686 1979 3742 bile
2006 3700 2115 3740 non
2155 3684 2462 3739 hominibus
2493 3682 2675 3738 datum
2705 3690 2805 3748 est,
2833 3693 2926 3737 aut
2968 3681 3161 3738 solaris
3203 3680 3379 3751 fulgor
3407 3689 3463 3735 et

1872 3777 2039 3841 calor,
2067 3776 2153 3831 vel
2182 3776 2384 3831 lunaris
2409 3775 2556 3845 globi
2581 3790 2680 3846 per
2707 3775 3040 3831 incrementa
3063 3789 3125 3829 ac
3142 3773 3463 3829 detrimenta

1872 3868 2122 3933 variatio,
2151 3867 2240 3922 vel
2285 3877 2552 3922 astrorum
2592 3881 2759 3936 vagus
2792 3875 3047 3936 ratusque
3075 3866 3348 3931 circuitus,
3379 3865 3464 3920 vel

1872 3972 1972 4028 per
1998 3971 2220 4026 magnos
2247 3956 2408 4012 orbes
2435 3970 2757 4025 congressus
2779 3957 3017 4012 siderum
3037 3964 3093 4011 et
3111 3963 3309 4011 statuta
3337 3969 3465 4025 pro-

1873 4049 2099 4115 gressio,
2127 4048 2241 4102 sive
2267 4061 2390 4102 cum
2417 4047 2624 4101 dierum
2654 4049 3002 4117 noctiumque
3046 4047 3191 4102 vices
3233 4046 3462 4113 variant,

1874 4137 1988 4192 sive
2021 4136 2145 4207 quia
2183 4136 2379 4191 caloris
2417 4151 2482 4190 ao
2524 4134 2738 4206 frigoris
2783 4136 2995 4191 alterno
3040 4135 3156 4191 fotu
3208 4136 3464 4190 mundum

1876 4235 2205 4298 temperant,
2255 4242 2353 4282 seu
2401 4227 2547 4296 quod
2601 4227 2859 4283 dimensis
2906 4227 3165 4283 limitibus
3212 4227 3468 4284 articulos

1877 4325 2180 4387 temporum
2219 4318 2461 4385 signant,
2517 4316 2816 4387 eodemque
2862 4317 3152 4373 intermino
3203 4318 3467 4373 linearum

1878 4409 2090 4464 tramite
2117 4408 2170 4462 in
2197 4407 2250 4463 id
2280 4408 2451 4478 ipsum
2490 4408 2608 4463 sine
2645 4404 2751 4463 ﬁne
2787 4408 3089 4475 redeuntia,
3129 4425 3226 4479 per
3251 4409 3467 4464 easdem

154 4503 216 4558 in
252 4500 490 4555 tertium
516 4498 709 4555 malum
735 4499 901 4564 venit,
925 4498 1052 4568 quid
1078 4499 1236 4555 istinc
1259 4501 1597 4570 potissimum
1625 4519 1776 4574 repe-
1802 4520 1853 4581 ι)
1877 4497 2200 4554 circulorum
2222 4498 2335 4553 vias
2361 4497 2643 4565 revehunt,
2669 4498 2754 4553 vel
2777 4497 2922 4568 quod
2943 4498 3208 4553 distinctis
3233 4498 3470 4553 numeris

154 4591 284 4646 rit?
316 4587 478 4654 Quod
524 4587 569 4643 si
616 4588 861 4643 localiter
901 4590 1251 4657 qumrendum
1280 4590 1402 4652 fuit.
1434 4601 1490 4647 et
1517 4594 1571 4647 in
1600 4594 1774 4663 primo

153 4681 322 4737 caelo
354 4678 598 4733 invenire
628 4695 733 4734 non
762 4680 958 4749 potuit,
988 4680 1083 4736 sed
1122 4681 1237 4751 ipse
1263 4680 1391 4737 dicit
1417 4692 1628 4754 raptum
1656 4699 1778 4740 sese

154 4785 357 4841 usque
387 4769 441 4824 in
464 4770 680 4824 tertium
708 4770 924 4837 coelum,
944 4772 1135 4827 nescio
1158 4773 1285 4841 quid
1306 4773 1520 4831 audisse
1538 4776 1773 4831 divinum

151 4862 329 4933 quod
373 4861 578 4916 homini
628 4861 775 4931 loqui
815 4877 923 4917 non
967 4863 1154 4931 liceat,
1197 4865 1290 4919 ait.
1334 4865 1485 4923 itane
1522 4868 1774 4934 tandem,

152 4950 467 5025 Apostole,
510 4965 607 5022 per
646 4952 766 5008 ioca
814 4953 955 5010 Deus
998 4957 1275 5025 quaeritur,
1307 4965 1399 5012 aut
1446 4974 1552 5014 non
1593 4960 1697 5015 nisi
1724 4962 1777 5016 in

150 5046 300 5100 loco
330 5043 533 5098 veritas
561 5045 867 5100 invenitur?
886 5044 943 5100 Si
966 5047 1102 5102 istuc
1129 5048 1204 5102 ita
1231 5057 1334 5115 est,
1366 5057 1421 5104 et
1451 5049 1591 5106 Deus
1618 5052 1781 5121 igitur

150 5134 381 5193 localis
408 5135 531 5201 erit,
552 5143 608 5191 et
633 5143 693 5191 tu
722 5136 891 5191 Deum
919 5148 1077 5206 quem
1104 5137 1348 5194 localiter
1376 5140 1603 5208 invenis,
1631 5143 1798 5198 loca-'

151 5229 311 5283 liter
362 5226 595 5293 amittis;
627 5226 721 5297 qui
765 5229 809 5283 si
847 5244 959 5283 non
995 5228 1095 5282 nisi
1138 5229 1188 5282 in
1219 5232 1379 5286 tertio
1406 5233 1545 5288 coelo
1573 5240 1677 5299 est,
1708 5234 1780 5289 ibi

150 5333 317 5390 ergo
365 5318 462 5373 tibi
496 5319 735 5384 relictus,
768 5320 859 5375 ubi
886 5328 1133 5392 repertus
1179 5330 1280 5377 est.
1331 5323 1401 5378 At
1427 5340 1548 5380 cum
1577 5341 1684 5381 non
1711 5324 1780 5381 de

147 5412 330 5471 caelo
361 5425 647 5480 corporeo,
683 5411 779 5467 sed
823 5412 891 5468 de
935 5413 1058 5468 οωιί
1102 5412 1330 5470 Domino
1374 5414 1450 5471 sis
1485 5416 1693 5482 beatus,
1726 5426 1783 5473 et

149 5511 341 5560 totus
364 5500 559 5571 ubique
578 5503 648 5556 sit
671 5501 929 5558 Dominus
956 5504 1098 5568 caeli,
1129 5504 1218 5573 qui
1250 5520 1351 5562 nec
1376 5490 1620 5565 localiter
1640 5523 1780 5579 qua:-

1877 4598 1933 4645 et
1951 4590 2117 4654 horis,
2137 4598 2191 4645 et
2207 4591 2425 4649 musicis
2439 4591 2731 4646 intervallis
2751 4592 3008 4646 mtherem
3028 4591 3287 4661 pingunt?
3307 4589 3469 4645 Sunt-

1880 4697 1947 4736 ne
1974 4682 2090 4737 bzcc
2114 4682 2292 4736 omnia
2320 4684 2466 4751 genti
2494 4683 2799 4737 mortalium
2828 4683 2916 4738 vel
2944 4667 3316 4737 convenientia
3350 4682 3469 4737 usui

1879 4773 1967 4828 vel
1988 4772 2223 4842 jocunda
2251 4774 2605 4843 spectamini?
2633 4772 2711 4827 Ac
2738 4787 2836 4843 per
2862 4775 2968 4827 hoc
2994 4773 3067 4827 ita
3100 4781 3254 4828 tenus
3283 4788 3470 4843 corpo-

1880 4878 2031 4918 reum
2079 4864 2293 4931 coelum,
2333 4864 2458 4933 quia
2504 4862 2755 4918 videlicet
2800 4862 3109 4918 hominibus
3150 4865 3334 4917 datum
3362 4873 3466 4927 est,

1879 4964 2019 5012 terra
2062 4956 2286 5022 dicitur;
2325 4956 2464 5011 sicut
2504 4970 2767 5024 aquarum
2803 4960 2859 5009 et
2897 4954 3038 5010 acris
3066 4970 3317 5026 corpora,
3363 4972 3473 5021 non

1880 5051 2066 5122 utique
2103 5050 2343 5121 ejusdem
2385 5049 2732 5121 corpulentia:
2772 5049 2926 5119 cujus
2958 5056 3042 5105 est
3082 5057 3257 5117 terra;
3291 5059 3469 5106 tamen

1881 5143 2005 5213 quia
2026 5142 2148 5198 iiiiis
2168 5143 2443 5198 hominum
2463 5141 2587 5196 data
2611 5149 2757 5208 sunt,
2789 5150 2929 5197 terra
2956 5141 3227 5211 dicuntur,
3259 5143 3469 5213 adjecto

1881 5251 1947 5292 eo
1975 5238 2119 5306 quod
2147 5237 2387 5292 omnium
2415 5236 2734 5291 sensualiter
2768 5237 3062 5293 viventium
3106 5236 3472 5308 principaliter

1883 5324 2055 5382 factus
2083 5343 2151 5383 ex
2178 5335 2321 5382 terra
2351 5333 2452 5383 est.
2496 5326 2668 5383 Porro
2708 5336 2890 5384 autem
2927 5330 3067 5386 sicut
3093 5329 3208 5383 sine
3236 5327 3357 5396 igne
3390 5325 3470 5378 vi-

1880 5420 1993 5476 deri
2024 5421 2178 5485 nihil,
2210 5421 2289 5477 sic
2326 5421 2472 5493 tangi
2512 5421 2717 5496 absque
2748 5430 2890 5481 terra
2933 5422 3063 5478 nihil
3090 5426 3270 5493 potest
3299 5437 3312 5472 :
3345 5417 3461 5488 quit

1882 5521 1938 5569 et
1966 5514 2100 5584 ignis
2128 5515 2295 5572 tactui
2323 5514 2585 5587 subiacet,
2626 5518 2682 5574 et
2717 5516 2891 5574 mther
2925 5515 3062 5587 ignis
3089 5521 3201 5582 est;
3232 5526 3342 5569 non
3377 5515 3458 5571 air

239 5713 282 5743 ιι
330 5700 442 5769 AL,
486 5702 773 5757 substantia
812 5711 963 5757 erunt
1005 5702 1391 5771 supercmlestis.
1436 5703 1547 5760 Ista
1586 5706 1677 5761 sub
1706 5707 1849 5773 calo,
1881 5714 1983 5764 etc.
