3946 6182
458 162 461 165 ’
493 182 602 252 περ
1773 176 2016 245 manu

2131 175 2489 248 CLAUDIAM
3542 137 3549 143 ’
3603 190 3689 252 ηρ

492 293 679 363 horret
699 290 898 361 aliquid
927 291 1033 346 illic
1072 304 1188 353 esse
1227 296 1517 344 terrenum.
1552 286 1892 358 Quapropter
1919 302 2081 341 omne
2111 287 2156 347 A
2184 288 2403 346 adverte
2440 291 2551 373 iam
2590 291 2735 348 aliud
2784 290 2872 348 hic
2911 293 3013 351 dici
3035 293 3327 363 hominem,
3355 297 3481 355 aliud
3513 291 3685 374 corpus.

493 398 815 454 corporeum
845 389 1001 436 terrae
1030 395 1224 436 nomen
1255 377 1494 441 includit,
1527 387 1754 448 ratoque
1796 378 1999 448 judicio
2021 379 2081 432 in
2184 379 2326 437 Ecce
2356 369 2535 438 tamen
2562 383 2858 440 discretum
2886 393 2988 450 est,
3020 387 3145 456 quid
3187 390 3388 444 nescire
3433 368 3683 463 Apostolus,

494 475 772 544 corporeis
819 473 1172 544 compositum
1231 480 1373 526 terra
1428 471 1624 527 dicitur
1678 486 1839 526 omne
1885 487 2082 540 corpo-
2184 471 2313 542 quid
2340 472 2479 528 seire
2506 489 2566 528 se
2597 474 2761 530 dicat.
2794 474 3138 532 Excutiamus
3187 478 3345 546 igitur
3370 488 3529 536 utrum
3551 486 3692 540 exin-

494 582 687 622 reum:
719 566 843 637 quia
869 566 955 620 hic
983 564 1247 619 sensibilis
1295 562 1522 628 mundus
1564 578 1685 618 cum
1713 562 1907 627 visibili
1946 563 2082 627 oculo
2184 576 2449 632 corporeo
2477 579 2829 635 corporeove,
2862 582 2932 621 an
2970 582 3038 623 ex
3085 576 3312 639 utroque
3356 570 3441 637 sit,
3481 573 3546 626 ita
3568 580 3693 630 tenus

493 668 635 725 terra
665 668 766 723 est,
792 672 913 732 quae
938 655 1059 711 filiis
1080 656 1362 711 hominum
1387 655 1513 709 data
1537 663 1636 710 est.
2183 654 2413 720 neseiat,
2439 655 2600 712 sicuti
2629 672 2751 711 cum
2781 673 3035 730 corpore,
3054 674 3127 714 an
3154 660 3269 717 sine
3289 677 3500 731 corpore
3522 664 3584 718 sit
3604 682 3695 736 rap-

564 750 702 805 Vlll.
760 750 901 816 Quid
952 750 1019 807 de
1073 750 1165 803 illo
1212 748 1350 804 cmlo
1379 748 1639 810 dicemus,
1672 746 1815 815 quod
1844 745 2079 802 Domino
2187 753 2272 812 tus
2302 746 2534 823 ignorat.
2578 746 2720 813 Scio,
2756 750 2947 819 inquit,
2978 752 3236 806 hominem
3265 767 3489 825 ruptum;
3515 759 3593 811 sed
3616 761 3695 815 sive

491 843 679 926 datum
707 850 811 906 est,
839 858 952 896 non
998 840 1120 895 filiis
1163 840 1483 895 hominum?
1526 853 1655 907 ergo
1686 837 1981 893 identidem
2012 835 2081 889 ad
2179 840 2235 893 in
2257 857 2489 910 corpore,
2520 842 2623 895 sive
2649 850 2798 907 extra
2827 859 3031 913 corpus,
3066 845 3256 900 nescio.
3284 846 3402 903 Istic
3416 865 3544 905 nunc
3560 852 3691 906 anim-

491 934 709 1002 eloquia
737 933 917 987 divina
946 946 1311 986 recurramus.
1344 930 1490 984 Idem
1511 944 1705 998 nempe
1743 928 2081 997 psalmogra-
2180 929 2387 985 adverti
2409 931 2555 998 licet,
2584 933 2726 1002 quod
2781 935 2827 989 is
2860 935 2953 1005 qui
2990 943 3176 1005 raptus
3199 944 3299 1003 est,
3323 946 3377 993 et
3395 946 3694 1010 raptumesse

493 1023 634 1095 phus
661 1023 789 1078 dicit
819 1042 831 1076 :
867 1022 1195 1093 Conﬁtemini
1223 1020 1463 1086 Domino,
1486 1022 1573 1090 qui
1597 1022 1718 1093 fecit
1738 1019 1893 1074 caelos
1920 1021 1976 1074 in
2003 1021 2082 1073 in—
2179 1035 2240 1075 se
2295 1022 2464 1085 novit,
2494 1024 2733 1079 sentiens
2757 1033 2940 1081 tamen
2966 1042 3079 1082 non
3124 1029 3298 1098 ipsum
3319 1045 3376 1085 se
3400 1047 3511 1087 esse
3535 1049 3692 1105 corpus

495 1116 701 1171 tellecta
724 1113 896 1185 (Psat.
928 1130 1123 1176 cxxxv,
1158 1113 1207 1175 ’5,
1243 1110 1319 1184 5).
1352 1110 1612 1177 Quocirca
1640 1111 1686 1165 si
1715 1111 1771 1165 in
1798 1110 2080 1176 intellectu
2180 1129 2368 1179 suum,
2400 1122 2457 1170 et
2483 1116 2562 1181 sic
2598 1132 2719 1171 cum
2757 1117 3022 1174 eodemne
3070 1135 3141 1175 an
3186 1121 3304 1177 sine
3341 1123 3517 1178 eodem
3554 1134 3698 1195 raptus

494 1206 763 1263 sunteoali
790 1220 928 1275 quos
963 1204 1176 1271 habitat
1220 1202 1382 1267 Deus,
1408 1217 1510 1261 nec
1540 1202 1642 1257 nisi
1698 1202 2079 1271 incorporeum
2177 1207 2249 1261 sit
2297 1207 2541 1274 luesitat;
2592 1224 2652 1269 se
2701 1210 2874 1279 ipsum
2906 1218 3091 1268 tamen
3131 1227 3253 1268 esse
3297 1230 3405 1270 non
3427 1215 3624 1271 dubitat.
3649 1216 3699 1272 Et

495 1299 694 1355 ctelum
746 1307 832 1354 est
876 1297 1024 1368 quod
1054 1297 1286 1352 Domino
1315 1296 1501 1350 datum
1554 1298 1658 1360 est,
1689 1293 1945 1349 videlicet
1990 1294 2078 1349 eui
2182 1308 2306 1350 cum
2332 1298 2474 1353 istuc
2495 1313 2656 1353 omne
2672 1300 3244 1369 patescitobscurum,
3267 1302 3512 1371 nempeis
3528 1302 3693 1371 quiseu

495 1401 638 1449 terra
685 1403 769 1448 est
826 1406 989 1446 omne
1038 1404 1396 1465 corporeum;
1429 1387 1633 1456 liquido
1682 1387 1873 1451 claret,
1916 1400 2077 1441 omne
2182 1390 2306 1440 cum
2335 1400 2569 1457 corpore
2612 1388 2683 1444 sit
2726 1398 2939 1465 raptus,
2983 1402 3053 1442 an
3096 1388 3215 1449 sine
3237 1403 3477 1459 corpore,
3502 1389 3695 1445 incertus

494 1482 641 1552 quod
674 1481 922 1549 intelligit
946 1496 1056 1535 non
1085 1495 1206 1535 esse
1236 1464 1579 1549 corporeum.
1626 1478 1793 1532 Porro
1821 1476 2075 1544 substan-
2183 1485 2288 1532 est.
2329 1476 2719 1549 lncorporeum
2764 1464 2945 1539 tamen
2979 1495 3102 1535 esse
3139 1490 3195 1536 et
3230 1495 3424 1550 corpus
3460 1495 3514 1535 se
3541 1479 3697 1533 habere

494 1569 976 1626 tialiterhumauus
998 1571 1210 1624 animus
1231 1570 1480 1638 intelligit
1505 1588 1516 1622 :
1542 1570 1893 1639 incorporeus
1914 1568 2077 1636 igitur
2181 1577 2366 1626 certus
2385 1578 2497 1639 est;
2519 1572 2613 1642 qui
2638 1573 2684 1627 si
2707 1587 2815 1627 non
2833 1574 2952 1628 sine
2973 1587 3206 1645 corpore
3229 1578 3412 1642 raptus
3432 1579 3522 1636 est,
3539 1586 3696 1642 corpus

493 1672 578 1718 est
606 1663 819 1717 animus
838 1662 1130 1725 humanus.
1160 1661 1239 1716 En
1264 1662 1359 1723 tibi
1392 1670 1611 1727 terram,
1637 1677 1855 1717 omnem
1884 1675 2079 1730 corpo-
2106 1646 2154 1709 B
2184 1674 2307 1715 cum
2352 1660 2448 1716 illo
2479 1672 2693 1733 raptum
2725 1672 2841 1731 est;
2867 1679 2974 1720 non
3014 1645 3327 1719 tamen‘hoe
3353 1671 3432 1718 est
3459 1664 3561 1733 ipse.
3588 1662 3697 1732 quod

496 1774 643 1813 ream
672 1765 977 1827 creaturam
1014 1776 1025 1810 :
1059 1773 1126 1811 en
1154 1757 1250 1810 tibi
1271 1757 1489 1822 malum,
1515 1757 1892 1827 ineorpoream
1922 1756 2076 1811 intel-
2182 1770 2398 1825 corpus,
2422 1769 2544 1810 eum
2573 1768 2683 1823 quo
2712 1760 2925 1823 raptum
2947 1760 3032 1807 est
3059 1765 3278 1821 corpus.
3309 1750 3362 1805 Si
3381 1751 3489 1805 sine
3504 1766 3702 1821 corpore,

502 1851 899 1919 lectualemque
928 1848 1314 1916 substantiam,
1336 1847 1490 1903 Nune
1512 1849 1673 1916 igitur
1697 1855 1756 1902 ut
1779 1848 1957 1918 possis
1983 1863 2082 1919 per
2182 1847 2353 1913 multo
2382 1846 2565 1917 potius
2604 1843 2926 1913 intelligitur
2952 1858 3065 1897 non
3095 1857 3218 1897 esse
3247 1857 3458 1911 corpus,
3486 1840 3610 1910 quod
3632 1856 3706 1910 po-

494 1940 632 1996 duas
660 1940 828 1996 cmlos
851 1955 1022 2009 usque
1064 1939 1117 1993 in
1141 1939 1362 2005 tertium
1391 1939 1587 2007 coelum
1610 1936 1779 1993 Paulo
1800 1948 2079 2008 praeeunte
2181 1941 2291 1991 test
2317 1949 2438 1991 esse
2492 1934 2611 1989 sine
2640 1946 2893 2003 corpore.
2926 1929 3081 1996 Scio,
3113 1930 3310 1999 inquit,
3341 1930 3579 1985 hominem
3614 1947 3707 1998 rap-

495 2032 717 2103 raptari,
744 2032 1067 2100 incorporeo
1098 2030 1176 2084 tui
1207 2030 1518 2085 universum
1543 2030 1850 2084 transmitte
1879 2045 2075 2100 corpo-
2180 2035 2320 2093 tum;
2350 2028 2442 2081 sed
2488 2028 2593 2081 sive
2639 2027 2695 2089 in
2743 2041 2979 2094 corpore,
3011 2025 3118 2078 sive
3144 2032 3299 2077 extra
3326 2038 3528 2093 corpus,
3552 2024 3703 2075 nescio.

493 2141 666 2182 reum.
695 2123 928 2195 Postque
958 2125 1125 2180 etiam
1151 2125 1528 2195 incorporeum
1555 2132 1796 2180 creatum
1828 2124 2079 2194 idemque
2181 2117 2335 2185 Quod
2365 2117 2472 2172 tale
2503 2123 2589 2172 est
2618 2130 2683 2171 ac
2728 2116 2774 2170 si
2804 2115 3010 2170 diceret
3044 2132 3056 2167 :
3092 2112 3329 2184 Raptum
3376 2127 3458 2167 me
3498 2112 3612 2177 scio.
3636 2111 3707 2165 sed

491 2217 777 2284 mutabile,
808 2218 1017 2273 acriore
1061 2216 1350 2273 admodum
1381 2217 1503 2272 nisu
1545 2225 1602 2272 et
1651 2218 1836 2272 volatu
1884 2218 2076 2287 perni-
2179 2222 2302 2262 cum
2350 2222 2581 2278 corpore
2628 2221 2698 2260 an
2746 2205 2864 2260 Sine
2912 2218 3176 2275 σοφοτο.
3230 2203 3429 2259 ηεεοῖο·
3478 2201 3601 2270 Ertio
3631 2201 3707 2256 θῑθί

493 2311 642 2366 ciere
674 2309 1023 2377 transcende;
1054 2317 1218 2378 atque
1246 2308 1315 2364 ab
1343 2308 1472 2363 hinc
1513 2308 1569 2362 in
1597 2308 1818 2363 tertium
1856 2308 2074 2372 cmlum,
2179 2314 2303 2354 cum
2334 2313 2564 2369 corpore
2592 2306 2779 2368 raptus
2808 2313 2887 2363 es.
2919 2298 3036 2367 τθρί
3065 2304 3250 2351 iIulle“
3280 2295 3395 2350 Sine
3419 2308 3621 2364 corpore
3642 2307 3709 2362 P0-

493 2402 549 2471 in
577 2401 746 2471 ipsius
777 2400 1130 2456 immutabilis
1157 2400 1466 2471 incorporei
1495 2400 1808 2455 beatissima
1831 2408 2078 2455 contem-
2178 2391 2348 2446 tuisti.
2376 2390 2733 2461 Incorporeus
2763 2390 2927 2458 igitur
2945 2404 3004 2444 es
3033 2387 3202 2444 etiam
3235 2387 3290 2441 in
3320 2401 3552 2456 corpore,
3579 2384 3705 2453 sipo

495 2492 734 2563 platioue
763 2492 1063 2560 requiesce,
1095 2498 1282 2560 teque,
1307 2490 1546 2545 humana
1595 2491 1799 2553 anima,
1822 2490 2076 2560 iueorpo-
2178 2483 2329 2538 misti
2358 2484 2474 2554 rapi
2504 2483 2622 2538 sine
2639 2497 2888 2553 corpore.
2912 2480 3122 2550 Quippe
3144 2480 3520 2550 incorporeum
3540 2473 3712 2545 corpori

492 2600 645 2648 ream
684 2600 871 2651 nosce.
898 2584 998 2638 Cui
1038 2598 1136 2654 pro
1183 2591 1389 2638 natura:
1412 2582 1734 2638 excellentia
1763 2589 2075 2653 promptum
2127 2581 2133 2587 ”
2177 2575 2324 2630 salva
2354 2576 2437 2630 sui
2466 2574 2787 2639 substantia,
2822 2572 3127 2629 viviﬁeandi
3157 2571 3405 2641 ejusdem
3450 2584 3593 2625 causa
3619 2566 3715 2620 mis

491 2683 576 2731 est
596 2677 759 2731 simul
784 2684 841 2731 et
865 2691 1164 2746 congruum
1202 2675 1344 2743 inter
1365 2675 1471 2730 ima
1495 2675 1582 2740 vel
1608 2689 1818 2739 summa
1854 2676 1932 2730 tui
1957 2682 2076 2739 tan-
2176 2677 2347 2725 cetur.
2383 2668 2455 2724 Ut
2483 2676 2663 2724 autem
2690 2682 2891 2740 corpus
2920 2666 3039 2722 sine
3070 2680 3307 2736 corpore
3335 2664 3421 2730 sit,
3451 2667 3628 2719 statuta
3649 2671 3715 2712 re.-

492 2782 654 2845 quam
680 2767 956 2825 mediante
984 2767 1306 2833 substantia,
1333 2767 1421 2823 vel
1466 2767 1604 2821 infra
1633 2767 1916 2838 despicere
1954 2783 2074 2829 cor—
2176 2778 2297 2831 rum
2329 2762 2448 2830 lege
2476 2777 2587 2816 non
2616 2761 2833 2816 sinitur.

492 2874 595 2929 pus
624 2858 807 2924 imum,
842 2859 929 2914 vel
950 2874 1113 2928 supra
1144 2858 1459 2927 conspicere
1480 2858 1647 2913 Deum
1669 2874 1963 2927 summum.
2748 2891 2976 2947 CAPUT
3012 2890 3130 2945 xm

614 2950 630 2962 ο
1020 2927 1033 2928 Ψ
2748 2927 2859 2947 ‘Aﬂl
2889 2927 2967 2947 υι
3017 2927 3148 2945 nul-

565 2951 655 3005 1λ.
688 2951 839 3020 Nunc
884 2959 1099 3020 egomet
1130 2952 1395 3017 sciscitor,
1427 2950 1688 3008 aﬂ'erasne
1726 2952 1885 3008 nobis
1911 2953 2072 3018 aliam
2126 3019 2136 3020 ί
2290 2986 2293 2989 λ

494 3041 563 3107 de
592 3043 832 3111 ternario
858 3057 1088 3097 numero
1116 3042 1381 3098 cmlorum
1427 3057 1491 3098 ac
1541 3043 1856 3100 diversitate
1902 3045 2073 3101 ratio-
2104 3019 2148 3081 (ί
2184 3029 2264 3085 Ex
2297 3029 2581 3101 Ευαησειῑο
2606 3067 2620 3095 ι
2659 3026 2768 3082 Πεο
2817 3027 2880 3080 de
2925 3024 3357 3111 ξῖζεονροναιίεαίε
3405 3021 3576 3075 animi?
3613 3022 3712 3069 “3“

493 3104 639 3200 nem.
670 3104 842 3201 Quam
884 3132 1100 3202 quidem
1124 3133 1302 3203 cupio,
1334 3133 1431 3189 sed
1460 3133 1630 3203 liquet
1656 3133 2076 3207 haudquaquam
2883 3104 3067 3151 "mm"

494 3224 609 3280 dari
631 3241 661 3280 ³
689 3240 961 3295 quoquam
983 3226 1289 3296 POSSCrniSi
1310 3227 1453 3282 inter
1478 3242 1674 3297 corpus
1702 3235 1759 3283 θῐ
1781 3226 1948 3283 Deum
1980 3244 2076 3282 “Il-
2246 3238 2350 3293 Sed
2376 3237 2487 3307 jam
2519 3251 2659 3291 nunc
2691 3233 2921 3290 testibus
2949 3232 3083 3288 meis
3106 3271 3121 3296 ,
3154 3228 3493 3301 pnneonibus
3540 3221 3708 3279 scilicet

496 3324 616 3384 tura
641 3331 701 3372 se
721 3316 1037 3384 substantia:
1061 3317 1358 3388 corporalis
1387 3318 1699 3372 interserat.
1724 3316 1861 3384 Quia
1875 3318 1920 3373 si
1942 3318 2076 3372 nihil
2176 3327 2441 3389 veritatis,
2477 3325 2543 3380 ad
2574 3324 2931 3380 indubitatam
2981 3321 3138 3376 [idem
3192 3319 3402 3375 veritas
3430 3317 3536 3385 ipsa
3561 3308 3712 3367 testiﬁ-

495 3405 698 3476 absque
725 3406 839 3462 Deo
868 3406 971 3461 nisi
999 3422 1197 3478 corpus
1224 3413 1327 3474 cst.
1360 3422 1474 3462 non
1504 3415 1616 3463 tres
1644 3422 1773 3477 ergo
1802 3408 1956 3472 coeli.
1980 3408 2076 3463 sed
2179 3419 2409 3473 cabitur.
2441 3416 2581 3471 Dicit
2610 3416 2666 3470 in
2694 3413 2986 3482 Evangelio
3018 3411 3283 3469 Dominus
3317 3428 3330 3462 ε
3366 3407 3535 3462 Nolite
3570 3404 3711 3456 timere

496 3498 605 3569 duo
632 3506 792 3564 sunt;
826 3507 883 3553 ut
913 3514 1080 3554 unum
1110 3497 1280 3554 ferme
1322 3497 1520 3554 coelum
1551 3500 1623 3553 sit
1663 3515 1825 3555 omne
1855 3515 2070 3570 corpus.
2177 3526 2263 3565 eos
2291 3510 2377 3581 qui
2406 3507 2646 3563 occidunt
2670 3521 2883 3577 corpus,
2909 3504 3146 3557 animant
3190 3510 3369 3556 autem
3404 3514 3501 3556 non
3542 3497 3713 3566 possunt

495 3598 551 3644 et
578 3596 793 3655 creator
816 3590 1063 3659 corporis
1091 3589 1255 3657 aliud.
1285 3589 1487 3646 Verum
1509 3591 1765 3659 quoniam
1794 3607 1903 3647 non
1926 3600 2075 3648 trans
2176 3597 2409 3652 occidere
2440 3594 2654 3669 (Matth.
2700 3610 2752 3658 ι,
2772 3591 2889 3663 28).
2921 3591 3047 3655 Cur,
3080 3604 3270 3658 quaeso
3302 3598 3376 3652 te,
3409 3586 3620 3641 animam
3642 3592 3712 3632 oc-

490 3681 733 3745 tertium,
765 3680 859 3735 sed
884 3680 940 3734 in
974 3681 1192 3735 tertium
1241 3681 1436 3735 coelum
1484 3688 1673 3751 raptus
1721 3690 1808 3736 est
1855 3681 2072 3748 Paulus,
2177 3689 2356 3744 cidere
2385 3666 2496 3741 non
2527 3692 2722 3756 potest,
2757 3683 2849 3754 qui
2880 3680 3131 3737 occidere
3176 3694 3384 3749 corpus
3419 3672 3611 3747 potest?
3634 3666 3713 3723 nisi

493 3771 805 3837 transeundi
835 3779 964 3826 sunt
1008 3770 1157 3826 velut
1184 3770 1291 3827 duo
1317 3771 1459 3839 coeli,
1497 3772 1673 3829 omnis
1701 3787 1962 3843 corporea
1994 3784 2076 3828 at-
2177 3780 2301 3850 quia
2334 3778 2473 3832 forte
2520 3776 2698 3830 anima
2728 3790 2838 3829 non
2888 3779 2973 3828 est
3019 3784 3240 3841 corpus.
3277 3770 3360 3823 Tu
3406 3782 3529 3822 vero
3568 3762 3676 3818 dicis
3700 3775 3713 3819 ιν

490 3879 596 3939 que
626 3863 948 3933 incorporea
978 3870 1263 3917 creatura:
1297 3861 1364 3916 ad
1410 3870 1713 3918 creatorem
1745 3879 1874 3920 vero
1922 3867 2074 3933 quasi
2176 3867 2387 3937 Corpus
2415 3874 2499 3920 est
2526 3864 2764 3935 quidem,
2796 3852 2893 3918 sed
2925 3862 3170 3925 tenuius;
3194 3874 3397 3930 corpus
3418 3863 3495 3911 est
3519 3851 3710 3923 quidem.

492 3960 545 4011 in
579 3958 798 4012 tertium
822 3955 1039 4021 caelum,
1063 3970 1171 4021 non
1196 3955 1528 4021 transeundi,
1551 3955 1695 4026 quod
1722 3972 1829 4012 non
1852 3964 2070 4026 potest;
2175 3959 2272 4014 sed
2318 3958 2507 4012 levius.
2554 3956 2623 4009 At
2651 3962 2866 4024 egomet
2917 3967 3239 4023 responsum
3273 3949 3449 4005 refero
3481 3966 3492 4000 :
3524 3940 3715 3998 Tenuius

493 4062 671 4116 neque
700 4046 979 4111 redeundi,
1005 4045 1150 4116 quod
1179 4062 1287 4100 nou
1318 4044 1497 4109 debet,
1531 4046 1627 4101 sed
1672 4046 1850 4108 standi
1874 4056 1931 4107 et
1954 4064 2071 4101 ma-
2176 4052 2248 4106 sit
2302 4051 2430 4107 licet
2478 4058 2534 4105 et
2561 4050 2761 4113 levius;
2795 4046 2889 4103 sed
2922 4054 3104 4100 tamen
3133 4045 3177 4099 si
3226 4057 3424 4113 corpus
3453 4047 3550 4103 est,
3576 4027 3717 4090 occidi

490 4137 652 4206 nendi
674 4152 835 4193 causa
863 4135 1188 4191 veniendum
1209 4144 1310 4191 est.
1344 4134 1481 4191 llinc
1503 4143 1682 4190 autem
1705 4151 1892 4192 cursus
1912 4143 2074 4206 atque
2175 4150 2359 4214 potest
2402 4141 2471 4197 ab
2509 4156 2576 4196 eo
2618 4156 2649 4194 a
2697 4153 2806 4208 quo
2835 4152 3034 4208 corpus
3088 4135 3264 4190 occidi
3322 4138 3516 4204 potest.
3562 4125 3629 4179 De
3651 4121 3717 4175 bis

486 4236 663 4295 status
708 4226 983 4297 profectus
1039 4235 1123 4287 est
1171 4235 1335 4295 atque
1391 4226 1672 4295 perfectio,
1701 4241 1821 4295 qua:
1866 4227 2076 4283 scilicet
2174 4247 2371 4303 nempe
2399 4230 2610 4286 duobus
2640 4230 2866 4297 agimus,
2900 4229 3080 4283 anima
3128 4225 3386 4280 videlicet
3412 4231 3467 4277 et
3507 4227 3714 4287 corpore»

489 4320 750 4387 virtutum
779 4326 884 4384 est,
915 4334 1025 4386 non
1083 4318 1325 4372 locorum
1360 4335 1371 4368 :
1413 4318 1669 4385 quoniam
1699 4316 1791 4385 qui
1838 4316 2070 4391 proﬁcit,
2106 4384 2144 4393 _
2176 4323 2372 4393 quibus
2400 4319 2570 4377 conﬁt
2596 4319 2760 4374 homo
2780 4317 3026 4372 visibilis.
3062 4315 3163 4382 Qui
3193 4316 3342 4369 enim
3370 4313 3501 4368 dixit
3530 4328 3541 4362 :
3573 4304 3718 4360 Νοιὶιι

487 4410 688 4473 currit;
708 4384 768 4473 ἐι
790 4408 882 4478 (illi
905 4384 1200 4478 ρθνῧοίῑιπν
1230 4384 1497 4475 Pervenit:
1720 4384 1733 4385 ί
1839 4384 1856 4391 ν
2058 4384 2061 4385 ν
2104 4384 2154 4442 D
2178 4384 2357 4469 timere
2385 4430 2495 4479 eos,
2528 4427 2638 4466 non
2665 4410 2819 4475 dixit,
2849 4409 2942 4478 qui
2985 4407 3240 4463 occidunt
3287 4404 3512 4476 spissius
3537 4406 3715 4466 corpus:

462 4506 471 4513 ’
557 4498 628 4554 Χ·
659 4499 811 4569 Nunc
842 4498 1100 4568 (ιιιοπιίειηι
1130 4494 1491 4565 θωβῖίδείηλοε
1520 4511 1745 4565 campos
1795 4496 2073 4552 Ῑτιιίεεὶηιίε
2177 4506 2392 4574 gravius
2422 4518 2646 4574 corpus;
2676 4503 2771 4557 sed
2791 4504 2876 4571 qui
2897 4500 3138 4556 occidunt
3159 4515 3370 4570 corpus.
3401 4495 3468 4550 Et
3496 4496 3608 4549 item
3634 4501 3718 4542 non

487 4592 802 4665 (IlliBStiOIliS
821 4589 976 4657 brevi
997 4574 1285 4643 admodum
1312 4586 1448 4641 calle
1488 4587 1902 4653 transmisimus,
1934 4586 2075 4653 datis
2176 4596 2331 4660 dixit,
2382 4594 2597 4650 tenuius
2647 4600 2706 4648 ei,
2752 4592 2923 4647 levius
2968 4605 3194 4661 corpus;
3226 4588 3329 4645 sed
3382 4589 3599 4643 animum
3638 4593 3718 4633 non

488 4687 715 4759 θιίίιιιοι,
744 4693 805 4753 ιιι
833 4698 975 4748 ι’θοΐν
1008 4681 1240 4747 indicas,
1272 4695 1391 4750 (111³3
1418 4679 1628 4735 δείκεοῑ
1671 4694 1703 4733 εί
1752 4686 1904 4734 recto
1932 4679 2074 4734 νενί-
2175 4694 2392 4758 possunt
2417 4683 2675 4740 occidere.
2702 4682 2818 4738 Hoc
2848 4696 3043 4752 nempe
3064 4680 3311 4750 corporis
3340 4678 3555 4735 nomine
3570 4673 3720 4727 vivens

491 4778 618 4830 tatis
647 4777 863 4831 tramite
892 4790 1142 4843 errorum
1163 4772 1318 4828 devia
1341 4781 1664 4835 secernunt;
1688 4769 1815 4839 quid
1844 4770 1946 4825 sibi
1975 4785 2070 4825 ve-
2176 4779 2421 4850 profecto
2450 4792 2649 4848 corpus
2680 4775 2918 4840 inclusit,
2952 4774 3080 4844 quia
3130 4788 3232 4827 nec
3282 4771 3455 4828 occidi
3496 4764 3613 4838 quid
3639 4759 3718 4816 nisi

492 4867 554 4933 lit
582 4866 708 4920 illud
736 4864 882 4945 quod
913 4864 1205 4939 Apostolus
1252 4864 1367 4917 sive
1413 4861 1468 4916 in
1517 4876 1743 4931 corpore
1773 4860 1885 4914 sive
1914 4868 2070 4915 extra
2176 4849 2353 4923 uiuum
2385 4873 2567 4938 potest
2599 4884 2612 4920 :
2646 4881 2711 4921 ac
2753 4881 2851 4935 per
2896 4864 3005 4919 hoc
3033 4863 3079 4917 si
3126 4863 3305 4917 anima
3349 4873 3541 4931 corpus
3565 4860 3640 4910 est
3660 4849 3722 4901 vi-

490 4972 706 5027 corpus,
754 4964 967 5026 raptum
997 4970 1057 5010 se
1087 4970 1206 5010 esse
1252 4954 1405 5019 dicit,
1453 4954 1686 5022 inquiro.
1732 4952 1942 5022 Quippe
1995 4953 2048 5005 sit

2177 4975 2322 5024 vum,
2354 4958 2529 5014 occidi
2558 4956 2625 5011 ab
2656 4957 2747 5011 illo
2777 4962 2961 5026 potest
3006 4971 3038 5008 a
3066 4968 3174 5023 quo
3202 4960 3391 5023 potest
3430 4959 3610 5017 corpus
3656 4952 3722 4993 oc-

488 5050 565 5105 ait
597 5068 607 5101 :
644 5048 769 5104 Scio
790 5048 1045 5102 hominem
1073 5057 1311 5118 raptum;
1340 5049 1443 5101 sive
1471 5048 1523 5100 in
1540 5063 1772 5116 corpore,
1797 5047 1901 5100 sive
1921 5054 2072 5100 extra
2178 5052 2301 5108 cidi.
2335 5051 2549 5106 Veritas
2568 5050 2699 5105 dicit
2732 5067 2745 5102 :
2780 5047 2881 5113 Qui
2908 5047 3149 5102 occidunt
3176 5061 3388 5116 corpus,
3412 5041 3624 5097 animum
3640 5045 3722 5087 non

496 5158 695 5212 corpus,
728 5142 900 5195 nescio
942 5139 1007 5210 (ll
1034 5138 1153 5194 Cor.
1188 5156 1280 5206 xu,
1310 5138 1365 5208 ‘2)
1406 5146 1499 5193 :et
1528 5139 1733 5205 reliqua
1763 5137 1831 5203 de
1876 5137 2072 5204 quibus
2179 5153 2394 5213 possunt
2422 5141 2673 5197 occidere.
2710 5140 2827 5196 Non
2859 5148 2943 5194 est
2991 5139 3151 5208 igitur
3191 5153 3392 5207 corpus
3422 5135 3607 5193 anima,
3628 5135 3724 5195 qua!

500 5233 633 5304 quod
665 5232 885 5287 attinuit
928 5230 1181 5285 diximus:
1214 5230 1290 5285 Ae
1330 5230 1561 5299 primum
1592 5228 1829 5282 adhibita
1867 5228 2073 5283 discus-
2181 5235 2353 5291 occidi
2382 5250 2491 5290 non
2520 5240 2701 5304 potest
2735 5249 2766 5287 a
2798 5234 2995 5304 quibus
3015 5247 3214 5302 corpus
3243 5228 3418 5286 occidi
3441 5230 3625 5297 potest.
3645 5215 3727 5271 Ve

491 5325 667 5390 sione,
690 5324 969 5387 videamus
998 5322 1123 5392 quid
1172 5329 1380 5377 certum
1412 5321 1533 5376 istic
1568 5320 1671 5374 sibi
1712 5320 1902 5381 beatus
1933 5319 2077 5389 Apo-
2175 5341 2295 5380 rum
2320 5325 2574 5394 quoniam
2615 5323 2839 5379 levanda
2880 5330 2963 5378 est
3005 5329 3276 5392 perpetua:
3327 5313 3565 5374 lectionis
3587 5316 3726 5364 onere

489 5416 681 5477 stolus,
708 5415 902 5486 quidve
935 5414 1162 5469 fateatur
1186 5414 1480 5479 incertum;
1511 5419 1721 5484 raptum
1749 5428 1867 5467 esse
1900 5412 2074 5465 homi-
2176 5416 2403 5485 legentis
2458 5417 2685 5471 intentio
2708 5456 2721 5480 ,
2763 5408 3003 5484 hujusce
3032 5415 3142 5483 jam
3201 5409 3490 5468 voluminis
3540 5404 3632 5459 iste
3668 5396 3727 5451 sit

491 5521 613 5573 nem
651 5509 751 5561 scit
785 5525 795 5558 :
831 5506 884 5561 in
915 5520 1138 5574 corpore
1170 5520 1237 5557 an
1267 5511 1417 5558 extra
1447 5518 1641 5576 corpus
1671 5504 1861 5559 ne5cit.
1895 5502 2072 5557 Anim-
2178 5508 2319 5580 linis.
