3946 6182
311 321 408 379 761

1484 322 1571 378 DE
1607 318 1831 377 STATU
1872 317 2109 374 ANIMJ'Z
2152 317 2278 373 LIB.
2324 317 2408 375 lli.

3493 321 3605 378 742’

1301 534 1778 666 LIBER
1876 547 2613 657 TERTIUS.

830 726 1059 783 CAPUT
1106 723 1398 799 PRIMUM.

717 840 798 897 De
822 839 1012 896 Lazari
1038 856 1251 912 corpore
1279 837 1526 894 exanimi.

394 953 567 1009 Editis
612 953 666 1008 in
715 954 1100 1009 astructionem
1140 952 1275 1018 veri,
1322 960 1378 1005 et
1406 948 1599 1005 merito
1625 946 1835 1018 pariter
1861 953 1919 1000 et

325 1061 553 1101 numero
580 1046 711 1101 satis
731 1053 790 1100 ut
809 1045 1060 1111 arbitror,
1086 1043 1294 1099 idoneis
1311 1042 1535 1098 vadibus
1551 1083 1565 1108 ,
1588 1046 1758 1095 restat
1779 1053 1920 1093 nunc

328 1146 390 1192 ut
415 1152 536 1206 qua:
565 1153 634 1192 ex
656 1135 914 1206 opusculo
939 1134 1094 1204 hujus
1120 1134 1336 1205 patroni
1364 1130 1607 1202 corporis
1633 1136 1923 1200 supersunt

330 1227 631 1283 indiscussa
654 1227 958 1291 videamus;
987 1224 1079 1294 qui
1109 1240 1232 1279 eum
1260 1222 1547 1278 temeraria
1571 1219 1922 1291 persuasione

330 1321 589 1376 decernat
627 1318 861 1373 animam
910 1317 1169 1381 localem,
1213 1324 1489 1386 assumpto
1527 1316 1582 1370 in
1627 1314 1732 1368 hoc
1781 1312 1921 1367 idem

332 1412 657 1481 evangelica:
686 1410 1024 1465 auctoritatis
1045 1409 1314 1479 exemplo,
1338 1417 1593 1479 tanquam
1621 1412 1925 1477 perempto-

332 1502 415 1558 rie
454 1510 862 1572 argumentatur
883 1542 899 1568 ,
943 1501 1129 1556 dicens
1162 1519 1175 1554 :
1205 1500 1415 1571 Corpus
1445 1498 1633 1554 Lazari
1675 1513 1797 1554 cum
1826 1496 1927 1551 fuit

335 1602 627 1659 mortuum,
660 1593 820 1648 fuisse
843 1592 961 1648 sine
989 1592 1118 1659 vita,
1150 1592 1399 1661 idemque
1432 1591 1728 1647 redivivum
1759 1590 1924 1660 fuisse

336 1700 458 1740 cum
488 1684 617 1747 vita,
644 1691 701 1737 nt
726 1699 823 1753 per
842 1683 945 1738 hoc
965 1683 1143 1737 anima
1172 1683 1358 1738 localis
1377 1698 1496 1738 esse
1517 1682 1785 1748 credatur,
1808 1698 1926 1751 quin

338 1775 625 1829 recesserit
650 1789 681 1827 a
709 1788 959 1844 corpore,
987 1789 1276 1844 rursusque
1306 1773 1370 1828 ad
1394 1788 1592 1843 corpus
1616 1773 1922 1828 accesserit.

338 1866 516 1935 Atque
553 1873 613 1919 ut
669 1865 922 1921 universo
969 1865 1266 1920 animarum
1304 1865 1488 1934 generi
1537 1864 1591 1919 in
1644 1879 1928 1920 commune

338 1956 669 2027 prtescribat,
702 1955 872 2026 ipsam
914 1956 1084 2012 nostri
1118 1954 1492 2027 Redemptoris
1521 1955 1753 2010 animam
1783 1955 1931 2010 loca~

341 2048 447 2104 lem
478 2063 597 2104 esse
636 2049 969 2118 pronuntiat.

963 2137 1193 2194 CAPUT
1240 2139 1302 2195 ll.

527 2251 599 2311 De
625 2253 820 2319 anima,
852 2252 905 2306 in
932 2267 1030 2324 quo
1060 2250 1451 2308 similitudinem
1477 2252 1569 2307 Dei
1597 2264 1760 2325 gerat.

418 2363 458 2419 Ι.
492 2363 837 2419 Formidabili
865 2364 1091 2430 scilicet,
1121 2371 1303 2433 atque,
1345 2372 1404 2419 ut
1432 2372 1694 2428 autumat,
1727 2363 1933 2418 insolu-

348 2453 446 2508 bili
485 2453 797 2525 syllogismo
829 2470 846 2507 :
878 2462 932 2508 ut
982 2453 1161 2507 anima
1191 2453 1280 2508 ubi
1324 2462 1424 2519 est,
1454 2454 1555 2520 sit;
1597 2462 1653 2508 ct
1690 2468 1797 2508 non
1826 2454 1933 2519 sit,

344 2545 441 2601 ubi
486 2554 734 2610 nonest;
768 2553 1021 2613 tanquam
1066 2559 1164 2600 nos
1184 2544 1428 2599 eamdem
1468 2553 1559 2599 aut
1580 2543 1808 2612 ubique,
1844 2551 1937 2598 aut

346 2650 612 2704 nusquam
652 2649 773 2689 esse
801 2634 1064 2690 dicamus.
1096 2635 1231 2690 Cum
1271 2635 1316 2690 si
1350 2635 1546 2703 ubique
1572 2643 1750 2701 esset,
1795 2634 1936 2690 Deus

348 2736 528 2792 esset;
568 2727 613 2781 si
658 2741 958 2798 nusquam,
1002 2727 1132 2782 nihil
1162 2737 1324 2783 esset.
1360 2726 1450 2781 Illa
1479 2727 1692 2796 quidem
1730 2743 1835 2782 non
1883 2730 1933 2785 in

350 2827 470 2881 toto
514 2819 714 2874 mundo
738 2829 822 2875 εει
854 2828 994 2883 tota,
1025 2820 1119 2875 sed
1145 2820 1282 2875 sicut
1311 2819 1453 2876 Deus
1482 2821 1677 2890 ubique
1712 2829 1855 2876 totus
1883 2821 1935 2875 in

348 2912 702 2967 universitate
730 2919 831 2978 est,
852 2911 923 2966 ita
954 2912 1067 2968 lucc
1097 2912 1292 2983 ubique
1315 2921 1424 2967 tota
1455 2914 1721 2968 invenitur
1743 2914 1793 2967 in
1816 2928 1938 2969 cor-

347 3016 506 3071 pore.
551 3000 617 3055 Et
646 3002 787 3057 sicut
830 3001 970 3057 Deus
1011 3017 1346 3073 nequaquam
1387 3005 1595 3059 minore
1636 3005 1717 3060 sui
1763 3013 1938 3073 parte,

350 3093 620 3148 minorem
652 3092 831 3147 intde
857 3102 1065 3163 partem
1094 3094 1285 3164 replet,
1310 3094 1514 3164 majore
1543 3095 1820 3164 majorem,
1843 3093 1940 3151 sed

352 3191 504 3238 totus
531 3183 585 3238 in
617 3192 799 3254 parte,
838 3192 985 3239 totus
1012 3184 1064 3238 iu
1097 3192 1211 3239 toto
1242 3194 1353 3250 est;
1386 3185 1457 3239 ita
1486 3195 1541 3240 et
1570 3186 1682 3241 haec
1705 3201 1812 3241 non
1842 3202 1941 3257 pro

350 3286 509 3348 parte
534 3278 615 3332 sui
644 3286 726 3333 εει
754 3278 807 3332 in
837 3287 990 3348 parte
1017 3279 1279 3351 corporis.
1318 3278 1425 3334 Nec
1464 3279 1568 3334 alia
1597 3295 1721 3351 pars
1749 3280 1942 3335 anima:

351 3368 625 3424 sentilicat
652 3369 891 3435 oculum,
917 3378 972 3425 ct
996 3370 1099 3424 alia
1130 3370 1366 3425 viviticat
1392 3370 1614 3438 digitum
1644 3388 1656 3423 :
1684 3370 1777 3426 sed
1806 3371 1943 3426 sicut

1941 715 1992 772 Α
2019 709 2239 781 Opinari
2268 722 2449 767 autem
2492 714 2789 782 ignorantis
2818 723 2902 770 est
2932 733 2945 769 :
2979 716 3278 785 ignorantia
3315 732 3445 772 vero
3474 732 3607 772 con-

2022 805 2187 859 traria
2218 812 2301 860 est
2340 806 2580 861 scientia:
2612 826 2625 859 :
2660 808 2834 863 nescit
2869 823 2998 877 ergo
3038 810 3281 879 quisquis
3328 811 3601 880 opinatur.

2020 897 2157 955 Hinc
2185 898 2432 968 equidem
2462 899 2660 954 factum
2690 910 2791 967 est,
2822 909 2882 955 ut
2901 902 3181 957 scientiam
3214 918 3321 972 pm
3349 903 3606 972 opinione

2020 992 2476 1062 concupiscerem,
2507 993 2685 1047 sciens
2713 993 2922 1053 nescire
2950 1009 3057 1059 me,
3086 994 3263 1063 quoad
3291 1009 3461 1063 usque
3488 995 3608 1065 opi-

2023 1082 2209 1136 nabar.
2244 1082 2322 1137 Tu
2369 1091 2550 1139 autem
2595 1083 2766 1150 dicis,
2797 1082 2932 1139 Cum
2960 1084 3028 1140 de
3071 1084 3263 1139 animae
3306 1087 3605 1141 substantia

2021 1174 2346 1242 quaerimus,
2389 1174 2532 1244 quod
2581 1190 2743 1245 supra
2785 1191 2887 1230 nos
2932 1181 3051 1241 est,
3103 1176 3259 1231 nobis
3288 1176 3460 1232 videri
3500 1193 3605 1231 non

2024 1278 2201 1333 posse,
2234 1278 2356 1319 cum
2385 1280 2546 1334 supra
2589 1280 2690 1320 nos
2716 1265 2861 1335 ipsos
2898 1265 2999 1335 ipsi
3028 1281 3135 1321 non
3165 1266 3351 1321 simus.
3383 1265 3452 1320 Et
3480 1267 3607 1321 item

2024 1355 2169 1426 quod
2211 1358 2430 1423 agnosci
2457 1372 2619 1427 posse
2648 1370 2814 1425 negas
2838 1397 2853 1422 ,
2898 1357 3052 1427 quasi
3080 1358 3353 1426 cognitum
3378 1357 3606 1427 judieas,

2025 1448 2369 1519 animamque
2403 1450 2646 1520 corporis
2674 1465 2871 1522 corpus
2898 1465 3017 1506 esse
3046 1450 3349 1506 conﬁrmas.
3384 1450 3539 1517 Quod
3565 1451 3609 1507 si

2025 1542 2203 1597 sciens
2231 1543 2384 1608 dicis,
2415 1544 2540 1613 quia
2568 1542 2703 1598 falsa
2733 1544 2861 1598 sciri
2899 1552 3192 1613 nequeunt,
3223 1560 3407 1600 verum
3436 1545 3569 1601 dicis
3594 1564 3609 1613 ;

2028 1640 2083 1688 et
2110 1634 2154 1688 si
2183 1635 2285 1690 hoc
2315 1651 2503 1690 verum
2531 1635 2685 1700 dicis,
2717 1635 2908 1690 animm
2941 1635 3295 1690 substantiam
3324 1635 3474 1690 nosci
3504 1651 3611 1690 non

2030 1739 2220 1794 posse,
2265 1726 2527 1780 mentiris.
2562 1725 2668 1780 Aut
2706 1726 2867 1795 igitur
2895 1724 3087 1781 falsum
3117 1733 3198 1780 est
3226 1726 3460 1779 animam
3487 1741 3613 1781 cor-

2030 1832 2130 1888 pus
2157 1832 2297 1883 esse,
2327 1804 2420 1871 aut
2446 1816 2634 1873 falsum
2657 1826 2741 1873 est
2768 1819 2962 1873 anima:
2989 1820 3342 1874 substantiam
3362 1820 3611 1887 cognosci

2031 1923 2139 1963 non
2171 1923 2347 1977 posse.
2374 1907 2537 1962 Vides
2563 1922 2672 1977 quo
2699 1907 2957 1979 perducat
2993 1910 3176 1979 opinio
3201 1924 3459 1980 sequaces
3486 1911 3615 1965 sui?

2033 1998 2165 2053 Nam
2195 1998 2448 2068 quoniam
2491 2013 2652 2054 nemo
2682 1999 2783 2054 nisi
2816 1999 3032 2068 ignarus
3060 1999 3328 2070 opinatur,
3378 2007 3436 2055 et
3462 2001 3613 2069 igno-

1962 2080 2008 2140 B
2036 2091 2206 2144 rantia
2245 2098 2327 2144 est
2355 2089 2578 2145 adversa
2607 2090 2877 2155 scientiae;
2926 2098 2985 2145 tu
3012 2090 3104 2161 qui
3148 2106 3215 2145 ex
3244 2091 3512 2160 opinionis
3539 2090 3622 2145 in-

2036 2189 2187 2236 certo
2230 2182 2313 2236 vis
2359 2190 2562 2237 certam
2605 2182 2746 2237 ferre
2783 2184 3104 2238 sententiam
3128 2224 3145 2251 ,
3177 2192 3233 2239 et
3259 2184 3327 2239 de
3355 2186 3437 2240 his
3473 2185 3621 2239 velut

2036 2275 2214 2330 sciens
2251 2275 2603 2345 pronuntiare
2631 2290 2751 2344 qua:
2798 2276 3006 2339 nescis,
3052 2276 3388 2331 eonvinceris
3426 2276 3623 2331 docere

2038 2364 2182 2435 quod
2215 2366 2410 2421 nescis.
2438 2365 2657 2421 Nescire
2687 2365 2848 2435 igitur
2873 2366 3067 2432 doces;
3095 2382 3329 2437 cumque
3354 2368 3498 2436 quod
3527 2383 3623 2423 ne-

2038 2456 2161 2511 sciri
2193 2471 2351 2526 posse
2373 2456 2525 2523 dicis,
2560 2457 2758 2512 docere
2786 2458 3168 2528 praesumisDa
3198 2460 3373 2527 nobis,
3407 2475 3622 2538 quazsu-

2040 2564 2182 2617 mus,
2210 2551 2421 2606 veniam
2453 2550 2760 2605 nolentibus
2786 2551 2994 2607 discere
3024 2552 3393 2607 nescientiazn.

2660 2683 2890 2740 CAPUT
2921 2684 3008 2741 Ill.

2247 2797 2485 2851 Animam
2513 2813 2728 2868 corpore
2756 2814 2859 2852 non
2889 2799 3141 2853 contineri
3166 2797 3420 2852 localiter.

2111 2908 2151 2965 Ι.
2186 2910 2326 2965 Dicis
2352 2925 2481 2979 ergo
2506 2909 2739 2964 animam
2766 2925 2994 2979 corpore
3024 2911 3306 2965 contineri.
3350 2909 3626 2979 Nunquid-

2042 3016 2165 3056 nam
2188 3001 2273 3056 vel
2293 3000 2649 3071 apostolicum
2681 3000 2807 3055 illud
2838 3000 2930 3055 tibi
2964 3001 3015 3054 in
3038 3008 3272 3056 mentem
3301 3002 3488 3056 venire
3517 3017 3626 3056 non

2040 3094 2245 3162 debuit,
2276 3094 2420 3162 quod
2448 3094 2648 3149 dictum
2677 3101 2758 3149 cst
2789 3112 2801 3146 :
2836 3092 2903 3147 Et
2942 3096 2986 3147 si
3022 3096 3248 3148 exterior
3274 3094 3425 3149 homo
3454 3102 3628 3149 noster

2041 3184 2407 3253 corrumpitur,
2435 3184 2528 3239 sed
2554 3186 2772 3239 interior
2810 3194 3087 3240 renovatur
3132 3184 3198 3257 (ll
3237 3185 3355 3240 Cor.
3388 3201 3460 3251 IV,
3492 3183 3629 3258 16)?

2042 3276 2214 3332 Omne
2241 3277 2386 3346 quod
2414 3286 2519 3343 est,
2550 3285 2607 3332 ut
2632 3277 2870 3333 breviter
2891 3278 3089 3343 dicam,
3120 3286 3211 3332 aut
3239 3279 3291 3333 in
3318 3294 3378 3334 se
3405 3286 3505 3343 est,
3535 3286 3630 3332 aut

2045 3367 2366 3436 subjectum,
2400 3375 2493 3422 aut
2538 3368 2590 3421 in
2620 3368 2863 3436 subjecto
2906 3376 3007 3423 est.
3054 3367 3111 3422 In
3158 3385 3217 3424 se
3246 3377 3329 3423 est
3371 3368 3534 3423 Deus.
3570 3368 3630 3425 In

353 3461 413 3516 in
443 3461 600 3517 oculo
632 3470 743 3515 tota
772 3461 935 3529 vivit,
979 3468 1034 3517 et
1063 3477 1162 3532 per
1188 3462 1403 3517 oculum
1435 3472 1546 3518 tota
1582 3463 1755 3529 videt;
1792 3464 1864 3519 ita
1888 3472 1945 3520 et
1970 3444 2017 3507 (ἶ
2050 3457 2210 3513 rebus
2251 3458 2625 3529 corporalibus
2653 3458 2957 3528 subjectum
3006 3467 3087 3513 est
3114 3474 3310 3528 corpus
3331 3500 3346 3524 ,
3390 3468 3445 3513 et
3481 3460 3633 3515 color

353 3550 413 3605 in
440 3550 609 3619 digito
640 3559 753 3606 tota
783 3552 932 3617 vivit,
958 3560 1014 3607 et
1041 3568 1138 3623 per
1162 3552 1386 3623 digitum
1414 3564 1524 3610 tota
1554 3556 1736 3610 sentit.
1766 3554 1872 3610 Aut
1897 3555 1944 3611 si

354 3639 603 3696 fortassis
630 3640 710 3695 sie
737 3650 849 3696 tota
891 3641 947 3696 in
972 3641 1140 3711 digito
1168 3644 1352 3711 sentit,
1404 3653 1463 3700 ut
1508 3654 1619 3700 tota
1659 3661 1764 3701 non
1791 3647 1862 3701 sit
1890 3648 1943 3702 in

356 3731 562 3801 digito;
590 3734 758 3789 sentit
784 3747 913 3801 ergo
961 3743 1074 3789 tota
1103 3736 1193 3791 ubi
1231 3745 1342 3791 tota
1374 3753 1479 3792 non
1509 3746 1620 3804 est,
1651 3747 1706 3793 et
1733 3748 1815 3793 est
1855 3739 1944 3795 ubi

358 3837 470 3878 non
500 3830 602 3877 εει.
636 3822 743 3877 Aut
771 3822 931 3891 igitur
963 3832 1074 3879 tota
1099 3825 1202 3879 erit
1228 3827 1405 3880 anima
1433 3827 1484 3881 in
1514 3828 1761 3897 corporis
1793 3838 1947 3899 parte

360 3913 582 3969 minima
608 3955 623 3981 ,
656 3930 778 3970 cum
808 3914 1156 3970 nihilominus
1186 3916 1239 3970 in
1271 3926 1383 3972 toto
1410 3917 1479 3971 sit
1508 3927 1619 3972 tota
1645 3964 1660 3985 ,
1692 3928 1786 3973 aut
1823 3935 1946 3974 cum

360 4010 478 4059 tota
505 4005 705 4059 sentiat
729 4004 819 4059 ubi
847 4014 959 4060 tota
989 4021 1097 4061 non
1137 4015 1238 4062 est.
1284 4006 1377 4062 Est
1418 4022 1547 4076 ergo
1577 4017 1688 4064 tota
1721 4010 1807 4065 ubi
1838 4027 1945 4067 non

360 4102 446 4149 est
489 4102 619 4150 tota.
666 4093 773 4150 Sed
815 4095 884 4151 de
922 4096 1024 4152 hoc
1052 4105 1108 4152 et
1137 4096 1188 4151 in
1231 4098 1403 4167 primo
1451 4098 1588 4154 libro
1629 4101 1947 4171 quamplura

360 4184 612 4251 disserui,
642 4195 698 4241 et
718 4186 770 4241 in
798 4186 1019 4243 secundi
1051 4188 1315 4259 principio
1345 4206 1450 4244 non
1482 4206 1653 4259 pauca
1676 4194 1904 4262 ιιι-εειιιίεἰ
1932 4211 1946 4248 :

362 4275 419 4329 in
443 4291 563 4346 qua:
592 4278 635 4332 si
665 4277 934 4348 quispiam
964 4280 1194 4335 solerter
1216 4280 1524 4348 intenderit,
1552 4282 1620 4337 ad
1649 4284 1791 4339 hunc
1811 4285 1955 4340 vide-

172 4384 183 4396 ·
262 4388 268 4393 ·
364 4364 494 4420 licet
521 4366 700 4421 locum
723 4383 831 4423 non
859 4368 1006 4423 rudis
1029 4370 1249 4425 accedet
1282 4388 1294 4423 :
1327 4369 1699 4428 ditiicillimum
1721 4390 1952 4446 namque

365 4462 452 4510 est
479 4455 801 4526 incorporea
828 4459 1205 4530 contemplari,
1235 4462 1360 4531 quia
1395 4462 1555 4518 lallax
1587 4465 1730 4521 visus
1758 4482 1954 4537 corpo-

366 4547 562 4601 ralium
591 4564 846 4605 sensuum
875 4550 951 4605 ita
981 4562 1205 4621 peccato
1250 4553 1463 4609 oculum
1496 4556 1775 4613 imbecillae
1803 4574 1956 4614 men-

372 4636 442 4691 tis
469 4638 729 4707 obnubit;
756 4648 817 4694 ut
844 4655 963 4695 cum
992 4656 1051 4696 εε
1078 4642 1164 4697 vel
1206 4642 1373 4699 Deum
1416 4647 1772 4717 contemplari
1800 4650 1951 4713 vult,

369 4729 664 4798 imaginum
691 4746 1075 4802 corporearum
1103 4735 1350 4791 velamen
1391 4736 1535 4806 quod
1565 4738 1666 4793 sibi
1707 4742 1957 4809 praetexi-

2048 3550 2294 3621 corporis
2322 3550 2376 3604 in
2404 3549 2666 3620 subjecto.
2698 3549 2755 3604 ιιι
2790 3550 3123 3619 incorporeis
3152 3551 3361 3605 animus
3388 3560 3441 3605 et
3472 3550 3635 3606 disci-

2050 3641 2228 3712 plina;
2270 3655 2390 3711 qua:
2430 3641 2502 3695 ita
2544 3641 2648 3696 sibi
2686 3656 2825 3696 nexa
2854 3648 3016 3706 sunt,
3066 3648 3124 3695 ut
3150 3656 3249 3696 nec
3287 3641 3405 3696 sine
3449 3641 3635 3698 colore

2048 3752 2266 3809 corpus,
2313 3750 2415 3791 nec
2441 3735 2559 3790 sine
2602 3734 2882 3805 disciplina
2930 3736 3001 3789 sit
3038 3734 3373 3789 rationabilis
3401 3734 3631 3789 animus.

2050 3826 2209 3883 Modo
2269 3836 2325 3883 tu
2374 3825 2573 3882 videris
2604 3820 2639 3892 ,’
2670 3826 2763 3896 qui
2812 3825 3047 3880 animam
3092 3840 3290 3895 corpus
3355 3839 3474 3880 esse
3505 3864 3521 3890 ,
3580 3832 3637 3881 et

2050 3920 2294 3976 eamdem
2322 3919 2681 3991 superjectam
2728 3919 2782 3973 in
2821 3918 3069 3988 subjecto
3096 3932 3327 3988 corpore
3371 3917 3638 3973 contineri

2051 4013 2262 4078 credis;
2297 4022 2600 4067 utrumnam
2642 4011 2873 4082 probare
2903 4010 3179 4065 valeamus
3222 4024 3445 4063 manere
3488 4007 3636 4076 quod

2052 4103 2106 4157 in
2128 4102 2375 4172 subjecto
2398 4111 2497 4169 est,
2533 4103 2649 4173 ipso
2670 4104 2975 4157 intereunte
2994 4099 3257 4169 subjecto.
3285 4098 3422 4165 Quia
3445 4100 3491 4154 si
3514 4115 3637 4154 eor-

2051 4207 2185 4264 pore
2212 4193 2549 4259 continetur,
2579 4193 2691 4263 ipsa
2722 4193 2775 4246 in
2804 4208 2903 4247 suo
2925 4191 3229 4262 superjecla
3260 4189 3503 4259 subjecto
3531 4196 3633 4255 est,

2053 4299 2155 4340 nec
2179 4298 2400 4338 manere
2426 4284 2627 4353 poterit
2651 4299 2769 4353 quae
2790 4282 3121 4347 continetur,
3146 4281 3238 4336 illo
3266 4289 3527 4351 pereunte
3545 4280 3639 4352 qui

2054 4375 2313 4431 continet.
2347 4373 2453 4429 Sed
2482 4374 2611 4429 dicit
2634 4366 2923 4444 Apostolus
2956 4390 2968 4426 :
3004 4371 3384 4427 Veterascente
3411 4385 3640 4442 corpore

2056 4466 2305 4521 renovari
2346 4465 2580 4519 animam
2614 4482 2627 4517 :
2673 4474 2698 4502 ι
2730 4473 3019 4535 corrupto,
3049 4478 3203 4535 teque
3230 4462 3471 4518 solidari.
3519 4461 3639 4517 Non

2056 4574 2185 4629 ergo
2214 4573 2444 4629 corpore
2472 4558 2798 4613 continetur.

2130 4652 2193 4706 ll.
2220 4652 2428 4707 Vereor
2461 4666 2529 4705 ne
2552 4658 2608 4706 et
2635 4651 2757 4707 istic
2784 4650 3037 4718 Opinatus
3062 4648 3292 4704 videaris
3320 4663 3492 4703 novus
3516 4663 3641 4703 aca-

2057 4744 2315 4811 demicus,
2339 4742 2431 4813 qui
2460 4748 2516 4797 et
2541 4756 2663 4796 cum
2691 4740 3013 4796 academicis
3038 4739 3168 4794 nihil
3202 4739 3365 4806 scias,
3387 4745 3443 4794 et
3470 4739 3537 4795 de
3557 4739 3641 4796 his

374 4830 482 4887 tur,
518 4823 693 4877 solum
713 4823 911 4889 videat,
938 4840 1060 4880 cum
1091 4834 1238 4883 trans
1261 4827 1390 4883 illud
1417 4828 1598 4884 videre
1628 4846 1733 4885 non
1762 4832 1951 4900 possit.
1981 4810 2035 4871 Β
2057 4850 2177 4906 qua:
2225 4810 2401 4891 nescis
2446 4833 2563 4889 sine
2602 4832 2948 4888 cunctatione
2986 4828 3227 4886 deﬁnias.
3258 4831 3397 4887 Vide
3424 4847 3492 4887 ne
3530 4848 3641 4888 non

371 4910 626 4981 Quisquis
671 4927 802 4972 ergo
844 4915 1161 4973 difﬁcultate
1190 4918 1414 4974 visionis
1442 4921 1600 4991 hujus
1645 4922 1952 4989 offenditur,

371 5003 606 5057 studium
650 5012 811 5075 atque
851 5021 988 5074 opus
1016 5006 1284 5076 insumat,
1330 5025 1440 5066 non
1473 5020 1529 5066 ut
1574 5014 1955 5071 calumniatum

372 5098 481 5157 eat,
512 5094 605 5148 sed
636 5104 696 5148 ut
722 5096 940 5166 purgari
968 5097 1163 5153 valeat.

442 5182 506 5237 ll.
537 5182 649 5240 Nec
675 5192 856 5240 tamen
888 5196 1102 5255 egomet
1128 5189 1200 5243 ita
1228 5205 1347 5245 sum
1377 5192 1573 5249 oblitus
1599 5196 1731 5263 mei,
1762 5206 1820 5252 ut
1848 5214 1956 5254 non

374 5273 648 5343 languoris
688 5290 850 5346 quam
890 5278 1135 5334 sanitatis
1162 5274 1393 5351 amplius
1435 5283 1608 5340 inesse
1653 5287 1782 5342 mihi
1830 5305 1957 5344 sen-

375 5365 523 5420 tiam.
555 5365 940 5425 Verumtamen
968 5369 1112 5427 hanc
1154 5386 1240 5427 me
1278 5373 1586 5442 opinionem
1630 5393 1734 5447 qua
1764 5396 1960 5451 corpus

376 5458 612 5514 creditur
636 5462 834 5526 anima,
864 5477 982 5517 eum
1013 5465 1309 5534 puerilibus
1336 5468 1491 5522 annis
1519 5470 1753 5527 evasisse
1780 5473 1954 5529 delec-

379 5553 486 5613 tat;
530 5551 651 5618 quia
700 5559 827 5607 tunc
873 5567 992 5607 cum
1041 5555 1343 5624 opinabar,
1396 5559 1582 5629 utique
1625 5563 1953 5621 nesciebam.

451 5745 476 5785 ρ
506 5734 617 5815 ιιι,
644 5743 979 5809 corruptaque
1004 5733 1247 5803 solidari.
1330 5756 1337 5762 '

2058 4942 2255 4998 corpus
2283 4926 2561 4981 contineat
2580 4924 2834 4987 animam,
2864 4923 2959 4979 sed
2980 4925 3324 4980 contineatur
3344 4925 3411 4980 ab
3440 4925 3639 4979 anima.

2060 5018 2176 5073 Hoc
2201 5032 2395 5088 nempe
2423 5023 2681 5087 corrupto
2711 5016 2799 5071 illa
2830 5015 3111 5079 solidatur,
3137 5016 3277 5071 sicut
3303 5016 3432 5072 illud
3459 5015 3643 5070 itidem

2060 5111 2220 5181 hujus
2255 5111 2548 5165 amissione
2588 5110 2918 5165 dissolvitur.
2951 5110 3044 5164 llla
3084 5110 3201 5166 sine
3236 5110 3341 5166 hoc
3368 5110 3499 5164 vivit
3528 5124 3644 5164 me-

2063 5202 2184 5268 lius,
2213 5203 2317 5257 hoc
2344 5202 2461 5257 sine
2490 5201 2580 5256 illa
2609 5217 2710 5256 nec
2735 5201 2909 5272 pejus.
2940 5200 3117 5272 Atque
3145 5210 3205 5257 ut
3232 5216 3298 5256 ex
3326 5200 3409 5254 his
3436 5198 3646 5255 duobus

2066 5294 2260 5364 quibus
2284 5293 2450 5347 conlit
2476 5293 2713 5348 humana
2735 5293 3052 5360 substantia,
3081 5292 3209 5362 quid
3235 5292 3288 5345 in
3317 5306 3424 5360 quo
3450 5290 3520 5345 sit
3539 5306 3649 5346 non

2067 5396 2383 5455 argumento
2408 5386 2527 5441 solo
2550 5387 2747 5455 vigeat,
2780 5386 2873 5441 sed
2900 5387 3067 5440 etiam
3096 5383 3417 5439 auctoritate
3449 5381 3650 5436 clares-

2066 5486 2186 5541 cat;
2231 5477 2606 5547 prOpheticnm
2636 5493 2851 5547 quoque
2880 5474 3246 5532 testimonium
3290 5470 3647 5544 proferamus.

2067 5571 2155 5623 Ait
2181 5585 2412 5639 namque
2444 5588 2457 5623 :
2489 5569 2684 5640 Corpus
2705 5570 2842 5642 quod
2861 5568 3224 5637 corrumpitur,
3258 5571 3509 5635 aggravet
3531 5562 3650 5617 ani-
