3946 6182
366 236 466 293 733
507 253 513 257 '

1649 224 1963 284 MAMERTI
2000 223 2366 285 CLAUDIAM

3489 240 3577 297 ’161

358 368 495 406 mam
535 350 689 421 (Sap.
720 365 793 415 is,
829 344 938 417 15).
974 345 1050 401 Ac
1076 344 1229 400 nobis
1270 343 1500 413 primum
1522 339 1809 395 videndum
1833 344 1934 399 est.
1969 336 2015 396 Α
2044 346 2128 393 εει
2158 342 2334 410 spatii,
2361 342 2594 412 intelligo
2618 343 2669 398 in
2701 343 2821 399 loco
2853 361 2969 400 esse
2998 360 3153 417 posse
3172 347 3287 403 sine
3313 348 3446 405 loco.
3470 349 3585 415 Quia

360 453 665 499 utrumnam
693 440 820 496 illud
851 445 1123 507 aggravet,
1157 434 1302 504 quod
1341 434 1393 487 in
1423 446 1729 501 quoquam;
1772 444 1838 481 an
1873 428 1938 481 il-

359 536 450 590 lud
495 535 546 588 in
575 548 682 602 quo
711 515 945 600 qui-dque
972 536 1075 583 est.
1123 527 1179 581 Si
1210 523 1336 579 illud
1368 523 1420 578 in
1450 537 1557 592 quo
1600 519 1798 588 aliquid
1830 526 1933 582 cst,

358 627 598 690 levatur;
629 632 655 660 ⁸
692 634 820 688 ergo
844 618 1083 689 pondere
1111 616 1344 687 quidque
1374 619 1649 668 oneratur.
1682 608 1775 663 Sin
1804 622 1935 662 vero

358 716 486 772 illud
527 722 782 784 aggravat
809 711 955 781 quod
995 710 1047 764 in
1078 709 1278 779 aliquo,
1308 722 1417 761 non
1445 703 1576 758 illud
1602 703 1656 756 in
1696 716 1805 770 quo
1835 698 1935 752 ali-

359 810 482 881 quid
512 824 623 873 est;
655 807 826 876 magis
855 807 906 860 in
937 805 1114 859 anima
1144 812 1227 858 est
1265 814 1464 870 corpus
1508 797 1651 868 quod
1680 802 1936 864 aggravat

356 902 606 963 animam,
630 914 791 969 quam
818 914 864 950 ,n
895 909 1123 965 corpore
1146 893 1323 947 anima
1346 906 1465 960 qua:
1486 896 1736 958 gravatur
1757 902 1787 940 a
1810 901 1933 940 cor-

354 1012 487 1067 pore
519 1014 531 1047 :
566 1008 702 1048 onus
749 990 997 1045 videlicet
1027 989 1078 1041 in
1109 987 1371 1057 portitore
1392 1024 1406 1049 ,
1458 998 1561 1037 non
1608 980 1841 1051 portitor
1879 979 1933 1032 in

354 1103 539 1144 onere.
565 1085 695 1152 Quae
714 1098 837 1138 cum
864 1083 934 1135 ita
960 1080 1086 1143 sint,
1108 1092 1355 1146 magnam
1378 1075 1567 1128 animae
1593 1071 1828 1126 auctoris
1849 1069 1933 1123 sui

355 1181 530 1234 inesse
559 1175 980 1238 similitudinem,
1012 1170 1245 1225 maximo
1275 1167 1400 1222 illud
1432 1165 1628 1220 indicio
1659 1171 1760 1224 cst,
1789 1160 1934 1230 quod

353 1286 454 1341 pro
482 1267 830 1323 similitudine
858 1266 993 1318 sicut
1021 1262 1304 1317 illocaliter
1332 1258 1561 1313 mundus
1601 1256 1654 1309 in
1685 1256 1796 1309 Deo
1826 1260 1928 1319 est,

353 1362 432 1416 sic
462 1359 743 1414 illocaliter
763 1371 959 1424 corpus
988 1354 1039 1407 in
1069 1353 1266 1405 anima.

422 1451 508 1506 Ill.
548 1450 700 1504 Nunc
720 1444 1010 1502 sciscitanti
1040 1442 1170 1496 mihi
1196 1448 1321 1511 peto
1348 1438 1674 1509 respondeas
1699 1455 1711 1489 :
1757 1435 1813 1490 Si
1841 1435 1928 1489 lo-

352 1544 541 1600 caliter
584 1541 723 1594 intra
769 1552 963 1606 corpus
1013 1542 1096 1589 est
1149 1533 1344 1598 anima,
1389 1529 1660 1599 quomodo
1690 1527 1933 1583 continet

352 1634 582 1705 corpus?
610 1633 806 1686 Notum
836 1642 1028 1697 nempe
1055 1635 1154 1689 est,
1210 1639 1440 1693 corpore
1486 1621 1753 1683 contineri
1796 1618 1930 1673 nihil

2040 432 2083 483 si
2117 430 2243 485 illud
2272 432 2416 502 quod
2448 433 2619 488 locale
2649 442 2752 498 est,
2782 435 2834 489 in
2880 436 3000 491 loco
3025 445 3137 503 est;
3168 438 3338 493 multo
3361 442 3517 494 minus
3545 440 3586 492 in

2039 520 2160 577 loco
2189 538 2297 576 non
2328 530 2428 588 est,
2461 524 2605 588 quod
2627 524 2800 580 locale
2828 542 2934 581 non
2963 535 3065 583 εει.

2661 635 2891 692 CAPUT
2928 637 3012 693 IV.
3308 694 3313 698 ,

2038 722 2187 778 Sicut
2211 726 2693 799 animarill'ocaliter
2713 728 2931 799 discedit
2950 746 2982 799 α
3014 746 3226 799 corpore
3265 739 3333 799 ut,
3364 733 3593 785 moriatur

2107 810 2325 862 corpus;
2364 798 2438 849 sic
2475 796 2721 852 divinitus
2765 795 2960 852 Christi
2987 795 3258 854 illocullter
3284 798 3506 853 discessit
3549 810 3595 852 ut

2105 876 2391 920 moreretur
2414 866 2586 921 Filius
2614 867 2712 922 Dei
2743 868 2974 923 Christus
2995 871 3049 923 in
3076 886 3245 924 cruce.

2105 978 2211 1034 Sed
2270 980 2412 1035 istud
2466 981 2764 1051 quamlibet
2790 982 3025 1047 clareat,
3060 983 3327 1052 intelligas
3355 995 3374 1021 ε
3408 999 3593 1047 necne,

2034 1069 2389 1125 dubitaverim
2423 1089 2435 1124 :
2469 1071 2598 1126 illud
2625 1088 2756 1127 vero
2786 1073 2929 1143 quod
2958 1089 3025 1129 eo
3055 1089 3226 1144 usque
3252 1081 3335 1129 est
3358 1074 3593 1143 simplicis

2034 1164 2452 1233 consequentiae,
2476 1170 2537 1217 ut
2557 1164 2758 1232 agnitio
2778 1164 2912 1233 ejus,
2936 1180 3044 1221 non
3069 1165 3263 1229 dicam,
3287 1165 3340 1219 in
3360 1171 3591 1235 promptu

2034 1253 2123 1315 sit,
2174 1254 2268 1308 sed
2325 1269 2391 1308 ne
2421 1254 2576 1308 vitari
2605 1254 2822 1325 quidem
2854 1254 3007 1311 facile
3035 1257 3236 1322 valeat,
3266 1256 3342 1311 sic
3370 1256 3590 1326 elapsum

2035 1347 2130 1400 tibi
2162 1348 2293 1401 satis
2321 1348 2505 1401 mirari
2533 1363 2764 1418 nequeo.
2798 1345 2825 1385 ά
2858 1348 3000 1404 Dicis
3041 1349 3224 1418 itaque
3244 1364 3438 1418 corpus
3459 1345 3594 1401 Chri-

2033 1438 2099 1492 sti
2156 1453 2276 1493 cum
2331 1439 2571 1508 patibulo
2626 1439 2892 1494 sublatum
2948 1446 3050 1503 est,
3082 1440 3375 1493 animatum
3400 1437 3587 1493 fuisse:

2033 1528 2338 1583 exanimum
2367 1544 2498 1583 vero
2529 1545 2649 1583 cum
2678 1530 2927 1599 sepulcro
2955 1529 3266 1583 mandatum
3300 1547 3312 1581 :
3362 1534 3591 1597 propter-

2032 1635 2139 1689 que
2193 1621 2299 1676 hoc
2345 1621 2488 1692 quod
2538 1621 2837 1690 negandum
2887 1637 2994 1677 non
3024 1629 3127 1688 est,
3160 1620 3418 1677 acuminis
3445 1634 3589 1688 argu-

352 1742 509 1799 pnsse
537 1739 877 1794 corporeum,
909 1720 1007 1775 nisi
1035 1717 1180 1787 quod
1221 1715 1460 1771 continet
1487 1714 1723 1769 exterius
1761 1712 1849 1777 sit,
1876 1718 1931 1765 et
1960 1705 2008 1766 Β
2033 1722 2217 1767 mento
2248 1714 2325 1767 tui
2358 1713 2540 1769 localis
2567 1713 2678 1767 erit
2700 1714 2927 1778 animus,
2960 1714 3086 1783 quia
3114 1711 3388 1768 vivificare
3408 1710 3590 1766 Christi

352 1819 496 1888 quod
548 1816 852 1872 continetur
897 1811 1141 1866 interius.
1191 1808 1380 1862 Anima
1430 1822 1577 1870 vero,
1609 1816 1667 1859 ut
1696 1803 1929 1858 afﬁrmas

354 1912 488 1980 ipse,
520 1920 778 1975 corporea
802 1900 1072 1972 quomodo
1095 1900 1233 1954 intra
1263 1914 1457 1967 corpus
1487 1905 1567 1952 est
1588 1896 1655 1950 ad
1677 1896 1729 1949 id
1754 1892 1927 1949 viviti-

352 2000 602 2066 candum,
635 2006 692 2053 et
737 2003 887 2051 extra
909 2009 1104 2063 corpus
1128 1991 1193 2046 ad
1213 1989 1634 2047 crmtinendum?
1661 1989 1739 2042 An
1770 1987 1928 2042 forsi-

355 2104 441 2148 tan
471 2092 548 2147 sic
569 2089 804 2145 exterius
829 2086 1088 2150 continet,
1116 2092 1173 2138 ut
1194 2082 1431 2138 exterius
1459 2097 1567 2136 non
1598 2081 1702 2134 sit?
1727 2079 1931 2133 Rursus

354 2184 515 2253 igitur
542 2183 597 2237 in
635 2182 782 2235 illam
812 2178 1101 2246 redigimur
1146 2172 1534 2239 difficultatem,
1565 2180 1624 2227 ut
1651 2180 1742 2227 aut
1769 2171 1838 2225 sit
1863 2170 1929 2224 il-

352 2275 595 2346 localiter
640 2278 791 2326 extra
834 2282 1049 2339 corpus,
1106 2274 1165 2320 ut
1215 2265 1489 2320 contineat
1516 2270 1858 2333 corpus;aut
1885 2261 1931 2317 si

352 2364 595 2419 continet
637 2360 727 2416 ubi
773 2374 880 2414 non
909 2365 1010 2419 est,
1041 2357 1111 2412 sit
1139 2356 1227 2410 ubi
1256 2370 1363 2409 non
1392 2362 1495 2408 est.
1526 2352 1632 2408 Sed
1659 2353 1794 2407 ratio
1819 2352 1932 2406 hmo

355 2466 408 2511 te
446 2452 668 2510 forsitan
697 2453 778 2508 sui
821 2451 1059 2505 novitate
1101 2447 1373 2503 sollicitet.
1405 2443 1610 2513 Evigila
1637 2444 1927 2514 paulisper,

353 2565 435 2613 ac,
467 2548 511 2602 si
551 2554 725 2617 potes,
758 2545 1006 2599 intuere:
1039 2542 1084 2595 si
1108 2556 1214 2596 non
1243 2547 1416 2610 potes,
1447 2538 1715 2593 admirare
1752 2537 1931 2591 incor-

354 2637 504 2708 porei
533 2635 850 2706 potentiam,
882 2639 937 2686 ut
976 2646 1171 2701 corpus
1216 2636 1432 2684 moveat
1458 2636 1709 2692 stantem,
1741 2634 1797 2681 et
1825 2642 1931 2682 non

354 2728 487 2782 locis
515 2726 633 2780 loca
662 2724 915 2793 quaelibet
943 2722 1252 2784 adeuntem,
1295 2719 1349 2773 in
1383 2718 1681 2786 iisdemque
1710 2716 1841 2772 locis
1872 2716 1934 2769 il-

355 2816 598 2872 localiter
616 2822 884 2883 agentem.
915 2811 1060 2866 Istud
1089 2812 1137 2864 si
1163 2825 1384 2864 cernere
1417 2808 1809 2879 quiveris,'non
1837 2822 1934 2861 no-

354 2908 436 2961 bis
465 2906 696 2960 animam
726 2900 914 2956 Lazari
942 2916 1040 2970 pro
1068 2899 1301 2970 quadam
1341 2898 1663 2954 abscedendi
1706 2896 1935 2951 redeun-

355 2998 516 3066 dique
538 2994 828 3057 localitate,
852 2991 1016 3046 veluti
1041 2990 1306 3059 quoddam
1333 3003 1527 3057 corpus
1548 3002 1816 3058 oppones;
1839 2986 1933 3041 sed

2030 1819 2224 1874 corpus
2253 1805 2619 1859 alternaverit.
2652 1804 2762 1859 Sub
2791 1803 2951 1874 hujus
2979 1819 3108 1874 ergo
3134 1804 3456 1860 necessitate
3481 1817 3592 1857 sen-

2030 1896 2212 1950 tentia:
2230 1896 2395 1949 Deum
2407 1911 2621 1966 quoque
2642 1894 2869 1965 profano
2897 1908 3030 1951 ausu
3056 1895 3287 1950 localem
3310 1894 3590 1957 credemus,

2029 1987 2121 2056 qui
2150 1993 2207 2041 et
2235 1987 2289 2040 in
2317 1986 2534 2041 Christo
2554 2001 2675 2042 cum
2703 1984 2987 2040 cruciﬁxus
3007 1992 3108 2051 est,
3134 1984 3255 2051 fuit,
3287 1990 3345 2039 et
3362 1982 3589 2038 eumdem

2029 2079 2085 2133 in
2139 2079 2388 2149 passione
2442 2077 2744 2147 dereliquit.
2804 2076 2925 2146 Ipse
2975 2090 3188 2146 quoque
3246 2074 3497 2130 Dominus
3532 2073 3591 2128 de

2030 2186 2190 2226 cruce
2219 2170 2471 2225 clamavit
2501 2188 2513 2223 :
2546 2168 2690 2224 Deus
2733 2186 2893 2234 meus,
2939 2184 3097 2240 quare
3131 2184 3214 2221 me
3255 2165 3592 2238 dereliquisti.’

2032 2265 2088 2318 Si
2119 2264 2259 2319 enim
2308 2281 2415 2319 non
2440 2263 2705 2328 discessit,
2748 2278 2859 2316 non
2889 2259 3200 2331 dereliquit;
3232 2260 3280 2313 si
3309 2258 3589 2328 dereliquit,

2033 2355 2218 2423 utique
2248 2354 2512 2409 discessit.
2546 2351 2730 2421 Objice
2758 2366 2899 2405 nunc
2927 2350 3085 2419 igitur
3116 2348 3445 2404 localitatem
3472 2347 3589 2402 Deo.

2031 2445 2330 2514 Contiguus
2376 2445 2624 2500 videlicet
2649 2442 2845 2511 gradus
2875 2448 2976 2506 εει,
3019 2449 3079 2494 ut
3105 2438 3173 2493 ab
3203 2437 3399 2507 injuria
3425 2435 3593 2492 simili-

2035 2540 2233 2594 tudinis
2263 2538 2357 2594 Dei
2388 2537 2579 2592 fcraris
2626 2537 2678 2590 in
2711 2536 2908 2599 Deum;
2951 2540 3007 2587 et
3056 2530 3396 2602 quiinfamas
3421 2526 3592 2595 imagi-

2036 2646 2178 2694 nem,
2225 2630 2460 2685 lacessas
2488 2635 2783 2682 auctorem.
2818 2623 2966 2680 Sicut
3005 2636 3133 2691 ergo
3175 2621 3459 2676 illocalitas
3492 2617 3592 2673 Deo

2036 2736 2142 2776 non
2175 2720 2445 2785 adimitur,
2476 2718 2621 2789 quod
2651 2716 2922 2771 hominem
2960 2710 3232 2767 Christum
3293 2706 3591 2765 discedendo

2034 2812 2303 2878 deseruit;
2335 2812 2413 2866 sic
2439 2811 2616 2864 anima
2646 2804 2971 2862 illocalitatis
2984 2800 3326 2873 privilegium
3344 2814 3447 2854 non
3463 2797 3590 2852 amit-

2038 2907 2119 2973 tit,
2149 2921 2271 2961 cum
2302 2918 2531 2974 corpore
2560 2901 2829 2956 moriente
2866 2895 3108 2953 discedit.

2653 3014 2883 3073 CAPUT
2919 3013 2985 3068 ν.

355 3086 598 3143 eamdem
620 3098 814 3154 corpus
835 3081 949 3179 {Ejus
971 3082 1293 3150 incorporeo
1321 3088 1598 3179 V939???"
1615 3087 1769 3179 rem
1874 3076 1935 3131 il'
1961 3070 2005 3131 C
2040 3112 2094 3168 Ν
2097 3132 2162 3168 οη
2209 3112 2382 3168 Maria
2425 3070 2716 3165 Gubrielein
2755 3106 2991 3179 angelum
3027 3106 3083 3160 in
3110 3120 3171 3158 ea
3198 3100 3483 3157 substantia
3506 3111 3592 3168 qua

356 3178 600 3235 localiter
653 3174 969 3239 excessisse,
1022 3186 1340 3241 rursumque
1388 3170 1454 3225 ad
1504 3168 1632 3225 illud
1653 3168 1937 3233 illocaliter

355 3270 580 3326 rediisse
606 3280 919 3336 cognosces.

427 3359 513 3415 IV.
554 3358 671 3413 Jam
701 3358 747 3412 si
793 3357 890 3412 tibi
910 3356 1135 3413 visionis
1162 3355 1385 3425 hujusce
1413 3355 1679 3410 sincerum
1707 3353 1937 3408 veritate

355 3449 625 3515 claruerit,
654 3448 797 3503 nulla
819 3447 1131 3519 quaestionis
1151 3445 1463 3502 difﬁcultate
1484 3444 1788 3515 jactabere;
1812 3459 1938 3513 qua—

356 3550 510 3597 tenus
540 3539 717 3594 auima
748 3553 978 3608 corpore
1006 3537 1182 3607 posito
1209 3536 1494 3591 illocaliter
1532 3550 1653 3590 esse
1680 3534 1851 3604 possit
1885 3532 1941 3587 in

355 3631 576 3687 mundo.
607 3630 743 3697 Quia
772 3629 849 3684 sic
897 3628 999 3683 erit
1048 3626 1332 3682 illocaliter
1368 3627 1421 3680 in
1467 3625 1708 3695 qualibet
1751 3623 1934 3678 mundi

354 3731 528 3795 parte,
582 3722 721 3776 sicut
767 3719 1049 3774 illocaliter
1094 3716 1193 3771 fuit
1220 3719 1273 3771 iu
1313 3731 1558 3786 corpore.
1613 3714 1693 3768 Tu
1721 3728 1850 3769 vero
1880 3714 1932 3769 in

354 3811 719 3885 prejudicium
746 3811 956 3878 generis
981 3808 1279 3863 animarum
1302 3806 1560 3869 omnium,
1589 3803 1783 3860 Christi
1802 3819 1937 3873 quo-

356 3917 462 3974 que
516 3902 749 3957 animam
805 3899 1031 3954 localem
1061 3911 1487 3967 corporeamque
1514 3896 1848 3966 pronuntias,
1880 3901 1937 3949 et

356 4009 551 4065 corpus
579 3992 713 4047 dicis
742 4004 861 4045 esse
889 3989 1121 4059 animam
1152 3986 1545 4056 Redemptoris,
1577 4001 1698 4040 cum
1731 4001 1837 4040 non
1868 3984 1937 4040 sit

357 4084 534 4138 anima
588 4079 828 4151 pecudis.
885 4077 993 4133 Sed
1041 4078 1083 4132 si
1114 4078 1253 4131 forte
1296 4073 1935 4150 contendas,'quomodo

356 4175 535 4229 anima
590 4179 644 4227 et
693 4172 750 4226 in
805 4171 924 4226 loco
956 4178 1055 4235 est,
1088 4176 1144 4224 et
1173 4167 1356 4223 localis
1381 4183 1494 4223 non
1523 4174 1636 4234 est;
1668 4177 1724 4222 ct
1748 4180 1849 4235 ego
1882 4173 1935 4222 te

355 4274 540 4322 mutua
570 4265 963 4320 consultatione
990 4272 1331 4333 percunctor,
1349 4262 1621 4333 quomodo
1643 4276 1935 4331 corporeus

357 4355 588 4410 mundus
617 4362 675 4409 et
702 4352 887 4409 localis
912 4360 1015 4419 est,
1050 4360 1104 4406 ct
1154 4353 1205 4405 in
1238 4353 1358 4407 loco
1408 4368 1519 4407 non
1550 4359 1654 4407 est.
1686 4350 1840 4417 Quod
1887 4349 1933 4405 si

354 4550 538 4607 qumro
571 4552 584 4588 :
628 4532 800 4588 Locus
848 4532 904 4586 in
930 4547 1039 4603 quo
1069 4533 1163 4586 est’
1199 4531 1428 4586 mundus
1472 4540 1625 4587 extra
1656 4531 1930 4598 mundum,

355 4641 496 4680 anne
524 4625 592 4680 de
622 4622 821 4678 mundo
849 4623 937 4677 sit.
971 4620 1028 4677 Si
1059 4622 1126 4677 de
1155 4620 1375 4687 mundo,
1399 4621 1427 4661 δ
1449 4638 1559 4677 non
1588 4622 1643 4676 in
1674 4622 1764 4677 illo
1784 4638 1937 4677 mun-

355 4717 472 4781 dus,
504 4715 600 4771 sed
621 4716 674 4770 in
704 4714 810 4770 alio
840 4712 953 4784 ipse
982 4729 1105 4769 cum
1134 4711 1332 4767 mundo
1361 4718 1463 4767 est.
1489 4712 1545 4767 Si
1593 4719 1745 4768 extra
1776 4729 1935 4768 mun-

355 4809 503 4876 dum,
533 4822 717 4864 rursus
745 4824 926 4879 qurero
954 4826 966 4861 :
999 4818 1177 4863 utrum
1208 4806 1356 4861 locus
1376 4807 1431 4861 in
1450 4822 1557 4877 quo
1576 4814 1660 4861 est
1685 4806 1933 4869 mundus,

357 4904 412 4960 in
444 4903 562 4959 loco
592 4903 681 4958 sit.
708 4903 811 4956 Aut
842 4903 1000 4971 igitur
1026 4901 1166 4967 loca,
1199 4901 1303 4955 hoc
1332 4907 1434 4965 est,
1467 4915 1696 4969 corpora
1726 4898 1937 4953 infinita

356 4993 642 5058 fateberis;
674 4993 855 5063 itaque
885 4993 1018 5061 Deo,
1048 4992 1139 5063 qui
1169 4990 1313 5047 solus
1343 4992 1581 5046 inlinitus
1606 4998 1706 5057 est,
1739 5007 1937 5062 corpus

355 5084 671 5156 aequaveris,
695 5091 787 5136 aut
815 5082 1070 5136 mundum
1099 5098 1208 5137 non
1255 5082 1310 5135 iu
1355 5081 1477 5138 loco
1506 5097 1625 5137 csse
1650 5082 1934 5138 concedas.

357 5176 523 5231 Istam
551 5190 693 5230 nunc
718 5187 846 5242 ergo
893 5173 1158 5228 rationem
1187 5181 1366 5229 mente
1395 5182 1686 5243 pertracta,
1716 5180 1772 5229 et
1800 5174 1937 5230 sicut

357 5275 567 5324 tantum
588 5268 851 5333 locorum,
873 5272 1192 5335 tantumque
1215 5267 1513 5336 spatiorum
1533 5282 1651 5321 esse
1677 5266 1939 5336 perspicis

358 5374 471 5415 non
498 5359 553 5414 in
582 5358 702 5415 loco
728 5377 740 5410 :
774 5358 846 5412 ita
876 5355 1004 5411 illud
1032 5356 1176 5426 quod
1196 5358 1397 5417 nullius
1420 5365 1501 5412 est
1526 5358 1701 5423 molis,
1737 5353 1937 5411 nullius

429 5502 457 5564 9
495 5493 605 5564 AL,
628 5508 747 5564 ergo
774 5491 998 5561 pondere
1013 5490 1291 5564 quidquam
1324 5507 1425 5545 non
1453 5506 1715 5552 oneratur.

428 5561 458 5602 δ
495 5563 606 5628 ΑΙ.,
645 5561 747 5615 non
782 5564 837 5615 in
863 5562 1070 5614 mundo.

435 5643 459 5672 ε
497 5630 589 5687 Sic
630 5632 805 5688 locum
851 5632 1202 5688 distinximus.
1250 5634 1356 5700 AL,
1409 5648 1563 5693 neme
1592 5639 1922 5697 (ιιιὺίίτιιιίη-ῑιη

2106 3186 2314 3255 spiritus
2357 3190 2434 3237 est
2477 3181 2629 3255 vidit,
2668 3178 2761 3233 sed
2807 3170 2971 3255 εὶς-ιο
3012 3171 3147 3248 quod
3176 3170 3241 3226 de
3270 3186 3392 3226 uere
3428 3181 3590 3238 corpus

2111 3247 2306 3309 uisibile
2335 3251 2687 3324 temporatiter
2709 3247 2945 3319 sumpsit.

2110 3371 2153 3427 Ι.
2177 3370 2275 3427 Hic
2295 3371 2407 3441 jam
2429 3385 2569 3425 nunc
2587 3368 2653 3423 ad
2673 3367 2984 3437 angelorum
3004 3373 3200 3422 statum
3220 3366 3602 3436 superbusora-

2039 3470 2129 3520 tor
2155 3463 2442 3528 inveheris,
2487 3468 2545 3518 ει
2571 3443 2994 3514 ϐώτίεὶεωίἰιῄ
3030 3457 3182 3526 quasi
3215 3455 3481 3526 quoddam
3505 3454 3592 3507 lin-

2040 3567 2159 3625 gua!
2186 3554 2495 3624 praeludium
2516 3552 2723 3621 deligis,
2753 3560 2808 3606 et
2832 3548 3116 3606 declamas.
3140 3548 3257 3619 Ipse
3280 3546 3596 3604 beatissimus

2038 3642 2273 3711 Gabriel,
2302 3645 2395 3714 qui
2432 3659 2492 3700 se
2518 3653 2642 3698 ante
2670 3643 2838 3698 Deum
2884 3650 3060 3697 astare
3086 3648 3336 3705 testatur,
3365 3654 3479 3696 cum
3498 3650 3593 3691 ote-

2038 3733 2211 3789 Iorum
2238 3734 2518 3789 Dominum
2546 3733 2726 3787 Marias
2754 3730 3134 3787 infundendum
3164 3729 3456 3784 visceribus
3473 3740 3594 3780 nun-

2040 3826 2217 3892 tiaret,
2244 3841 2472 3895 cumque
2491 3826 2589 3880 sub
2609 3824 2891 3880 dominica:
2911 3821 3080 3878 oculis
3098 3821 3374 3889 genitricis
3392 3821 3589 3877 astaret;

2039 3918 2155 3973 sine
2192 3918 2355 3973 dubio
2408 3918 2544 3973 c0310
2598 3915 2799 3981 deerat,
2848 3915 3018 3969 maria
3063 3929 3171 3969 non
3212 3910 3589 3983 supervolabat,

2038 4022 2204 4063 vacua
2227 4015 2387 4075 atque
2414 4002 2603 4059 diffusa
2633 4006 2769 4059 vasti
2797 4004 2937 4059 aeris
2965 4018 3071 4059 non
3101 4002 3388 4072 implebat;
3418 3998 3506 4055 sed
3530 3998 3592 4066 ip-

2037 4111 2153 4152 sum
2201 4103 2405 4149 tantum
2442 4095 2618 4150 locum
2646 4095 2699 4147 in
2725 4109 2833 4163 quo
2863 4093 3067 4159 aderat,
3100 4092 3415 4161 occupabat.
3438 4088 3590 4144 Dilata

2038 4188 2196 4257 hujus
2215 4187 2486 4258 paululum
2509 4185 2839 4240 discussione
2859 4184 3156 4249 sententia},
3188 4190 3396 4236 tantum
3424 4180 3591 4235 adver-

2035 4279 2265 4335 santium
2292 4276 2696 4349 repugnantiam
2725 4274 3157 4345 prolocutionum
3180 4279 3397 4342 stupere
3421 4284 3502 4324 me
3522 4267 3592 4321 ia-

2036 4377 2172 4424 teor.
2223 4367 2373 4423 Nunc
2412 4381 2593 4423 aerem
2638 4366 2908 4432 subtilem,
2965 4380 3106 4420 nunc
3128 4363 3375 4420 eumdem
3404 4368 3590 4418 vastum

256 4488 273 4505 ο
356 4445 613 4500 mundum
669 4443 723 4497 in
775 4443 897 4497 Ῑοοο
955 4457 1074 4496 ⁸⁸⁸⁸
1119 4442 1484 4512 responderis:
1517 4442 1687 4496 nihilo
1712 4440 1933 4510 εθῧηίιιε
1966 4441 2013 4499 D
2034 4458 2167 4512 dicis
2190 4475 2202 4510 τ
2227 4472 2368 4511 nunc
2388 4470 2639 4525 magnum
2660 4454 2841 4510 mundi
2864 4456 3062 4519 locum,
3086 4470 3243 4525 quem
3264 4453 3592 4525 proportione

2036 4549 2176 4604 aeris
2205 4549 2528 4603 elementum
2569 4548 2757 4617 replet,
2789 4547 2999 4617 poetica
3029 4546 3256 4616 quadam
3284 4544 3490 4601 licentia
3509 4556 3590 4595 va-

2035 4654 2191 4693 cuum
2222 4638 2491 4708 perhibes,
2524 4652 2625 4692 nec
2667 4636 2917 4704 intelligis
2964 4651 3189 4691 vacuum
3238 4650 3452 4704 prorsus
3485 4644 3591 4686 esse

2035 4744 2143 4784 non
2170 4743 2348 4799 posse,
2376 4728 2501 4803 quia
2546 4727 2634 4781 ubi
2683 4734 2765 4782 est
2809 4726 3028 4794 aliquid,
3071 4725 3311 4779 nonnihil
3359 4733 3455 4779 est.
3496 4721 3591 4775 Aer

2036 4832 2165 4871 vero
2211 4816 2342 4870 nihil
2389 4832 2495 4869 non
2547 4812 2657 4881 est;
2690 4815 2850 4884 igitur
2876 4816 2967 4869 ubi
2997 4829 3090 4870 aer
3117 4820 3217 4878 est,
3247 4829 3467 4869 vacuum
3496 4825 3588 4864 non

2034 4914 2136 4962 est.
2166 4906 2270 4962 Sed
2299 4922 2398 4961 nec
2426 4906 2553 4960 illud
2578 4921 2805 4961 vacuum
2826 4914 2970 4961 recte
2992 4920 3150 4975 posse
3169 4905 3293 4968 dici,
3316 4903 3455 4974 quod
3475 4898 3589 4956 nihil

2033 5007 2140 5063 est;
2171 4998 2297 5066 quia
2324 4984 2626 5066 quod'nihil
2656 5003 2757 5062 est,
2789 4997 3027 5065 recipere
3053 4995 3249 5064 aliquid
3280 5011 3388 5051 non
3407 4998 3583 5065 potest.

2036 5087 2266 5143 Proinde
2317 5102 2547 5143 vacuum
2602 5101 2708 5140 non
2755 5094 2856 5152 est,
2905 5087 3049 5155 quod
3075 5087 3267 5141 nullius
3303 5100 3468 5156 capax
3493 5088 3581 5137 est.

2034 5179 2169 5235 Illud
2195 5194 2326 5235 vero
2346 5193 2453 5248 quo
2483 5186 2711 5248 spectat,
2743 5178 2886 5247 quod
2913 5176 3135 5233 Matrem
3182 5175 3392 5233 Domini
3419 5171 3583 5245 appel-

2035 5273 2146 5328 lare
2174 5273 2343 5327 mavis
2368 5280 2646 5342 poetarum
2670 5286 2823 5326 more
2848 5272 3182 5340 genitricem,
3205 5279 3259 5327 et
3279 5271 3471 5340 absque
3484 5279 3587 5322 ver—

2032 5365 2177 5419 sibus
2197 5366 2406 5435 poetice
2421 5363 2711 5420 oratoriam
2733 5364 2895 5419 texis?
2910 5362 3020 5433 Ego
3038 5372 3334 5420 tamennon
3355 5361 3582 5434 qualiter.

2035 5500 2183 5571 illud,
2212 5499 2364 5571 quod,
2392 5507 2509 5571 etc.
2640 5537 2645 5541 .

2106 5570 2128 5606 ἀ
2172 5565 2247 5623 Ita
2270 5568 2654 5638 rescripsimus,
2680 5568 2769 5623 ubi
2793 5566 2890 5635 al.,
2922 5565 3179 5635 Dicisque.
