3920 6176
342 250 457 307 765

1515 242 1601 299 DE
1637 242 1862 333 STATU
1901 242 2138 311 ΑΝΙΜΕ
2180 243 2309 301 LIB.
2350 246 2434 303 III.

3519 260 3621 316 766

344 363 595 435 sedquid
612 362 850 433 loquaris
862 360 1104 433 inquiro;
1128 365 1292 432 atque
1306 366 1367 415 ut
1393 359 1720 429 respondeas
1733 373 1935 429 quaso.
1968 364 2014 419 Α
2043 378 2151 432 que
2194 379 2479 421 causarum
2525 380 2815 441 rerumque
2863 370 3051 427 notitia
3083 372 3295 445 indaga,
3335 377 3623 449 distingue,

424 455 487 511 ll.
528 453 665 509 Cum
717 452 1064 509 beatissimus
1117 449 1335 507 Gabriel
1386 458 1513 505 ante
1560 451 1746 505 oculos
1770 449 1943 504 domi-

345 548 489 604 nica:
535 542 721 600 Matris
780 545 1078 611 assisteret,
1132 542 1335 598 illudne
1381 542 1433 596 in
1484 538 1735 597 Gabriele
1776 540 1943 594 Maria

345 640 505 709 vidit,
554 654 664 709 quo
690 637 907 694 Gabriel
943 637 1227 692 Dominum
1252 635 1433 691 videt?
1453 635 1578 705 quia
1606 634 1652 688 si
1682 633 1861 688 Maria:
1881 633 1943 687 il-

346 732 446 789 lud
497 731 706 787 visibile
757 729 877 795 fuit,
923 736 1009 785 est
1053 741 1181 796 ergo
1236 727 1448 783 illocale
1491 727 1650 782 locali
1700 733 1945 782 contem-

346 826 573 898 plabile.
614 823 771 890 Quod
833 822 881 878 si
938 828 1041 887 est,
1110 818 1320 875 illocale
1377 834 1484 874 non
1539 824 1658 873 est:
1710 818 1835 886 quia
1897 816 1944 871 si

348 919 582 991 quisque
612 916 799 972 localis
827 921 930 980 est,
952 913 1196 969 localiter
1215 911 1381 977 videt,
1404 918 1455 965 et
1487 911 1753 981 aspiciens
1773 909 1945 979 respi-

350 1025 479 1067 cere
508 1024 617 1064 non
648 1013 828 1078 potest
846 1005 948 1060 nisi
976 1012 1202 1075 partem.
1232 1002 1391 1057 Videt
1411 1003 1572 1070 igitur
1599 1002 1795 1068 locum,
1818 1000 1944 1069 quia

349 1101 601 1157 localiter
631 1099 793 1166 videt,
823 1098 950 1168 quia
975 1112 1103 1167 pars
1130 1096 1282 1151 locus
1309 1102 1410 1160 est,
1440 1102 1497 1149 et
1523 1094 1673 1150 locus
1702 1093 1944 1148 locorum

349 1193 542 1262 utique
579 1206 703 1262 pars
731 1197 831 1253 est,
860 1196 915 1243 et
944 1188 1062 1243 loca
1091 1202 1319 1257 corpora
1349 1193 1491 1241 sunt.
1524 1183 1588 1239 Et
1619 1185 1710 1253 qui
1738 1193 1943 1253 partem

351 1283 524 1348 videt,
566 1290 779 1353 partem
827 1281 910 1335 sui
937 1279 1103 1344 videt,
1134 1293 1236 1332 nec
1283 1276 1454 1331 videri
1482 1283 1655 1345 parte,
1697 1275 1799 1329 nisi
1822 1290 1947 1344 pars

349 1381 555 1445 potest.
590 1371 723 1427 Pars
769 1384 902 1426 vero
942 1368 1039 1424 Dei
1070 1368 1214 1423 nulla
1245 1375 1347 1430 est,
1380 1366 1506 1437 quia
1528 1366 1808 1435 impartilis
1838 1381 1944 1419 non

350 1465 521 1520 habet
566 1470 795 1533 partem.
851 1461 958 1515 Aut
1005 1462 1165 1530 igitur
1210 1458 1428 1515 Gabriel
1457 1457 1623 1514 Deum
1644 1475 1752 1512 non
1778 1457 1942 1521 videt,

352 1565 453 1612 aut
499 1556 731 1611 solidum
777 1554 960 1609 videt:
997 1569 1095 1608 nec
1124 1553 1391 1621 integrum
1415 1551 1513 1606 nisi
1542 1550 1609 1605 de
1633 1551 1839 1618 integro
1864 1552 1944 1604 vi-

352 1646 471 1702 deri
501 1653 701 1715 potest.
732 1643 944 1715 Corpus
972 1660 1101 1700 vero
1146 1660 1245 1699 uec
1292 1645 1559 1712 integrum
1604 1643 1793 1708 videri,
1848 1659 1947 1698 nec

2045 458 2350 526 pronuntia,
2382 473 2491 528 quo
2518 459 2731 516 differat
2774 465 3001 521 materia
3048 465 3291 525 informis
3337 486 3367 525 a
3412 473 3625 538 nihilo;

2044 548 2173 620 quid
2199 550 2269 606 sit
2294 551 2588 607 inanimum
2625 553 2877 625 idemque
2920 556 3241 627 formatum;
3272 563 3400 632 quid
3428 574 3486 619 et
3518 564 3631 622 for-

2044 648 2250 697 matum
2278 642 2483 712 pariter
2515 650 2569 700 et
2597 645 2918 716 animatum;
2951 650 3082 719 quid
3126 652 3197 707 sit
3223 652 3377 710 locus
3410 664 3465 710 et
3494 665 3626 712 tem-

2045 747 2174 802 pus;
2219 732 2451 804 qualiter
2489 735 2676 794 localis
2720 747 2899 801 motus
2924 741 3184 798 subdatur
3221 744 3385 800 etiam
3416 754 3627 817 tempo-

2044 827 2163 893 rali,
2195 843 2316 883 cum
2347 831 2655 900 temporalis
2682 838 2888 887 tantum
2914 850 3023 889 non
3051 834 3324 905 subiaceat
3350 839 3512 893 etiam
3543 838 3627 895 lo-

2045 918 2177 984 cali;
2216 918 2345 987 quid
2385 920 2454 974 sit
2500 920 2706 977 stabilis
2734 929 2931 990 motus,
2983 925 3178 995 quidve
3223 927 3293 982 sit
3316 929 3625 997 mternitas;

2045 1010 2175 1081 quid
2202 1011 2272 1065 sit
2298 1027 2563 1081 nusquam
2594 1028 2731 1077 esse,
2760 1022 2816 1068 et
2843 1031 3114 1081 nunquam
3154 1032 3262 1072 non
3291 1033 3409 1074 esse
3434 1037 3446 1072 :
3478 1027 3534 1074 et
3559 1020 3629 1075 de

2046 1102 2295 1156 omnibus
2346 1102 2429 1156 his
2482 1103 2707 1158 rationis
2747 1104 2982 1159 abditUm
3029 1107 3276 1176 qumrito,
3332 1109 3634 1179 quibusque

2046 1195 2343 1249 substantia
2390 1196 2566 1255 omnis
2594 1197 2902 1253 includitur.
2925 1198 3138 1270 Aliquid
3166 1201 3340 1271 delige
3377 1202 3504 1270 quid
3532 1218 3632 1257 an-

2045 1285 2196 1354 gelos
2240 1300 2360 1341 esse
2405 1287 2683 1343 decernas.
2738 1288 2971 1345 Nihilum
3018 1300 3166 1347 certe
3196 1308 3303 1348 non
3332 1302 3476 1361 sunt,
3507 1295 3634 1365 quia

2047 1394 2154 1432 non
2181 1379 2313 1433 nihil
2341 1387 2426 1433 est
2452 1380 2709 1449 quidquid
2738 1390 2821 1437 est
2845 1383 3068 1453 aliquid.
3119 1384 3368 1442 [nfonnis
3407 1389 3633 1445 materia

2046 1482 2153 1523 non
2184 1478 2325 1536 sunt,
2356 1472 2480 1542 quia
2502 1472 2643 1527 inter
2666 1473 2867 1542 aliquid
2892 1484 2947 1529 et
2976 1476 3107 1530 nihil
3135 1485 3216 1532 est
3243 1478 3487 1535 informis
3514 1496 3633 1535 ma-

2045 1562 2201 1615 teria.
2235 1560 2375 1616 Ecce
2403 1577 2434 1616 a
2460 1563 2629 1619 nihilo
2658 1564 2748 1619 vix
2775 1565 3135 1623 discessimus.

2117 1651 2181 1705 ll.
2222 1651 2449 1724 Jamque
2486 1654 2555 1709 de
2594 1655 2833 1713 inanimo
2863 1659 3093 1713 formato
3123 1660 3264 1715 unde
3296 1662 3387 1716 tibi
3414 1663 3636 1729 angelos

351 1738 541 1792 videre
586 1739 851 1805 integrum
898 1742 1096 1806 potest.
1128 1737 1247 1790 Non
1276 1737 1435 1804 igitur
1461 1751 1658 1806 corpus
1678 1744 1777 1801 est.
1801 1736 1942 1791 unde
1976 1732 2019 1791 Β
2047 1746 2223 1817 placet
2249 1762 2387 1814 esse,
2412 1755 2718 1805 tractemus.
2752 1750 3129 1807 Animadverte
3157 1770 3299 1809 nunc.
3325 1755 3469 1823 quod
3498 1756 3635 1812 sicut

351 1832 572 1887 Gabriel
600 1830 770 1886 Deum
799 1831 971 1897 videt;
1022 1831 1147 1900 quia
1193 1846 1301 1901 quo
1322 1830 1566 1885 localiter
1592 1829 1816 1884 Mariam
1839 1828 1947 1883 Ga-

349 1924 492 1978 briel
521 1923 676 1988 vidit,
710 1931 764 1978 et
793 1939 916 1977 eum
947 1921 1111 1976 Maria
1142 1923 1389 1977 localiter
1408 1922 1562 1988 vidit,
1612 1923 1797 1978 videre
1827 1923 1947 1978 illo-

350 2015 544 2071 caliter
572 2016 783 2084 nequit.
806 2014 914 2071 Sed
943 2021 999 2069 ut
1028 2023 1204 2069 tecum
1233 2014 1399 2070 verbo
1427 2015 1764 2083 congrediar,
1797 2015 1841 2069 si
1870 2023 1947 2070 to-

350 2117 440 2162 tus
468 2107 686 2163 Gabriel
708 2124 817 2163 non
838 2108 940 2162 nisi
961 2122 1156 2178 corpus
1177 2113 1261 2162 est
1289 2123 1386 2177 pro
1406 2107 1660 2162 distantia
1681 2109 1942 2178 partium;

347 2212 458 2255 nec
506 2206 655 2255 totus
706 2207 790 2254 est
841 2194 958 2270 pes,
1010 2214 1112 2254 nec
1165 2207 1312 2255 totus
1339 2207 1423 2255 est
1449 2215 1529 2265 os,
1562 2215 1662 2256 nec
1688 2208 1835 2258 totus
1862 2209 1947 2257 est

266 2278 271 2289 ’
350 2290 568 2344 oculus.
601 2289 866 2357 Quocirca
895 2290 1110 2361 quando
1137 2288 1318 2345 Maria:
1357 2291 1504 2346 visus
1535 2299 1636 2357 est,
1679 2307 1780 2348 nec
1808 2293 1945 2363 pede

345 2380 588 2448 loeutus,
622 2399 722 2439 nec
751 2397 846 2439 ore
874 2383 1024 2449 vidit,
1078 2396 1181 2438 nec
1226 2383 1385 2438 oculo
1438 2383 1621 2451 stetit;
1676 2383 1771 2439 sed
1818 2399 1943 2454 pars

346 2488 695 2544 unaquaeque
750 2474 1115 2529 membrorum
1162 2474 1407 2543 qualitati
1463 2488 1573 2529 sua:
1615 2475 1944 2531 conveniens

347 2563 520 2634 gessit
540 2564 793 2620 ofﬁcium.
828 2565 969 2634 Ergo
995 2566 1133 2621 sicut
1161 2566 1404 2622 localiter
1428 2567 1598 2631 stetit,
1622 2573 1677 2623 et
1698 2568 1944 2623 localiter

348 2656 560 2720 sonuit,
589 2656 663 2710 ita
683 2664 739 2711 et
768 2658 1013 2713 localiter
1040 2658 1194 2713 vidit.

419 2748 514 2803 Ill.
556 2748 655 2806 Hic
697 2766 841 2805 nunc
876 2766 974 2821 pro
994 2748 1099 2806 fine
1118 2752 1430 2821 qumstionis
1458 2752 1701 2823 inquiro;
1735 2760 1942 2808 utrum-

346 2855 481 2895 nam
511 2839 727 2896 Gabriel
757 2842 997 2910 angelus,
1047 2850 1105 2896 ut
1134 2850 1189 2896 tu
1220 2849 1486 2908 autumas,
1516 2843 1688 2897 solum
1746 2858 1942 2914 corpus

346 2931 404 2987 in
442 2928 897 3004 contemplatione
925 2934 1103 2990 Mariae
1122 2935 1477 3006 corporaliter
1498 2945 1809 3006 occupatus,
1833 2952 1942 2992 uno

345 3023 656 3094 eodemque
674 3026 812 3091 visu,
843 3041 951 3082 uno
979 3033 1142 3095 atque
1170 3025 1361 3082 eodem
1391 3033 1637 3098 tempore
1674 3027 1938 3083 illocalem

343 3113 526 3171 Deum
554 3116 838 3172 illocaliter
864 3115 1077 3180 viderit,
1108 3131 1216 3186 quo
1258 3116 1484 3173 localem
1540 3117 1762 3172 Mariam
1790 3118 1939 3172 loea-

291 3238 299 3245 -
342 3205 481 3261 liter
496 3205 649 3262 vidit.
682 3206 838 3274 Quod
865 3207 993 3277 quia
1021 3205 1137 3263 ﬂeri
1164 3222 1263 3277 pro
1290 3208 1540 3277 corporei
1568 3215 1732 3278 atque
1760 3208 1942 3264 incor-

341 3299 507 3370 porei
554 3299 867 3356 diversitate
910 3316 1021 3357 non
1056 3300 1266 3365 sinitur,
1296 3305 1466 3354 restat
1494 3306 1554 3353 ut
1582 3300 1803 3355 Mariam
1831 3299 1940 3355 Ga-

342 3390 489 3448 briel
523 3407 794 3461 nunquam
821 3390 1037 3455 viderit,
1069 3399 1160 3446 aut
1189 3391 1359 3446 Deum
1409 3390 1594 3446 videre
1620 3392 1933 3448 cessaverit.

346 3482 458 3540 Sed
480 3483 609 3539 huic
635 3483 769 3539 falso
788 3484 1053 3539 sententia
1085 3483 1325 3539 veritatis
1352 3482 1579 3548 obsistit,
1610 3499 1715 3553 qua
1736 3483 1937 3539 dictum

348 3581 433 3629 est
461 3592 475 3626 :
513 3570 649 3637 Quia
678 3573 851 3646 angeli
879 3591 1054 3629 eorum
1081 3590 1283 3644 semper
1310 3573 1480 3628 rident
1522 3575 1709 3645 faciem
1758 3573 1938 3629 Patris

348 3666 449 3719 mei
480 3666 566 3736 qui
593 3664 647 3717 in
675 3666 813 3719 catis
850 3674 927 3719 est
957 3663 1170 3736 (Matth.
1201 3680 1345 3730 xvut,
1376 3663 1487 3735 10).
1519 3662 1577 3719 Si
1605 3678 1819 3734 semper
1858 3664 1939 3719 vi-

349 3750 502 3821 dent,
549 3770 821 3825 nunquam
873 3770 984 3810 non
1011 3754 1213 3809 vident.
1247 3752 1341 3809 Sin
1373 3762 1553 3810 autem
1582 3754 1798 3824 quando
1826 3753 1936 3810 Ga-

347 3844 493 3903 briel
541 3848 762 3903 Mariam
790 3849 945 3914 vidit,
992 3847 1163 3904 Deum
1188 3849 1374 3906 videre
1402 3842 1638 3918 destitit;
1667 3866 1775 3906 non
1807 3866 1937 3920 ergo

348 3950 567 4009 semper
614 3941 789 4008 angeli
837 3941 1005 3995 Deum
1047 3940 1251 3996 vident.
1284 3940 1449 4009 Igitur
1476 3949 1569 3996 aut
1596 3942 1813 4013 quando
1830 3940 1937 3996 Ga-

347 4032 487 4089 briel
533 4032 753 4087 Mariam
782 4034 934 4100 vidit,
963 4032 1132 4088 Deum
1160 4033 1345 4088 videre
1374 4033 1606 4099 destitit;
1638 4042 1729 4087 aut
1749 4048 1935 4089 verum

349 4140 459 4181 non
504 4126 606 4181 erit
650 4126 794 4194 quod
835 4125 1045 4180 Veritas
1074 4124 1226 4180 dixit.
1270 4124 1611 4194 Quapropter
1649 4126 1936 4181 indissolu-

348 4217 464 4283 bili,
517 4225 576 4272 ut
622 4225 789 4287 patet,
820 4218 1029 4271 ratione
1053 4216 1406 4272 concluditur.
1440 4215 1595 4283 Quod
1624 4217 1749 4286 quia
1778 4216 1936 4271 locali

348 4308 467 4363 visu
521 4307 820 4377 eodemque
875 4307 930 4362 in
986 4306 1167 4361 Maria:
1194 4308 1704 4378 contemplationem
1733 4306 1931 4375 deﬁxo,

349 4398 575 4468 angelus
595 4398 764 4453 Deum
787 4398 968 4454 videre
999 4415 1104 4454 non
1133 4399 1325 4469 potuit,
1358 4407 1413 4453 et
1434 4407 1615 4454 tamen
1640 4408 1768 4455 tunc
1793 4415 1932 4469 quo-

347 4504 455 4560 que
474 4487 903 4545 Gabrieli.Deum
930 4489 1103 4545 visum
1125 4504 1322 4559 negare
1342 4506 1450 4547 non
1472 4491 1617 4558 licet,
1644 4499 1670 4529 α
1696 4507 1765 4547 ue
1780 4492 1935 4562 juxta

348 4582 550 4638 diaboli
599 4597 803 4649 casum,
863 4582 915 4637 in
970 4583 1186 4638 miseria
1215 4583 1422 4639 scilicet
1455 4599 1689 4653 unquam
1719 4584 1935 4640 videndi

348 4688 457 4730 non
487 4673 654 4728 Deum
679 4673 1025 4729 immutabilis
1039 4674 1151 4743 jam
1169 4674 1517 4729 beatitudinis
1539 4674 1717 4741 angeli
1744 4681 1936 4730 natura

350 4764 640 4832 deciderit;
671 4765 741 4820 sit
760 4764 813 4819 in
842 4780 910 4820 eo
937 4779 1201 4835 corporea
1231 4766 1663 4836 incorporeaque
1688 4767 1936 4822 substan-

354 4858 462 4911 tia:
497 4871 600 4911 una
628 4870 734 4925 qua
762 4856 849 4911 vel
893 4856 1140 4912 videatur
1185 4858 1400 4928 corpori
1453 4857 1540 4912 vel
1587 4859 1938 4929 corporaliter

351 4949 558 5016 videat;
590 4949 757 5003 altera
785 4963 891 5019 qua
936 4949 1349 5020 incorporaliter
1389 4950 1765 5019 incorporeum
1817 4951 1935 5006 sine

353 5037 457 5098 line
485 5040 805 5111 conSpiciat.

968 5126 1195 5186 CAPUT
1230 5130 1319 5189 Vl.

353 5218 611 5286 Quantum
632 5222 784 5277 distet
804 5224 1024 5276 materia
1054 5223 1293 5298 informis
1323 5240 1353 5298 a
1384 5225 1566 5290 nihilo,
1597 5227 1674 5281 vel
1688 5226 1802 5298 jam
1824 5227 1930 5298 far-

882 5301 1024 5349 mata
1052 5295 1119 5346 ab
1142 5295 1373 5364 informi.

418 5402 458 5458 l.
492 5402 603 5469 Age
628 5420 770 5459 nunc
799 5418 897 5474 pro
926 5404 1172 5459 acumine
1212 5406 1523 5461 excellentis
1555 5408 1770 5475 it'genii,
1802 5424 1929 5479 pro—

421 5615 443 5642 "
482 5605 571 5661 Sic
593 5607 755 5662 editio
779 5607 1112 5665 Parisiensis.
1140 5610 1207 5663 At
1246 5606 1608 5676 Lugdunensis
1636 5625 1646 5661 :
1674 5623 1738 5660 ne
1766 5605 1921 5676 juxta

353 5674 535 5734 diaboli
556 5693 786 5747 causam,
816 5679 870 5733 in
898 5681 1102 5736 miseria
1132 5674 1571 5752 scilicct'unquam
1594 5694 1694 5732 uou
1717 5674 1922 5731 videndi

1963 4449 2014 4510 D

2051 1835 2294 1892 informis
2320 1839 2544 1893 materia
2572 1854 2693 1908 qua:
2713 1839 3009 1896 formabilis
3038 1851 3139 1905 est,
3170 1851 3390 1913 praestat
3418 1846 3586 1901 nihilo
3619 1864 3636 1901 :

2050 1927 2123 1982 ita
2144 1928 2289 1996 quod
2305 1927 2419 1997 jam
2446 1928 2735 1985 formatum
2764 1939 2847 1986 est
2873 1933 3066 1987 melius
3095 1934 3187 1988 illo
3226 1943 3329 2000 est,
3360 1937 3505 2007 quod
3534 1939 3637 1992 etsi

2047 2018 2268 2074 formari
2295 2028 2495 2090 potest,
2528 2021 2815 2077 formatum
2847 2039 2954 2077 non
2983 2031 3085 2078 est.
3118 2025 3360 2094 Itemque
3380 2027 3536 2081 sicuti
3558 2066 3559 2069 η
3584 2028 3637 2082 id

2048 2110 2193 2179 quod
2220 2109 2509 2165 formatum
2538 2120 2639 2178 est,
2671 2114 2840 2168 anteit
2868 2113 2999 2169 illud
3022 2114 3166 2185 quod
3214 2115 3500 2171 formatum
3530 2134 3637 2175 nou

2047 2206 2131 2256 est
2164 2219 2177 2254 :
2210 2202 2284 2256 ita
2312 2200 2606 2256 inanimum
2647 2203 3006 2274 quodcunque
3050 2204 3339 2261 formatum
3369 2208 3511 2263 cedit
3564 2210 3637 2266 illi

2046 2293 2191 2365 quod
2220 2300 2276 2349 et
2293 2292 2581 2348 formatum
2611 2301 2695 2349 est
2722 2295 2925 2364 pariter
2953 2304 3004 2349 et
3025 2296 3349 2363 animatum;
3380 2298 3504 2369 quia
3534 2300 3637 2355 sic-

2044 2384 2124 2440 uti
2160 2376 2443 2439 formatum
2469 2385 2740 2456 proximat
2766 2386 2972 2452 fartum,
3003 2387 3083 2442 sic
3099 2388 3419 2444 ‘animatum
3454 2392 3636 2461 proxi-

2045 2483 2161 2530 mat
2189 2476 2333 2530 vitm.
2366 2474 2443 2531 Ac
2470 2476 2610 2531 sicut
2638 2476 2739 2530 tria
2767 2485 2910 2542 sunt,
2962 2479 3205 2550 infamis
3247 2482 3488 2547 materia,
3520 2484 3636 2552 for-

2044 2576 2240 2622 matum
2266 2568 2525 2633 exanime,
2574 2583 2746 2621 rerum
2775 2570 2977 2638 forma:
3008 2569 3087 2624 sic
3134 2569 3317 2624 itidem
3358 2571 3462 2625 tria
3488 2580 3635 2639 sunt,

2042 2659 2391 2727 vivificatum,
2418 2660 2715 2725 viviﬁcans,
2734 2660 2868 2715 vita.
2895 2660 3050 2716 Aliud
3079 2669 3162 2715 est
3190 2663 3298 2717 vita
3326 2679 3634 2733 corporum,

2044 2751 2189 2807 aliud
2224 2751 2334 2805 vita
2378 2751 2631 2806 vitarum.
2665 2748 2879 2822 Corpus
2920 2759 3001 2807 est
3028 2752 3246 2815 vivens,
3289 2754 3466 2807 anima
3494 2754 3634 2821 viva,

2043 2842 2187 2897 Deus
2214 2849 2297 2897 est
2336 2841 2480 2906 vita;
2519 2842 2593 2895 ita
2623 2841 2828 2896 scilicet
2857 2850 2917 2896 ut
2945 2843 3123 2897 anima
3170 2858 3290 2911 qua:
3326 2844 3379 2897 in
3419 2858 3479 2899 se
3513 2846 3635 2901 viva

2043 2942 2145 2999 est,
2177 2933 2388 3003 corpori
2420 2934 2528 2986 vita
2557 2932 2627 2986 sit
2658 2950 2670 2984 :
2703 2940 2764 2986 ut
2790 2932 2868 2987 sic
2907 2948 3103 3003 corpus
3129 2933 3246 2988 sine
3272 2932 3300 2971 ι’
3324 2934 3500 2988 anima
3525 2951 3637 2990 non

2042 3023 2204 3087 vivat,
2238 3023 2394 3078 sicuti
2424 3023 2537 3093 ipsa
2568 3023 2685 3078 sine
2706 3022 2837 3078 Deo.
2860 3022 3100 3092 lntellige
3122 3040 3265 3079 nunc
3290 3025 3494 3093 angelis
3513 3041 3628 3080 san-

1967 3085 2013 3145 ε
2042 3116 2144 3170 etis
2168 3129 2397 3184 corpora
2428 3113 2686 3181 tribuere,
2714 3114 2880 3170 vitam
2908 3128 3125 3184 negare.
3157 3114 3237 3170 Ac
3259 3129 3357 3185 per
3385 3114 3488 3171 hoc
3514 3131 3637 3171 cum

2041 3205 2321 3277 quodlibet
2339 3206 2635 3260 animatum
2654 3205 2881 3276 duplicis
2904 3213 3118 3262 constet
3137 3221 3257 3262 esse
3298 3207 3636 3273 substantiae,

2040 3303 2099 3351 et
2124 3296 2299 3351 solum
2346 3311 2467 3351 esse
2492 3311 2690 3365 corpus
2734 3296 2940 3364 angelis
2992 3298 3224 3361 sentias;
3263 3298 3456 3352 melior
3506 3312 3635 3367 ergo

2038 3388 2364 3444 vermiculus
2392 3388 2606 3457 angelo,
2637 3389 2761 3459 quia
2792 3388 2894 3443 etsi
2941 3388 3104 3444 habet
3129 3391 3351 3459 angelus
3390 3392 3636 3461 corporis

2037 3479 2284 3547 formam,
2316 3494 2425 3534 non
2453 3478 2617 3533 habet
2642 3478 2729 3533 vel
2755 3478 2895 3533 sicut
2920 3478 3247 3533 vermiculus
3289 3481 3474 3535 vitam;
3507 3481 3625 3535 Nul.

2039 3569 2149 3625 lum
2175 3583 2341 3640 porro
2367 3582 2564 3640 corpus
2587 3568 2759 3637 ipsum
2802 3567 2907 3622 sibi
2944 3567 3053 3621 vita
3084 3573 3187 3622 est.
3212 3567 3371 3623 Aliud
3401 3584 3635 3640 namque

2037 3670 2123 3717 est
2151 3675 2366 3730 corpus,
2395 3658 2541 3714 aliud
2582 3659 2691 3714 vita
2719 3658 2981 3730 corporis.
3015 3659 3123 3714 Aut
3152 3660 3315 3728 igitur
3355 3661 3408 3715 in
3437 3663 3633 3730 angelo

2040 3760 2125 3808 est
2149 3750 2427 3808 viviﬁcans
2455 3750 2694 3822 spiritus,
2726 3759 2820 3805 aut
2864 3752 3084 3821 angelus
3112 3752 3258 3807 omni
3298 3759 3381 3807 est
3416 3753 3633 3808 vivente

2037 3845 2313 3901 deterior:
2346 3852 2440 3899 aut
2490 3859 2613 3899 cum
2642 3844 2789 3898 omni
2827 3852 3012 3898 creato
3056 3844 3273 3899 vivente
3319 3844 3389 3898 sit
3416 3847 3629 3914 potior;

2037 3953 2145 3992 non
2173 3950 2505 4007 quaecunque
2531 3935 2661 4000 vita,
2691 3933 2785 3989 sed
2806 3934 3113 3989 beatissima
3143 3934 3217 3988 illi
3242 3934 3351 3987 vita
3373 3942 3477 3989 est.

2651 4048 2882 4103 CAPUT
2913 4048 3020 4104 VII.

2107 4144 2330 4216 Angelos
2352 4144 2509 4197 bonos
2533 4144 2638 4196 sive
2655 4141 2823 4195 malos
2845 4142 3280 4211 tantumspiritus
3306 4156 3435 4206 esse,
3459 4157 3562 4195 non

2701 4228 2940 4281 corpora.

2106 4305 2147 4359 ι.
2179 4303 2273 4358 Est
2304 4303 2465 4371 igitur
2503 4303 2556 4356 in
2584 4299 2836 4356 Gabricle
2881 4308 2937 4355 et
2966 4301 3344 4370 incorporeum
3393 4316 3503 4370 quo
3542 4301 3627 4355 in-

2037 4397 2486 4455 commutabiliter
2507 4396 2675 4450 Deum
2704 4395 2905 4463 videat,
2933 4403 2991 4451 et
3017 4409 3214 4465 corpus
3241 4394 3387 4463 quod
3416 4395 3497 4449 vel
3524 4394 3630 4450 Ma-

2041 4492 2121 4547 ria
2142 4491 2355 4557 viderit,
2388 4490 2475 4547 vel
2519 4504 2617 4561 per
2642 4489 2787 4560 quod
2816 4487 2983 4543 Maria
3029 4487 3325 4554 videretur,
3374 4487 3629 4558 quodque
3668 4542 3686 4561 ,

2040 4584 2313 4641 subditum
2367 4582 2581 4654 spiritui
2620 4568 2868 4639 localiter
2895 4587 3125 4650 gereret,
3159 4579 3304 4649 quod
3333 4581 3628 4649 gerendum

2038 4676 2095 4732 in
2121 4677 2237 4748 ipsa
2264 4676 2496 4732 veritate
2518 4675 2802 4731 illocaliter
2826 4673 3046 4744 spiritus
3074 4672 3433 4741 cognovisset.
3459 4673 3627 4745 Satis,

2038 4776 2100 4823 ut
2127 4767 2383 4833 arbitror,
2412 4774 2562 4838 patet
2596 4767 2787 4821 beatos
2824 4764 3046 4832 angelos
3074 4763 3353 4833 utriusque
3376 4765 3629 4822 substan-

2038 4860 2126 4916 tia:
2171 4866 2226 4915 et
2253 4860 2604 4929 incorporeos
2632 4872 2753 4913 esse
2781 4858 2836 4911 in
2867 4871 2929 4911 ea
2961 4862 3116 4926 parte
3131 4855 3231 4911 sub
3259 4871 3366 4927 qua
3397 4856 3524 4928 ipsis
3544 4860 3627 4915 vi-

2038 4950 2207 5005 sibilis
2228 4949 2371 5005 Deus
2399 4954 2500 5014 est,
2533 4955 2589 5002 et
2616 4948 2670 5001 in
2701 4962 2766 5002 ea
2796 4945 2979 5001 itidem
3024 4955 3181 5017 parte
3205 4963 3499 5019 corporeos
3519 4964 3625 5020 qua

2038 5038 2342 5095 hominibus
2361 5044 2487 5094 sunt
2504 5037 2770 5103 visibiles;
2793 5037 3051 5106 quoniam
3066 5053 3167 5094 nec
3187 5038 3327 5095 Deus
3346 5040 3414 5095 ab
3434 5040 3626 5109 angelo

2038 5144 2136 5199 per
2160 5144 2376 5199 corpus,
2425 5143 2527 5183 nec
2553 5127 2775 5195 angelus
2802 5128 2870 5183 ab
2891 5128 3113 5185 homine
3137 5131 3252 5185 sine
3289 5144 3516 5199 corpore
3543 5130 3623 5184 vi-

2035 5222 2149 5277 deri
2178 5228 2375 5290 potest.
2409 5218 2538 5286 Quae
2564 5234 2687 5274 cum
2719 5220 2791 5273 ita
2819 5221 2944 5286 sint,
2980 5223 3162 5291 negari
3189 5221 3395 5288 nequit,
3441 5219 3624 5276 diabo-

2036 5315 2146 5369 lum
2173 5328 2390 5383 quoque
2414 5328 2481 5367 ex
2520 5312 2844 5383 incorporeo
2866 5328 3235 5385 corporeoque
3281 5310 3498 5377 factum,
3532 5318 3621 5366 ut-

2034 5414 2165 5478 pote
2208 5405 2411 5460 sanctis
2437 5404 2642 5474 angelis
2683 5414 3049 5473 concreatum,
3091 5401 3317 5474 duplicis
3344 5416 3464 5458 esse
3488 5399 3618 5458 sub-

2029 5602 2213 5667 Deum,
2238 5612 2342 5660 etc.

2102 5673 2129 5714 δ
2169 5675 2279 5741 ΑΙ.,
2299 5676 2429 5750 ipsa.
