3946 6182
339 267 437 330 767

1580 267 1897 325 MAMERTI
1935 266 2310 325 CLAUDIANI

3491 273 3583 333 768

333 379 543 434 stantia:
573 394 589 434 '.
637 381 730 450 qui
753 390 1034 453 postquam
1059 382 1300 453 hydrope
1337 378 1601 450 superbize
1636 378 1830 433 tumuit
1854 388 1912 433 et
1942 382 1984 439 Α
2015 377 2250 445 tcfaciet,
2283 380 2412 449 quid
2452 380 2573 436 istic
2600 396 2781 437 sermo
2813 390 2934 438 tuus
2961 378 3292 451 variaverit,
3320 386 3588 457 vitiaverit,

335 471 546 526 invidia:
574 471 721 531 febre
742 475 931 537 tabuit,
960 482 1152 544 sponte
1180 473 1461 528 illocaliter
1481 473 1766 529 sanctitate
1793 487 1920 542 pro-

335 561 534 632 lapsus,
560 580 731 634 eaque
758 575 781 603 α
811 566 1056 621 localiter
1082 566 1151 621 de
1188 565 1350 630 CtEIO,
1376 580 1483 619 non
1513 573 1710 635 sponte
1738 562 1917 632 dejec-

336 662 421 708 tus
445 672 459 720 ;
484 670 607 709 cum
639 671 742 709 non
778 657 1017 724 angelus,
1041 655 1134 710 sed
1156 655 1328 710 bonus
1355 671 1475 710 esse
1502 656 1814 719 cessaverit,
1840 654 1922 708 in-

337 744 639 798 nocentiam
668 744 920 814 perdidit,
952 762 1059 799 non
1089 754 1355 800 naturam.
1400 745 1634 800 Proinde
1659 746 1796 801 sicut
1825 761 1921 799 an-

334 836 573 902 gelorum
620 835 906 891 multitudo
946 852 1065 906 qua:
1102 835 1129 874 ι’
1170 837 1433 906 perstitit,
1466 837 1518 891 in
1562 843 1792 905 utroque
1837 836 1921 890 sui

334 923 762 992 beatiﬁcabitur;
795 926 868 980 ita
888 941 1008 995 quae
1040 927 1264 992 destitit,
1292 928 1345 981 in
1377 928 1461 981 sui
1482 935 1712 995 utroque
1739 927 1923 996 punie-

336 1023 442 1070 tur.
466 1015 633 1083 Igitur
658 1017 1073 1088 haudquaquam
1102 1026 1252 1074 recte
1281 1018 1415 1073 duas
1444 1018 1745 1073 in-diabolo
1792 1018 1921 1073 sub-

335 1107 563 1161 stantias
611 1107 919 1163 inliciabere
950 1126 963 1161 :
1006 1109 1132 1178 quia
1177 1110 1337 1164 etiam
1368 1117 1566 1164 memet
1590 1117 1800 1179 spreto,
1824 1125 1911 1164 ne-

336 1200 628 1253 cessarium
650 1199 894 1269 profecto
923 1201 1046 1266 erit,
1071 1208 1128 1254 ut
1168 1209 1281 1256 tute
1306 1202 1465 1256 cedas
1487 1202 1601 1268 tibi,
1633 1209 1689 1256 et
1713 1208 1922 1271 partem

332 1291 777 1359 prosecutionum
815 1301 1026 1346 tuarum
1067 1301 1221 1362 parte
1255 1292 1580 1363 supplodas,
1621 1292 1922 1361 falsumque

338 1400 467 1438 vero
498 1383 699 1437 diruas.
725 1383 898 1438 Habet
920 1398 1051 1452 ergo
1082 1384 1346 1449 diabolus,
1388 1384 1503 1453 ipse
1533 1394 1711 1438 tamen
1742 1384 1922 1438 incor-

336 1489 559 1543 poreus,
601 1489 797 1543 corpus
835 1490 1021 1538 suum,
1054 1474 1178 1543 quia
1221 1482 1277 1529 et
1313 1474 1515 1528 sentire
1547 1473 1663 1528 sine
1691 1487 1924 1542 corpore

338 1578 599 1632 corporea
642 1571 910 1619 tormenta
950 1580 1058 1618 non
1098 1564 1315 1635 poterit.
1371 1564 1440 1619 Et
1476 1575 1499 1604 ο
1532 1565 1724 1619 iterum
1767 1583 1779 1617 :
1831 1564 1924 1635 qui

344 1657 539 1721 sentit,
576 1656 719 1710 aliud
765 1664 876 1721 est;
916 1664 970 1709 et
1011 1671 1107 1726 per
1143 1657 1289 1726 quod
1327 1657 1585 1720 sentitur,
1629 1664 1712 1711 est
1756 1655 1921 1710 aliud.

2024 471 2237 524 texerit.
2264 470 2399 525 Dicit
2420 472 2472 525 in
2496 470 2785 540 Evangelio
2811 472 3069 530 Dominus
3087 495 3098 527 :
3114 475 3357 531 Mortuus
3383 486 3455 531 est
3478 496 3596 549 putt-

2020 578 2129 632 per,
2177 572 2227 615 et
2267 562 2498 616 sublatus
2538 573 2614 617 est
2669 563 2733 617 ab
2775 565 2974 636 angelis
3018 567 3072 620 in
3117 569 3292 621 sinum
3343 568 3594 625 Abrahc:

2023 663 2252 707 mortuus
2282 664 2359 707 est
2385 664 2434 708 et
2462 655 2621 720 dives,
2651 666 2700 710 et
2742 658 2969 727 sepultus
3001 667 3078 712 est
3110 661 3166 713 in
3204 660 3432 731 inferno.
3455 661 3596 726 Cum-

2023 762 2118 816 que
2144 753 2277 798 esset
2303 747 2356 799 in
2379 749 2663 811 tumentis,
2684 747 2811 801 vidit
2842 746 3105 803 Abraham
3123 767 3155 803 α
3186 751 3340 821 longe
3368 762 3418 804 et
3443 750 3600 805 Lazao

2026 854 2138 890 rum
2158 837 2210 890 in
2221 839 2337 892 sinu
2350 838 2479 908 ejus,
2493 847 2542 891 et
2554 839 2708 892 dicit:
2724 839 2885 893 Pater
2904 840 3186 907 Abraham,
3201 844 3347 896 mitte
3360 840 3601 897 Lazarum

2024 935 2081 979 ut
2109 928 2331 998 intingat
2358 928 2627 981 minimum
2656 930 2803 1001 digiti
2832 932 2913 990 sui
2941 932 2993 987 in
3022 948 3241 1003 aquam,
3273 942 3325 987 et
3352 935 3605 1006 refrigeret

2026 1020 2258 1089 linguam
2280 1034 2467 1083 meam,
2491 1020 2614 1090 quia
2642 1021 2842 1073 crucior
2864 1021 2916 1074 in
2940 1020 3036 1074 hac
3062 1022 3298 1091 ﬂamma.
3326 1022 3396 1077 Et
3410 1040 3605 1094 respou-

2026 1107 2377 1162 ditztbraliam
2402 1126 2418 1162 :
2447 1108 2725 1176 Memento,
2751 1110 2850 1180 ﬁli,
2880 1113 2999 1182 quia
3022 1114 3260 1183 recepisti
3283 1111 3415 1167 bona
3441 1115 3493 1167 in
3516 1116 3605 1169 vita

2029 1210 2137 1267 tua,
2167 1202 2405 1256 similiter
2431 1212 2480 1256 et
2502 1200 2734 1257 Lazarus
2756 1204 2936 1257 mala:
2963 1213 3011 1259 et
3033 1205 3149 1259 ideo
3171 1222 3311 1258 nunc
3333 1206 3416 1259 hic
3436 1223 3604 1261 conso-

2029 1289 2184 1354 latur,
2215 1299 2267 1342 tu
2295 1307 2413 1345 vero
2441 1292 2706 1346 cruciaris.
2733 1292 2803 1346 Et
2830 1295 2885 1347 in
2913 1294 2992 1348 his
3031 1295 3272 1349 omnibus
3293 1297 3428 1349 inter
3455 1313 3545 1350 nos
3562 1306 3606 1350 et

2028 1396 2115 1434 vos
2152 1380 2310 1434 chaos
2335 1396 2578 1451 magnam
2601 1382 2864 1451 ﬁrmatum
2892 1392 2990 1446 est,
3015 1392 3073 1437 ut
3098 1400 3266 1456 neque
3290 1385 3413 1441 hinc
3439 1385 3506 1442 ad
3523 1392 3607 1439 no‘s

2029 1471 2297 1542 quisquam
2318 1472 2480 1543 possit
2509 1473 2602 1537 ire,
2644 1488 2807 1544 neque
2827 1473 2949 1528 inde
2975 1474 3074 1528 huc
3100 1482 3428 1530 transmeare
3456 1474 3605 1547 (Luc.

2029 1580 2136 1629 xvi,
2168 1562 2375 1635 2‘2-26).
2409 1563 2555 1618 Istud
2582 1580 2727 1621 nunc
2770 1566 2901 1620 mihi
2943 1566 3239 1622 secundlun
3268 1567 3390 1623 loca
3417 1576 3472 1622 et
3497 1583 3606 1623 cor-

2030 1672 2163 1727 pora
2194 1657 2396 1711 dissere
2422 1675 2434 1709 :
2461 1656 2582 1712 istic
2606 1658 2724 1712 sine
2746 1657 3139 1714 alternamento
3168 1659 3433 1729 reciproci
3461 1660 3604 1724 aeris,

339 1748 546 1817 Quippe
578 1749 623 1802 si
638 1748 1050 1813 animadvertis,
1093 1758 1302 1803 tuomet
1327 1749 1608 1804 veritatem
1628 1740 1921 1819 proloquio
1953 1754 2081 1813 Bet
2108 1761 2311 1816 organo
2337 1748 2593 1816 pectoris,
2626 1756 2683 1801 et
2714 1747 2841 1802 tibia
2872 1749 3121 1816 gutturis,
3155 1758 3213 1804 et
3242 1750 3358 1805 oris
3384 1764 3532 1815 cavo,
3559 1757 3606 1804 et

338 1839 621 1893 doceberc.
667 1838 869 1907 Nempe
913 1838 1127 1893 dixisti:
1157 1839 1214 1894 Si
1248 1856 1315 1895 ex
1356 1840 1463 1895 hoc
1505 1848 1760 1896 concreto
1797 1855 1924 1894 aere

340 1930 587 1985 diabolus
621 1946 817 2001 corpus
841 1932 1020 1996 traxit,
1058 1946 1186 2001 ergo
1225 1933 1457 1988 alienum
1490 1949 1687 2004 corpus
1714 1933 1784 1987 ad
1812 1941 1925 1988 tor—

339 2029 521 2075 menta
554 2023 793 2091 portavit
833 2040 846 2075 :
877 2031 1130 2092 tanquam
1158 2033 1372 2093 egomet
1401 2024 1544 2079 istud
1576 2040 1807 2094 unquam
1832 2040 1924 2081 us-

338 2116 550 2184 piamve
571 2114 816 2169 dixerim.
833 2115 937 2170 Sed
959 2132 1066 2171 non
1083 2117 1285 2172 inficias
1300 2132 1366 2172 eo
1385 2117 1644 2180 debitum,
1662 2117 1807 2188 quod
1821 2118 1926 2173 hoc

339 2214 658 2274 argumento
719 2206 998 2260 victoriam
1059 2207 1215 2261 nobis
1271 2224 1379 2262 non
1428 2217 1622 2278 sponte
1671 2208 1920 2264 tribuisti.

339 2295 541 2367 Nempe
560 2311 681 2352 cum
709 2296 862 2363 dicis,
892 2298 1032 2368 quod
1063 2297 1307 2354 diabolus
1333 2315 1443 2354 non
1468 2299 1702 2354 alienum
1729 2316 1926 2370 corpus

341 2388 409 2441 ad
434 2396 699 2443 tormenta
729 2389 989 2459 portavit:
1022 2388 1206 2444 fateris
1251 2390 1474 2456 scilicet,
1507 2390 1649 2460 quod
1691 2391 1927 2461 portavit

342 2497 521 2535 suum.
556 2480 671 2537 Mea
700 2497 831 2537 vero
857 2498 964 2537 non
994 2481 1185 2548 refert,
1223 2498 1449 2539 suumne
1476 2484 1778 2538 alienumve
1808 2499 1930 2539 cor-

340 2588 440 2640 pus
459 2572 657 2627 habeat
683 2591 695 2625 :
727 2573 822 2629 sed
868 2574 1135 2629 haheatne
1163 2591 1380 2645 corpus.
1412 2575 1468 2630 id
1494 2575 1659 2631 refert
1685 2591 1823 2630 mea.
1848 2575 1926 2630 Tu

342 2678 470 2738 vero
508 2664 781 2718 diabolum
832 2680 939 2719 non
973 2673 1179 2719 tantum
1208 2665 1408 2721 habere
1433 2681 1649 2736 corpus,
1680 2665 1773 2721 sed
1800 2681 1928 2736 pro-

341 2755 513 2824 prium
539 2756 756 2822 habere,
784 2772 884 2812 nec
914 2756 1098 2812 fateris
1124 2758 1317 2821 solum,
1349 2757 1443 2814 sed
1467 2760 1626 2813 etiam
1656 2773 1936 2827 argumen-

342 2845 491 2898 taris.
524 2844 648 2899 Haec
673 2845 872 2915 quippe
903 2847 1168 2900 sententia
1200 2855 1287 2901 tua
1318 2857 1437 2901 est:
1469 2848 1524 2902 Si
1566 2863 1633 2902 ex
1664 2849 1768 2902 hoc
1799 2865 1930 2903 con-

342 2945 493 2990 creto
514 2951 638 2991 aere
658 2936 904 2991 diabolus
932 2954 1131 3006 corpus
1161 2939 1342 3002 traxit,
1376 2954 1505 3007 ergo
1545 2940 1777 2994 alienum
1805 2956 1928 2995 cor-

346 3042 448 3095 pus
491 3025 556 3080 ad
587 3034 855 3081 tormenta
890 3029 1146 3097 portavit.
1184 3028 1343 3083 Certe
1380 3031 1469 3098 qui
1509 3037 1688 3099 portat
1724 3041 1806 3085 est
1833 3033 1931 3085 ali-

2027 1841 2221 1908 linguae
2274 1840 2479 1910 plectro
2516 1843 2614 1911 per
2640 1840 2934 1911 quamlibet
2975 1842 3341 1912 corporalem,
3373 1850 3432 1896 ut
3461 1850 3599 1896 autn-

2025 1948 2163 1999 mas,
2196 1934 2432 1988 animam
2463 1933 2628 1988 verba
2655 1933 2882 1989 vocibus
2921 1932 3073 1989 effice
3107 1952 3120 1987 :
3152 1933 3247 1989 hic
3283 1934 3474 1988 anima:
3506 1948 3605 1987 ma-

2025 2039 2173 2089 num,
2206 2023 2359 2093 cujus
2403 2024 2553 2092 digiti
2582 2024 2861 2078 minimum
2890 2024 3119 2079 ambusti
3162 2024 3350 2080 divitis
3387 2024 3604 2093 linguam

2025 2113 2436 2183 refrigeraturus
2466 2113 2699 2169 Lazarus
2728 2130 2879 2184 aqua:
2908 2115 3211 2183 immergat,
3245 2113 3474 2170 ostende
3495 2132 3507 2166 :
3529 2113 3607 2171 hic

2025 2204 2092 2260 de
2122 2206 2213 2260 illo
2244 2214 2446 2261 memet
2473 2206 2627 2274 quasi
2655 2221 2920 2276 corporeo
2950 2205 3184 2261 Abrahae
3230 2206 3454 2275 gremio,
3500 2220 3603 2259 eor-

2025 2298 2213 2369 porale
2242 2297 2442 2367 aliquid
2469 2297 2605 2353 doce
2629 2315 2643 2363 ;
2678 2306 2738 2352 ut
2766 2304 2822 2352 et
2850 2312 2950 2368 pro
2978 2297 3142 2354 modo
3170 2297 3400 2353 humani
3425 2312 3605 2365 corpo-

2026 2390 2102 2444 ris
2129 2390 2536 2458 sit/angustum,
2569 2397 2623 2443 et
2652 2403 2825 2459 capax
2855 2389 3025 2459 possit
3049 2404 3169 2447 esse
3200 2390 3486 2444 multorum
3518 2404 3529 2438 :
3557 2393 3603 2442 et

2028 2482 2197 2537 chaos
2225 2482 2353 2538 illud
2383 2482 2470 2537 vel
2500 2490 2608 2536 tam
2639 2482 2910 2550 exiguum,
2946 2488 3005 2536 ut
3032 2489 3220 2536 mutua
3260 2496 3396 2551 quos
3423 2476 3603 2534 dirimit

2032 2573 2195 2628 verba
2227 2574 2453 2629 miscere
2481 2581 2705 2643 queant,
2734 2573 2820 2628 vel
2850 2580 2961 2628 tam
2984 2574 3328 2629 immensum
3360 2579 3418 2626 ut
3444 2579 3603 2625 trans-

2029 2666 2197 2720 meari
2247 2672 2501 2734 nequeat.
2547 2664 2680 2719 Illud
2710 2672 2890 2719 autem
2920 2665 3006 2720 vel
3054 2666 3352 2720 maximum
3391 2677 3601 2734 quaero:

2030 2758 2179 2813 dives
2217 2758 2307 2812 ille
2355 2758 2446 2826 qui
2476 2772 2643 2827 penes
2689 2756 2890 2812 inferos
2936 2758 3201 2827 gehennae.
3236 2756 3491 2815 incendiis
3515 2769 3601 2810 aes-

2029 2857 2178 2917 tuat,
2228 2851 2319 2918 qui
2356 2848 2611 2918 congredi
2658 2847 2930 2903 Abraham
2967 2863 3222 2904 sermone
3266 2846 3511 2918 quiverit,
3559 2843 3603 2897 si

2030 2941 2203 2996 locale
2232 2940 2575 2995 beatitudinis
2595 2955 2703 2994 non
2733 2940 2994 2995 accessit?
3018 2941 3146 3009 quid
3169 2955 3337 3011 porro
3354 2937 3603 2993 Abraham

2031 3048 2154 3088 cum
2182 3031 2345 3107 divite
2373 3032 2784 3096 sermocinatur,
2826 3029 2872 3086 si
2901 3029 3111 3086 inferna
3137 3046 3250 3087 non
3291 3030 3422 3085 adiit
3446 3029 3469 3082 ἲ
3492 3026 3603 3081 Αιιὶ-

347 3118 495 3187 quid,
529 3125 584 3172 et
610 3118 755 3187 quod
786 3126 1032 3187 portatur
1078 3127 1162 3173 est
1207 3120 1423 3189 aliquid.
1451 3119 1519 3175 Et
1567 3137 1688 3175 cum
1716 3121 1929 3186 dicitur,
1960 3110 2006 3173 C
2037 3137 2151 3176 mas
2179 3136 2376 3191 nempe
2418 3130 2728 3177 sanctorum
2776 3121 2833 3176 in
2884 3120 3086 3176 intimis
3123 3121 3365 3192 paradisi
3410 3116 3603 3174 sedibus

348 3216 530 3278 portat
583 3224 756 3273 suum,
805 3209 951 3264 aliud
980 3212 1069 3280 qui
1118 3219 1320 3281 portat,
1353 3212 1560 3266 etaliud
1606 3212 1934 3281 signiﬁcatur

345 3316 463 3356 esse
483 3301 624 3370 quod
647 3308 843 3371 portat.
870 3301 947 3357 Ex
961 3302 1158 3373 duplici
1190 3305 1351 3373 igitur
1373 3304 1622 3360 diabolus
1643 3321 1707 3360 ac
1724 3306 1931 3360 diversa

345 3393 641 3449 substantia
694 3402 804 3458 est;
835 3396 960 3469 quia
1017 3412 1137 3452 cum
1168 3413 1371 3468 corpus
1407 3414 1561 3453 suum
1591 3406 1793 3468 portat,
1826 3414 1931 3453 non

347 3494 431 3541 est
459 3487 572 3556 ipse
600 3487 743 3556 quod
774 3494 972 3558 portat.
1009 3488 1163 3543 Aliud
1192 3490 1394 3559 quippe
1423 3497 1506 3544 est
1533 3505 1690 3555 onus,
1715 3498 1771 3544 et
1806 3505 1934 3559 por-

348 3578 482 3632 titor
509 3577 671 3631 aliud.
705 3577 965 3645 Quocirca
998 3595 1103 3633 non
1134 3581 1271 3634 ultra
1301 3580 1649 3635 obluctabere
1684 3580 1860 3642 nobis,
1887 3579 1933 3633 si

347 3667 536 3723 credas
582 3669 696 3734 tibi,
742 3670 1001 3740 quoniam
1043 3685 1239 3740 corpus
1280 3679 1337 3725 et
1372 3672 1463 3740 qui
1509 3671 1672 3725 habet
1704 3687 1929 3741 corpus,

346 3760 775 3815 substantialiter
801 3761 907 3815 dno
950 3771 1109 3827 sunt,
1150 3772 1204 3816 et
1231 3763 1350 3818 haec
1387 3763 1495 3818 duo
1533 3764 1743 3818 diversa
1785 3771 1930 3817 sunt.

347 3853 522 3922 Atque
546 3862 603 3906 ut
622 3853 832 3907 diversa
855 3854 981 3915 sint,
1006 3870 1170 3908 unum
1202 3856 1308 3910 erit
1335 3855 1731 3925 incorporeum,
1763 3854 1935 3909 aliud-

347 3957 453 4012 que
475 3957 816 4012 corporeum.
840 3941 1007 4012 Igitur
1028 3942 1272 3999 diabolus
1300 3960 1368 3999 ex
1398 3944 1595 4014 duplici
1617 3945 1934 4014 diversaque

248 4032 253 4037 ’
347 4032 647 4088 substantia
667 4040 724 4088 et
759 4047 1054 4103 corporeus
1081 4043 1163 4088 est
1182 4041 1238 4089 et
1266 4034 1638 4106 incorporeus.

949 4140 1176 4197 CAPUT
1214 4142 1348 4197 VIII.

354 4232 688 4306 Spiritaliter,
712 4249 815 4306 non
836 4234 1173 4306 corporaliter
1192 4235 1597 4306 intelligendum,
1623 4253 1735 4288 cum
1760 4235 1932 4290 [λαως

417 4320 506 4377 rus
530 4305 590 4377 in
609 4305 725 4377 sinu
749 4302 973 4377 Ab‘rah'te
1000 4312 1049 4357 et
1069 4305 1206 4358 dives
1231 4307 1285 4358 in
1314 4302 1518 4377 inferno
1546 4306 1676 4361 chao
1706 4308 1933 4376 interpo-

416 4376 545 4438 sito,
574 4374 787 4427 invicem
815 4372 1159 4445 loquerentur.

2034 3228 2144 3268 non
2176 3228 2556 3283 usquequaque
2585 3212 2925 3282 improbabili
2952 3214 3221 3268 sententia
3250 3213 3384 3268 dicis
3412 3208 3590 3265 habita-

2035 3319 2111 3359 re.
2168 3302 2400 3358 Proinde
2430 3318 2553 3358 cum
2598 3302 2868 3357 Abraham
2907 3304 2963 3358 in
2991 3302 3262 3373 paradiso,
3314 3312 3371 3357 et
3396 3300 3534 3355 dives
3558 3296 3602 3350 in

2034 3393 2247 3448 inferno
2277 3393 2354 3448 sic
2384 3393 2645 3447 immenso
2673 3393 2906 3461 quodam
2936 3392 3361 3447 intransmeabili
3390 3391 3454 3444 ab
3482 3386 3600 3441 invi-

2035 3500 2152 3539 cem
2181 3484 2438 3554 disparati
2477 3482 2620 3550 sint,
2660 3491 2721 3538 ut
2759 3483 2943 3538 itidem
2988 3491 3176 3538 mutuo
3208 3491 3458 3552 tanquam
3486 3474 3603 3531 nihil

2036 3576 2266 3638 intersit,
2298 3591 2408 3630 non
2435 3574 2872 3645 contemplentur
2916 3575 3089 3630 solum
3133 3575 3225 3630 sed
3256 3575 3419 3629 etiam
3455 3568 3603 3625 collo-

2035 3674 2314 3736 quantur:
2361 3666 2404 3721 si
2436 3665 2553 3723 ham
2599 3665 2844 3721 localiter
2885 3664 3197 3720 aestimanda
3228 3674 3374 3730 sunt,
3421 3660 3601 3715 alteru-

2038 3768 2174 3812 trum
2201 3756 2355 3813 fateri
2386 3757 2612 3825 cogeris,
2646 3764 2739 3811 aut
2767 3756 3034 3811 Abraham
3064 3763 3119 3811 et
3144 3755 3365 3810 divitem
3392 3766 3487 3807 nec
3502 3762 3601 3803 ser-

2036 3848 2335 3903 mocinatus
2359 3847 2588 3902 invicem
2627 3861 2728 3902 nec
2746 3846 2814 3901 ab
2843 3847 3070 3902 invicem
3113 3846 3278 3910 visos,
3311 3852 3403 3901 aut
3430 3840 3504 3896 vel
3531 3839 3598 3891 in~

2036 3936 2244 3991 femum
2274 3937 2330 3991 in
2358 3934 2626 4007 paradiso,
2656 3936 2742 3991 vel
2789 3936 2846 3990 in
2892 3934 3103 3991 inferno
3141 3951 3261 3991 esse
3292 3931 3595 4006 paradisum.

2651 4066 2881 4122 CAPUT
2920 4067 3009 4122 IX.

2038 4157 2188 4226 Quod
2216 4162 2429 4215 multum
2461 4161 2611 4214 distet
2646 4162 2782 4214 inter
2807 4162 3053 4214 visionem
3095 4159 3357 4214 oculorum
3393 4167 3439 4211 et
3463 4153 3596 4226 visin

2107 4249 2224 4285 nem
2252 4233 2444 4285 animae
2477 4249 2488 4283 :
2515 4247 2627 4284 cum
2656 4231 2845 4284 animi:
2871 4230 2999 4284 visio
3030 4230 3319 4284 intellectus
3346 4229 3427 4282 sit.
3468 4218 3598 4300 θυαμ

2106 4303 2152 4355 si
2178 4318 2269 4371 per
2288 4301 2569 4423 szvidisset
2597 4301 2907 4371 corporalia,
2940 4301 3144 4354 interna
3170 4301 3366 4354 uiscera
3396 4312 3482 4351 sua
3500 4305 3597 4362 prt-

2107 4388 2245 4423 mum
2268 4372 2313 4423 vi
2358 4373 2495 4423 isset.

2107 4388 2245 4425 mum
2268 4386 2495 4424 vidisset.

416 4482 455 4536 l.
489 4480 593 4537 Sed
615 4485 660 4537 si
687 4498 849 4552 super
873 4482 958 4536 his
984 4482 1354 4539 redhibuimus
1377 4484 1458 4538 vel
1480 4484 1657 4553 aliqua
1690 4500 1757 4539 ex
1778 4492 1931 4555 parte
1961 4472 2010 4531 Β
2103 4486 2143 4540 I.
2175 4485 2283 4540 Sed
2309 4485 2567 4555 quoniam
2586 4499 2687 4540 nec
2715 4483 3023 4539 auctoritati
3050 4483 3245 4538 divina:
3267 4476 3593 4552 pervicaciter

347 4574 632 4636 rationem,
666 4572 794 4627 illud
820 4572 987 4628 chaos
1025 4572 1168 4641 quod
1197 4573 1337 4627 inter
1372 4583 1556 4629 sontes
1582 4575 1932 4644 innoxiasque

347 4664 575 4727 animas,
607 4665 745 4718 sicut
784 4663 1193 4731 argumentaris,
1226 4664 1530 4718 intersitum
1578 4665 1712 4719 locis
1743 4667 1932 4721 merita

343 4753 600 4819 secernit,
623 4754 722 4809 sub
751 4753 915 4822 ipsius
938 4753 1155 4822 capituli
1184 4754 1261 4807 tui
1281 4754 1614 4809 discussione
1633 4754 1930 4810 videamus.

346 4839 443 4897 Sic
478 4858 711 4912 namque
738 4844 993 4900 dissertas
1021 4862 1035 4896 :
1066 4843 1122 4899 Si
1151 4844 1349 4900 locales
1376 4861 1486 4900 non
1536 4852 1663 4900 sunt
1707 4846 1929 4911 animae,

346 4936 619 5003 quomodo
639 4947 951 5008 peccatores
976 4956 1006 4993 a
1026 4940 1255 4997 coetibus
1265 4941 1929 5010 eonsortiisquejustorum

347 5044 577 5084 vacuum
607 5029 735 5084 illud
777 5031 943 5089 chaos
980 5034 1118 5087 tristi
1158 5033 1533 5102 interiectione
1576 5033 1928 5097 discriminat,

350 5126 410 5173 ut
435 5134 611 5189 neque
638 5120 765 5176 hinc
793 5122 885 5176 illo
924 5124 1133 5192 possint
1159 5125 1434 5185 accedere.
1467 5139 1645 5193 neque
1674 5124 1797 5179 inde
1824 5124 1934 5178 huc

350 5215 716 5268 transmeare?
759 5212 904 5267 Istud
949 5215 1268 5282 evangelicae
1318 5217 1564 5271 lectionis
1623 5216 1931 5287 exemplum

349 5303 598 5375 adempta
613 5304 863 5361 dominici
885 5304 1223 5375 simplicitate
1234 5307 1514 5371 sermonis,
1530 5323 1627 5377 pro
1643 5306 1928 5363 astruenda

346 5395 598 5451 videlicet
635 5397 935 5453 animarum
975 5394 1249 5451 localitate
1295 5388 1539 5465 posuisti.
1571 5395 1676 5452 Sed
1726 5398 1931 5454 oraculi

347 5486 513 5543 divini
539 5488 806 5543 sincerum
836 5487 889 5542 in
926 5488 1008 5543 sui
1042 5486 1269 5541 veritate
1302 5486 1564 5555 prolatum
1595 5487 1792 5559 oppido
1831 5504 1929 5559 pa-

423 5607 447 5634 α
493 5597 595 5662 AL,
627 5600 916 5656 illocaliter.

418 5670 446 5712 ιν
497 5671 604 5737 AL,
642 5676 885 5738 persistit.

2036 4577 2224 4635 obsisti
2262 4584 2463 4647 potest,
2492 4592 2593 4632 nec
2626 4576 2836 4632 miseris
2855 4574 3132 4631 beatitudo
3154 4573 3368 4629 misceri
3392 4589 3405 4636 ;
3427 4564 3588 4639 prolo-

2034 4670 2251 4739 quiique
2265 4667 2485 4737 hujusce
2503 4667 2838 4738 perplexum,
2860 4652 2984 4735 quia
2996 4681 3117 4721 cum
3133 4664 3279 4733 lippo
3295 4653 3593 4729 imaginatio-

2035 4775 2165 4814 num
2209 4758 2574 4829 corporalium
2602 4757 2746 4811 intro
2774 4756 3040 4827 inspicere
3064 4755 3366 4824 nequimus,
3395 4741 3591 4805 semotis

2035 4850 2310 4922 paululum
2338 4850 2469 4904 locis
2496 4848 2923 4919 corporibusque
2941 4846 3237 4911 videamus,
3263 4852 3318 4900 et
3342 4842 3426 4898 ubi
3440 4839 3505 4893 ita
3526 4840 3594 4887 te-

2034 4958 2134 4997 nus
2156 4942 2296 4996 inter
2310 4940 2589 5011 quospiam
2600 4938 2802 5009 judicio
2816 4938 3077 5017 discretos
3098 4938 3411 4992 immensum
3425 4927 3592 4987 dicitur

2033 5032 2284 5102 spatium,
2313 5038 2371 5085 ut
2400 5030 2564 5085 etiam
2589 5029 2857 5087 sermonis
2876 5028 3046 5098 possit
3079 5042 3199 5083 esse
3218 5019 3590 5082 commercium.

2033 5124 2523 5179 animadvertamus
2552 5138 2659 5177 non
2696 5122 2939 5178 locorum
2985 5120 3312 5185 distantiam,
3342 5115 3434 5173 sed
3457 5104 3588 5166 dilic-

2032 5217 2261 5272 rentiam
2286 5216 2619 5271 meritorum.
2652 5214 2784 5270 Cum
2810 5215 2959 5284 justo
2988 5226 3239 5283 namque,
3266 5214 3509 5280 quantum
3532 5190 3590 5249 ad

2033 5321 2229 5376 corpus
2257 5313 2497 5375 spectat,
2529 5305 2773 5361 localiter
2794 5320 2914 5361 esse
2943 5303 3175 5373 injustus
3202 5309 3412 5372 potest;
3441 5288 3586 5359 inius‘

2038 5405 2121 5452 tus
2137 5412 2265 5450 vero
2280 5412 2399 5451 esse
2421 5398 2473 5451 in
2496 5395 2802 5452 innocentia
2817 5395 2951 5466 justi
2965 5434 2979 5461 ,
3003 5392 3182 5466 quoad
3204 5405 3371 5461 usque
3390 5384 3587 5474 injuSﬂfS

2034 5496 2136 5553 est,
2186 5503 2294 5553 non
2336 5495 2531 5558 potest.
2566 5486 2719 5544 Unde
2745 5486 2872 5558 quia
2900 5492 3023 5557 post
3048 5490 3281 5542 mortem
3326 5492 3421 5537 nec
3440 5477 3588 5546 pulli"

2102 5613 2122 5640 ε
2150 5603 2261 5671 ΛΙ.,
2290 5604 2430 5658 item.
