3920 6176
314 316 425 373 ’769

1491 312 1579 375 DE
1616 317 1838 377 STATU
1881 317 2116 373 ΑΝΙΜΑΞ
2164 318 2290 375 LIB.
2334 317 2416 374 ΙΙΙ.

3483 314 3590 377 770

320 441 431 489 tere
457 430 731 502 cuiquam,
762 447 859 488 nec
885 448 1112 503 peccare
1142 432 1394 503 possibile
1424 442 1525 498 est,
1557 435 1696 488 inter
1724 434 1895 487 salva-
1926 439 1971 496 Α
1999 435 2359 506 gilantemqne
2387 436 2544 492 simul
2571 451 2753 505 quxero
2783 435 3064 491 lectorem.
3093 434 3249 490 Visus
3293 435 3449 490 animi
3489 453 3586 508 per

318 532 403 579 tos
426 531 477 578 et
500 523 739 594 perditos
763 523 1196 579 intransmeabile
1224 522 1415 579 dicitur
1443 524 1624 589 chaos,
1652 523 1895 579 indemn-

318 615 488 669 tabilis
536 620 727 670 status.
762 611 874 667 Tua
917 615 1077 683 igitur
1116 614 1371 670 adversus
1401 624 1455 668 te
1486 612 1655 669 fertur
1699 615 1893 669 oratio.

318 706 514 775 Nempe
545 705 912 760 testimonium
933 705 1079 774 quod
1107 719 1137 758 a
1168 705 1323 759 nobis
1356 713 1379 741 ι
1409 704 1775 774 disparascere
1810 718 1896 757 ar-

316 795 619 859 bitrabaris,
646 794 1028 849 animadvertis
1056 794 1334 850 nobiscum
1376 795 1619 865 profectu
1657 795 1897 864 disputa-

316 887 472 961 tionis
510 901 791 951 unescere,
842 886 1045 956 tibique
1073 886 1417 940 tenuissimus
1446 887 1525 941 sui
1556 886 1797 939 tramites
1828 883 1896 938 ad

314 979 513 1034 infinita
546 978 833 1033 illocalium
862 978 1140 1046 regionum
1169 978 1340 1047 spatia
1372 976 1628 1032 ducentes
1668 977 1896 1031 obverso

312 1078 463 1140 poste
483 1069 734 1125 claudere
776 1087 789 1122 :
831 1069 954 1139 quia
983 1083 1258 1137 corporea:
1298 1067 1665 1138 amplitudinis
1702 1078 1896 1133 angus-

313 1168 423 1213 tum
471 1158 892 1228 incorporalium
933 1158 1291 1213 subtilitatem
1339 1160 1597 1213 immensa
1649 1173 1752 1211 non
1801 1172 1894 1211 ca-

310 1253 482 1323 piens,
523 1267 625 1306 nec
661 1250 969 1305 distantiam
1020 1250 1137 1305 sine
1184 1251 1326 1316 loco,
1376 1266 1477 1305 nec
1515 1252 1734 1305 verbum
1779 1251 1896 1305 sine

310 1343 555 1413 strepitu,
585 1357 687 1397 nec
712 1342 972 1410 gremium
1014 1343 1130 1397 sine
1169 1343 1344 1412 spatio
1374 1343 1657 1413 complecti
1694 1350 1890 1411 potest.

309 1434 478 1492 Porro
506 1442 687 1490 autem
712 1450 971 1505 corporea
1000 1449 1109 1490 non
1131 1443 1274 1499 sunt,
1299 1450 1633 1506 qucccnnque
1655 1436 1728 1488 ita
1749 1442 1891 1489 sunt.

309 1527 519 1581 Animm
547 1541 678 1581 vero
706 1524 954 1592 Abrahae,
986 1524 1173 1579 Lazari
1201 1534 1256 1579 et
1279 1526 1457 1580 divitis
1487 1527 1557 1580 ita
1579 1534 1702 1582 sunt
1731 1545 1743 1579 :
1774 1542 1893 1581 cor-

308 1631 485 1688 porca:
522 1617 686 1685 igitur
722 1632 828 1670 non
869 1624 1012 1671 sunt.
1053 1615 1159 1671 Sed
1187 1630 1305 1685 qua:
1334 1624 1454 1686 post
1497 1618 1622 1673 hinc
1650 1618 1795 1672 hisce
1825 1619 1898 1673 si-

308 1710 453 1766 milia
480 1719 795 1781 sequuntur,
818 1711 996 1765 minus
1022 1710 1263 1782 profecto
1286 1712 1337 1765 in
1360 1711 1781 1767 confutationem
1812 1713 1892 1768 sui

1999 542 2195 597 corpus
2220 530 2311 597 qui
2336 528 2537 583 homini
2567 527 2863 596 bellumque
2892 526 3196 581 communis
3223 533 3325 587 est,
3360 526 3587 580 intendit

1997 607 2118 673 sese
2164 627 2327 688 atque
2373 619 2573 674 exserit
2615 635 2712 689 per
2752 619 2851 673 ista
2882 619 2995 673 Irrc
3024 626 3220 687 puncta
3256 617 3581 687 pupillarum

1997 717 2258 779 vaporato
2300 709 2505 764 cerebri
2547 710 2816 763 anteriore
2858 708 3179 772 ventriculo,
3228 708 3582 762 invisibilibus

1999 798 2259 853 viscerum
2282 798 2530 866 ﬂammis;
2562 799 2721 868 inque
2748 799 2927 853 radios
2946 813 3214 868 porosque
3233 815 3577 870 promanans,

1997 887 2042 942 si
2063 888 2189 956 quid
2218 888 2415 942 coloris
2444 898 2537 942 aut
2565 887 2748 943 formae
2791 889 3009 943 obvium
3050 891 3276 959 ceperit,
3323 891 3578 959 concipit,

1998 985 2053 1032 et
2082 979 2156 1031 uti
2184 994 2344 1033 cursu
2372 979 2443 1032 ita
2473 980 2633 1033 etiam
2664 995 2881 1034 recursu
2911 980 3110 1049 rapidis
3137 981 3394 1035 linearum
3432 996 3579 1035 mea-

1998 1069 2139 1125 tibus
2168 1069 2378 1140 recipit.
2410 1068 2595 1138 ltaque
2614 1070 2716 1125 hoc
2747 1070 2873 1124 illud
2903 1079 2985 1125 est
3014 1070 3159 1139 quod
3179 1079 3401 1126 vocatur
3419 1073 3576 1136 risus,

1997 1160 2136 1216 sicut
2165 1161 2216 1215 in
2248 1162 2420 1231 primo
2449 1162 2585 1217 libro
2614 1162 2978 1217 disseruimus.
3014 1161 3117 1217 Per
3138 1164 3279 1218 hunc
3299 1176 3428 1231 ergo
3455 1179 3579 1217 cum

1998 1254 2174 1308 bellua
2204 1255 2470 1310 humanus
2496 1270 2711 1323 quoque
2741 1256 2949 1311 animus
2971 1265 3095 1311 nota
3126 1255 3193 1309 ab
3222 1257 3434 1326 ignmis,
3460 1252 3579 1311 alba

1997 1345 2065 1399 ab
2095 1346 2223 1400 atris
2250 1361 2479 1415 corpora
2508 1347 2759 1400 secernit.
2791 1346 3025 1401 lluccine
3056 1354 3211 1402 tenus
3246 1356 3328 1401 est
3356 1347 3580 1401 humani

1999 1435 2142 1489 visus
2169 1437 2375 1491 animi?
2423 1436 2540 1502 Quo
2588 1436 2751 1503 igitur
2785 1436 2929 1505 justa
2978 1437 3046 1490 ab
3099 1437 3330 1507 injustis,
3372 1453 3403 1490 a
3434 1437 3579 1494 falsis

1997 1544 2122 1582 vera
2165 1527 2464 1597 dijudicat?
2492 1527 2572 1581 An
2603 1527 2777 1581 forsan
2808 1528 3067 1593 vecordes
3092 1529 3287 1583 oculati
3320 1544 3579 1597 corpora-

2000 1620 2121 1675 liter
2135 1620 2335 1689 judicio
2360 1620 2645 1674 credentur
2682 1636 2854 1675 caecos
2881 1621 3090 1675 anteire
3117 1621 3430 1690 sapientes?
3473 1619 3578 1675 Sed

1998 1711 2083 1764 vel
2109 1711 2336 1781 Appium
2364 1711 2430 1766 de
2463 1712 2705 1767 Romano
2725 1723 2934 1778 senatu,
2967 1712 3050 1766 vel
3077 1709 3482 1783 Hermophilum
3513 1710 3580 1767 de

309 1818 474 1874 penes
502 1802 712 1858 consilii
740 1801 767 1842 ι)
796 1803 1211 1872 vigileshabere
1238 1803 1440 1858 laboris
1460 1803 1677 1858 debent.
1706 1813 1727 1842 ο
1756 1800 1891 1857 Cor—
1927 1803 1968 1861 Β
1997 1798 2184 1855 Graeco
2230 1802 2526 1873 gymnasio,
2578 1802 2662 1855 vel
2692 1801 2915 1855 Tobiam
2961 1801 3030 1856 de
3067 1802 3452 1872 prophetarum
3480 1819 3580 1856 nu-

309 1894 465 1949 datus
490 1894 690 1965 quippe
713 1893 876 1963 judex
905 1894 1006 1949 rite
1036 1895 1234 1949 victum
1265 1902 1470 1961 censet,
1500 1894 1643 1964 quod
1683 1910 1781 1964 pro
1815 1896 1895 1949 sui

310 1984 681 2040 imbecillitate
719 1999 819 2054 par
857 1984 1013 2040 victis
1054 1993 1153 2040 est.
1203 1983 1361 2039 Unde
1391 2000 1499 2039 non
1540 1986 1657 2041 sine
1692 1985 1935 2057 pudore.

307 2083 523 2145 stupeo,
553 2074 697 2144 quod
725 2090 824 2145 pro
862 2076 1261 2145 comprobanda
1291 2076 1482 2130 anima:
1520 2076 1898 2146 corporalitate

307 2167 587 2237 subjungis
618 2185 631 2220 :
662 2165 800 2222 Ecce
829 2168 1005 2221 anima
1034 2168 1080 2220 si
1126 2166 1502 2222 Alexandriam
1533 2168 1614 2222 vel
1644 2166 1897 2221 Hieroso-

309 2258 511 2329 lymam
540 2258 763 2326 cogitat,
813 2264 869 2312 et
891 2258 934 2311 si
966 2272 1061 2327 per
1090 2257 1471 2326 cogitationem
1500 2265 1612 2311 tota
1650 2258 1729 2311 sui
1759 2273 1892 2327 pm:-

303 2349 483 2405 sentia
513 2349 622 2403 illic
648 2349 906 2413 interfuit,
938 2347 1138 2403 referat
1156 2348 1310 2403 nobis
1336 2349 1468 2403 situs
1496 2349 1758 2411 locorum,
1782 2348 1899 2402 vul-

304 2448 390 2495 tus
416 2440 723 2501 hominum,
757 2447 934 2493 motus
963 2448 1219 2506 actusque
1247 2439 1589 2508 populorum.
1614 2437 1763 2493 Nunc
1792 2438 1899 2492 dis-

302 2533 477 2603 pudet
523 2539 796 2587 auctorem
844 2532 1001 2601 hujus
1063 2532 1343 2586 sententiac
1403 2538 1667 2600 exempta:
1708 2531 1899 2584 anima:

302 2624 704 2694 corporalitatis
732 2638 1014 2692 capessere
1042 2623 1317 2687 indicium,
1367 2622 1505 2677 unde
1543 2623 1896 2692 incorporali-

303 2714 436 2769 tatis
465 2712 633 2768 videri
660 2713 845 2768 debuit
875 2722 1263 2781 argumentum.

376 2804 442 2860 ll.
472 2803 748 2859 Hactenus
767 2803 981 2874 quidem
1011 2803 1077 2858 de
1106 2805 1267 2858 animi
1297 2805 1611 2874 incorporea
1643 2812 1805 2873 atque
1831 2804 1897 2858 il-

304 2895 468 2952 locali
492 2895 699 2950 visione
726 2894 974 2958 disserui,
1002 2909 1065 2949 ac
1093 2894 1296 2963 liquido
1318 2896 1489 2965 patuit
1512 2894 1759 2950 eumdem
1780 2894 1897 2949 nul-

302 2988 351 3042 la
377 2987 655 3043 mediante
684 2986 1002 3050 substantia,
1050 2993 1249 3041 alterna
1298 2986 1455 3041 simul
1498 2997 1661 3055 atque
1707 2986 1898 3040 immu-

301 3078 492 3133 tabilia
532 3078 796 3133 contueri.
834 3077 999 3146 Igitur
1033 3092 1154 3131 cum
1184 3077 1458 3131 rationalis
1507 3077 1683 3131 anima
1711 3092 1809 3147 per
1836 3091 1895 3132 se

1999 1907 2151 1947 mero
2203 1908 2367 1962 super
2413 1892 2663 1961 ambiguo
2706 1893 2956 1962 praesenti
3013 1900 3183 1950 testes
3240 1893 3579 1948 habeamus:

1999 1998 2227 2053 quorum
2258 1984 2339 2038 vel
2371 1983 2574 2054 Appius
2604 1983 2681 2038 eis
2704 1984 2794 2053 qui
2823 1984 3058 2059 exterius
3087 1985 3352 2040 clarerent
3390 1984 3578 2045 oculis,

1998 2085 2052 2131 et
2085 2077 2307 2131 interius
2350 2077 2680 2139 cmentirent,
2724 2076 2933 2131 consilii
2981 2076 3157 2130 lumen
3204 2076 3459 2146 prmbuit;
3497 2077 3580 2130 vel

1999 2166 2378 2237 llermophilus
2417 2167 2823 2235 Theopompum
2854 2167 3238 2235 geometricam
3283 2167 3401 2221 sine
3430 2167 3581 2223 radio

1998 2258 2211 2323 docuit;
2234 2258 2319 2312 vel
2336 2257 2533 2312 Tobias
2564 2255 2673 2311 filio
2702 2257 2828 2310 dum
2859 2257 2980 2310 coeli
3007 2257 3110 2311 iter
3128 2257 3354 2326 prmviu:
3374 2256 3580 2326 pandit,

1999 2349 2247 2416 angelum
2278 2349 2530 2402 comitem
2568 2346 2730 2402 dedit.
2763 2347 2923 2401 Videt
2954 2348 3112 2415 igitur
3141 2348 3352 2401 animus
3379 2348 3582 2416 absque

1952 2501 1957 2506 Α
1998 2456 2248 2510 corpore,
2274 2456 2374 2495 nec
2400 2441 2772 2508 corpulentum
2803 2438 3002 2509 aliquid
3047 2445 3139 2493 aut
3165 2440 3461 2494 coloratum
3493 2448 3583 2495 aut

1999 2547 2095 2601 per
2123 2531 2242 2585 loca
2272 2530 2582 2597 distentum,
2611 2530 2705 2585 sed
2730 2531 2895 2600 ipsam
2908 2530 3189 2585 veritatem
3213 2530 3352 2600 (qua:
3378 2546 3583 2586 summe

2000 2622 2317 2691 incorporea
2347 2621 2487 2677 Deus
2515 2620 2617 2692 est)
2648 2623 2969 2691 incorporeo
2995 2622 3393 2692 contemplatur
3426 2623 3583 2677 obtu-

2000 2720 2077 2766 tu.
2110 2710 2284 2777 Patet,
2317 2720 2375 2766 ut
2398 2713 2648 2778 arbitror,
2680 2713 2915 2766 animum
2939 2720 2991 2766 et
3019 2728 3117 2783 per
3154 2730 3213 2769 se
3244 2714 3581 2784 incorporea,

1999 2810 2056 2858 et
2082 2818 2179 2872 per
2201 2819 2398 2873 corpus
2418 2803 2601 2858 videre
2624 2819 2907 2872 corporea.

2068 2894 2153 2949 ΙΙΙ.
2183 2893 2290 2949 Sed
2316 2894 2444 2949 illud
2472 2893 2646 2949 adhuc
2668 2902 2885 2965 propter
2909 2895 3074 2965 tepidi
3111 2896 3310 2965 jecoris
3353 2897 3582 2951 homun-

1999 2986 2151 3042 culos
2205 2985 2396 3041 discuti
2453 2994 2725 3056 superest,
2754 2995 3059 3041 utrumnam
3099 3003 3359 3058 corporea
3390 3004 3485 3057 per
3525 3003 3581 3043 se

1997 3078 2169 3149 possit
2195 3077 2459 3132 humanus
2481 3077 2690 3132 animus
2710 3076 2890 3132 videre
2911 3078 3028 3132 sine
3051 3093 3297 3148 corpore.
3314 3078 3464 3134 Nunc
3496 3080 3585 3149 igi-

304 3171 687 3239 incorporeum
734 3177 895 3237 atque
924 3168 1134 3223 illocale
1175 3169 1490 3239 conspiciat,
1525 3176 1580 3223 et
1609 3170 1891 3224 veritatem
1922 3164 1967 3224 C
2000 3179 2089 3225 tur
2103 3170 2292 3225 adesto
2310 3177 2544 3228 totus.et
2563 3184 2722 3237 quam
2741 3170 2882 3239 potis
2904 3186 2960 3223 es
2977 3184 3211 3239 przesens
3225 3169 3581 3239 sito.Nempe,

300 3276 421 3333 quae
441 3260 590 3315 Deus
603 3267 705 3324 est,
726 3274 757 3313 a
778 3258 1008 3314 falsitate
1027 3259 1186 3328 longe
1206 3260 1524 3328 incorporea
1554 3260 1761 3314 visione
1784 3260 1893 3314 dis-

305 3362 537 3417 cernat,
577 3359 632 3407 et
667 3352 769 3407 nisi
806 3366 905 3421 per
925 3365 1121 3421 corpus
1158 3351 1349 3406 localia
1389 3366 1757 3422 eorporeaque
1784 3366 1891 3405 non

299 3443 521 3508 videat;
539 3439 566 3479 ιι
593 3456 838 3510 quamam
865 3441 1007 3496 ratio
1035 3448 1136 3507 est,
1168 3442 1272 3496 illis
1300 3441 1542 3497 eamdem
1567 3442 1713 3497 credi
1743 3443 1892 3497 simi-

297 3537 403 3594 lem
434 3536 511 3593 ad
537 3551 658 3606 qua:
694 3535 1071 3607 conspicienda
1109 3537 1403 3607 interprete
1430 3552 1658 3607 corpore
1702 3538 1888 3602 utitur,

296 3638 353 3685 et
377 3629 488 3683 illis
518 3643 640 3697 qua:
667 3642 764 3697 per
782 3644 840 3684 se
868 3628 1265 3699 contemplatur
1278 3626 1506 3697 judicari
1530 3629 1842 3684 dissimilem
1867 3630 1891 3682 ?

297 3721 512 3775 Anima:
532 3718 689 3783 visio,
717 3732 777 3772 ut
804 3734 947 3790 saepe
968 3719 1171 3774 dictum
1192 3719 1300 3785 'est,
1352 3737 1452 3791 nec
1497 3722 1694 3776 iterare
1721 3722 1885 3791 piget,

297 3811 607 3867 intellectus
626 3818 726 3865 est.
750 3788 1036 3865 Enimvero
1056 3826 1317 3881 corporea
1339 3788 1561 3881 intelligi
1585 3827 1684 3881 neq
1693 3788 1855 3866 neunt
1872 3829 1886 3878 ;

296 3902 491 3957 sentiri
525 3901 594 3954 ab
646 3900 822 3955 anima
872 3916 972 3970 per
1016 3916 1211 3971 corpus
1266 3911 1488 3972 queunt.
1530 3901 1719 3958 Anima
1759 3918 1888 3959 vero

295 3997 437 4051 sicut
468 4009 571 4075 per
597 3995 1016 4071 corpusnsentit,
1046 3994 1118 4049 ita
1145 4012 1243 4065 per
1280 4012 1339 4051 se
1380 3997 1645 4064 intelligit.
1690 3997 1911 4073 Eorum.

294 4103 413 4157 qua:
447 4087 753 4141 sentiuntur
781 4093 943 4155 atque
971 4088 1352 4157 intelliguntur,
1395 4090 1690 4143 substantia
1730 4090 1887 4159 longe

292 4178 512 4231 diversa
538 4182 639 4229 est.
672 4174 790 4241 Quo
829 4176 889 4229 tit
917 4185 977 4230 ut
1017 4178 1213 4240 anima,
1254 4180 1376 4247 quia
1417 4195 1522 4233 non
1554 4187 1636 4234 est
1668 4195 1882 4248 corpus,

292 4281 526 4336 quaeque
553 4280 815 4335 corporea
837 4267 938 4321 nisi
973 4283 1070 4338 per
1096 4284 1293 4338 corpus
1322 4270 1522 4325 sentire
1559 4286 1663 4325 non
1695 4272 1883 4340 possit,

292 4360 484 4415 videre
527 4366 706 4413 autem
742 4374 839 4429 per
883 4375 942 4415 se
985 4376 1102 4429 quae
1133 4361 1473 4430 intelligenda
1518 4371 1661 4429 sunt,
1691 4364 1880 4433 possit.

292 4451 374 4508 Tu
404 4466 539 4507 vero
567 4450 729 4505 nimis
754 4460 1085 4521 repugnante
1125 4454 1411 4518 sententia,
1443 4470 1706 4524 corporea
1736 4456 1885 4511 voles

1997 3269 2054 3315 ut
2076 3261 2290 3321 astruis,
2315 3260 2581 3313 humanus
2600 3260 2808 3313 animus
2824 3268 2873 3312 et
2894 3260 3005 3328 ipse
3028 3275 3320 3328 corporeus
3343 3269 3395 3314 et
3428 3268 3580 3329 septo

1993 3354 2237 3423 corporis
2258 3351 2543 3405 exterioris
2564 3351 2818 3415 inclusus,
2838 3351 2881 3403 si
2909 3350 3037 3418 quid
3064 3365 3160 3419 per
3180 3366 3238 3405 se
3266 3351 3449 3405 videre
3465 3366 3577 3405 eor-

1991 3457 2218 3513 poreum
2245 3449 2444 3511 potest,
2469 3439 2603 3493 nihil
2624 3439 2699 3493 illi
2721 3439 2921 3493 scilicet
2952 3438 3134 3493 videre
3156 3441 3456 3509 promptius
3477 3448 3578 3504 est,

1992 3549 2153 3604 quam
2182 3531 2425 3601 corporis
2454 3531 2662 3584 interna
2702 3530 2855 3598 queis
2884 3529 3167 3583 clauditur.
3202 3529 3343 3598 Age,
3377 3544 3580 3597 qumso,

1993 3623 2210 3679 intende
2239 3623 2292 3677 in
2320 3622 2525 3677 viscera
2566 3628 2655 3674 tua
2684 3628 2739 3675 et
2766 3620 2820 3673 in
2847 3635 3037 3674 omnes
3067 3619 3353 3673 admodum
3384 3635 3581 3689 corpo-

1992 3731 2111 3770 rum
2139 3722 2339 3785 partes,
2370 3722 2426 3769 et
2455 3715 2612 3767 istum
2636 3726 2794 3781 quem
2818 3712 3033 3766 dictitas
3056 3711 3218 3766 animi
3244 3710 3581 3780 corporalem

1991 3809 2185 3874 visum,
2215 3808 2282 3862 de
2309 3807 2593 3876 temetipso
2648 3806 2956 3860 renuntiato
2999 3803 3018 3842 τ
3054 3805 3183 3858 mihi
3214 3804 3474 3872 nobisque
3502 3803 3582 3857 di-

1992 3904 2123 3968 cito,
2164 3901 2358 3971 quibus
2405 3900 2598 3965 modis,
2631 3914 2808 3967 quove
2862 3899 2967 3953 situ
3013 3897 3328 3952 triformitas
3376 3895 3581 3951 cerebri

1991 4000 2168 4058 coeat,
2188 3992 2387 4061 jecoris
2414 4007 2587 4045 massa
2614 3989 2811 4059 jaceat,
2834 3991 3017 4058 regula
3046 3990 3200 4044 lienis
3228 3990 3446 4050 hrereat,
3471 3995 3580 4041 sto-

1990 4083 2167 4137 machi
2197 4081 2331 4135 libra
2356 4080 2607 4150 pendeat,
2639 4079 2818 4134 cordis
2845 4079 3109 4147 plectrum
3147 4078 3323 4139 feriat,
3352 4076 3441 4145 qni
3484 4091 3579 4130 ve-

1991 4187 2180 4226 narum
2211 4171 2471 4233 tramites,
2500 4184 2688 4238 qumve
2726 4176 2968 4232 textura,
3000 4182 3124 4237 qua:
3151 4182 3439 4220 nervorum
3469 4165 3580 4220 ori-

1987 4266 2159 4334 gines,
2190 4278 2375 4333 quieve
2421 4273 2725 4330 compages,
2757 4274 2876 4330 qua:
2921 4258 3124 4313 ossium
3168 4248 3356 4322 coitio,
3389 4271 3577 4326 qumve

1987 4355 2309 4426 compactio,
2332 4367 2451 4422 quae
2477 4351 2789 4421 pulmonum
2816 4364 2969 4412 cava,
2994 4362 3112 4418 qute
3137 4354 3393 4401 tortunsm
3419 4347 3575 4400 batu-

1986 4451 2161 4505 lorum
2190 4447 2482 4511 enodibus,
2516 4459 2635 4514 qua:
2681 4443 2924 4513 ligaturis
2952 4441 3215 4510 explicita:
3264 4439 3576 4493 inﬂexiones

291 4544 542 4612 intelligi,
566 4551 622 4597 et
640 4544 955 4613 incorporea
972 4543 1175 4598 videri?
1200 4543 1308 4600 Sed
1332 4561 1398 4600 ne
1416 4546 1512 4600 tibi
1541 4548 1751 4601 animus
1776 4548 1879 4602 hu-
1911 4535 1958 4593 Ι)
1983 4559 2048 4599 ac
2069 4540 2409 4598 reﬂexiones.
2440 4538 2579 4594 Ecce
2605 4536 2734 4606 quid
2780 4549 2973 4604 negas,
3008 4533 3257 4596 arbitror,
3303 4546 3466 4599 super
3495 4530 3577 4583 his

288 4652 489 4693 manus
509 4651 670 4706 quem
690 4651 1008 4706 corporeum
1032 4636 1226 4703 credis,
1250 4645 1343 4692 aut
1363 4638 1513 4703 nihil,
1534 4646 1627 4692 aut
1650 4655 1758 4693 non
1780 4640 1883 4693 nisi

288 4742 558 4799 corporea
583 4727 1002 4798 autincorporea
1024 4726 1161 4783 forte
1175 4728 1289 4783 sola
1308 4744 1405 4798 per
1424 4745 1562 4796 sese,
1578 4731 1716 4785 sicut
1735 4738 1885 4785 natu-

286 4834 362 4873 ra:
372 4819 493 4889 ejus
504 4825 589 4873 est
600 4818 1086 4889 proprium,viderc
1101 4834 1261 4890 posse
1274 4820 1881 4890 videatur;trigeminum

286 4909 608 4979 quaestionis
636 4909 810 4979 hujus,
842 4908 1020 4978 quoad
1049 4910 1277 4966 strictim
1321 4927 1626 4982 possumus,
1657 4913 1884 4968 ventile-

284 5016 411 5056 mus
435 5000 741 5056 obscurum.
766 4998 908 5069 Ergo
930 5000 1181 5055 videatne
1218 5015 1315 5070 per
1334 5017 1453 5057 sese
1484 5002 1744 5057 humanus
1764 5003 1878 5057 ani—

286 5106 411 5145 mus
437 5104 630 5153 necne,
660 5088 956 5144 videamus.
998 5088 1105 5145 Sed
1132 5093 1387 5160 quoniam
1420 5106 1558 5161 pene
1607 5108 1876 5147 summum

284 5184 512 5242 istiusce
541 5182 740 5251 negotii
767 5183 905 5238 istuc
931 5182 986 5236 in
1014 5182 1136 5239 loco
1164 5183 1409 5249 vertitur,
1446 5194 1468 5223 ο
1492 5184 1773 5252 vigilacem
1805 5186 1878 5240 vi-

361 5397 389 5426 ι
420 5388 532 5455 AL,
562 5387 740 5458 dispar
767 5404 1016 5442 asserere.
1048 5385 1117 5441 Et
1147 5403 1270 5442 mox
1292 5387 1418 5442 bene
1456 5397 1597 5442 stare
1630 5404 1727 5458 pro
1755 5403 1876 5441 une-

253 5474 498 5599 -'_ce;elta
543 5524 709 5581 Paris.
755 5529 939 5583 editio.
964 5528 1034 5582 At
1060 5526 1302 5599 Lugdun.
1346 5527 1561 5599 rigidos.
1606 5526 1736 5599 Qua:
1764 5527 1876 5596 qui-

283 5597 413 5652 dem
430 5598 603 5669 lectio
632 5600 894 5669 repetitur
916 5599 1050 5669 infra
1076 5597 1194 5669 cap.
1230 5598 1316 5661 Η,
1349 5597 1460 5668 βε,
1493 5598 1800 5669 ευιιῆσιθιη.

365 5678 388 5706 τ
422 5666 514 5738 Sic
532 5666 718 5723 eadem
752 5670 880 5725 edit.
920 5668 1085 5723 Paris.
1119 5666 1226 5733 AL,
1260 5666 1498 5733 cordax;
1528 5668 1681 5738 cujus
1727 5671 1875 5723 vocis

285 5736 608 5808 significatio
636 5756 741 5797 non
773 5748 854 5795 est
881 5740 1038 5810 hujus
1067 5739 1186 5806 loci,
1214 5748 1271 5794 ut
1300 5738 1470 5795 lexica
1496 5736 1710 5794 docent.

1987 4650 2246 4707 responsa
2286 4632 2591 4689 redhibere.
2615 4628 2724 4683 Cur
2752 4628 2913 4695 igitur
2939 4625 3141 4693 negas?
3167 4623 3293 4692 quia
3322 4621 3574 4676 videlicet

1987 4728 2198 4783 animus
2224 4740 2323 4795 per
2348 4738 2469 4779 sese
2496 4734 2758 4790 corporea
2787 4730 3127 4785 nequaquam
3156 4712 3320 4766 videt.
3353 4709 3458 4765 Sed
3480 4728 3576 4767 cur

1984 4818 2170 4873 videre
2217 4827 2477 4885 corporea
2508 4823 2847 4879 nequaquam
2891 4805 3079 4875 possit,
3105 4818 3266 4873 quem
3315 4818 3419 4857 non
3460 4802 3577 4857 sine

1983 4911 2101 4966 visu
2130 4923 2251 4964 esse
2289 4907 2401 4976 jam
2428 4900 2702 4959 constitit?
2731 4898 2897 4952 Nemo
2926 4896 3221 4965 quidquam
3252 4909 3573 4965 corporeum

1986 5001 2149 5065 videt,
2167 4998 2257 5069 qui
2284 4993 2619 5065 corporalem
2638 4990 2807 5043 visum
2822 5003 2927 5041 non
2950 4985 3130 5040 habet.
3157 4985 3376 5040 Animus
3395 4990 3573 5038 autem

1985 5094 2077 5164 qui
2108 5092 2269 5146 habet
2294 5088 2485 5148 visum,
2515 5091 2569 5137 et
2589 5079 2869 5150 corporale
2898 5077 3034 5131 nihil
3050 5077 3213 5142 videt,
3235 5075 3577 5145 incorporali.

1987 5194 2070 5240 ter
2099 5180 2272 5246 videt;
2298 5187 2352 5233 et
2382 5172 2789 5243 incorporaliter
2814 5168 2995 5225 videre
3022 5184 3200 5239 posse,
3225 5165 3573 5237 incorporalis

2055 5382 2081 5421 δ
2114 5382 2222 5447 AL,
2252 5396 2366 5452 qua:
2394 5382 2595 5431 horum.
3435 5434 3448 5449 .

2058 5465 2079 5493 ο
2106 5453 2223 5507 Vox
2253 5455 2505 5518 usurpata
2530 5446 2741 5518 Quium.
2773 5444 2865 5518 lib.
2899 5459 2989 5518 vn,
3019 5456 3139 5509 cap.
3168 5437 3251 5501 12,
3276 5444 3332 5491 et
3353 5433 3505 5490 0nd.
3535 5451 3566 5518 η

1984 5524 2201 5580 Metam.
2226 5537 2367 5576 vers.
2384 5508 2516 5572 .779.
2536 5515 2790 5571 Sidonius
2808 5517 2936 5568 item
2962 5508 3222 5580 hacfvoee
3248 5521 3375 5580 usus
3400 5508 3567 5580 semel

1983 5575 2304 5662 iterumque,
2333 5598 2391 5644 ut
2416 5580 3039 5662 animadvertitCangius
3063 5577 3114 5630 in
3135 5578 3419 5662 Glossarim
3444 5575 3568 5662 _Non

1984 5646 2307 5732 emt‘igi‘tur
2340 5676 2436 5716 cur
2462 5658 2790 5714 Parisienses
2834 5646 3190 5707 rescriberem
3240 5646 3564 5716 prudentem.

2063 5736 2080 5775 ι
2113 5734 2220 5799 AL,
2255 5731 2363 5789 tibi.

2252 5396 2366 5452 qua!
2394 5378 2595 5452 horum.
