3946 6182
440 334 501 395 τι
1629 305 1636 312 ’
1734 337 2018 395 ΜΑιιΕιιι

2123 341 2460 403 ιιΑυῡιΛΜ
3570 346 3659 406 ἸἹῖ

410 472 493 520 εει
513 465 684 528 visus;
708 471 761 518 et
792 463 1165 532 ineorporeum
1196 461 1365 516 visum
1388 461 1489 517 nisi
1512 462 1861 532 incorporeus
1884 476 1992 515 non
2024 468 2065 522 Λ
2097 463 2396 518 substantia
2417 461 2491 516 illi
2515 475 2774 532 corporea
2803 461 2893 528 sit,
2915 458 3006 530 qui
3034 460 3280 515 eamdem
3312 459 3659 532 ineorpoream

412 555 608 622 habet;
649 561 702 610 et
732 553 1141 624 incorporaliter
1161 552 1436 608 humanus
1466 554 1679 609 animus
1707 551 1890 608 videt:
1922 552 2004 605 in-

411 661 707 718 corporeus
727 646 886 714 igitur
906 653 987 700 est
1008 645 1275 700 humanus
1302 646 1535 700 animus.
1556 643 1674 699 Non
1700 657 1829 713 ergo
1858 643 2005 698 hisce

410 740 616 795 frivolis
635 739 938 794 solliciteris
965 739 1213 808 amplius,
1239 745 1295 792 ut
1323 753 1475 793 reare
1497 738 1733 793 animum
1758 752 1865 792 non
1886 750 2006 791 esse

412 830 520 885 illic
549 830 638 884 ubi
680 829 910 898 cogitat;
942 830 1067 900 quia
1096 826 1448 899 contemplari
1489 844 1586 899 per
1614 837 1862 882 naturam
1909 840 2008 882 ne-

411 922 530 993 quit
557 922 690 977 situs
716 921 981 985 locorum,
1004 921 1182 975 vultus
1212 921 1512 985 hominum,
1544 927 1723 974 motus
1749 926 2008 987 actusque

412 1021 736 1091 populorum
767 1019 921 1074 :hmc
948 1033 1180 1087 namque
1209 1028 1473 1087 corporea
1519 1022 1661 1070 sunt.
1695 1012 1866 1069 Porro
1912 1029 2011 1067 au-

414 1122 525 1167 tem
553 1112 764 1166 animus
811 1112 1180 1180 incorporeus,
1224 1108 1370 1178 quod
1410 1114 1602 1162 contra
1649 1114 1897 1160 naturam
1924 1103 2009 1158 sui

416 1211 517 1269 est,
547 1203 730 1257 videre
755 1219 862 1257 non
903 1208 1100 1273 potest.
1132 1200 1370 1254 Eatenus
1402 1206 1581 1253 tamen
1610 1197 1763 1252 adest
1798 1197 1890 1275 ubi
1918 1212 2012 1252 co—

415 1297 572 1366 gitat,
606 1304 663 1349 ut
693 1294 810 1349 loca
838 1308 958 1363 quae
988 1294 1190 1362 cogitat
1217 1292 1486 1363 corporali
1517 1292 1721 1346 visione
1750 1304 1857 1345 non
1886 1306 2010 1347 cer-

418 1397 514 1444 nat
545 1406 558 1441 :
589 1388 727 1443 sicut
756 1386 907 1441 adest
936 1386 1026 1440 ubi
1054 1385 1307 1448 viviﬁcat,
1351 1391 1410 1438 ut
1455 1385 1569 1454 ipsa
1609 1398 1729 1455 qua:
1774 1381 2013 1437 viviﬁcat

417 1480 500 1536 sui
529 1478 773 1549 corporis
801 1477 1012 1531 interna
1041 1492 1149 1531 non
1178 1476 1375 1530 videat.
1411 1475 1489 1529 Ac
1536 1475 1583 1529 si
1625 1478 2010 1544 usqdequaque

416 1579 585 1642 patet,
615 1570 853 1623 animum
899 1575 956 1623 et
997 1581 1262 1636 corporea
1311 1580 1429 1620 non
1463 1580 1626 1634 posse
1667 1564 1851 1619 videre
1897 1564 2013 1619 sine

418 1675 668 1731 corpore,
687 1668 742 1714 et
764 1659 1082 1729 incorporea
1102 1673 1223 1712 cum
1244 1670 1472 1725 corpore
1493 1655 1674 1710 videre
1695 1670 1801 1708 nou
1825 1668 2010 1725 posse,

420 1768 529 1808 non
573 1751 774 1806 diutius
815 1749 881 1804 ad
921 1747 1301 1803 Alexandriam
1347 1746 1773 1817 peregrinemur,
1803 1745 1900 1799 sed
1945 1745 2013 1799 ab

2105 555 2327 609 creavit.
2361 552 2472 608 Nec
2498 552 2730 624 primum
2756 551 2896 619 dico,
2922 552 2994 606 ita
3017 552 3108 619 sit,
3133 567 3328 618 necne,
3358 553 3450 609 sed
3478 554 3668 625 imprae-

2105 648 2402 702 sentiarum
2430 646 2502 701 ita
2531 660 2650 700 esse
2689 644 2929 701 concedo
2964 662 2977 697 :
3032 643 3171 699 unde
3221 652 3406 700 tamen
3453 645 3523 701 ita
3567 662 3670 706 esse

2106 739 2356 792 noverint
2381 753 2584 808 qumro.
2617 737 2675 794 Si
2704 738 2756 792 id
2803 737 3105 792 divinorum
3134 737 3469 793 voluminum
3503 738 3673 795 littera:

2106 831 2404 893 continent,
2448 830 2648 898 legant.
2696 827 2753 883 Si
2802 827 3067 899 quaepiam
3107 828 3447 884 ratiocinatio
3485 830 3673 895 suadet,

2107 920 2357 976 doceant.
2399 919 2457 976 Si
2498 919 2814 974 dialecticcn
2838 918 2991 988 juvat
3039 933 3325 982 exercere,
3357 917 3673 973 convincam.

2108 1009 2166 1065 Si
2194 1010 2387 1065 horum
2428 1010 2563 1065 nihil
2589 1017 2689 1073 est,
2721 1009 2912 1064 saltem
2952 1009 3232 1063 sententia:
3272 1007 3563 1064 concedant
3586 1024 3678 1063 sue

2111 1108 2170 1155 ut
2198 1101 2291 1171 qui
2320 1102 2373 1156 in
2414 1116 2474 1157 se
2504 1086 2808 1170 incorporei
2833 1109 2977 1164 sunt,
3010 1116 3119 1157 non
3147 1108 3302 1155 extra
3329 1117 3389 1155 se
3415 1117 3678 1171 corporeos

2112 1207 2173 1247 se
2201 1207 2320 1246 esse
2350 1191 2591 1247 credant.
2623 1190 2758 1258 Quia
2782 1189 2924 1245 aliud
2946 1188 3099 1245 extra
3128 1207 3186 1245 se
3215 1203 3337 1245 esse
3369 1206 3475 1244 non
3502 1201 3676 1260 potest,
3704 1187 3721 1213 ”

2110 1282 2203 1351 qui
2226 1290 2380 1336 extra
2409 1296 2470 1336 se
2510 1282 2642 1336 nihil
2663 1296 2782 1336 esse
2811 1290 3008 1352 potest.
3038 1281 3275 1336 Proinde
3299 1282 3506 1337 animus
3528 1284 3610 1353 qui
3636 1287 3678 1338 in

2112 1387 2172 1427 se
2200 1372 2317 1445 ipso
2345 1372 2696 1442 incorporeus
2731 1380 2846 1436 est,
2881 1387 3218 1442 nequaquam
3247 1381 3433 1442 potest
3471 1384 3611 1428 extra
3633 1390 3683 1429 se

2114 1480 2232 1520 esse
2252 1480 2566 1536 corporeus.
2591 1466 2725 1532 Quia
2748 1481 2849 1521 nec
2868 1474 3057 1521 auctor
3078 1466 3194 1536 ejus
3216 1467 3365 1522 aliud
3385 1468 3529 1523 illum
3557 1472 3683 1524 novit

2114 1572 2235 1612 esse
2263 1572 2426 1626 quam
2456 1557 2601 1623 fecit,
2635 1574 2735 1614 nec
2763 1559 2853 1613 ille
2880 1559 3023 1614 aliud
3052 1575 3111 1614 se
3138 1568 3321 1630 potest
3339 1577 3517 1629 nosse,
3546 1577 3682 1632 quam

2114 1648 2286 1704 factus
2309 1659 2410 1704 est.
2442 1649 2519 1705 Ac
2540 1666 2637 1720 per
2664 1650 2769 1705 hoc
2796 1650 2841 1705 si
2862 1666 3051 1705 verum
3081 1651 3251 1719 novit,
3285 1667 3410 1709 cum
3437 1667 3493 1708 se
3530 1653 3685 1708 incor-

2120 1755 2348 1811 poreum
2377 1740 2570 1795 novit:
2621 1754 2750 1809 ergo
2779 1739 2981 1796 fallitur
3022 1741 3182 1808 Deus,
3230 1743 3278 1797 si
3333 1743 3562 1798 animum
3609 1745 3684 1814 qui

422 1843 660 1915 JEgypto
682 1842 968 1896 redeuntes
985 1840 1301 1894 transmisso
1322 1853 1566 1893 errorum
1590 1837 1746 1904 mari,
1767 1844 1823 1892 et
1838 1851 2018 1891 emen-
2047 1829 2094 1888 B
2119 1847 2247 1886 vere
2271 1833 2624 1902 incorporeus
2645 1841 2750 1899 est,
2774 1848 3096 1903 corporeum
3118 1833 3307 1889 novit:
3338 1834 3433 1889 sed
3453 1833 3686 1889 falliDeus

422 1946 481 1986 sa
505 1930 818 2000 ignorantiae
855 1944 1061 1994 eremo,
1084 1927 1329 1983 veritatis
1354 1926 1583 1997 patriam
1615 1934 1777 1996 atque
1805 1924 1885 1980 uti
1904 1932 2016 1980 ter-

423 2037 540 2076 ram
564 2020 998 2092 repromissionis
1020 2020 1282 2073 intremus
1309 2036 1321 2071 :
1354 2032 1462 2072 non
1488 2016 1648 2072 otiosi
1671 2031 1845 2086 neque
1870 2016 2037 2070 inerr

424 2120 527 2179 tes,
568 2128 744 2182 neque
790 2125 917 2167 vero
961 2110 1312 2181 trepidantes.
1347 2106 1420 2164 Ut
1462 2108 1508 2163 si
1548 2107 1678 2178 quid
1725 2106 2018 2178 falsiloqua:

422 2204 678 2259 vanitatis
717 2204 850 2259 vitio
878 2202 1220 2275 progenitum
1266 2208 1361 2255 aut
1404 2200 1575 2256 latere
1626 2207 1782 2256 tenus
1810 2200 2020 2255 obstrea-

423 2294 619 2365 puerit,
652 2302 746 2349 aut
791 2294 1009 2349 obvium
1037 2307 1158 2349 sese
1182 2291 1409 2358 dederit,
1439 2289 1565 2347 Jesu
1595 2291 1796 2362 praevio
1836 2298 1892 2345 et
1919 2288 2043 2367 ads.

421 2387 603 2460 jutore
631 2385 870 2442 feriatur.

1058 2473 1289 2531 CAPUT
1316 2473 1385 2528 X.

426 2568 620 2625 Contra
640 2587 726 2625 eos
755 2570 840 2641 qui
859 2569 1077 2623 dicunt:
1105 2567 1293 2620 Anima
1321 2564 1417 2620 sibi
1446 2567 1752 2633 incorporea
1779 2573 1875 2630 est,
1910 2558 2018 2618 Deo

1086 2654 1353 2708 corporea.

494 2751 537 2807 l.
565 2752 671 2808 Sed
709 2768 777 2807 en
825 2749 1276 2821 aliquorumpiam
1322 2747 1412 2817 qui
1455 2745 1771 2801 interimunt
1814 2744 2019 2799 animas

424 2843 785 2912 garrientibus
814 2842 994 2909 nugis,
1025 2840 1125 2894 etsi
1154 2854 1262 2893 non
1291 2838 1530 2892 sistimur
1559 2836 1626 2892 ab
1655 2837 1868 2902 itinere,
1900 2835 2018 2889 len—

424 2943 604 2989 tamur
627 2942 824 2987 tamen.
855 2924 961 2986 Séd
991 2931 1260 2984 insumere
1287 2928 1541 2998 pusillum
1572 2926 1832 2995 temporis
1854 2925 2020 2979 inter-

424 3025 662 3079 trimenti
694 3023 825 3077 nihil
855 3029 939 3077 est
970 3039 982 3072 :
1016 3022 1143 3090 quin
1172 3035 1337 3090 porro
1360 3018 1515 3089 juvat
1553 3017 1735 3082 modo,
1767 3016 1896 3085 quid
1923 3017 2020 3070 ob-

424 3130 639 3169 versum
684 3128 835 3176 γει-ο,
867 3111 1063 3181 quidve
1111 3109 1410 3176 diversum,
1444 3109 1635 3165 eadem
1685 3108 1885 3163 veritas
1924 3115 2018 3161 aut

423 3208 677 3277 depellat,
694 3214 785 3259 aut
812 3176 1075 3274 proterat.
1102 3201 1168 3256 Et
1197 3218 1318 3258 eum
1348 3202 1509 3256 audio
1530 3201 1710 3257 dicere
1734 3201 2016 3273 quospiam
2044 3176 2090 3240 ο

424 3299 517 3369 qui
546 3306 601 3352 et
649 3310 937 3366 corporeas
965 3308 1085 3349 esse
1112 3293 1301 3349 volunt
1348 3293 1553 3347 animas
1597 3299 1653 3346 et
1680 3292 1899 3347 easdem
1945 3290 2020 3344 in-

424 3403 719 3458 corporeas
748 3400 946 3455 negare
975 3401 1082 3441 non
1130 3394 1385 3455 possunt,
1436 3383 1579 3438 aliud
1629 3383 1773 3454 ipsas
1813 3384 2020 3437 animas

422 3479 546 3547 sibi,
579 3478 721 3533 aliud
747 3493 868 3533 esse
897 3476 1175 3532 creatoris.
1209 3474 1342 3538 Deo,
1377 3475 1645 3544 inquiunt,
1677 3474 1873 3529 anima:
1897 3490 2019 3530 cor-

422 3585 603 3641 porea:
651 3577 793 3636 sunt,
836 3583 1026 3624 verum
1074 3567 1292 3622 sibimet
1322 3567 1700 3635 incorporete:
1750 3565 1895 3634 quod
1944 3566 2019 3621 ita

423 3670 505 3717 est
532 3677 597 3716 ac
620 3660 666 3715 si
695 3660 875 3714 dicant
908 3660 1113 3713 animas
1141 3669 1195 3712 et
1217 3672 1509 3727 corporeas
1539 3672 1659 3711 esse
1685 3664 1742 3711 et
1771 3657 2022 3727 incorpo-

423 3770 561 3815 reas,
608 3751 988 3807 [Eternitatem
1032 3765 1199 3821 porro
1245 3757 1437 3813 testor,
1467 3749 1613 3817 quod
1661 3764 1727 3804 eo
1774 3749 2021 3803 mihimet

423 3843 573 3899 hisce
600 3842 848 3896 inanibus
879 3839 1206 3910 respondere
1238 3837 1521 3892 admodum
1552 3838 1723 3892 labori
1752 3846 1865 3904 est;
1893 3839 2019 3908 quia

423 3932 557 3988 nihil
585 3931 725 3994 istic,
758 3930 976 3999 quicum
1006 3927 1345 3996 congrediar,
1376 3927 1507 3980 nihil
1537 3927 1679 3995 quod
1710 3927 2019 3983 medullitus

422 4039 627 4089 eruam,
660 4021 794 4076 nihil
823 4021 1040 4090 quicum
1079 4019 1371 4074 certavisse
1400 4018 1681 4083 exercitis,
1717 4018 1846 4072 nihil
1896 4034 2021 4083 pro-

423 4113 564 4169 fecto
594 4121 694 4177 est,
728 4110 874 4187 quod
902 4110 1094 4165 vicisse
1124 4107 1361 4163 victoriae
1390 4105 1653 4187 sit._Ergo
1684 4109 1860 4161 anima
1900 4123 2020 4162 cor-

422 4222 587 4279 porea
611 4184 872 4272 creatori,
890 4211 958 4258 .et
986 4203 1306 4273 incorporea
1342 4192 1445 4257 sibi
1474 4184 1594 4256 est?
1622 4201 1729 4257 Sed
1771 4201 1883 4256 duo
1904 4200 2021 4256 htcc

424 4311 583 4366 quam
610 4295 841 4350 solerter
868 4293 1060 4348 discuti
1088 4292 1228 4346 ratio
1250 4290 1565 4361 indaganda:
1592 4292 1833 4347 veritatis
1853 4305 2021 4360 expo-

423 4386 543 4442 scit.
574 4385 680 4440 Aut
706 4399 892 4439 verum
921 4398 1109 4438 revera
1140 4389 1243 4447 est,
1274 4381 1420 4451 quod
1458 4382 1777 4452 incorporea
1808 4382 1877 4435 sit
1905 4380 2021 4434 ani-

424 4491 530 4541 ma,
563 4476 609 4530 si
656 4465 791 4530 hoc.
807 4475 981 4545 ipsum
1010 4473 1078 4527 de
1131 4487 1191 4526 se
1240 4472 1355 4542 ipsa
1380 4472 1645 4527 veraciter
1672 4472 1821 4526 novit
1866 4490 1878 4524 :
1929 4480 2021 4525 aut

424 4565 550 4621 item
573 4580 762 4621 verum
782 4544 887 4630 est,
911 4562 1057 4633 quod
1086 4576 1351 4632 corporea
1371 4561 1442 4616 sit
1470 4562 1670 4626 anima,
1694 4562 1740 4615 si
1772 4562 1822 4615 id
1854 4577 2018 4631 penes
2048 4544 2095 4602 D

425 4658 616 4713 anima:
672 4662 885 4712 constat
913 4662 1212 4710 auctorem.
1244 4652 1336 4707 Isti
1384 4668 1569 4707 verum
1599 4652 1799 4719 dicunt,
1832 4663 1887 4708 ct
1933 4670 2020 4709 ve-

426 4767 540 4806 rum
572 4760 671 4815 est,
704 4750 848 4820 quod
899 4749 1077 4803 anima
1108 4747 1429 4817 incorporea
1474 4748 1564 4809 sit,
1595 4747 1720 4814 quia
1751 4756 1809 4802 et
1846 4747 2017 4817 ipsum

425 4848 476 4899 in
510 4844 735 4898 veritate
776 4842 1056 4912 cognoscit
1086 4859 1099 4894 :
1130 4849 1184 4896 et
1214 4841 1342 4894 item
1366 4856 1555 4896 verum
1585 4848 1667 4894 est
1707 4840 1850 4909 quod
1903 4841 2021 4894 ani-

426 4952 511 4991 ma
541 4951 801 5005 corporea
841 4936 929 4999 sit,
961 4935 1216 5005 quoniam
1261 4933 1454 4988 animae
1502 4940 1718 4987 creator
1767 4934 1817 4987 id
1849 4935 2016 4988 novit.

429 5026 543 5081 Duo
572 5024 787 5093 quidem
817 5032 872 5079 et
891 5025 1163 5080 contraria
1187 5038 1575 5093 usquequaque
1597 5024 1698 5078 sibi
1718 5031 1774 5078 et
1795 5032 2021 5093 utraque

427 5138 554 5179 vera
585 5136 704 5177 esse
732 5120 1065 5177 contendunt
1098 5138 1109 5174 :
1143 5136 1263 5176 cum
1293 5135 1482 5174 verum
1513 5120 1611 5174 nisi
1642 5118 1775 5174 falso
1804 5128 2021 5174 contra~

429 5217 569 5270 rium
600 5228 706 5268 non
749 5212 839 5268 sit.
864 5210 1090 5265 lllustris
1118 5210 1407 5266 admodum
1447 5225 1511 5266 ac
1547 5211 1803 5281 prteclara
1842 5210 2025 5279 dispu-

430 5307 581 5371 tatio,
629 5318 747 5375 qua:
776 5302 899 5357 dum
948 5315 1111 5355 unam
1154 5300 1435 5372 solamque
1462 5302 1748 5356 veritatem
1795 5301 2021 5371 spernit,

429 5397 562 5452 duas
592 5395 695 5451 sibi
720 5394 976 5450 veritates
1005 5392 1209 5446 invenit
1237 5410 1248 5444 :
1282 5400 1341 5447 ut
1366 5400 1545 5447 tamen
1576 5393 1709 5449 istos
1738 5392 2027 5464 professio-

430 5489 514 5543 nis
543 5503 655 5544 sute
683 5487 909 5544 nexibus
938 5493 1151 5540 teneam
1175 5483 1338 5553 pedes
1367 5484 1667 5559 hominum,
1693 5486 1822 5556 ipsis
1851 5486 2028 5540 faten-

434 5581 577 5634 tibus
607 5580 957 5649 incorporeus
986 5584 1071 5631 est
1096 5576 1363 5629 humanus
1390 5577 1619 5630 animus.

504 5668 567 5723 ll.
600 5667 864 5735 Quoniam
886 5669 1043 5737 igitur
1063 5683 1225 5737 super
1246 5668 1345 5722 hac
1373 5667 1527 5721 nobis
1547 5668 1855 5735 qumstioais
1873 5675 2026 5738 parte

435 5762 708 5828 convenit,
756 5772 922 5817 restat
967 5770 1023 5817 ιιι
1074 5762 1303 5817 doceant
1352 5770 1617 5832 quatenus
1672 5762 2028 5831 incorporalis

2076 1926 2079 1929 λ
2120 1940 2229 1980 non
2255 1930 2456 1995 potest.
2481 1922 2864 1995 lncorporeum
2891 1923 3054 1993 igitur
3090 1938 3210 1979 esse
3238 1924 3395 1980 novit
3435 1925 3685 1979 animum:

2120 2034 2190 2075 ne
2216 2017 2408 2074 falsum
2456 2018 2527 2073 sit
2550 2032 2758 2083 verum,
2781 2032 2890 2087 quo
2914 2032 2974 2074 se
3014 2017 3224 2073 animus
3242 2017 3511 2073 veraciter
3534 2017 3687 2072 ineor-

2118 2126 2345 2182 poreum
2375 2111 2543 2167 novit.
2574 2110 2930 2182 Incorporeus
2969 2124 3099 2180 ergo
3136 2111 3353 2167 animus
3380 2110 3572 2167 idcirco
3603 2110 3687 2165 sibi

2120 2211 2222 2270 εει,
2252 2202 2379 2272 quia
2425 2210 2481 2258 et
2529 2201 2784 2258 creatori.
2816 2200 2969 2257 Sicut
2997 2201 3142 2257 enim
3190 2208 3340 2256 terra
3372 2200 3563 2257 idcirco
3603 2200 3688 2255 ho-

2120 2297 2252 2352 mini
2277 2307 2443 2360 terra,
2466 2296 2593 2365 quia
2620 2302 2676 2350 et
2702 2294 2815 2351 Deo
2846 2302 2990 2349 terra
3019 2302 3124 2351 est.
3174 2293 3244 2350 Et
3273 2295 3415 2351 sicut
3441 2309 3589 2364 aqua,
3613 2308 3688 2347 aer

2120 2397 2177 2445 et
2201 2388 2337 2459 ignis
2365 2388 2567 2444 idcirco
2589 2388 2692 2443 hoc
2719 2387 2895 2458 ipsum
2923 2388 3126 2444 homini
3145 2395 3293 2455 sunt,
3318 2388 3443 2458 quia
3470 2395 3523 2443 et
3540 2388 3687 2458 ipsum

2121 2479 2234 2536 Deo
2262 2488 2419 2535 sunt:
2449 2487 2504 2533 et
2549 2479 2708 2535 sicuti
2734 2480 2915 2533 omnia
2969 2495 3091 2549 qua:
3120 2481 3391 2536 veraciter
3436 2481 3688 2536 innotuere

2125 2572 2353 2638 homini,
2382 2571 2488 2628 hoc
2526 2578 2651 2626 sunt
2680 2571 2733 2625 in
2762 2570 2995 2626 hominis
3022 2572 3209 2625 notitia
3227 2612 3242 2639 ,
3268 2571 3417 2641 quod
3444 2578 3559 2625 sunt
3588 2588 3599 2623 :
3624 2570 3685 2625 ita

2122 2665 2330 2719 scilicet
2357 2664 2622 2718 humanus
2650 2663 2860 2717 animus
2880 2677 3219 2734 nequaquam
3259 2669 3443 2734 potest
3480 2672 3531 2717 et
3556 2662 3685 2715 aliter

2121 2769 2262 2820 esse,
2289 2762 2344 2809 et
2372 2753 2529 2808 aliter
2557 2753 2670 2808 Deo
2714 2761 2876 2808 notus
2904 2767 3043 2807 esse.
3071 2752 3187 2807 Non
3232 2754 3383 2807 enim
3423 2768 3489 2807 ex
3533 2765 3686 2806 rerum

2123 2847 2315 2902 notitia
2357 2854 2441 2900 est
2466 2844 2729 2900 creatoris
2767 2844 3019 2909 scientia,
3051 2843 3147 2899 sed
3194 2844 3483 2899 existentia
3532 2857 3684 2896 rerum

2122 2954 2188 2994 ex
2226 2938 2418 2993 notitia
2447 2936 2724 2992 creatoris.
2770 2935 3033 3002 Quocirca
3075 2935 3349 2990 humanus
3379 2935 3576 2988 animus
3602 2931 3685 2987 nisi

2122 3028 2234 3084 Deo
2263 3028 2613 3099 incorporeus
2640 3033 2816 3089 esset,
2850 3026 3201 3095 incorporeus
3222 3040 3479 3105 essenon
3502 3029 3677 3094 posset.

2124 3120 2397 3190 Quidquid
2426 3121 2570 3176 enim
2591 3134 2811 3190 quoquo
2838 3117 3001 3174 modo
3025 3117 3406 3187 incorporeum
3436 3125 3533 3183 est,
3562 3112 3684 3169 nullo

2121 3213 2283 3268 modo
2304 3219 2484 3283 potest
2512 3226 2632 3266 esse
2652 3225 2992 3283 corporeum.
3026 3208 3130 3264 Sed
3158 3224 3228 3263 ne
3247 3209 3365 3264 istis
3391 3222 3541 3278 supra
3562 3204 3682 3275 justo

2121 3303 2321 3359 diutius
2348 3304 2717 3370 immoremur,
2757 3301 2912 3365 cedo,
2942 3306 2998 3355 et
3020 3298 3133 3370 jam
3157 3299 3227 3356 de
3264 3300 3362 3357 illo
3396 3308 3680 3370 quaeramus.

2119 3395 2265 3465 quod
2288 3395 2435 3452 nulla
2465 3410 2530 3450 ex
2565 3403 2717 3465 parte
2745 3392 3112 3448 discussimus.

2771 3522 3003 3580 CAPUT
3039 3521 3132 3585 XI.

2124 3615 2274 3682 Quod
2301 3635 2367 3672 ea:
2391 3617 2587 3673 duabus
2625 3617 2928 3672 substantiis
2973 3622 3176 3669 constat
3216 3613 3392 3675 homo,
3434 3608 3680 3682 immortali

2193 3700 2243 3742 et
2264 3689 2458 3742 illocali
2480 3690 2674 3751 animo,
2688 3698 2738 3741 et
2751 3687 2963 3741 mortali
2978 3694 3029 3740 et
3047 3685 3201 3739 locati
3224 3700 3457 3753 corpore.
3474 3680 3537 3734 Et
3557 3677 3681 3753 siqui

2193 3760 2555 3813 immortaliter
2583 3747 2759 3811 animo
2778 3760 2994 3829 patitur,
3028 3757 3103 3810 sic
3128 3747 3487 3808 immortaliter
3503 3760 3551 3805 et
3583 3747 3681 3803 illo-

2193 3830 2373 3882 caliter
2400 3829 2669 3899 gloriatur.

2192 3940 2233 3993 l.
2262 3938 2404 3993 Dicis
2430 3938 2650 4007 etenim,
2683 3938 2839 4006 Cum,
2874 3938 3022 3994 verbi
3055 3935 3247 4005 gratia,
3280 3920 3428 3991 Petri
3453 3933 3531 3988 vel
3556 3925 3680 3984 Pauli

2121 4030 2222 4084 sibi
2252 4029 2488 4101 speciem
2530 4030 2741 4084 animus
2770 4029 2910 4083 intra
2955 4029 3152 4083 mentis
3199 4043 3398 4083 arcana
3437 4021 3678 4095 depingit;

2122 4120 2359 4189 nunquid
2389 4120 2569 4175 statim
2599 4120 2815 4174 intimas
2856 4118 3093 4189 paradisi
3140 4117 3296 4173 sedes
3339 4117 3429 4172 ubi
3467 4128 3554 4170 eos
3585 4122 3682 4164 esse

2123 4211 2291 4274 novit,
2317 4211 2655 4281 penetravit?
2680 4208 2785 4263 Aut
2824 4224 2946 4264 cum
2976 4209 3078 4263 sibi
3108 4209 3160 4263 in
3185 4207 3352 4263 corde
3373 4204 3542 4261 divitis
3566 4200 3682 4254 illius

2123 4302 2365 4356 ﬂammas
2409 4317 2473 4356 ex
2508 4300 2739 4355 lectione
2778 4298 3079 4370 proposuit,
3111 4296 3353 4365 nunquid
3371 4296 3481 4365 jam
3505 4290 3564 4346 ad
3591 4297 3681 4342 tor-

2121 4402 2425 4449 mentorum
2449 4392 2565 4462 ejus
2593 4393 2708 4447 loca
2742 4408 2805 4445 ac
2837 4392 2969 4446 vivis
2992 4389 3377 4445 inaccessibilia
3408 4383 3551 4442 inferi
3577 4393 3681 4451 pro.

2122 4484 2284 4539 funda
2329 4483 2648 4538 descendit?
2690 4482 2809 4536 Jam
2856 4482 3063 4537 scilicet
3108 4480 3235 4546 tibi,
3268 4486 3430 4550 prout
3472 4491 3563 4547 par
3587 4468 3679 4524 ﬁeri

2122 4577 2239 4642 fuit,
2263 4577 2330 4632 de
2361 4576 2790 4646 incorporalibus
2819 4575 3117 4629 animarum
3148 4572 3300 4639 locis,
3330 4581 3387 4627 et
3413 4571 3476 4639 de
3502 4564 3679 4622 inferno

2121 4675 2282 4736 atque
2310 4667 2581 4737 paradiso,
2626 4672 2681 4719 et
2719 4665 2787 4719 de
2816 4666 3010 4718 anima:
3037 4664 3152 4718 sine
3180 4678 3409 4733 corpore
3438 4662 3487 4715 in
3514 4667 3680 4723 corpor

2124 4760 2221 4814 rali
2251 4760 2514 4824 contuitu,
2547 4774 2669 4813 cum
2699 4757 2767 4811 de
2795 4756 2958 4811 divite
2989 4756 3080 4810 illo
3110 4764 3165 4809 et
3193 4769 3430 4828 paupere
3455 4748 3599 4805 verba
3626 4741 3681 4795 fc-

2124 4851 2318 4915 cimus,
2347 4849 2432 4903 vel
2454 4864 2574 4903 eum
2603 4849 2670 4903 de
2699 4849 2892 4902 anima:
2919 4846 3117 4917 duplici
3148 4845 3351 4899 visione
3372 4836 3680 4896 tractavimus

2126 4939 2265 5013 (Lib.
2300 4957 2373 5004 ιιι,
2400 4956 2513 5009 cap.
2550 4938 2601 5005 l,
2626 4937 2661 4990 Ξ
2679 4948 2729 4991 et
2754 4936 2830 5007 9),
2858 4951 3115 5008 responsa
3143 4933 3405 4990 redhibui.
3431 4929 3555 4998 Quia
3573 4935 3679 4977 vero

2128 5049 2269 5087 nunc
2318 5032 2465 5095 illul,
2523 5030 2668 5100 quod
2718 5029 2926 5085 inferna
2991 5028 3126 5083 vivis
3170 5020 3543 5082 inaccessibilia
3583 5024 3681 5069 esse

2129 5124 2308 5179 dixisti
2341 5123 2478 5195 (Lib.
2506 5140 2581 5184 ιιι,
2612 5123 2739 5193 Cap.
2761 5121 2858 5175 6st
2885 5121 2966 5193 8),
2990 5120 3343 5175 indiscussum
3369 5120 3544 5172 restat.
3569 5119 3680 5177 qua-

2131 5222 2290 5270 tenus
2331 5215 2533 5270 dixeris
2580 5228 2784 5282 quaero,
2814 5212 3019 5268 scilicet
3045 5228 3110 5265 ea:
3138 5211 3315 5263 anima
3345 5213 3614 5261 constamus
3634 5199 3677 5246 ει

2132 5323 2365 5376 corpore.
2397 5305 2474 5360 Ae
2520 5305 2644 5359 licet
2690 5303 2928 5372 ambigat
2972 5316 3131 5355 nemo
3159 5297 3289 5369 quid
3335 5287 3612 5351 immortale
3636 5282 3678 5335 in

2133 5399 2307 5459 nobis,
2332 5396 2529 5466 quidve
2550 5395 2781 5450 mortale
2802 5395 2899 5460 sit;
2928 5407 3028 5462 ego
3050 5402 3229 5447 tamen
3251 5400 3422 5446 tecum
3442 5385 3513 5440 sic
3528 5389 3675 5447 εὕδων

2132 5498 2192 5544 ιιι
2214 5488 2282 5543 de
2329 5494 2449 5543 utra
2479 5487 2647 5542 mavis
2695 5483 3074 5555 respondeam.
3107 5481 3165 5538 Si
3212 5497 3278 5538 ex
3307 5485 3487 5534 neutra
3525 5474 3678 5527 nostra

2131 5580 2429 5635 substantia
2455 5579 2735 5641 morimur,
2754 5576 2884 5632 nihil
2913 5582 3155 5631 nostrum
3177 5572 3242 5629 ad
3266 5570 3465 5627 inferna
3489 5564 3678 5619 descen-

2132 5674 2210 5728 dit
2242 5691 2253 5725 :
2285 5673 2408 5741 quia
2449 5670 2649 5725 inferos
2689 5670 2824 5725 vivis
2852 5669 3157 5723 inaccessos
3178 5681 3297 5722 esse
3325 5662 3450 5719 dixi.
3481 5658 3530 5712 Si
3556 5660 3678 5709 utra-

2135 5780 2240 5834 que
2270 5763 2547 5829 morimur,
2581 5776 2708 5828 ergo
2740 5770 2794 5816 et
2843 5776 3041 5827 corpus
3072 5760 3137 5814 ad
3176 5757 3381 5814 inferna
3425 5741 3671 5806 descendit-
