3920 6176
300 312 397 371 775

1469 304 1553 362 DE
1591 302 1815 360 STATU
1853 300 2092 358 ΑΝῙΜΛΕ
2133 302 2259 360 LIB.
2298 302 2383 364 IlI.
2486 336 2489 337 ν

3451 310 3558 367 7Ὶᾶ

296 427 402 485 Nec
417 427 576 494 longe
600 422 753 480 nobis
780 434 1040 492 corporea
1061 419 1175 475 haec
1202 417 1407 473 inferna
1424 418 1708 489 quaerenda
1729 425 1872 481 sunt,
1904 424 1948 480 Α
1979 415 2293 472 substantiae
2315 424 2529 472 tenetur
2556 416 2804 474 inclusa?
2832 418 2933 475 Vix
2962 435 3092 476 sane
3132 428 3189 475 ut
3215 420 3411 491 aliquid
3430 439 3557 496 per-

297 515 724 590 quandoquidem
752 513 927 583 ipsum
972 512 1278 582 sepulcrum
1333 510 1547 565 Domini
1594 516 1678 564 est
1724 507 1874 562 locus

298 607 502 667 inferni.
531 604 641 662 Sed
667 603 809 660 hanc
842 610 1127 671 utramque
1177 600 1562 656 absurditatem
1609 599 1872 655 sententia

256 714 262 719 '
296 714 420 755 sana
446 697 672 767 respuit.
700 693 844 766 Ergo
896 710 1001 750 nec
1046 695 1101 748 in
1142 702 1370 763 utraque
1390 692 1686 748 substantia
1710 690 1877 746 mori-

294 809 427 859 atur,
457 805 561 847 nec
606 790 665 844 in
702 795 930 856 utraque
956 800 1066 841 non
1104 784 1383 839 morimur.
1414 782 1664 852 Vivitque
1696 782 1875 836 anima

294 886 450 941 etiam
479 881 660 954 posito
686 894 934 950 corpore,
980 876 1295 947 quamlibet,
1323 876 1370 932 si
1396 880 1498 946 per
1516 882 1738 945 peccata
1764 874 1876 929 Deo

293 990 388 1031 suo
430 973 692 1044 privetur,
723 976 938 1025 mortua
962 968 1087 1039 jure
1113 967 1340 1023 dicatur.
1380 966 1650 1021 Credibile
1697 973 1875 1020 tamen

295 1079 511 1136 prorsus
539 1076 648 1120 non
677 1061 802 1126 erit,
830 1059 975 1130 quod
1013 1059 1288 1130 peccatrix
1312 1058 1493 1113 anima
1520 1057 1575 1113 id
1618 1058 1790 1128 ipsum
1818 1065 1878 1111 ut

295 1155 469 1213 anima
489 1152 578 1219 sit,
605 1151 836 1217 amittat,
864 1165 985 1206 cum
1007 1149 1171 1205 etiam
1201 1148 1416 1218 corpori
1442 1154 1659 1202 mortuo
1681 1161 1878 1220 corpus

294 1264 408 1305 esse
436 1265 547 1304 non
569 1254 774 1319 pereat.
808 1245 877 1301 Ut
903 1246 1048 1300 enim
1076 1245 1339 1301 moriatur
1366 1259 1587 1313 corpus,
1624 1258 1746 1299 cum
1766 1242 1876 1297 vita

295 1339 436 1395 Omni
474 1338 676 1396 amittit
710 1337 974 1402 animam;
1025 1336 1204 1390 anima
1243 1350 1375 1391 vero
1416 1344 1442 1372 ι
1480 1335 1717 1390 animam
1767 1351 1874 1389 non

293 1430 507 1485 amittit.
529 1428 792 1496 Quocirca
840 1427 1017 1482 anima
1047 1426 1367 1481 immortalis
1395 1433 1498 1491 est,
1524 1440 1723 1495 corpus
1745 1440 1877 1480 vero

292 1522 537 1578 mortale.
563 1520 716 1587 Quod
744 1520 791 1575 si
836 1534 1030 1589 corpus
1068 1516 1277 1573 inferna
1306 1533 1414 1573 non
1442 1516 1758 1585 ingreditur,
1787 1523 1877 1571 ut-

291 1623 414 1686 pote
441 1613 692 1684 sepulcro
738 1610 1072 1676 mandatum,
1103 1616 1265 1680 atque
1304 1608 1359 1663 in
1402 1607 1642 1664 diversas
1695 1608 1877 1663 mundi

293 1713 472 1776 partes
495 1719 599 1775 pro
627 1703 1016 1759 elementorum
1041 1715 1162 1771 quae
1206 1701 1308 1758 sibi
1336 1702 1392 1756 in
1420 1701 1550 1757 illud
1580 1700 1608 1741 ι’
1636 1702 1875 1775 concita-

1974 523 2158 579 peram
2179 510 2319 565 forte
2342 511 2591 579 sentires,
2615 520 2778 582 atque
2798 514 2850 569 id
2881 514 3054 585 ipsum
3082 517 3371 573 verisimile
3390 518 3562 575 videri

1975 600 2348 668 contenderes,
2390 618 2544 658 error
2598 621 2762 659 unum
2791 608 3057 663 veniabile
3103 607 3283 665 facere
3340 618 3559 681 potest,

1974 691 2118 746 aliud
2146 692 2411 762 ignoratio
2437 696 2656 751 erroris.
2686 696 2886 752 Verum
2930 715 3073 755 nunc
3112 702 3411 758 mirimodis
3447 711 3563 758 stu-

1974 798 2097 853 peo,
2130 791 2184 839 te
2228 792 2341 840 tam
2376 785 2689 842 dissidentia
2714 794 2935 859 tamque
2959 791 3189 859 diversa,
3222 809 3331 849 uno
3358 809 3562 866 prope‘

1975 874 2195 929 modum
2223 885 2500 932 momento
2542 886 2703 947 atque
2736 880 2927 935 eodem
2957 896 3095 951 pene
3118 885 3287 939 verbo
3317 886 3519 943 dixisse
3544 905 3561 943 :

1976 963 2118 1034 Ergo
2143 965 2342 1035 illigata
2373 969 2629 1024 membris
2668 983 2804 1039 vaga
2849 979 2932 1027 est
2970 974 3226 1030 motibus.
3265 975 3332 1031 Et
3386 978 3512 1034 item
3544 995 3560 1034 :

1976 1055 2210 1113 Motibus
2248 1072 2382 1127 vaga
2411 1060 2722 1117 conditione
2755 1063 3067 1120 substantia:
3096 1074 3309 1122 tenetur
3335 1070 3560 1124 inclusa.

1977 1147 2034 1202 Si
2060 1148 2203 1203 intra
2239 1158 2453 1220 septum
2481 1152 2744 1222 corporis,
2791 1160 2851 1208 ut
2874 1162 2928 1209 tu
2953 1157 3053 1221 ais,
3084 1158 3262 1213 anima
3292 1169 3562 1227 movetur,

1975 1238 2225 1296 videlicet
2252 1249 2402 1299 stans
2421 1253 2687 1311 movetur;
2712 1247 2856 1316 quod
2876 1246 2980 1302 dici
2996 1250 3206 1305 ratione
3226 1267 3332 1307 non
3352 1253 3563 1309 sinitur.

1977 1330 2073 1387 Sin
2098 1349 2229 1389 vero
2255 1343 2407 1389 extra
2428 1352 2625 1406 corpus
2657 1339 2894 1395 motibus
2919 1340 3176 1410 defertur,
3228 1344 3433 1401 inclusa
3469 1347 3565 1416 igi—

1978 1432 2065 1479 tur
2091 1426 2401 1483 conditione
2446 1429 2760 1486 substantia:
2787 1448 2896 1488 non
2941 1441 3172 1491 tenetur.
3217 1436 3347 1503 Quis
3384 1446 3565 1495 autem

1978 1512 2107 1570 dicit
2133 1516 2264 1570 solis
2291 1517 2527 1574 motibus
2547 1522 2718 1588 vaga?
2738 1524 2891 1591 quasi
2916 1525 3206 1595 quidquam
3233 1530 3414 1597 vagari
3440 1546 3566 1600 pos-

1978 1607 2048 1661 sit
2068 1606 2378 1674 immotum;
2401 1618 2496 1664 aut
2519 1625 2628 1665 non
2649 1612 2717 1667 sit
2738 1614 2945 1672 facilius
2963 1618 3168 1673 moveri
3189 1626 3365 1677 etnon
3383 1623 3567 1690 vagari

1980 1698 2145 1769 (quod
2165 1697 2297 1753 facit
2315 1700 2525 1757 animus
2547 1718 2645 1773 per
2671 1705 2940 1773 affectum,
2970 1710 3095 1778 quia
3120 1711 3363 1782 subjacet
3383 1714 3570 1784 utique

292 1804 479 1852 verant
500 1794 814 1851 diversitate
858 1792 1173 1858 discretum,
1203 1800 1260 1847 et
1301 1792 1512 1847 animus
1541 1807 1647 1847 non
1669 1791 1879 1847 accedit
1910 1792 1953 1853 Β
1980 1788 2152 1843 motui
2180 1805 2290 1844 non
2318 1792 2610 1847 secundum
2636 1795 2849 1868 locum)
2873 1813 3035 1866 quam
3061 1803 3245 1871 vagari
3270 1805 3570 1875 quippiam,

291 1889 355 1944 ad
369 1887 598 1955 inferna,
619 1887 745 1958 quia
773 1884 1038 1942 sententia
1059 1891 1150 1939 tua
1172 1883 1376 1940 inferos
1401 1882 1706 1939 viventibus
1725 1882 1877 1938 clau-
1980 1892 2081 1933 nec
2098 1878 2305 1933 moveri
2329 1896 2344 1946 ;
2374 1880 2520 1950 (ιιιοά
2547 1890 2630 1938 εει
2650 1884 2833 1955 utique
2850 1889 3126 1958 proprium
3154 1893 3416 1962 corporis,
3443 1895 3571 1963 quia

290 1981 399 2038 dit:
451 1987 547 2036 aut
570 1979 703 2035 nulli
740 1992 872 2048 ergo
899 1984 1027 2033 sunt
1052 1975 1227 2044 inferi,
1258 1985 1351 2032 aut
1386 1978 1456 2034 ad
1478 1992 1573 2036 eos
1600 1976 1878 2032 hominum
1978 1969 2224 2039 subiacet
2270 1972 2498 2027 motioni
2526 1989 2625 2044 per
2650 1975 2848 2030 locum.
2900 1977 2980 2033 Tu
3004 1994 3135 2036 vero
3165 1981 3312 2037 illam
3342 1992 3399 2040 et
3425 1994 3571 2042 stare

290 2070 782 2130 nemo‘descendit.
805 2069 986 2140 Atque
1031 2069 1107 2125 ita
1153 2068 1276 2125 ﬁdei
1330 2077 1528 2126 nostrai
1568 2070 1707 2125 ratio
1734 2068 1880 2139 peri—
1979 2076 2189 2132 vagam,
2221 2068 2278 2118 et
2303 2063 2488 2132 vagari
2533 2064 2666 2121 dicis
2693 2067 2986 2137 inclusam;
3018 2087 3164 2139 cum,
3214 2074 3354 2130 sicut
3405 2092 3583 2147 supra.

246 2139 259 2150 ’
291 2163 580 2230 clitabitur,
597 2162 645 2219 si
669 2177 771 2218 nec
791 2139 1168 2232 Redemptoris
1195 2162 1373 2216 anima
1402 2162 1603 2218 inferos
1628 2160 1877 2217 adeundo
1972 2152 2089 2224 jam
2116 2153 2377 2221 constitit,
2411 2160 2467 2209 et
2489 2164 2638 2212 moto
2667 2172 2896 2227 corpore
2928 2161 3249 2230 consistere,
3280 2173 3336 2221 et
3363 2139 3569 2224 moveri

290 2254 673 2325 redeundoque
700 2255 980 2311 reseravit.
1022 2253 1165 2311 Satis
1191 2263 1275 2311 est
1300 2254 1405 2310 dici
1451 2256 1708 2326 potuisse,
1730 2270 1872 2326 qua:-

286 2363 498 2418 cunque
523 2348 614 2403 illa
638 2347 847 2405 inferna
878 2355 1037 2415 sunt,
1072 2349 1376 2404 viventibus
1411 2349 1686 2404 inaccessa
1735 2347 1871 2414 fore,

283 2453 400 2497 cttm
428 2448 648 2497 constet
673 2441 864 2496 eadem
893 2440 996 2496 nisi
1022 2440 1328 2496 viventibus
1348 2440 1484 2495 adiri
1506 2455 1613 2495 non
1644 2455 1823 2510 posse.

350 2532 414 2588 II.
444 2532 816 2589 Reminiscere
864 2547 1008 2587 nunc
1035 2532 1091 2586 in
1137 2532 1191 2587 id
1219 2539 1274 2592 te
1302 2538 1499 2587 statum
1530 2531 1606 2587 tui
1634 2531 1877 2601 posuisse

281 2630 569 2686 tractatus,
591 2631 653 2678 ut
680 2623 723 2677 si
754 2622 1043 2690 quantitati
1064 2621 1150 2676 vel
1171 2622 1431 2677 localitati
1459 2622 1738 2691 subjacere
1758 2622 1877 2676 ani-

278 2728 418 2769 mam
452 2715 686 2784 probare
713 2714 1001 2784 potuisses,
1034 2713 1103 2768 de
1144 2713 1531 2782 corporalitate
1555 2711 1673 2782 ejus
1698 2720 1875 2768 tecum

277 2818 400 2875 pars
411 2805 583 2861 etiam
603 2804 815 2859 diversa
836 2804 1079 2860 sentiret.
1095 2803 1297 2859 Verum
1322 2804 1368 2859 si
1382 2805 1519 2860 bene
1548 2804 1874 2874 scriptorum

284 2905 502 2953 tuorum
532 2897 746 2963 recolis,
796 2896 1225 2953 animadvertere
1264 2897 1422 2952 simul
1464 2906 1621 2967 potes
1671 2912 1875 2967 propo-

284 2989 460 3045 suisse
482 2997 540 3043 te
558 2989 758 3058 potius,
787 2988 855 3043 de
882 2988 1076 3057 quibus
1113 2988 1493 3058 disputandum
1522 2987 1679 3055 foret,
1710 3001 1870 3057 quam

275 3078 341 3135 de
365 3078 664 3149 propositis
692 3078 1013 3149 disputasse.
1061 3076 1172 3132 Nec
1210 3084 1264 3132 te
1306 3076 1739 3133 academicorum
1783 3091 1873 3132 se-

1975 2246 2150 2317 possit
2175 2246 2418 2321 immota.

2047 2336 2111 2392 Il.
2144 2336 2225 2393 En
2252 2348 2519 2409 quatenus
2552 2342 2620 2399 de
2652 2343 2923 2401 localitate
2967 2347 3161 2403 animas
3187 2348 3566 2421 disputavisti;

1977 2428 2035 2484 in
2047 2428 2150 2486 hoc
2165 2437 2344 2487 tamen
2367 2441 2534 2489 temet
2554 2435 2779 2504 ignaviae
2791 2453 2899 2493 non
2914 2451 3151 2495 arcesso.
3166 2437 3299 2495 Illud
3320 2442 3567 2511 equidem

1977 2523 2284 2597 nequivisti.
2298 2524 2505 2582 scilicet
2530 2528 2674 2596 quod
2704 2529 2755 2584 in
2776 2529 2882 2585 hoc
2908 2533 3159 2600 praesenti
3171 2531 3292 2589 loco
3312 2549 3382 2589 ne
3400 2535 3570 2605 potis.

1977 2612 2144 2667 simus
2167 2623 2352 2670 orator
2379 2617 2606 2687 quisque
2635 2622 2917 2689 potuisset.
2943 2621 3289 2689 Quantalibet
3316 2626 3458 2679 enim
3481 2626 3566 2681 di-

1978 2704 2136 2759 cendi
2157 2707 2312 2776 copia
2334 2708 2590 2778 prteditus
2612 2720 2847 2766 assertor
2866 2711 2985 2767 falsi
3013 2723 3203 2769 contra
3227 2716 3564 2786 perspicuam

1977 2794 2259 2850 veritatem
2288 2799 2503 2853 mentiri
2526 2807 2723 2868 potest,
2748 2801 2934 2859 fallere
2963 2820 3071 2859 non
3091 2813 3289 2874 potest.
3312 2807 3386 2862 De
3404 2822 3569 2878 quan-

1977 2884 2133 2939 titate
2160 2894 2343 2942 autem
2370 2903 2468 2944 cur
2487 2896 2542 2944 te
2562 2889 2956 2961 disputaturum
2986 2897 3364 2965 spoponderis,
3406 2898 3569 2953 nihil-

1976 2989 2083 3044 que
2102 2974 2170 3030 de
2216 2976 2405 3032 eadem
2446 2978 2800 3047 disserueris,
2852 2999 2958 3038 non
3003 3000 3224 3055 possum
3279 2988 3568 3044 oblivionis

1976 3064 2142 3122 fuisse
2184 3068 2395 3136 dicere;
2425 3086 2546 3126 cum
2577 3074 2708 3127 satis
2736 3083 2976 3140 constet,
3014 3086 3038 3114 ε
3081 3092 3148 3133 ne
3188 3094 3383 3134 nomen
3425 3081 3564 3150 ejus,

275 3171 490 3228 nigrum
518 3185 670 3225 more
713 3170 1062 3227 nescientiam
1093 3177 1238 3224 tuam
1266 3170 1458 3235 scisse,
1483 3169 1577 3224 sed
1593 3169 1748 3238 juxta
1776 3184 1867 3225 se-
1894 3156 1942 3219 ο
1971 3158 2073 3213 ιὶὶδί
2102 3173 2170 3212 ει
2200 3161 2457 3215 memoria
2508 3164 2750 3231 potuisse
2789 3167 3036 3233 proferri.
3237 3183 3367 3239 ergo
3393 3173 3567 3240 magis

274 3269 374 3317 ctze
403 3261 580 3331 ipsius
601 3260 866 3329 juniores,
899 3268 1077 3314 utrum
1106 3260 1273 3314 scires
1316 3260 1519 3328 aliquid
1569 3258 1868 3327 ignorasse.

275 3350 404 3418 Quis
432 3359 623 3406 autem
642 3352 836 3421 positis
864 3358 1068 3406 temere
1096 3350 1307 3406 duobus
1327 3352 1381 3406 in
1409 3351 1603 3420 quibus
1622 3365 1871 3407 necessa-

274 3443 356 3497 rio
383 3442 573 3512 Operis
594 3442 828 3498 universi
852 3456 1049 3511 corpus
1061 3456 1223 3497 omne
1242 3442 1518 3507 consistat,
1535 3456 1643 3496 non
1672 3449 1873 3496 utrum-

275 3546 378 3602 que
420 3531 663 3602 primum
717 3532 764 3585 si
817 3540 1015 3600 queat,
1066 3532 1523 3601 alterutrumque,
1570 3532 1774 3587 scilicet
1826 3533 1871 3588 si

275 3630 571 3693 utrumque
615 3630 869 3690 nequeat,
900 3622 1055 3677 enisu
1084 3622 1338 3691 qquiam
1358 3622 1404 3676 si
1435 3638 1542 3678 non
1568 3623 1865 3692 probabile,

275 3722 421 3769 certe
468 3712 733 3771 credibile
759 3712 959 3768 faciat?
988 3712 1104 3768 Duo
1132 3713 1249 3768 haec
1284 3713 1338 3766 in
1368 3713 1648 3768 victoriam
1677 3729 1871 3785 nempe

275 3805 628 3871 conveniunt,
660 3813 719 3859 ut
749 3814 772 3846 ε
802 3805 1009 3859 auctori
1037 3804 1209 3874 probo
1237 3820 1416 3860 causa:
1463 3806 1703 3875 probitas
1724 3822 1874 3862 com-

276 3909 370 3963 pos
394 3896 486 3951 sit.
517 3893 725 3950 Ilorum
755 3896 933 3950 minus
956 3911 1064 3951 uno
1092 3896 1264 3951 virtus
1291 3897 1520 3952 actionis
1548 3896 1870 3967 infringitur;

275 3985 320 4039 si
340 3984 484 4040 desit
508 3992 813 4053 utrumque,
846 3995 1117 4041 causatur.
1148 3986 1240 4041 Sic
1269 4002 1411 4042 nunc
1450 3988 1701 4056 equidem
1731 3989 1872 4043 obli-

276 4074 492 4130 viosum
522 4082 577 4129 te
598 4075 802 4144 pariter
820 4083 877 4130 et
903 4076 1148 4145 ignarum
1170 4077 1507 4133 defensorem
1535 4087 1692 4134 nacta
1721 4079 1876 4135 falla-

275 4166 357 4221 cia
388 4182 562 4237 penes
589 4167 892 4223 intellectus
920 4167 947 4205 ά
974 4169 1199 4238 vigidos,
1226 4186 1333 4225 non
1347 4171 1523 4226 solum
1550 4171 1680 4226 illud
1708 4187 1875 4241 nego-

276 4256 409 4312 tium
450 4257 745 4325 facessivit,
775 4267 834 4314 ut
862 4260 956 4315 tibi
983 4276 1146 4330 super
1173 4261 1258 4316 his
1285 4261 1431 4316 credi
1476 4276 1583 4317 non
1623 4270 1876 4333 oportere

275 4354 504 4416 pateat,
533 4349 629 4403 sed
677 4356 737 4405 ut
780 4350 980 4405 veritas
1009 4352 1096 4406 cui
1143 4351 1467 4406 credendum
1514 4367 1728 4423 semper
1771 4361 1873 4418 est,

276 4437 483 4493 clarior
502 4437 871 4509 illustriorque
888 4441 989 4496 sub
1011 4442 1330 4498 necessitate
1358 4442 1640 4500 conﬂictus
1661 4452 1717 4500 et
1733 4460 1876 4501 com-

277 4531 567 4600 paratione
596 4529 842 4588 falsitatis
882 4542 1160 4604 appareat.

902 4644 1132 4700 CAPUT
1157 4645 1270 4700 XII.

280 4728 435 4795 Quod
453 4734 636 4804 anim
656 4733 708 4804 in
730 4749 944 4804 corpore
970 4753 1074 4791 non
1117 4747 1355 4792 teneatur
1392 4740 1617 4803 inclusa,
1650 4758 1740 4794 nec
1763 4759 1874 4798 mo-

346 4803 623 4883 ocatur;
649 4803 763 4859 loco
786 4803 855 4861 ad
874 4806 1060 4873 locum,
1092 4824 1206 4862 cum
1234 4819 1498 4866 moveatur
1526 4814 1876 4883 temporaliter

349 4889 444 4942 per
467 4872 733 4941 aﬂ'ectum.

345 4983 390 5038 Ι.
418 4983 586 5056 Igitur
606 4986 939 5056 qualitatem.
957 4991 1308 5058 quantitatem
1333 5004 1388 5047 et
1406 4993 1730 5051 localitatem
1758 4997 1875 5051 ani-

279 5085 378 5127 mm
409 5074 664 5130 daturum
696 5085 748 5132 te
781 5087 973 5147 sponte
993 5079 1266 5149 professus
1288 5097 1366 5147 es,
1391 5098 1626 5152 moxque
1652 5085 1874 5155 subjun-

273 5165 354 5231 gis
385 5182 400 5218 :
426 5164 713 5232 Quomodo
761 5184 869 5224 non
898 5169 1084 5227 localis
1117 5173 1208 5238 sit,
1232 5187 1351 5241 qua).
1390 5175 1590 5230 inserta
1616 5179 1872 5233 membris

272 5263 328 5309 et
360 5256 570 5327 illigata
614 5260 930 5328 visceribus,
962 5262 1093 5325 solis
1138 5265 1373 5321 motibus
1394 5279 1529 5335 vaga
1558 5268 1871 5326 conditione

355 5379 384 5408 ι
422 5370 539 5440 AL,
566 5376 927 5457 nou'animam
955 5376 1297 5457 nonamittit.
1329 5373 1650 5445 0rthodox.,
1681 5394 1870 5451 corpus

277 5458 398 5497 vero
422 5458 528 5495 non
557 5447 785 5499 animam
813 5462 916 5501 non
945 5447 1154 5501 amittit.

356 5511 386 5553 δ
414 5511 525 5576 AL,
550 5517 924 5569 continuerunt.

360 5593 384 5622 ο
407 5583 522 5643 AL,
555 5586 751 5641 vitiari.

354 5648 382 5688 ἀ
415 5651 594 5731 Editio
624 5654 790 5731 Paris.
824 5670 945 5731 cum
974 5654 1299 5731 Qrthodox.,
1346 5659 1559 5731 rigidos,
1593 5660 1712 5715 Vox
1767 5659 1870 5731 hu-

279 5718 521 5789 iusmodi
544 5724 935 5798 lexicographis
974 5727 1160 5784 invisa.
1190 5718 1437 5787 Recurrit
1474 5747 1636 5803 supra
1662 5745 1785 5800 cap.
1811 5729 1868 5784 9.

1973 3246 2300 3302 credendum
2350 3257 2454 3313 est,
2485 3260 2539 3305 te
2568 3268 2678 3307 non
2720 3255 2978 3321 voluisse,
3024 3266 3118 3311 aut
3147 3260 3372 3314 oblitum
3404 3260 3568 3318 fuisse

1971 3336 2174 3401 dicere,
2210 3339 2305 3392 sed
2331 3339 2462 3393 nihil
2484 3342 2627 3410 quod
2656 3342 2867 3399 diceres
2896 3346 3179 3402 invenisse.
3215 3349 3352 3416 Quid
3381 3352 3565 3407 itidem

1971 3429 2239 3497 congruit,
2290 3429 2376 3484 vel
2415 3429 2469 3485 in
2518 3431 2935 3502 disputationem
2976 3453 3172 3493 vocare
3201 3440 3447 3507 dicenda,
3478 3443 3564 3498 vel

1973 3519 2205 3574 reticere
2234 3523 2545 3591 proposita?
2564 3520 2679 3577 Jam
2702 3524 2769 3580 de
2791 3527 3050 3594 qualitate
3065 3533 3431 3586 controversia
3454 3549 3562 3589 non

1973 3608 2098 3675 erit,
2127 3609 2215 3664 cui
2242 3611 2477 3665 animam
2500 3613 2779 3683 subjacere
2806 3632 2914 3670 non
2944 3616 2962 3656 ί
2989 3620 3173 3685 renui;
3205 3635 3324 3690 qua:
3345 3623 3390 3677 si
3419 3624 3565 3681 scili-

1972 3707 2083 3765 cet,
2111 3701 2250 3755 sicut
2276 3702 2608 3769 quantitatis,
2650 3704 2724 3759 ita
2766 3707 2928 3761 etiam
2957 3709 3233 3777 qualitatis
3265 3726 3458 3783 expers
3482 3729 3568 3769 es-

1975 3799 2080 3859 set,
2105 3792 2349 3862 profecto
2369 3794 2510 3850 Deus
2535 3806 2695 3853 esset.
2724 3798 3128 3873 Identidemque
3151 3804 3197 3858 si
3215 3812 3273 3859 ut
3300 3806 3569 3874 qualitati,

1952 3881 2051 3961 ita
2088 3884 2253 3938 etiam
2281 3886 2564 3955 quantitati
2594 3889 2833 3956 cederet,
2866 3907 3062 3964 corpus
3076 3903 3237 3950 esset.
3269 3894 3419 3952 Nunc
3438 3913 3568 3952 vero

1977 3974 2364 4033 medioximum
2392 3980 2648 4047 quiddam
2677 3985 3249 4056 natnrmiucorporeae,
3268 3993 3360 4051 sed
3374 3999 3568 4046 creatae

1974 4067 2186 4135 sortita,
2220 4084 2321 4123 nec
2349 4069 2491 4126 Deus
2518 4081 2619 4141 est,
2644 4077 2897 4143 quoniam
2919 4079 3232 4146 qualitatem
3252 4081 3438 4149 habet,
3467 4096 3567 4140 nec

1975 4170 2190 4227 corpus,
2215 4158 2341 4227 quia
2369 4175 2476 4214 non
2499 4162 2661 4219 habet
2684 4167 3061 4234 quantitatem.

2569 4293 2793 4353 CAPUT
2822 4299 2956 4357 XIII.

1980 4381 2228 4463 Quia-sol
2268 4395 2316 4439 et
2336 4385 2463 4463 luna
2502 4389 2582 4444 vel
2619 4390 2793 4463 sidera
2820 4408 3037 4463 corpora
3069 4403 3268 4453 tantum
3296 4408 3435 4463 sunt,
3459 4415 3565 4456 non

2050 4452 2237 4540 habent
2265 4459 2509 4540 spiritus:
2523 4468 2587 4540 .et
2608 4452 2953 4540 sicut-corpus
2980 4466 3178 4540 meliori
3192 4452 3410 4540 Acerpori
3423 4452 3566 4540 'prél

1898 4528 1952 4589 Ι)
2043 4527 2274 4594 ponitur,
2304 4528 2378 4581 ita
2407 4529 2618 4599 spiritus
2648 4532 2829 4587 melior
2856 4527 3092 4606 inferiori
3122 4527 3344 4607 spiritui.

2045 4640 2113 4695 Et
2139 4646 2393 4713 quoniam
2424 4645 2501 4699 uti
2525 4646 2740 4715 agitatis
2766 4654 2913 4702 retro
2942 4637 3395 4719 disputationibus
3423 4653 3561 4711 edo-

1974 4731 2205 4798 cuimus,
2236 4733 2397 4790 nimis
2424 4735 2532 4789 late
2553 4745 2701 4807 patet
2740 4737 2961 4806 hujusce
2989 4739 3301 4811 quaestionis
3330 4742 3558 4802 immen-
3653 4785 3656 4787 λ

1974 4840 2111 4888 sum,
2138 4825 2507 4896 principalium
2548 4829 2780 4897 origines
2805 4830 3084 4900 complexa
3109 4847 3395 4893 causarum
3422 4854 3435 4891 :
3476 4837 3563 4894 in-

1973 4916 2107 4987 spici
2122 4933 2285 4986 porro
2306 4917 2449 4972 intus
2467 4935 2634 4990 usque
2659 4935 2991 4991 nequaquam
3008 4929 3206 4993 potest,
3221 4926 3323 4983 nisi
3338 4927 3565 5001 duplicis

1975 5013 2232 5061 creatura:
2253 5008 2604 5063 substantiam
2628 5010 2806 5078 quoad
2834 5009 3036 5066 homini
3062 5029 3222 5084 posse
3250 5015 3332 5075 fas
3354 5027 3381 5065 ε
3410 5019 3558 5087 sinit,

1975 5094 2216 5152 adhibito
2236 5097 2421 5166 judicii
2445 5099 2728 5155 libramine
2766 5116 3017 5159 secernas
3045 5120 3137 5172 ea;
3169 5116 3224 5162 et
3247 5117 3339 5162 aut
3365 5124 3558 5178 usque‘

1975 5202 2186 5256 quaque
2201 5190 2517 5245 cessandum
2533 5198 2636 5258 est,
2651 5200 2744 5247 aut
2771 5194 2888 5249 istis
2906 5196 3030 5251 illuc
3050 5198 3205 5254 lineis
3230 5200 3555 5271 adeundum,

1973 5286 2034 5332 ut
2050 5281 2278 5349 primum
2300 5283 2367 5337 ab
2384 5282 2706 5354 incorporeo
2735 5302 2932 5359 corpus
2951 5289 3170 5346 dirimas
3196 5310 3209 5344 :
3241 5292 3438 5348 dehinc
3454 5294 3557 5351 sio-

1972 5386 2004 5511 ις)
2036 5387 2086 5451 1,
2120 5390 2341 5459 hujusce
2363 5391 2501 5458 libri,
2536 5395 2625 5449 ubi
2655 5397 2844 5455 eadem
2866 5396 3035 5457 Paris.
3060 5400 3224 5455 editio
3243 5400 3407 5458 habet
3425 5404 3556 5476 vig£~

1994 5474 2068 5511 es.
2102 5468 2161 5511 ut
2191 5462 2385 5511 ibidem
2426 5467 2749 5511 mmmimne-
3438 5482 3455 5496 ν
3532 5508 3535 5511 .

1994 5474 2068 5521 es,
2102 5468 2161 5513 ut
2191 5462 2385 5515 ibidem
2426 5467 2751 5521 monuimus.
3438 5462 3500 5496 ”
3532 5508 3535 5511 -

2050 5540 2073 5567 ι’
2103 5528 2425 5595 0rthorlox.,
2452 5539 2710 5591 neminem
2736 5554 2822 5590 ea-

2051 5597 2069 5636 τ
2235 5606 2399 5676 tenui.
2422 5605 2562 5672 Mox,
2592 5625 2705 5676 qua?
2734 5609 2945 5671 scilicet,
2977 5608 3175 5662 omisso
3195 5612 3260 5664 si.

2048 5680 2072 5719 Β
2104 5671 2208 5737 ΑΙ.,
2244 5675 2360 5744 fuit.
2386 5675 2531 5741 Mox,
2560 5671 2649 5732 aut
2677 5694 3051 5751 usquequaque,
3072 5680 3273 5738 omisso
3300 5690 3368 5739 et.
