3946 6182
335 276 447 343 775

1650 285 1961 344 MAMERTI
2002 286 2065 341 Cl
2074 280 2364 343 .AlllllANl

3506 288 3601 350 ’ΠΒ

338 402 499 459 tit/in
544 402 661 476 ipso
689 402 997 458 omnimodo
1026 415 1313 472 corporum
1359 415 1558 469 genere
1589 403 1721 456 atris
1749 378 1931 470 splen-
1960 404 2007 460 Α
2037 402 2197 455 etiam
2227 402 2591 470 corporalium
2642 400 3023 460 reminiscitur.
3081 402 3150 460 Et
3199 420 3323 462 cum
3373 408 3612 462 meminit

342 496 549 558 (tentia,
592 494 837 550 sublimia
860 494 1146 564 depressis.
1179 495 1415 563 pretiosa
1464 494 1657 548 vilibus
1694 502 1927 562 antepo-

344 585 456 653 nis;
489 586 560 639 ita
583 586 743 639 etiam
774 585 827 638 in
848 584 1312 653 incorporcisqum
1339 593 1520 639 creata
1546 592 1697 651 sunt,
1728 583 1930 637 buma-

344 692 439 732 nas
466 676 714 730 belluinis
742 693 753 727 :
782 675 833 728 in
863 674 991 744 ipsis
1013 675 1196 730 itidem
1217 692 1336 744 qua:
1355 676 1605 730 humana:
1630 683 1775 741 sunt,
1796 691 1929 745 pru-

344 767 533 822 dentes
561 766 771 821 stolidis
804 783 816 819 :
851 766 903 819 in
927 766 1008 821 his
1036 782 1207 835 porro,
1248 767 1433 821 itidem
1479 782 1597 837 qure
1628 776 1815 820 natura
1844 767 1929 819 vi-

346 865 490 927 gent,
523 857 709 912 doctas
738 856 967 911 indoctis
990 858 1194 912 animas
1224 865 1551 913 antevertas.
1584 858 1756 912 Sicuti
1785 858 1930 911 enim

344 948 425 1004 sol
450 964 646 1018 corpus
672 956 787 1012 est,
830 957 886 1003 et
928 964 1116 1002 saxum
1161 949 1441 1018 quodlibet
1480 950 1638 1017 longe
1679 949 1934 1019 disparile

343 1039 492 1104 huic,
514 1037 736 1108 perinde
759 1046 940 1092 tamen
966 1054 1161 1107 corpus
1190 1049 1274 1092 est
1306 1058 1318 1091 :
1351 1039 1429 1093 sic
1458 1038 1711 1108 equidem
1759 1038 1936 1093 omni-

343 1143 539 1198 genum
564 1137 753 1182 natura
776 1130 1006 1184 vitarum
1037 1129 1354 1200 incorporea
1375 1131 1581 1186 scilicet
1620 1131 1796 1185 omnis
1823 1138 1928 1186 est.

341 1218 453 1274 Sed
507 1220 646 1274 sicut
694 1234 888 1288 corpus
934 1234 1162 1289 corpore
1214 1219 1563 1289 prtecellitur,
1604 1235 1725 1275 cum
1756 1227 1934 1275 tamen

346 1319 634 1378 utrumque
661 1310 730 1363 sit
757 1325 954 1379 corpus
983 1328 996 1362 :
1029 1311 1107 1365 sic
1133 1310 1342 1365 animus
1365 1311 1678 1376 antefertur,
1711 1326 1832 1365 cum
1862 1317 1937 1364 tae

345 1416 470 1455 men
500 1408 785 1469 utrumque
812 1401 881 1455 sit
910 1401 1139 1454 animus.
1174 1399 1240 1454 Et
1284 1401 1477 1456 iterum
1509 1402 1737 1471 opulens
1767 1415 1934 1470 nego-

344 1491 497 1555 tium,
524 1499 577 1546 et
606 1491 744 1546 dites
772 1507 949 1546 causa:
979 1492 1043 1546 ad
1073 1491 1358 1546 dicendum
1398 1493 1687 1562 proliciunt
1714 1501 1768 1547 et
1797 1506 1935 1561 pene

343 1581 612 1636 blanditer
636 1582 808 1636 obvize
835 1592 1025 1652 suapte
1051 1583 1230 1654 specie
1258 1583 1489 1638 describi
1518 1600 1638 1639 sese
1665 1592 1929 1652 quzesunt,

348 1678 512 1740 atque
538 1671 703 1725 etiam
735 1681 949 1740 cogunt.
983 1671 1091 1727 Sed
1123 1673 1285 1727 hasce
1314 1674 1660 1729 excellentius
1693 1683 1749 1729 et
1798 1690 1935 1743 prae-

347 1760 670 1816 eminentias
691 1775 755 1816 ac
777 1763 1155 1831 supremitates
1182 1763 1255 1816 illi
1278 1763 1615 1832 potissimum
1645 1763 1860 1829 adeant,
1893 1764 1937 1819 si

301 1884 313 1894 -
344 1853 437 1923 qui
467 1853 543 1907 illi
566 1861 690 1908 sunt
715 1869 853 1922 quos
874 1854 1063 1908 ardens
1084 1856 1249 1908 erexit
1274 1857 1329 1908 in
1356 1855 1548 1909 (ethera
1570 1856 1731 1908 virtus
1755 1865 1800 1907 σι.
1836 1854 1939 1909 Ve-

344 1954 465 1998 rum
495 1944 768 1999 enimvero
816 1945 946 2026 mihi
996 1945 1474 2014 imprzesentiarum
1522 1944 1647 1998 huic
1684 1943 1752 1998 de
1796 1952 1938 1998 statu

343 2037 537 2092 animze
575 2038 856 2108 quaestioni
887 2041 1071 2110 (prout
1117 2038 1205 2093 ille
1231 2037 1510 2109 proposuit
1546 2052 1777 2106 quocum
1804 2051 1939 2092 con-

343 2133 511 2200 gressi
539 2131 743 2201 sumus)
766 2140 820 2186 et
850 2132 1126 2202 aliquanto
1154 2130 1337 2186 forsan
1366 2129 1669 2200 plusculum
1711 2143 1939 2199 respon-

343 2226 473 2278 dere
494 2223 623 2276 mibi
654 2223 929 2293 provincia
964 2223 1063 2277 fuit
1088 2240 1100 2275 :
1132 2222 1274 2291 quod
1316 2229 1534 2276 rectene
1574 2236 1642 2275 an
1672 2236 1828 2276 secus
1859 2219 1940 2275 te-

347 2313 534 2381 ccrim,
557 2329 741 2384 :equus
769 2323 823 2368 et
844 2314 1036 2369 doctus
1057 2314 1258 2368 arbiter
1280 2312 1560 2382 judicabit.

940 2445 1170 2501 CAPUT
1202 2445 1339 2500 XIV.

525 2561 861 2633 Superiorum
902 2559 1063 2616 brevis
1106 2559 1461 2631 recapitulatio
1490 2559 1760 2614 librorum.

420 2686 461 2752 ἰ.
477 2697 673 2752 Verum
688 2688 942 2765 quoniam
959 2695 1122 2750 multa
1136 2709 1256 2763 qua:
1275 2694 1376 2749 sub
1397 2693 1619 2763 hujusce
1633 2691 1945 2761 qumstionis

349 2778 532 2842 ubiubi
578 2787 986 2856 disputavimus,
1040 2801 1146 2840 non
1193 2800 1366 2854 usque
1412 2784 1639 2839 faciliter
1682 2784 1943 2839 memoria

348 2877 633 2948 complecti
662 2877 909 2945 cognitor
934 2884 1135 2946 potest,
1159 2890 1279 2944 qua:
1299 2875 1528 2944 sparsim
1557 2883 1612 2929 et
1636 2874 1941 2937 dissertata,

350 2984 596 3040 quicque,
622 2969 699 3023 uti
729 2968 981 3033 arbitror,
1006 2966 1180 3021 evicta
1206 2973 1362 3031 sunt;
1394 2965 1664 3020 collectim
1684 2964 1943 3019 strictim-

351 3077 456 3130 que
484 3069 540 3116 et
566 3060 731 3115 veluti
760 3059 1059 3130 punctatim
1085 3058 1184 3113 sub
1217 3058 1412 3112 mentis
1450 3057 1608 3113 oculo
1646 3056 1848 3125 redegi,
1888 3063 1944 3111 et

352 3151 634 3207 revisenda
651 3150 808 3205 simul
839 3149 1378 3219 recognoscendaque
1394 3149 1657 3218 congessi.

428 3242 481 3296 l.
512 3241 592 3296 De
618 3242 943 3313 incorporeo.
966 3274 1040 3284 —-
1064 3242 1206 3297 Deus
1231 3243 1583 3312 incorporeus
1605 3250 1689 3296 est
1719 3258 1734 3294 :
1767 3240 1946 3310 imago

353 3342 535 3389 autem
554 3332 652 3389 Dei
680 3341 765 3388 est
794 3334 1059 3389 humanus
1087 3333 1298 3388 animus
1325 3350 1338 3384 :
1370 3332 1628 3401 quoniam
1657 3331 1723 3386 ad
1759 3332 1946 3385 simili-

353 3424 590 3479 tudinem
619 3433 675 3480 et
699 3425 987 3494 imaginem
1013 3422 1109 3478 Dei
1133 3422 1304 3480 factus
1332 3432 1417 3479 est
1443 3424 1626 3479 homo.
1659 3422 1947 3478 Enimvero

352 3517 529 3585 imago
551 3516 857 3588 incorporei
886 3532 1085 3587 corpus
1111 3531 1231 3571 esse
1251 3531 1359 3571 non
1400 3523 1599 3586 potest.
1631 3514 1797 3585 Igitur
1820 3515 1945 3585 quia

353 3607 528 3675 imago
551 3607 644 3662 Dei
672 3615 755 3662 est
773 3607 1041 3662 humanus
1069 3607 1299 3674 animus,
1333 3607 1681 3677 incorporeus
1705 3616 1787 3662 est
1825 3606 1944 3661 auia

353 3711 474 3751 mus
496 3697 782 3751 humanus.

422 3783 474 3839 2.
510 3784 589 3839 De
616 3787 736 3839 vita.
768 3819 840 3828 —
866 3786 1038 3843 Omne
1069 3787 1278 3844 illocale
1319 3788 1696 3858 incorporeum
1728 3800 1946 3856 quoque

354 3887 457 3930 est.
485 3874 654 3931 Porro
675 3876 782 3931 vita
819 3878 1065 3948 corporis
1091 3878 1269 3933 anima
1299 3886 1401 3943 est,
1434 3885 1490 3933 et
1530 3879 1584 3932 in
1614 3893 1842 3947 corpore
1863 3877 1944 3932 vi—

354 3976 515 4022 vente
555 3975 663 4021 tam
702 3968 833 4022 vivit
862 3984 998 4039 pars
1024 3970 1245 4024 minima
1284 3970 1547 4040 corporis,
1580 3985 1740 4039 quam
1769 3976 1943 4023 totum

353 4071 569 4128 corpus.
589 4057 818 4113 Tantum
840 4073 971 4128 ergo
998 4060 1118 4115 vita:
1141 4062 1194 4115 in
1216 4069 1367 4131 parte
1394 4063 1638 4131 corporis
1658 4069 1758 4126 est,
1782 4075 1947 4130 quam

356 4156 470 4202 tum
499 4149 554 4203 in
583 4158 697 4205 toto
724 4166 957 4221 corpore
986 4158 1080 4207 :‘et
1104 4152 1214 4207 vita
1246 4153 1361 4208 haec
1387 4154 1563 4208 anima
1590 4162 1691 4208 est.
1723 4152 1831 4208 Nec
1860 4152 1934 4206 lo-

353 4242 467 4299 cale
495 4251 578 4298 εει
597 4243 741 4313 quod
759 4252 869 4300 tam
890 4259 1144 4314 magnum
1164 4254 1248 4301 est
1268 4246 1321 4300 in
1345 4255 1459 4302 toto
1480 4261 1640 4316 quam
1663 4247 1716 4300 in
1740 4245 1941 4313 aliquo,

353 4346 408 4388 et
438 4345 545 4390 tam
567 4325 820 4405 magnum
850 4338 904 4392 in
925 4352 1093 4408 parvo
1119 4353 1282 4407 quam
1312 4339 1365 4393 in
1395 4354 1611 4408 magno.
1638 4338 1752 4393 Non
1784 4337 1945 4405 igitur

352 4425 539 4481 localis
567 4432 652 4481 est
701 4427 930 4528 animus.
963 4426 1030 4481 Et
1056 4428 1315 4498 quidquid
1358 4429 1568 4484 illocale
1614 4436 1714 4494 est,
1748 4444 1941 4499 corpo-
1969 4468 2023 4528 υ

353 4531 505 4571 reum
534 4531 640 4571 non
666 4522 749 4571 est
773 4535 786 4569 :
812 4516 973 4584 igitur
996 4518 1175 4571 anima
1203 4533 1401 4587 corpus
1428 4534 1535 4572 non
1558 4526 1659 4573 est.

423 4607 475 4661 5.
516 4605 597 4661 De
631 4607 853 4662 ratione.
880 4638 954 4649 —
995 4605 1130 4661 Item
1162 4607 1515 4661 ratiocinator
1543 4607 1720 4661 anima
1768 4608 1941 4663 ratio-

355 4699 508 4765 nalis,
540 4707 596 4753 et
616 4699 1044 4755 substantialiter
1088 4699 1231 4755 inest
1260 4700 1453 4754 anima:
1502 4699 1811 4754 ratiocinari
1845 4718 1857 4752 :
1888 4709 1944 4756 et

354 4790 491 4844 ratio
521 4790 873 4861 incorporalis
896 4799 1060 4863 atque
1098 4792 1325 4848 illocalis
1353 4800 1466 4848 est:
1498 4792 1659 4862 igitur
1684 4794 1940 4865 incorpo-

354 4880 482 4934 ralis
509 4890 594 4935 cst
634 4884 833 4937 anima.

428 4972 480 5026 4.
521 4970 603 5024 De
633 4973 910 5030 voluntate.
937 5010 1008 5020 —
1027 4976 1161 5033 [tem
1195 4978 1443 5034 voluntas
1478 4980 1670 5035 animze
1694 4980 1945 5037 substan-

356 5063 430 5117 tia
459 5061 576 5131 ejus
604 5071 715 5129 est;
747 5073 803 5119 et
825 5067 871 5121 si
900 5075 1013 5122 tota
1038 5067 1153 5123 vult
1192 5070 1390 5135 anima,
1423 5078 1536 5125 tota
1558 5072 1812 5127 voluntas
1840 5079 1943 5137 est,

357 5165 412 5211 et
434 5157 684 5212 voluntas
722 5172 918 5229 corpus
945 5175 1058 5216 non
1093 5170 1215 5218 est:
1262 5164 1422 5232 igitur
1467 5164 1645 5218 anima
1696 5180 1806 5219 non
1864 5172 1949 5220 est

359 5263 577 5318 corpus.

428 5338 483 5395 5.
523 5339 603 5395 De
621 5344 963 5397 memoria.-—
990 5341 1125 5399 Item
1154 5348 1412 5402 memoria
1444 5348 1670 5405 illocalis
1698 5352 1942 5420 quietiam

350 5432 628 5501 capacitas
681 5442 783 5499 est,
813 5449 933 5503 quae
981 5448 1084 5490 nec
1131 5437 1474 5494 multitudine
1528 5440 1940 5496 recordabilium

358 5519 695 5590 distenditur,
728 5538 831 5579 nec
849 5523 1120 5594 paucitate
1144 5531 1413 5590 tenuatur,
1448 5537 1502 5584 et
1526 5530 1942 5601 incorporaliter

421 5701 450 5755 .'
487 5695 674 5768 Virgil.
706 5697 922 5755 Ᾰῖηείά.
953 5717 1023 5768 vr,
1053 5700 1330 5760 κακίω.

1973 3108 2021 3171 C

2037 492 2269 557 animus;
2303 500 2449 548 totus
2476 495 2721 549 meminit
2742 503 2796 551 et
2818 504 2963 552 totus
2990 498 3252 553 memoria
3280 507 3363 553 est
3388 500 3482 570 qui
3508 516 3615 556 me-

2035 584 2190 637 minit
2228 593 2393 649 totus,
2425 593 2481 639 et
2508 587 2769 641 memoria
2798 603 2995 659 corpus
3021 605 3134 645 non
3164 599 3247 645 est
3280 609 3292 643 :
3324 605 3434 647 non
3464 592 3616 661 igitur

2033 688 2231 744 corpus
2258 683 2342 729 est
2363 676 2595 731 animus.

2105 764 2156 820 6.
2199 765 2280 820 De
2320 776 2476 820 tactu.
2499 801 2568 810 —
2613 768 2744 825 Item
2786 786 2983 840 corpus
3011 771 3067 826 in
3110 778 3262 841 parte
3298 773 3380 827 sui
3418 780 3618 829 tactum

2033 855 2106 912 ibi
2152 859 2334 923 sentit,
2367 860 2455 914 ubi
2479 861 2746 929 tangitur;
2798 864 3009 919 animus
3037 873 3215 919 autem
3246 881 3344 935 per
3380 881 3492 922 non
3537 877 3630 921 to-

2036 958 2149 1004 tum
2173 966 2389 1020 corpus,
2422 952 2526 1007 hoc
2553 962 2655 1019 est,
2680 969 2778 1023 per
2817 965 3024 1025 partem
3056 958 3299 1027 corporis
3327 966 3476 1013 totus
3504 973 3597 1013 seu

2037 1042 2119 1097 tit.
2151 1041 2468 1110 Hujusmodi
2497 1059 2628 1100 vero
2655 1059 2847 1102 sensus
2874 1047 3101 1103 illocalis
3144 1056 3247 1113 est,
3286 1056 3343 1104 et
3369 1064 3535 1104 omne
3562 1048 3628 1102 il-

2036 1134 2210 1189 locale
2240 1135 2621 1205 incorporeum
2648 1148 2731 1191 est
2762 1155 2776 1189 :
2802 1138 3125 1210 incorporea
3154 1155 3285 1211 ergo
3326 1150 3408 1197 est
3448 1142 3622 1198 omnis

2037 1237 2239 1277 anima.

2111 1312 2161 1365 7.
2204 1313 2283 1369 De
2324 1331 2533 1369 accessu
2565 1332 2625 1371 ac
2663 1334 2887 1373 recessu.
2914 1353 2984 1363 -
3009 1319 3143 1375 [tem
3180 1337 3378 1394 corpus
3408 1339 3514 1380 nec
3540 1340 3622 1394 ap-

2036 1406 2366 1476 propinquat
2394 1405 2526 1473 Deo,
2583 1424 2685 1464 nec
2721 1410 2929 1465 recedit
2956 1426 2986 1464 a
3018 1412 3149 1467 Deo.
3194 1412 3424 1469 Animus
3450 1423 3622 1469 autem

2038 1508 2094 1551 et
2113 1499 2384 1567 proximat
2420 1508 2476 1553 et
2500 1498 2820 1571 longinquat
2850 1502 3134 1558 illocaliter
3162 1522 3175 1556 :
3208 1504 3370 1573 igitur
3418 1506 3626 1562 animus

2038 1603 2236 1659 corpus
2274 1605 2385 1644 non
2414 1597 2517 1646 est.

2108 1676 2161 1733 8.
2202 1678 2284 1733 De
2315 1691 2474 1735 motu.
2500 1680 2572 1721 '—-
2600 1681 2733 1737 ltem
2775 1698 2971 1754 corpus
2997 1693 3248 1741 movetur
3287 1700 3386 1756 per
3426 1686 3622 1750 locum,

1968 1749 2014 1809 Β
2042 1771 2252 1826 animus
2298 1782 2478 1827 autem
2507 1787 2605 1844 per
2647 1774 2899 1831 eumdem
2938 1792 3051 1832 non
3091 1786 3341 1833 movetur
3371 1797 3384 1832 :
3418 1778 3626 1833 animus

2040 1860 2201 1929 igitur
2227 1877 2337 1916 non
2365 1871 2449 1919 est
2475 1878 2690 1934 corpus.-

2111 1950 2164 2006 9.
2207 1952 2285 2006 De
2306 1970 2566 2008 mensura.
2589 1987 2662 1998 --
2685 1955 2823 2011 Item
2857 1956 3158 2027 longitudo,
3186 1958 3438 2025 latitudo,
3473 1968 3528 2015 et
3553 1961 3628 2015 al-

2045 2044 2217 2100 titudo
2272 2044 2327 2100 in
2379 2062 2611 2116 corpore
2637 2057 2764 2104 sunt
2797 2067 2809 2102 :
2841 2058 2900 2105 et
2949 2051 3208 2122 quidquid
3260 2053 3411 2109 hisce
3463 2060 3624 2120 caret,

2043 2154 2240 2207 corpus
2276 2155 2388 2195 non
2415 2150 2515 2195 est.
2548 2140 2708 2197 Hisce
2736 2149 2918 2198 autem
2940 2153 3087 2201 caret
3116 2146 3329 2202 animus
3378 2164 3392 2199 :
3436 2162 3629 2217 corpus

2043 2229 2204 2298 igitur
2243 2247 2353 2286 non
2381 2240 2483 2286 est.

2118 2320 2203 2374 lt).
2245 2320 2323 2375 De
2348 2321 2529 2377 dextro
2569 2331 2619 2376 et
2645 2324 2880 2379 sinistro.
2913 2357 2985 2367 —
3005 2325 3283 2393 Dextrum,
3314 2327 3627 2394 sinistrum;

2043 2428 2273 2477 sursum,
2300 2413 2587 2480 deorsum;
2620 2416 2861 2472 anterius
2881 2422 2937 2473 et
2959 2418 3229 2487 posterius
3251 2418 3307 2473 in
3333 2421 3489 2474 omni
3510 2428 3653 2475 sunt-

2044 2519 2306 2573 corpore;
2332 2505 2387 2560 in
2414 2505 2560 2559 nulla
2587 2513 2769 2561 autem
2792 2515 2918 2562 sunt
2937 2507 3115 2562 anima
3141 2526 3154 2562 :
3182 2509 3508 2581 incorporea
3538 2511 3630 2581 igi-

2046 2604 2133 2649 tur
2159 2595 2336 2650 omnis
2363 2604 2449 2650 est
2476 2597 2677 2651 anima.

2114 2685 2177 2740 ll.
2221 2685 2300 2740 En
2328 2702 2609 2757 quousque
2661 2703 2731 2745 ex
2774 2689 2924 2745 omni
2977 2689 3182 2745 scilicet
3208 2689 3629 2759 disputationum

2047 2789 2350 2834 nostrarum
2394 2790 2550 2851 parte
2590 2784 2975 2846 contraximus,
3009 2784 3269 2853 quidquid
3311 2792 3426 2839 toto
3469 2799 3629 2855 opere

2046 2872 2220 2926 moliti
2248 2887 2460 2938 sumus;
2510 2874 2769 2943 quoniam
2799 2874 2941 2944 quod
2981 2875 3102 2930 istic
3130 2891 3290 2946 quam
3318 2876 3629 2931 brevissime

2048 2966 2538 3036 recapitulavimus,
2589 2967 2692 3022 nisi
2721 2968 3008 3037 prmmissis
3033 2966 3493 3040 disputationibus
3521 2967 3629 3024 fieri

2051 3057 2328 3128 probabile
2350 3074 2458 3113 non
2486 3059 2677 3127 quivit.
2704 3057 3019 3129 Quanquam
3046 3060 3093 3115 si
3119 3061 3397 3128 negotium
3426 3069 3629 3116 tantum

2051 3155 2289 3204 assertor
2317 3148 2545 3204 idoneus
2588 3158 2782 3205 nactus
2822 3158 2984 3216 esset,
3031 3166 3162 3216 non,
3191 3151 3351 3206 sicuti
3396 3158 3626 3220 egomet,

2050 3239 2365 3307 dignitatem
2396 3253 2571 3295 causae
2620 3240 2907 3295 admodum
2938 3242 3131 3312 impari
3185 3242 3433 3297 oratione
3461 3241 3632 3297 debo-

2049 3331 2369 3385 noravisset.
2413 3330 2599 3399 Neque
2638 3346 2766 3387 vero
2796 3332 2912 3400 ipse
2954 3332 3231 3403 aliquanto
3269 3333 3431 3388 latius
3468 3334 3630 3403 proli-

2052 3420 2277 3490 xiusque
2298 3420 2440 3475 banc
2460 3419 2703 3476 eamdem
2728 3422 3079 3491 quaestionem
3100 3423 3304 3491 agitare
3326 3438 3436 3478 non
3458 3422 3628 3492 potui.

2050 3509 2249 3566 Verum
2276 3510 2481 3566 scilicet
2507 3526 2608 3581 par
2634 3510 2734 3565 fuit
2771 3511 2951 3582 quoad
2996 3511 3335 3567 adversarius
3357 3514 3521 3569 reniti
3546 3526 3633 3565 va-

2049 3605 2167 3670 luit,
2198 3620 2265 3660 co
2294 3620 2462 3674 usque
2489 3604 2755 3675 prmliari;
2802 3614 2896 3660 aut
2940 3606 3119 3674 quoad
3160 3605 3214 3660 in
3243 3604 3422 3674 fugam
3451 3606 3630 3671 cessit,

2050 3703 2257 3763 tergum
2284 3696 2544 3765 przebere,
2573 3703 2630 3750 et
2653 3710 2816 3777 manu
2856 3706 3072 3767 captum
3099 3696 3364 3766 plumbeis
3390 3697 3633 3767 pugionio

2048 3786 2147 3842 bus
2174 3801 2478 3842 exarmare.
2535 3784 2768 3843 Ulterius
2817 3802 2982 3857 porro
3029 3788 3282 3858 progredi
3307 3796 3365 3843 et
3392 3788 3449 3841 in
3479 3801 3633 3841 auras

2048 3878 2153 3934 tela
2175 3879 2378 3948 jacere,
2409 3885 2464 3932 et
2491 3878 2610 3934 sine
2653 3878 2809 3933 hoste
2853 3891 3128 3949 pugnare;
3159 3892 3313 3933 cassa
3353 3876 3633 3934 contentio

2047 3979 2149 4035 est,
2175 3979 2231 4025 ει
2257 3970 2447 4024 virium
2474 3969 2751 4025 frustratio
2771 4012 2784 4033 ,
2816 3970 2961 4041 quod
2990 3970 3063 4024 ita
3093 3970 3196 4024 erit
3234 3969 3544 4038 inglorium,
3575 3976 3631 4021 ut

2049 4064 2399 4119 laboriosum.
2444 4062 2581 4129 Quid
2613 4070 2668 4116 tu
2699 4062 2878 4130 igitur,
2907 4061 2983 4115 ait
3021 4061 3233 4131 aliquis,
3264 4075 3365 4130 per
3390 4059 3509 4115 haec
3534 4058 3631 4112 tria

2049 4154 2320 4210 volumina
2363 4154 2619 4209 adversus
2645 4153 2865 4209 brevem
2911 4153 3171 4224 paginam
3192 4152 3457 4223 spatiatus
3484 4167 3559 4215 es,
3587 4150 3632 4204 si

2048 4246 2270 4302 verbum
2298 4247 2465 4301 verbo
2486 4245 2656 4301 satis?
2686 4243 2794 4300 Sed
2822 4260 2930 4300 non
2952 4244 3005 4299 id
3034 4244 3237 4313 negotii
3260 4250 3344 4298 est
3369 4242 3629 4297 fallaciam

2046 4345 2276 4402 struere,
2305 4335 2450 4407 quod
2484 4335 2783 4391 destruere.
2833 4334 3001 4405 Neget
3048 4335 3315 4405 quispiam
3367 4333 3627 4404 sphaeram

2048 4443 2166 4483 esse
2193 4426 2471 4482 mundum.
2498 4424 2618 4483 Uno
2646 4425 2863 4497 quidem
2886 4426 2992 4482 hoc
3019 4426 3109 4482 ille
3135 4425 3303 4481 verbo
3330 4424 3626 4494 negaverit;

2045 4520 2139 4575 sed
2169 4535 2276 4575 non
2316 4518 2370 4573 id
2393 4534 2502 4574 uno
2541 4520 2671 4574 item
2693 4518 2861 4573 verbo
2896 4518 2985 4573 vel
3041 4518 3271 4573 Timaeus
3320 4518 3626 4573 astruxerit;

2047 4608 2282 4665 Proinde
2310 4610 2567 4680 quidquid
2617 4608 2746 4664 illud
2775 4608 3129 4680 ampliuscule
3169 4608 3515 4664 sermocinati
3541 4624 3630 4663 su-

2046 4717 2184 4768 mus,
2208 4718 2318 4757 non
2358 4702 2526 4757 modo
2560 4700 2675 4758 sola
2700 4699 2822 4756 falsi
2849 4698 3170 4765 confutatio,
3202 4699 3295 4755 sed
3324 4700 3441 4756 veri
3470 4700 3628 4755 etiam

2046 4797 2226 4865 coegit
2276 4794 2554 4851 astructio.
2601 4794 2810 4865 Quippe
2861 4794 3133 4851 diversum
3187 4801 3269 4849 est
3314 4810 3328 4846 :
3365 4792 3629 4848 dedocere

2047 4891 2229 4956 noxia,
2261 4897 2317 4944 et
2359 4889 2512 4943 utilia
2543 4888 2759 4944 docere.
2805 4887 2916 4944 Nec
2956 4887 3062 4944 hoc
3106 4886 3250 4943 idem
3278 4892 3379 4951 est,
3424 4893 3626 4941 sentem

2047 4983 2165 5038 solo
2188 4982 2406 5047 vellere,
2437 4981 2583 5050 quod
2613 4980 2819 5049 frugem
2844 4981 3049 5050 jacere.
3078 4980 3195 5036 Non
3224 4994 3353 5048 ergo
3376 4978 3429 5033 id
3458 4978 3625 5048 ipsum

2049 5085 2133 5132 est
2149 5090 2340 5131 eruere
2361 5074 2572 5141 vitium,
2602 5073 2747 5143 quod
2774 5089 2956 5129 serere
2975 5073 3247 5129 virtutem.
3279 5072 3449 5128 Multo
3476 5072 3628 5140 igitur

2048 5166 2277 5237 amplius
2319 5179 2500 5236 operze
2539 5164 2913 5219 insumendum
2942 5172 3026 5220 est
3077 5164 3131 5219 in
3160 5171 3392 5234 utroque
3420 5164 3624 5223 horum,

2048 5272 2211 5329 quam
2241 5256 2296 5311 in
2316 5255 2599 5311 alterutro.
2624 5252 2796 5310 Porro
2825 5262 3017 5310 autem
3034 5265 3157 5310 cum
3178 5261 3409 5324 utraque
3434 5253 3626 5322 agitare

2050 5349 2181 5406 mihi
2210 5347 2487 5418 provincia
2533 5345 2711 5411 fuerit,
2745 5346 2799 5401 in
2828 5355 2939 5401 tam
2984 5346 3009 5384 δ
3049 5347 3347 5417 pnepedito
3393 5344 3621 5413 negotio.

2048 5439 2347 5512 praesertim
2376 5437 2547 5506 magis
2578 5438 2711 5492 mira
2750 5444 2837 5493 est
2859 5439 3094 5508 parcitas
3137 5453 3300 5509 quam
3329 5436 3618 5509 prolixitas.

2051 5534 2187 5589 Nam
2210 5547 2332 5586 cum
2374 5546 2494 5585 sese
2523 5529 2838 5587 undecunde
2865 5532 3224 5589 clarescentes
3248 5540 3412 5603 atque
3452 5537 3623 5587 osten-

2125 5709 2153 5750 δ
2193 5710 2300 5776 ΑΙ..
2329 5711 2563 5781 pra-dicti
2592 5702 2803 5769 laboris.
2840 5711 2906 5769 Et
2934 5730 3078 5782 mox,
3109 5717 3246 5773 unde
3266 5720 3617 5775 clarescent“.
