3946 6182
280 308 378 385 7⁸ιῆ

1459 302 1540 380 ba
1580 306 1806 381 STATU
1846 329 1867 381 Α

1977 314 2083 381 ΜΞ
2125 317 2248 382 tm.
2292 320 2378 384 tu.
3452 314 3556 382 θυι

282 449 454 496 tantes
478 436 790 511 proderent,
814 438 1053 509 aliasque
1076 437 1445 508 multipliciter
1463 441 1865 509 progignerent;
1898 451 1943 505 Α
1976 443 2177 513 poralis
2231 451 2287 498 et
2332 442 2643 514 spiritualis.
2697 441 2882 497 Omnis
2930 442 3127 513 quippe
3171 446 3418 497 creatura
3472 450 3561 497 aut

280 534 438 589 latius
482 532 725 587 dicendae
753 547 929 588 causa:
968 531 1271 601 praescripsi
1312 547 1617 597 numerum,
1647 533 1866 587 modum

278 625 460 690 statui,
484 624 710 679 limitem
742 622 853 685 lixi,
877 638 945 678 ne
966 623 1050 678 vel
1080 623 1132 677 in
1157 622 1325 677 aciem
1354 622 1538 692 plures
1562 624 1872 677 necessario

276 718 598 792 proferrem,
624 718 710 772 vel
737 718 934 772 diutius
961 724 1078 771 rato
1106 724 1392 779 certarem,
1438 714 1520 770 vel
1550 715 1757 784 longius
1780 713 1872 783 ju-

280 820 365 864 sto
396 807 770 880 procederem.

878 894 1108 952 CAPUT
1151 895 1245 950 XV

289 991 503 1045 Veniam
544 1000 725 1044 auctor
753 1006 784 1043 a
813 1006 903 1043 suo
932 990 1058 1057 petit
1081 989 1399 1056 conﬂictare,
1432 996 1482 1039 et
1511 988 1645 1042 inter
1673 998 1873 1042 utrum-

525 1078 622 1132 que
647 1070 909 1115 certamen
950 1063 1118 1130 ipsum
1163 1058 1342 1130 deligit
1365 1058 1617 1129 judicem.

348 1171 425 1226 Te
466 1187 627 1233 nunc,
660 1168 903 1241 quisquis
942 1170 1032 1225 ille
1078 1184 1138 1224 es
1178 1168 1434 1224 adversus
1475 1168 1627 1238 cujus
1673 1169 1872 1239 scripta

276 1273 492 1319 nosmet
536 1261 730 1331 injuria
757 1263 1082 1330 scriptorum
1124 1267 1339 1314 tuorum
1382 1259 1562 1314 dicere
1587 1260 1868 1329 compulit,

277 1372 375 1412 oro
427 1370 720 1425 quzesoque
767 1370 874 1409 non
917 1353 1242 1408 obirascaris
1294 1352 1444 1407 mihi.
1495 1351 1680 1422 Neque
1727 1354 1869 1406 enim

275 1448 580 1503 convicium
624 1447 803 1512 retuli,
838 1461 1014 1516 neque
1043 1444 1264 1516 rependi
1295 1445 1657 1500 maledictum.
1688 1443 1870 1499 Solam

276 1540 374 1594 tibi
421 1554 520 1609 pro
548 1537 783 1592 falsitate
812 1538 1096 1592 veritatem
1148 1536 1292 1592 haud
1341 1536 1459 1607 pari
1499 1536 1872 1592 vicissitudine

278 1630 657 1701 reponderavi.
689 1628 799 1684 Illis
829 1638 854 1666 ι
883 1642 1093 1699 egoque
1116 1643 1235 1697 quze
1264 1629 1433 1697 magis
1463 1636 1553 1682 tua
1582 1628 1678 1683 tibi
1709 1627 1870 1681 noxia

272 1732 399 1779 sunt
429 1723 767 1777 adversarius
787 1737 925 1786 sum,
959 1737 1180 1792 eroque.
1216 1721 1392 1791 Atque
1411 1721 1490 1775 uti
1512 1720 1714 1775 eisdem
1756 1721 1869 1789 ipse

1974 533 2193 603 spiritus
2221 542 2313 589 aut
2332 550 2529 605 corpus
2557 543 2655 589 est.
2685 533 2999 606 Corporalia
3027 534 3233 589 scilicet
3251 548 3350 604 per
3368 542 3560 602 corpus
3614 534 3617 537 ’

1973 626 2235 682 sentimus
2270 644 2283 679 :
2321 627 2702 683 intellectualia
2736 628 3011 683 intellectu
3048 626 3395 698 percipimus.
3423 624 3561 693 Ergo

1971 716 2183 772 duobus
2210 717 2402 784 modis,
2429 727 2688 787 quantum
2719 719 2774 773 in
2798 719 2901 773 hac
2928 719 3037 773 vita
3072 717 3249 783 datur,
3279 717 3456 772 omnis
3484 718 3559 771 rei

1973 806 2203 862 habetur
2229 808 2441 862 notitia.
2472 807 2628 874 Quod
2656 810 2726 863 sit
2753 824 2902 878 ergo,
2926 808 3068 878 quod
3096 808 3291 864 dicitur
3314 809 3418 863 tria
3445 823 3560 864 esse

1972 914 2171 968 genera
2199 901 2576 969 qurestionum,
2620 901 2703 955 An
2731 902 2816 966 sit,
2847 902 2986 969 Quid
3018 903 3107 968 sit,
3140 901 3309 969 Quale
3335 903 3425 958 sit.
3456 901 3560 956 Cur

1972 1004 2157 1061 quarso
2184 991 2395 1057 dicitur,
2426 990 2508 1046 An
2537 993 2627 1058 sit,
2657 1009 2780 1047 cum
2818 993 2993 1048 omnis
3020 993 3209 1047 notitia
3238 1008 3349 1047 rem
3381 1001 3558 1048 osten-

1973 1081 2132 1147 dens,
2180 1082 2583 1149 ambiguitatem
2630 1084 2783 1138 tollat
2824 1092 2879 1138 et
2929 1083 3171 1138 dubitare
3219 1094 3327 1138 non
3379 1084 3562 1137 sinat

1972 1171 2081 1227 Sed
2110 1187 2209 1241 ego
2239 1180 2369 1242 puto
2399 1173 2472 1226 ita
2502 1174 2736 1243 positum
2766 1188 2885 1229 esse
2920 1175 3026 1229 hoc
3064 1174 3370 1242 ambiguum
3390 1214 3405 1239 ,
3437 1189 3559 1243 quia

1974 1280 2081 1319 non
2111 1264 2291 1318 omnia
2321 1266 2741 1320 substantiarum
2788 1274 2928 1332 sunt,
2958 1267 3051 1321 sed
3084 1267 3423 1336 reperiuntur
3462 1267 3561 1320 ali-

1972 1370 2077 1423 qua
2105 1370 2225 1424 quae
2250 1356 2598 1425 probationes
2622 1364 2805 1411 earum
2837 1357 3127 1412 ostendunt
3152 1370 3165 1424 ;
3188 1357 3335 1412 verbi
3359 1372 3520 1412 causa
3548 1376 3558 1410 :

1972 1446 2026 1498 Si
2057 1447 2379 1514 requiratur,
2411 1454 2588 1501 utrum
2620 1444 2819 1501 bonum
2850 1448 3146 1504 substantia
3177 1450 3277 1513 est,
3322 1463 3388 1502 an
3416 1449 3559 1502 non?

1972 1537 2360 1605 respondemus
2387 1552 2494 1591 non
2524 1552 2644 1593 esse
2671 1538 3045 1603 substantiam,
3075 1538 3169 1593 sed
3208 1539 3561 1608 privationem

1970 1628 2116 1680 mali.
2172 1626 2340 1682 Recte
2395 1627 2539 1681 enim
2593 1629 2852 1698 qumritur
2902 1629 2955 1683 in
3010 1630 3307 1698 qumstione
3351 1631 3560 1700 prima.

1972 1728 2152 1774 utrum
2181 1737 2379 1790 corpus
2406 1721 2476 1775 sit
2505 1736 2572 1774 an
2617 1721 2875 1790 spiritus?
2901 1720 2970 1775 Et
3011 1722 3061 1776 in
3091 1723 3452 1790 subsequente
3481 1738 3559 1775 rr-

273 1831 494 1886 quoque
522 1814 548 1853 δ
579 1816 869 1869 adversare
923 1814 1099 1868 causis
1143 1813 1251 1869 tuis
1291 1812 1511 1867 suadeo.
1546 1810 1720 1867 Pauca
1753 1813 1867 1866 lucc
1903 1819 1941 1878 Β
1971 1810 2222 1879 quiritur,
2255 1811 2413 1880 quale
2442 1811 2532 1875 sit,
2564 1819 2740 1865 utrum
2770 1827 2967 1881 corpus
2996 1813 3227 1865 animale
3256 1812 3325 1867 sit
3348 1828 3415 1866 an
3455 1815 3562 1881 spi-

270 1917 327 1963 et
355 1908 537 1973 exilia,
566 1915 728 1977 prout
767 1914 973 1960 arctum
1007 1905 1267 1975 temporis
1288 1905 1433 1971 sinit,
1460 1919 1720 1974 responsa
1746 1903 1868 1957 red-

269 2000 443 2055 hib'ui.
469 1997 548 2053 Tu
565 2007 741 2054 tecum
765 2005 1052 2067 utrumque
1074 2003 1320 2067 pensato,
1346 2003 1402 2049 et
1430 1995 1572 2048 inter
1598 2006 1683 2049 me
1708 2002 1868 2062 teque

268 2105 561 2161 personam
582 2089 779 2159 judicis
794 2089 1012 2153 sumito,
1043 2086 1391 2155 adhibitoque
1412 2085 1631 2155 justitite
1652 2085 1862 2139 libram.

269 2182 325 2237 Si
358 2183 484 2237 lanx
513 2189 699 2236 nostra
747 2180 970 2251 pronior
998 2186 1053 2233 et
1084 2192 1212 2232 vero
1259 2177 1497 2246 gravior,
1526 2191 1635 2230 non
1687 2175 1869 2245 pigeat

270 2288 450 2344 neque
481 2271 678 2343 pudeat
718 2286 749 2325 a
781 2268 1077 2338 transfugio
1121 2278 1143 2307 α
1194 2266 1459 2336 refugium
1508 2265 1704 2332 facere,
1752 2273 1806 2319 et
1836 2281 1868 2319 a

270 2363 510 2418 falsitate
538 2362 638 2416 sub
666 2362 896 2416 veritate
941 2359 1157 2416 cedere.
1199 2356 1312 2422 Sin,
1354 2356 1500 2427 quod
1530 2366 1631 2424 ego
1679 2355 1864 2420 nolim,

268 2452 294 2492 ἀ
325 2453 552 2510 nefastis
606 2453 723 2508 istis
772 2466 1086 2523 persuasum
1132 2457 1218 2505 est
1261 2449 1359 2513 uti,
1421 2447 1712 2502 obstinatio
1762 2454 1864 2513 est,

268 2548 421 2603 edito
468 2560 568 2616 pro
610 2543 881 2599 sententia
927 2541 1126 2610 aliquid
1173 2539 1464 2610 publicitus
1492 2537 1863 2603 lectitandnm,

268 2654 450 2708 neque
478 2652 676 2693 nomen
706 2635 941 2690 occulito
976 2651 988 2686 :
1022 2631 1488 2701 respondebimus,
1523 2628 1686 2684 modo
1715 2643 1867 2683 com-

267 2746 374 2801 pos
421 2728 593 2784 ‘nostri
622 2727 767 2782 Deus
814 2732 868 2781 et
908 2725 1017 2779 vita
1048 2724 1138 2777 sit.
1173 2733 1196 2760 ε
1236 2721 1501 2788 Quoniam
1553 2720 1871 2775 altrinsecus

267 2821 573 2876 continuati
602 2820 809 2874 viarum
848 2817 1146 2889 periculum
1178 2814 1420 2880 iecimus,
1450 2813 1697 2884 experire
1727 2812 1871 2868 scili-

269 2923 385 2979 cet,
414 2913 657 2968 veritatis
682 2912 764 2967 vis
793 2918 992 2981 quanta
1021 2909 1091 2965 sit
1121 2909 1171 2963 in
1202 2909 1413 2964 eXcidio
1451 2907 1722 2963 falsitatis.

556 3030 557 3033 η
630 3013 885 3060 CLAUDIUS
914 3020 965 3058 c.
995 3018 1178 3058 SOLLIO
1207 3008 1539 3057 arcuum.

333 3096 398 3153 Si
428 3113 535 3152 non
578 3096 694 3150 hate
733 3109 852 3165 quae
882 3093 949 3147 ad
980 3102 1030 3147 te
1059 3093 1256 3155 scribo,
1285 3092 1593 3146 venerande
1626 3091 1722 3155 vir,
1756 3090 1869 3146 dis-

1973 1903 2185 1967 rituule,
2217 1902 2437 1973 spiritus
2465 1903 2744 1957 rationalis
2783 1919 2851 1957 an
2881 1903 3242 1958 irrationalis?
3273 1903 3441 1958 Recte
3469 1905 3563 1971 igi-

1973 2003 2061 2048 tur
2082 1994 2301 2049 delinita
2343 2002 2500 2059 sunt,
2544 1994 2646 2048 tria
2693 2009 2815 2049 esse
2840 2006 3038 2062 genera
3075 1995 3455 2063 qumstiomtm,
3498 1998 3562 2046 «ιςτ

1970 2088 2164 2155 quibus
2187 2086 2298 2155 jam
2327 2087 2457 2141 satis
2483 2086 2736 2151 breviter,
2771 2094 2827 2140 ut
2855 2086 3104 2151 arbitror,
3130 2084 3379 2144 diximus.
3413 2085 3510 2139 Nm
3534 2102 3561 2142 c

1971 2180 2132 2233 etiam
2163 2179 2437 2233 videamus
2464 2187 2596 2248 quot
2617 2191 2814 2246 genera
2844 2186 2968 2232 sunt
2988 2193 3295 2248 corporum,
3322 2193 3562 2247 quantm

1972 2269 2390 2325 innumerabiles
2418 2286 2463 2340 s;
2485 2270 2628 2326 ecies
2656 2270 2755 2324 sub
2783 2286 2843 2324 se
2871 2270 3087 2324 habent.

2043 2363 2169 2417 Tria
2219 2371 2398 2417 tamen
2439 2370 2564 2417 sunt
2608 2375 2839 2431 genera,
2887 2361 2990 2416 hoc
3018 2369 3130 2426 est,
3177 2366 3373 2431 cbrptzs
3420 2362 3561 2429 qua!

1969 2454 2100 2509 vivit
2126 2462 2182 2508 et
2211 2454 2400 2518 sentit,
2434 2468 2630 2522 corpus
2655 2453 2801 2522 quod
2833 2453 2961 2506 vivit
2989 2462 3043 2507 et
3086 2470 3191 2507 non
3222 2453 3413 2517 sentit,
3442 2470 3560 2507 cor-

1971 2560 2070 2616 pus
2096 2544 2240 2614 quod
2271 2560 2370 2600 nec
2400 2543 2530 2598 vivit
2557 2560 2657 2599 nec
2686 2545 2871 2598 sentit.
2905 2543 3011 2598 Sed
3040 2545 3143 2600 hoc
3166 2558 3335 2613 genus
3365 2560 3559 2615 corpu-

1971 2639 2045 2692 ris
2071 2635 2217 2705 quod
2246 2651 2344 2691 nec
2372 2636 2505 2689 vivit
2533 2650 2633 2690 nec
2661 2636 2845 2700 sentit,
2889 2643 3123 2705 quatuor
3150 2637 3414 2691 elementa
3444 2651 3566 2691 ese

1972 2738 2125 2801 puto,
2157 2737 2376 2793 terram,
2419 2743 2632 2796 aquam,
2666 2742 2846 2782 aerem
2876 2735 2930 2782 et
2968 2727 3144 2795 ignem
3171 2744 3185 2795 ;
3216 2742 3335 2797 quae
3365 2728 3560 2797 princi-

1972 2821 2111 2891 palia
2139 2830 2265 2874 sunt
2292 2829 2345 2874 et
2372 2820 2654 2890 simplicia,
2681 2835 2745 2873 ex
2775 2819 2970 2888 quibus
2997 2820 3173 2874 omnia
3195 2835 3313 2889 qua:
3341 2830 3558 2891 compa-

1971 2921 2057 2968 cta
2086 2922 2211 2966 sunt
2240 2927 2486 2982 corpora,
2522 2911 2573 2964 id
2618 2914 2704 2966 est
2729 2911 3035 2965 animalium
3079 2913 3310 2966 viventia
3353 2922 3409 2966 et
3435 2928 3559 2966 sen-

1973 3005 2176 3069 tienlia,
2209 3005 2478 3069 arborum,
2517 3002 2765 3058 fruticem
2798 3012 2851 3059 et
2879 3004 3165 3059 herbarum
3194 3006 3443 3070 viventia,
3469 3006 3558 3060 sed

1975 3114 2081 3150 non
2107 3097 2417 3151 sentientia.

264 3187 523 3246 cutienda
558 3196 614 3242 et
652 3185 985 3241 emendanda
1012 3183 1339 3249 transmitte,
1363 3183 1464 3238 rite
1494 3183 1669 3254 potuit
1696 3182 1865 3237 videri
1896 3189 1939 3249 Ο
2045 3186 2407 3253 Quamobrem
2437 3187 2564 3257 quid
2608 3188 2859 3244 dilferant
2899 3190 3039 3245 inter
3066 3206 3125 3246 se
3165 3190 3557 3248 evijeiitissinte

262 3276 618 3351 superﬂuum,
665 3284 720 3331 et
748 3276 949 3331 elatum
997 3275 1193 3329 docere
1237 3274 1393 3339 velle,
1426 3288 1586 3341 quem
1632 3274 1865 3328 sentiam

264 3387 453 3437 nosse,
485 3378 539 3426 et
568 3384 635 3424 ex
666 3368 996 3439 paupertatis
1026 3367 1205 3436 inopia
1244 3365 1374 3419 dare
1396 3364 1673 3433 dragmam
1695 3364 1746 3419 ei
1775 3364 1863 3432 qui

267 3468 445 3524 multo
474 3465 819 3521 scientiarum
841 3461 1079 3516 abundat
1100 3461 1323 3515 talento.
1348 3458 1483 3513 Hinc
1503 3456 1696 3512 accidit
1722 3457 1866 3527 quod

267 3558 575 3615 libellorum
608 3571 637 3609 a
669 3570 754 3608 me
781 3553 1221 3609 transmissurum
1253 3549 1438 3615 editio,
1462 3564 1601 3618 quos
1628 3548 1867 3619 philoso-

266 3651 444 3722 phica:
493 3648 623 3701 artis
669 3645 1016 3700 subtilissima
1058 3642 1423 3714 disputatione
1468 3641 1726 3711 disposui,
1778 3655 1867 3695 me

267 3742 399 3797 fecit
427 3749 643 3795 cautum
674 3747 836 3805 atque
881 3736 1188 3799 sollicitum,
1222 3742 1280 3787 ut
1327 3732 1639 3788 eoruntdem
1671 3732 1867 3786 intelli-

266 3832 506 3902 gentiam
529 3830 730 3899 judicio
753 3843 859 3881 non
889 3826 1282 3881 committerem
1322 3825 1505 3890 modo,
1542 3823 1634 3879 sed
1658 3824 1725 3879 ad
1765 3840 1864 3894 po-

269 3922 427 3976 tioris
471 3918 718 3989 peritiam
760 3915 1122 3976 destinarem;
1154 3922 1210 3969 et
1248 3929 1357 3968 non
1401 3922 1605 3968 tantum
1644 3930 1706 3969 ea
1749 3930 1868 3984 (pne

267 4030 415 4070 nunc
445 4029 511 4067 ex
540 4024 727 4066 eorum
776 4009 1005 4065 lectione
1050 4007 1285 4079 percepi,
1333 4022 1515 4062 verum
1559 4008 1720 4062 etiam
1749 4020 1867 4076 qua:

267 4106 396 4159 ωε
420 4102 532 4171 jam
577 4101 780 4173 pridem
811 4099 1086 4155 memoriae
1132 4099 1453 4153 reservanda
1484 4097 1753 4163 mandavi,
1780 4098 1866 4166 jn«

266 4199 413 4252 dicio
443 4205 538 4250 tuo
567 4193 842 4265 probanda
869 4190 1158 4246 transmisi.
1184 4189 1327 4245 Bene
1349 4191 1547 4245 etenim
1571 4191 1670 4245 scit
1690 4191 1868 4259 digna-

268 4294 346 4347 tio
378 4300 488 4355 tua,
518 4289 737 4342 minime
768 4302 866 4340 nos
895 4286 1095 4340 habere
1118 4299 1347 4355 quorum
1369 4283 1657 4338 collatione
1686 4284 1753 4338 de
1788 4284 1868 4337 eis

266 4398 390 4454 quae
421 4380 766 4447 ambigimus,
796 4378 937 4432 lirmi
975 4376 1306 4445 stabilcsque
1344 4374 1647 4430 reddamur.
1681 4372 1868 4430 Omnis

269 4486 463 4530 natura
487 4489 607 4543 qua:
632 4472 697 4526 ad
720 4472 889 4526 Deum
917 4471 1160 4541 pervenit
1190 4470 1379 4524 notitia
1409 4469 1627 4539 proprio
1650 4470 1867 4523 nomine

1970 3278 2139 3347 liquet
2168 3296 2179 3329 :
2210 3293 2329 3347 qua:
2357 3278 2465 3331 sint
2487 3293 2673 3333 eorum
2704 3281 3031 3346 communia,
3061 3282 3173 3337 Deo
3209 3282 3449 3351 juvaite,
3479 3286 3557 3337 in-

1971 3370 2173 3423 tentius
2219 3369 2571 3437 inquiramus.
2624 3370 2714 3425 Sic
2758 3372 2902 3425 enim
2948 3372 3213 3435 volumus,
3266 3374 3560 3447 inspirante

1968 3460 2198 3518 Domino
2228 3468 2283 3515 et
2310 3461 2623 3526 auxiliante,
2658 3470 2715 3515 ut
2761 3479 2869 3516 non
2900 3471 3108 3517 tantum
3145 3472 3446 3520 creaturam
3479 3469 3558 3537 ip.

1968 3553 2080 3607 sius
2109 3560 2430 3616 scrutemur,
2459 3568 2643 3607 verum
2674 3554 2834 3607 etiam
2865 3555 3217 3610 ascendentes
3247 3555 3313 3609 ad
3341 3566 3504 3610 creati
3522 3558 3558 3610 l-

1969 3660 2087 3701 cem
2131 3644 2486 3699 substantiam
2525 3660 2621 3715 per
2659 3660 2723 3700 ea
2750 3660 2869 3715 qua:
2917 3645 3055 3701 facta
3084 3656 3238 3715 sunt,
3283 3649 3557 3704 intellecnl

1968 3735 2396 3806 conspiciamus;
2429 3744 2483 3789 et
2504 3736 2746 3804 quamvis
2776 3752 2883 3791 non
2914 3736 3287 3805 perveniamus
3320 3737 3386 3792 ad
3423 3738 3473 3792 id
3508 3749 3559 3792 ιςι

1970 3828 2086 3897 ejus
2139 3827 2497 3884 substantiam
2539 3827 2839 3896 intelligere
2882 3828 3190 3894 valeamus,
3235 3837 3291 3883 et
3326 3829 3453 3898 quid
3494 3831 3558 3883 sit

1968 3922 2227 3986 sciamus;
2253 3920 2440 3974 saltem
2466 3920 2516 3973 id
2540 3921 2684 3989 quod
2717 3936 2823 3975 non
2843 3921 2913 3976 sit
2941 3921 3336 3977 evidentissime
3374 3926 3560 3977 tenea-

1970 4028 2106 4066 mus.
2138 4008 2304 4080 lgitur
2334 4020 2492 4065 omne
2522 4027 2717 4081 corpus
2743 4012 3029 4081 quantitati
3056 4022 3110 4067 et
3148 4013 3391 4082 qualitati
3437 4016 3560 4068 sui:-

1965 4102 2169 4171 jrctum
2193 4111 2292 4156 est.

2042 4195 2100 4250 ln
2130 4195 2373 4264 subjecti
2403 4203 2583 4249 autem
2616 4210 2843 4265 corpore
2868 4212 3065 4266 corpus
3085 4213 3195 4253 non
3226 4208 3326 4254 est.
3351 4198 3561 4270 Corrns

1972 4290 2114 4344 (nim
2146 4287 2449 4357 subjectum
2494 4297 2596 4352 est,
2645 4293 2755 4343 non
2805 4289 2857 4343 in
2905 4289 3332 4360 subjecto,quia
3363 4307 3558 4361 corpu.

1969 4380 2268 4435 substantia
2307 4389 2407 4443 est,
2454 4396 2559 4434 non
2603 4379 2870 4434 accidens.
2924 4375 3231 4435 Accidcntia
3275 4394 3453 4436 autem
3506 4385 3558 4435 in

1971 4470 2267 4525 substantia
2299 4479 2441 4536 sunt,
2476 4486 2581 4525 non
2612 4470 2943 4526 substantim.
2970 4470 3176 4526 Accidit
3198 4485 3327 4540 ergo
3346 4478 3558 4545 corpori

269 4569 651 4638 compellatur,
676 4577 731 4621 et
751 4565 871 4621 ideo
900 4580 1095 4619 nomen
1125 4573 1329 4618 naturae
1350 4562 1767 4632 uniuscujusque
1791 4563 1867 4616 rei
1900 4561 1945 4618 l)
1972 4562 2244 4630 quantitas
2272 4570 2327 4615 et
2356 4563 2606 4630 qualitas.

269 4655 596 4715 ostenditur.

345 4749 553 4804 Nomen
591 4760 722 4816 ergo
767 4745 951 4801 dixere
992 4745 1218 4816 priores,
1251 4742 1395 4813 quod
1422 4760 1536 4799 rem
1570 4751 1752 4799 notam
1784 4742 1861 4798 fa-

268 4844 403 4907 ciat,
435 4839 581 4910 quod
608 4838 776 4909 ipsius
802 4838 880 4891 rei
903 4836 1183 4905 imagines,
1215 4851 1348 4906 quas
1388 4851 1487 4907 per
1514 4850 1703 4891 sensus
1739 4851 1862 4890 eor-

272 4933 531 5004 porisqtte
558 4913 740 4998 dirigit
777 4928 1059 4991 memoria,
1086 4927 1139 4981 in
1170 4927 1387 4981 auribus
1430 4926 1770 5005 intromittit;
1804 4943 1867 4982 ac

267 5029 351 5082 sic
378 5026 722 5098 loquentibus
756 5022 929 5086 nobis,
972 5021 1353 5089 intelligimus;
1396 5028 1448 5076 et
1477 5020 1749 5075 absentias
1778 5035 1866 5075 re-

271 5134 391 5172 rum
422 5126 477 5172 et
518 5114 779 5184 imagines
830 5111 1103 5167 metnorize
1148 5120 1404 5179 retentas,
1458 5127 1579 5166 cum
1621 5112 1871 5166 voluntas

272 5209 457 5273 fuerit,
490 5206 809 5275 cogitamus.
835 5201 940 5258 Sed
968 5201 1164 5272 duplex
1196 5218 1374 5257 rerum
1406 5210 1595 5257 natura
1615 5243 1629 5264 ,
1668 5210 1721 5256 et
1751 5218 1870 5256 cor-

350 5333 374 5361 ⁸
413 5320 503 5377 Sic
523 5318 688 5374 editio
713 5316 878 5370 Paris.
913 5331 1032 5370 cum
1060 5311 1611 5383 Orthodoxographis.
1645 5313 1711 5366 At
1736 5313 1867 5382 Lug-

271 5395 427 5457 dua.,
456 5408 550 5464 ego
578 5406 675 5464 quo
704 5389 987 5464 ntagis_tua
1012 5386 1107 5464 tibi
1138 5386 1305 5457 magis
1327 5386 1505 5464 noxia,
1539 5395 1645 5464 etc.

348 5464 377 5504 ι)
415 5454 711 5516 ἰιᾶρωῦῡω
727 5454 855 5514 edit.
879 5456 1121 5523 Lugdun.
1143 5454 1288 5521 vero,
1310 5454 1575 5508 adversari
1594 5470 1750 5507 causa
1770 5455 1860 5507 lui.

353 5546 374 5575 ο
415 5532 681 5601 Lugdun.,
712 5529 998 5601 repudium,

351 5604 375 5642 ἀ
415 5592 1326 5671 Sic'utraqueOrthodoxographa.
1372 5592 1624 5671 Lugdun.
1659 5594 1861 5671 editio,

275 5692 375 5731 nec
397 5676 531 5746 faxis
579 5666 710 5746 istnc
738 5684 1007 5746 persuasu,
1039 5667 1416 5746 ttiidbstltt‘atfq
1462 5675 1559 5746 est,
1604 5666 1739 5746 edito
1770 5683 1864 5732 pro

277 5763 367 5801 the
397 5733 718 5799 lsententiam
740 5733 954 5808 tit/nido
982 5736 1254 5805 publicitus
1294 5736 1643 5789 (velitandum.
1683 5733 1864 5806 .chne

574 5841 841 5899 Parant.
893 5832 1051 5891 ΜΗ.

2044 4652 2323 4721 Quantitas
2352 4653 2493 4707 enim
2525 4653 2576 4707 iu
2607 4654 2870 4709 mensuris
2898 4662 2998 4719 est,
3031 4653 3261 4722 qualitas
3282 4654 3334 4708 in
3359 4654 3561 4710 colozi-

1973 4748 2090 4802 bus.
2122 4746 2236 4802 Nan
2265 4746 2369 4800 hoc
2391 4760 2508 4801 esse
2540 4742 2708 4816 ipsum
2734 4753 2928 4816 Carpus
2958 4745 3100 4816 quod
3126 4753 3382 4815 quantum
3421 4763 3491 4802 es.
3512 4769 3561 4815 ιι,
3618 4774 3625 4781 ~

1973 4853 2073 4894 nec
2102 4838 2204 4893 hoc
2230 4852 2349 4892 esse
2380 4837 2552 4906 ipsum
2581 4836 2725 4906 quod
2754 4836 2911 4904 quale
2940 4851 3056 4892 esse
3080 4853 3093 4902 ;
3118 4838 3243 4906 quia
3285 4846 3339 4893 et
3378 4840 3561 4896 colore

1976 4937 2182 4983 mutato
2205 4943 2402 4998 corpus
2430 4935 2630 4991 manet,
2660 4933 2715 4980 et
2745 4926 2798 4980 in
2840 4926 3106 4982 diminuto
3132 4943 3361 4998 corpore
3389 4946 3562 5001 quan-

1976 5021 2101 5073 titas
2126 5035 2245 5087 qua:
2294 5018 2440 5087 prius
2496 5017 2667 5071 fuerat
2713 5032 2821 5071 non
2844 5024 2944 5071 est.
2978 5015 2993 5054 ί
3028 5017 3133 5071 Aut
3171 5033 3267 5088 per
3309 5019 3414 5075 hoc
3455 5037 3560 5074 nm

1977 5127 2096 5166 esse
2148 5123 2396 5177 magnum
2453 5107 2595 5176 quod
2644 5108 2976 5175 magnitudo,
3007 5108 3105 5164 nec
3150 5109 3369 5179 longum
3416 5111 3561 5178 qunl

1978 5202 2272 5269 longitulo,
2306 5216 2405 5255 nec
2437 5201 2539 5255 hoc
2570 5200 2735 5253 latum
2765 5198 2910 5269 quod
2938 5200 3186 5265 latitudo,
3217 5215 3316 5255 nec
3345 5201 3558 5255 colora-

1973 5329 2156 5366 nomcn
2219 5310 2456 5383 occulito.
2510 5307 2770 5383 Quoniam
2823 5325 3075 5383 quomoao
3133 5325 3363 5383 contpos_
3396 5312 3561 5363 noshi

1976 5383 2113 5437 Deus
2142 5392 2191 5436 et
2219 5383 2323 5435 vita
2350 5382 2436 5444 sit,
2464 5381 2770 5435 altrinsecus
2800 5378 3128 5435 centennrnm
3168 5378 3447 5450 periculum
3478 5394 3561 5450 μι-

1974 5454 2184 5517 ciemns,
2219 5453 2483 5521 experiere
2512 5451 2723 5514 scilicet,
2765 5461 2868 5506 etc.
2921 5447 3359 5516 Felicior'magis
3406 5447 3560 5503 Pan-

1974 5525 2166 5577 sicnsis
2193 5522 2351 5577 lectio
2378 5540 2389 5573 :
2421 5524 2512 5575 sed
2543 5530 2596 5575 et
2636 5522 2747 5588 ipsa
2778 5521 3055 5576 mendosa.

2050 5606 2071 5630 υ
2114 5592 2305 5655 Paris,
2344 5592 2598 5655 Quoniam
2621 5593 2923 5645 altrinsecus
2952 5591 3329 5643 contentionum
3356 5588 3445 5645 tibi
3471 5589 3560 5644 Ita-

1976 5680 2087 5771 γιυῖι
2113 5664 2390 5753 prricnlnm
2416 5665 2626 5733 ferimus
2659 5663 2839 5729 :quoal
2881 5660 3105 5716 fortasse
3129 5661 3339 5715 melius.

2124 5735 2173 5771 ll
2259 5752 2325 5771 ..η

2116 5735 2219 5801 .‘.l.,
2252 5735 2348 5785 εἴη.
