3946 6182
415 259 514 317 779
1694 271 2005 325 ΜᾹΜΕἎἸἹ
2044 271 2408 328 CLAUDIAM
3527 266 3614 320 τω

416 388 526 433 tum
554 379 696 447 quod
742 381 911 435 color.
950 392 968 416 ’ί
1005 381 1119 450 lpse
1147 388 1229 433 (‘Sl
1257 380 1420 435 etiam
1463 381 1675 450 corpori
1715 396 1984 446 mensura,
2018 394 2061 443 Α
2095 391 2187 437 aut
2215 394 2421 454 septem
2444 393 2507 439 et
2548 394 2657 441 tres
2686 386 2952 443 undecim.
2985 387 3238 443 Similiter
3264 395 3317 442 et
3353 388 3503 457 tigrin
3535 384 3621 443 εὶιι-

413 485 665 525 numerus
707 482 761 525 et
808 471 1034 540 pondus.
1080 469 1230 525 Unde
1271 472 1435 525 etiam
1479 479 1664 525 sancta
1714 468 1991 541 Scriptura

411 562 504 625 ait,
535 560 696 615 Deum
726 563 898 616 omru'a
942 563 995 616 in
1034 578 1293 627 mensura,
1324 571 1373 615 et
1416 577 1644 623 numero,
1676 571 1725 614 et
1766 560 1992 629 pondere

410 651 721 720 disposuisse
750 650 901 723 (Sap.
948 668 1021 715 XI,
1051 651 1163 722 21).
1193 652 1301 707 Sed
1333 652 1421 707 hic
1448 651 1555 705 alio
1590 649 1752 704 modo
1781 650 1847 703 ad
1878 651 1989 719 spi-

408 743 567 795 ritum
614 741 933 796 rationalem
982 740 1190 807 referri,
1236 743 1380 812 quod
1430 742 1485 795 in
1537 740 1990 810 consequentibus

406 831 688 887 dicendum
717 833 892 887 video.
928 832 1077 888 Nunc
1114 849 1245 888 vero
1287 834 1355 888 de
1398 848 1629 903 corpore
1657 847 1779 903 quae
1821 833 1990 901 coepi-

405 939 543 989 mus,
575 925 924 995 explicemus.
956 924 1108 981 Sicut
1146 927 1287 979 enim
1330 926 1562 980 diximus
1589 939 1699 979 non
1738 924 1842 978 hoc
1871 939 1989 977 esse

404 1028 654 1083 magnum
703 1018 844 1084 quod
892 1016 1234 1085 magnitudo,
1281 1016 1361 1071 sic
1408 1030 1507 1070 nec
1552 1030 1800 1069 mensura
1845 1014 1987 1082 quod

404 1104 793 1172 mensurabile,
841 1120 942 1161 nec
992 1121 1246 1161 numerus
1292 1105 1438 1175 quod
1484 1104 1837 1167 numerabile,
1888 1118 1989 1158 nec

299 1205 307 1211 ‘
403 1194 614 1264 pondus
637 1196 781 1264 quod
824 1196 1190 1266 ponderabile.
1234 1193 1491 1251 Minuitur
1519 1196 1702 1263 igitur,
1731 1196 1985 1265 quoniam

402 1286 457 1341 in
485 1295 598 1342 tota
626 1296 778 1356 parte
806 1287 968 1343 habet
1014 1303 1225 1343 sursum
1254 1298 1310 1343 et
1348 1287 1599 1343 deorsum
1617 1326 1631 1351 ,
1664 1286 1825 1341 habet
1852 1286 1984 1339 dex-

403 1388 541 1435 tram
570 1390 627 1436 et
649 1381 942 1449 sinistram,
972 1383 1133 1438 habet
1162 1392 1287 1439 ante
1327 1389 1383 1437 et
1418 1389 1584 1437 retro.
1618 1381 1863 1436 Moretur
1890 1396 1988 1451 per

403 1480 612 1543 tempus
639 1481 692 1529 et
721 1474 934 1540 locum,
975 1490 1074 1531 nec
1107 1474 1314 1544 indicat
1344 1484 1399 1528 et
1420 1473 1713 1544 iudicatur,
1744 1474 1986 1543 partibus

399 1574 618 1621 secatur
644 1564 873 1622 inﬁnite.

472 1654 584 1723 Age
611 1670 753 1710 nunc
780 1655 1056 1710 videamus
1077 1654 1202 1723 quid
1231 1654 1301 1708 sit
1340 1654 1485 1724 quod
1518 1669 1713 1724 corpus
1750 1654 1984 1708 vivilicat

2091 477 2197 532 culi
2242 493 2348 535 non
2393 478 2584 548 recipit
2633 481 3091 537 contrarietatem.
3134 481 3405 551 Nunquam
3452 483 3543 538 erit
3579 495 3624 536 ut

2093 569 2259 637 figura
2293 570 2481 627 circuli
2508 588 2576 628 ex
2625 573 2834 630 duabus
2879 581 2974 629 aut
3013 575 3181 632 tribus
3222 575 3373 630 lineis
3414 573 3513 639 ﬁat,
3550 584 3628 629 aut

2089 660 2419 730 quadrigena
2441 679 2510 719 ex
2535 665 2723 731 tribus,
2748 673 2842 720 aut
2864 666 3074 735 trigona
3094 682 3163 721 ex
3180 677 3421 736 quatuor.
3436 665 3488 721 Si
3508 668 3629 722 enim

2090 750 2359 808 addideris
2382 754 2465 807 vel
2487 755 2745 810 minueris
2776 756 2997 825 aliquid,
3018 755 3131 825 iam
3170 771 3268 812 nec
3304 756 3519 824 trigona,
3549 772 3632 813 acc

2089 840 2424 911 quadrigena
2449 844 2573 910 erit,
2598 852 2783 901 manet
2802 844 2947 901 enim
2987 854 3188 901 :eterna
3216 853 3271 900 et
3309 845 3629 901 incommutao

2089 931 2229 987 bilis.
2276 931 2476 989 Harum
2519 936 2759 992 rationes
2798 936 3198 1006 disciplinarum
3239 945 3295 991 et
3333 936 3383 990 in
3422 936 3633 1011 subjecto

2089 1031 2214 1080 sunt
2236 1025 2439 1091 animo,
2462 1035 2515 1081 et
2548 1028 2667 1082 sine
2707 1042 2775 1083 eo
2815 1044 2937 1083 esse
2979 1043 3086 1083 non
3129 1035 3365 1098 possunt.
3388 1026 3633 1095 Colligitur

2088 1123 2348 1169 aeternum
2370 1129 2489 1171 esse
2511 1115 2639 1172 illud
2680 1117 2735 1172 in
2776 1132 2887 1186 quo
2907 1126 3015 1183 est,
3036 1117 3176 1172 sicut
3198 1117 3323 1173 illud
3361 1117 3492 1186 quod
3515 1117 3561 1171 in
3580 1132 3633 1171 eo

2088 1212 2191 1260 est.
2218 1203 2360 1274 Ergo
2382 1205 2699 1261 immortalis
2718 1216 2802 1262 est
2822 1207 2999 1267 anima
3022 1223 3037 1273 ;
3079 1214 3138 1261 et
3160 1206 3210 1261 id
3233 1206 3375 1276 quod
3394 1206 3516 1260 vivit
3533 1207 3633 1270 scit,

2087 1310 2303 1367 semper
2324 1304 2379 1351 et
2400 1297 2589 1353 cernit.
2615 1296 2720 1355 Sed
2752 1312 2862 1352 non
2900 1311 3115 1367 semper
3141 1297 3248 1352 hoc
3282 1298 3475 1365 cogitat
3498 1314 3510 1350 :
3532 1299 3636 1365 quia

2088 1401 2210 1440 cum
2237 1386 2307 1441 sit
2332 1401 2522 1441 secura
2544 1385 2613 1441 de
2639 1400 2699 1441 se
2719 1386 2861 1455 quod
2885 1387 3095 1440 amittat
3126 1401 3186 1441 se
3208 1386 3261 1440 in
3305 1386 3477 1440 multis
3514 1386 3635 1454 cogi-

2089 1476 2398 1543 tationibus,
2429 1475 2685 1531 distendit
2709 1491 2769 1531 se
2798 1492 2861 1532 ac
2889 1477 2934 1532 si
2966 1492 3061 1546 per
3090 1483 3300 1546 tempus
3332 1492 3433 1531 non
3460 1490 3546 1544 per
3569 1476 3636 1529 lo-

2087 1582 2209 1623 cum
2239 1576 2416 1633 mota;
2449 1576 2632 1624 movet
2678 1576 2856 1622 tamen
2903 1576 2960 1623 et
2996 1580 3192 1639 corpus
3237 1584 3336 1640 per
3381 1576 3571 1636 tempus
3595 1574 3637 1616 ct

2091 1659 2289 1722 locum,
2318 1658 2524 1713 scilicet
2546 1656 2749 1727 iudicat
2782 1670 2837 1715 et
2869 1657 3157 1727 iudicatur.
3186 1659 3321 1713 Vide
3341 1673 3463 1727 ergo
3483 1659 3636 1711 anima

401 1754 457 1801 et
484 1761 594 1800 non
616 1746 899 1800 sentificat.
935 1745 1122 1800 Melius
1147 1746 1287 1800 enim
1317 1752 1653 1814 coaequatum
1676 1753 1759 1799 est
1778 1745 1904 1809 vita,
1931 1753 1984 1797 ct
2022 1750 2059 1806 lt
2092 1749 2322 1802 humana
2347 1763 2509 1819 quam
2539 1761 2787 1817 maguum
2832 1749 3031 1803 bonum
3060 1750 3149 1814 sit,
3177 1749 3306 1804 dum
3332 1749 3398 1804 de
3424 1748 3639 1817 corpori-

401 1838 546 1906 quod
585 1838 807 1908 accipit,
840 1847 895 1891 et
931 1837 1074 1907 quod
1108 1837 1219 1891 dat.
1254 1837 1374 1891 Vita
1414 1837 1557 1891 enim
1604 1851 1722 1907 qua:
1765 1851 1871 1890 non
1902 1847 1983 1889 ez-t

401 1932 579 1986 minor
606 1931 659 1985 in
706 1939 861 2000 parte
888 1945 1050 1999 quam
1098 1931 1151 1984 in
1182 1936 1325 1995 toto,
1358 1936 1415 1984 et
1458 1945 1568 1984 non
1605 1929 1741 1999 parti
1788 1929 1983 1983 minori

400 2024 577 2079 minor
605 2031 716 2088 est,
751 2037 852 2078 nec
882 2031 1089 2093 partem
1140 2022 1342 2092 praebet
1387 2021 1579 2091 majori
1623 2020 1884 2090 majorem
1932 2031 1984 2072 et

400 2115 605 2169 minori.
624 2116 908 2177 minorem,
942 2129 1047 2168 non
1070 2122 1153 2168 est
1176 2128 1391 2182 corpus,
1423 2112 1517 2167 sed
1544 2111 1784 2181 spiritus.
1817 2110 1983 2182 Spiri—

400 2217 482 2261 tus
509 2205 719 2276 pecoris
744 2205 834 2274 qui
864 2221 970 2260 non
1000 2205 1243 2259 subsistit
1272 2212 1392 2273 post
1420 2219 1633 2273 corpus,
1665 2204 1983 2273 praetermit-

399 2298 589 2353 tendus
617 2307 721 2362 est,
748 2305 807 2351 ut
835 2297 901 2351 ad
932 2296 1250 2351 rationalem
1278 2296 1522 2366 spiritum
1551 2295 1849 2349 veniamus.
1879 2294 1982 2362 lgi-

398 2401 487 2444 tur
514 2388 735 2459 spiritus
756 2388 1114 2457 quantitatem
1146 2403 1255 2442 non
1302 2388 1483 2442 habet.
1530 2385 1588 2441 Si
1617 2401 1747 2441 vero
1792 2386 1985 2455 longus

398 2490 540 2536 esset
570 2489 661 2535 aut
688 2480 846 2543 latus,
878 2491 1113 2549 quantus
1146 2479 1248 2535 rite
1283 2479 1471 2548 utique
1511 2479 1803 2534 diceretur.
1850 2476 1981 2533 Pru-

398 2574 589 2629 denter
616 2573 760 2627 enim
788 2571 1088 2627 secernitur
1118 2578 1172 2625 et
1199 2579 1513 2639 segregatur
1534 2586 1565 2624 a
1586 2584 1837 2640 corpore,
1859 2569 1984 2638 quia

398 2666 680 2737 quantitati
711 2681 817 2719 non
841 2665 1102 2734 subiacet,
1131 2664 1376 2732 quamvis
1409 2662 1687 2732 subiaceat
1712 2663 1979 2732 qualitati.

399 2756 660 2810 Accidunt
688 2755 870 2808 animo
918 2754 1233 2824 disciplinae,
1264 2753 1460 2807 accidit
1488 2752 1693 2821 iustitia
1745 2760 1802 2806 et
1846 2751 1983 2821 iniu-

398 2848 564 2911 stitia,
598 2846 819 2901 castitas
845 2855 901 2898 et
943 2844 1128 2899 libido.
1163 2844 1405 2909 Quatuor
1433 2845 1575 2897 enim
1604 2852 1730 2898 sunt
1757 2835 1983 2897 virtutes

398 2935 737 3007 principales,
768 2935 819 2989 id
847 2941 928 2989 est
946 2974 961 2999 ,
985 2933 1301 3004 prudentia,
1328 2934 1701 3003 temperantia,
1727 2933 1982 2988 fortitudo

399 3037 451 3082 et
475 3029 704 3097 iustitia.
737 3026 852 3080 Non
883 3026 1024 3080 enim
1063 3025 1168 3079 hoc
1208 3037 1289 3080 est
1315 3024 1342 3061 ι)
1372 3026 1545 3079 anima
1585 3025 1729 3095 quod
1760 3025 1986 3095 pruden-

2085 1839 2185 1894 bus
2208 1838 2437 1907 iudicas,
2468 1842 2593 1895 dum
2620 1848 2674 1895 et
2703 1841 2898 1895 rationi
2919 1842 3283 1909 conjungeris,
3306 1839 3428 1914 dpm
3455 1848 3640 1894 :eternze

2084 1932 2327 1985 veritatis
2352 1932 2428 1987 sis
2455 1932 2740 2003 particeps.
2772 1932 2887 1986 Non
2917 1932 3060 1987 enim
3104 1947 3133 1986 a
3168 1940 3224 1985 te
3253 1931 3511 1999 diligenda
3535 1936 3639 1983 sunt

2084 2039 2204 2092 qua:
2235 2023 2369 2077 infra
2397 2033 2452 2079 te
2478 2031 2605 2078 sunt
2628 2041 2641 2090 ;
2669 2032 2724 2079 et
2746 2024 2990 2093 quamvis
3018 2038 3272 2078 mensura
3317 2023 3461 2088 insit,
3501 2031 3552 2076 tu
3576 2034 3638 2074 ta-

2084 2130 2209 2169 men
2229 2130 2480 2170 mensura
2511 2131 2617 2170 non
2645 2129 2722 2169 es.
2765 2113 3092 2185 Cogitationi
3135 2121 3241 2168 tua:
3271 2128 3533 2177 numerus,
3559 2128 3639 2165 vo-

2087 2204 2386 2274 luptatique
2416 2214 2519 2258 tuae
2550 2203 2757 2275 pondus
2790 2222 2802 2256 :
2837 2212 2895 2259 tu
2922 2204 3125 2259 scilicet
3154 2218 3254 2259 nec
3277 2218 3535 2266 numerus,
3561 2218 3643 2254 nec

2087 2297 2297 2366 pondus
2323 2312 2399 2352 es.
2435 2295 2595 2351 Refer
2621 2297 2953 2351 voluntatem
2985 2297 3063 2351 tui
3088 2297 3289 2351 amoris
3312 2297 3379 2351 ad
3402 2295 3536 2349 illum
3562 2309 3642 2346 nu-

2086 2403 2295 2442 merum
2316 2388 2433 2442 sine
2459 2402 2705 2452 numero,
2728 2387 2798 2442 de
2837 2402 2947 2455 quo
2983 2385 3268 2442 Psalmista
3310 2386 3435 2441 dicit
3460 2404 3471 2436 :
3494 2383 3556 2438 Et
3572 2401 3642 2436 ες-

2084 2482 2293 2550 pientiie
2341 2480 2455 2551 ejus
2487 2496 2592 2535 non
2639 2489 2716 2534 est
2764 2474 3005 2535 numerus
3047 2479 3218 2553 (Psal.
3252 2495 3425 2543 cxm,
3469 2477 3551 2546 5);
3591 2476 3643 2528 ad

2086 2570 2232 2624 illam
2262 2585 2564 2625 mensuram
2604 2571 2719 2625 sine
2761 2586 3030 2635 mensura,
3056 2571 3124 2626 ad
3155 2571 3287 2626 illud
3313 2570 3512 2641 pondus
3548 2569 3645 2622 sine

2085 2662 2344 2732 pondere,
2371 2679 2403 2718 a
2431 2678 2541 2731 quo
2571 2665 2751 2719 omnia
2773 2664 3143 2733 ponderantur
3186 2672 3243 2718 et
3272 2671 3639 2719 mensurantur.

2085 2751 2262 2823 Ipsum
2291 2764 2376 2808 est
2402 2768 2668 2809 summum
2691 2754 2893 2809 bonum
2923 2769 2953 2808 a
2979 2770 3087 2823 quo
3134 2754 3280 2810 facta
3327 2758 3449 2809 Sunt
3489 2753 3641 2808 omnia

2084 2857 2371 2913 corporum
2407 2856 2607 2912 genera
2655 2844 2819 2899 bona.
2866 2843 3043 2915 Ipsum
3082 2845 3431 2901 rationalium
3478 2856 3643 2909 magra

2084 2933 2246 2998 bona,
2280 2951 2338 2989 re
2368 2936 2551 3004 utique
2579 2935 2722 2991 bona
2765 2943 2820 2991 et
2847 2951 3041 3006 magna
3079 2936 3220 2991 bona
3266 2952 3524 2994 summum
3564 2935 3643 2987 bo-

2085 3041 2212 3082 num
2241 3041 2380 3093 ama,
2412 3026 2748 3098 simplexque
2775 3028 2996 3092 bonum,
3024 3027 3075 3082 id
3103 3039 3207 3093 est,
3237 3026 3403 3083 Pater
3429 3037 3481 3083 et
3506 3027 3604 3081 Filii
3624 3042 3645 3079 s

399 3123 490 3185 tia,
525 3136 623 3176 nec
657 3119 835 3190 iustus
874 3119 1017 3189 quod
1055 3118 1284 3188 iustitia,
1316 3134 1419 3173 nec
1464 3126 1795 3188 temperatus
1841 3118 1982 3186 quod
2013 3124 2059 3185 ε]
2088 3126 2145 3172 et
2171 3116 2401 3187 Spiritus
2429 3128 2663 3176 sanctus.
2697 3118 2929 3174 Trinitas
2977 3119 3094 3174 hazc
3124 3135 3262 3174 unus
3307 3121 3462 3175 Deus.
3494 3118 3552 3172 Et
3576 3126 3643 3170 ta-

399 3212 773 3282 temperantia,
803 3225 905 3265 nec
933 3208 1083 3264 fortis
1102 3208 1247 3278 quod
1272 3208 1548 3263 fortitudo.
1581 3208 1735 3263 Aliud
1758 3216 1841 3263 est
1869 3225 1986 3263 ρεξτε

400 3305 654 3368 animum,
683 3302 826 3359 aliud
852 3302 1056 3373 justum
1102 3302 1359 3356 animum.
1392 3299 1527 3355 Cum
1557 3300 1697 3354 enim
1742 3299 1861 3356 dico
1896 3299 1984 3369 iu-

399 3407 541 3453 stum
569 3396 830 3461 animum,
862 3395 969 3450 duo
998 3393 1241 3463 quietiam
1273 3393 1512 3461 intelligo
1546 3411 1558 3444 :
1602 3392 1704 3446 hoc
1745 3391 1889 3445 enim
1918 3392 1983 3445 de

400 3489 679 3560 prudentia
709 3496 765 3542 et
795 3486 1148 3557 temperantia
1171 3493 1227 3541 et
1251 3483 1564 3541 fortitudine
1585 3483 1832 3547 dixerim,
1855 3484 1979 3551 quia

400 3586 577 3651 potest
604 3593 723 3633 esse
751 3577 980 3643 animus,
1010 3583 1070 3630 ut
1097 3575 1405 3630 nullatenus
1430 3574 1500 3629 sit
1531 3574 1816 3628 virtutibus
1844 3588 1979 3642 pra--

399 3673 571 3736 ditus;
596 3669 689 3724 sed
717 3669 763 3723 si
810 3683 904 3723 eas
950 3682 1061 3722 non
1106 3667 1376 3733 habuerit,
1407 3680 1742 3733 consequens
1787 3673 1889 3729 est,
1924 3675 1981 3719 ut

401 3760 587 3816 vitium
633 3760 850 3815 haheat.
898 3755 1180 3825 Colligitur
1236 3757 1382 3812 enim
1427 3755 1725 3825 subjectum
1769 3770 1982 3825 sempi-r

402 3868 518 3907 esse
564 3850 800 3906 animum
845 3854 939 3903 aut
983 3846 1147 3912 vitiis,
1177 3853 1270 3901 aut
1313 3846 1632 3910 virtutibus;
1681 3845 1977 3915 subjeCtum

403 3957 523 3998 eum
552 3956 689 4006 esse,
720 3940 859 3994 sicut
883 3937 1134 4003 diximus,
1158 3937 1453 4008 disciplinis
1473 3951 1593 4005 quae
1628 3938 1743 3991 sine
1768 3951 1836 3992 eo
1864 3952 1981 3990 esse

403 4053 508 4091 non
534 4036 749 4107 possint.
780 4032 976 4089 Verum
998 4035 1142 4086 enim
1171 4032 1309 4086 ratio
1338 4032 1544 4085 numeri
1568 4030 1847 4101 disciplina
1877 4039 1979 4084 est.

403 4131 678 4199 Nunquam
700 4129 842 4182 enim
865 4127 967 4182 erit
993 4135 1051 4179 ut
1070 4132 1299 4193 quatuor
1325 4132 1380 4178 et
1401 4123 1506 4178 duo
1535 4130 1741 4193 septem
1763 4122 1979 4186 faciant,

733 4215 1011 4271 Summum
1038 4215 1239 4270 bonum
1267 4213 1384 4268 sine

769 4287 1043 4358 qualitate.

483 4473 622 4526 Deus
691 4434 715 4526 ί
738 4435 979 4526 movetur
1004 4434 1119 4515 sine
1139 4442 1381 4503 tempore

770 4463 975 4490 tinetur
1004 4463 1119 4515 §IIIC
1140 4463 1381 4503 ισωιιυισ
1529 4463 1760 4534 Spiritus

770 4513 824 4560 et
854 4506 994 4560 loco.

733 4650 947 4708 Judicat
971 4659 1146 4704 etnon
1173 4648 1378 4719 judica-

770 4732 873 4777 tur.

468 4825 496 4855 ι
535 4814 694 4869 Forte
716 4816 811 4884 ipsi
928 4812 1161 4882 corpori.’

1847 4211 2095 4280 Magnum
2132 4212 2332 4266 bonum
2374 4227 2497 4268 cum

1879 4282 2161 4351 qualitate.

1846 4429 2090 4485 Movetur
2131 4431 2183 4484 in
2224 4437 2492 4500 tempore,

1879 4501 1996 4555 sine
2024 4502 2165 4556 loco.

1842 4647 2054 4705 Judicat
2082 4659 2136 4705 ct
2160 4651 2453 4720 iudicatur.

2088 3224 2211 3263 men
2235 3209 2313 3265 sic
2341 3209 2663 3277 diligendum
2693 3218 2775 3265 est
2801 3225 2997 3280 corpus
3024 3219 3079 3269 et
3105 3211 3349 3280 spiritus,
3382 3209 3645 3266 secundum

2087 3300 2231 3370 quod
2258 3300 2524 3369 diligenda
2563 3310 2706 3367 sunt,
2738 3301 2879 3357 sicut
2915 3300 3130 3370 quidam
3170 3301 3531 3357 nobilissimus
3556 3311 3644 3352 tra-

2086 3402 2262 3447 ctator
2282 3401 2588 3448 sanctarum
2609 3392 3006 3464 Scripturarum
3035 3392 3169 3449 dixit
3194 3412 3206 3445 :
3232 3391 3477 3460 Quatuor
3504 3405 3646 3462 pones

2084 3485 2388 3541 dilectionis
2416 3485 2644 3554 regulas.
2676 3483 2830 3550 Quod
2858 3499 3019 3553 supra
3051 3500 3166 3549 nos,
3196 3484 3345 3553 quod
3370 3484 3518 3553 juxta
3543 3498 3642 3543 nos,

2083 3574 2229 3644 quod
2255 3590 2373 3639 nos,
2396 3574 2539 3642 quod
2567 3573 2700 3628 infra
2734 3590 2851 3629 nos.
2893 3575 3183 3642 Diligamus
3205 3590 3339 3643 ergo
3368 3574 3493 3629 illud
3519 3590 3646 3627 δυηπ-

2084 3680 2230 3719 mum
2258 3666 2458 3720 bonum
2503 3665 2647 3734 quod
2678 3679 2841 3736 supra
2869 3680 2969 3720 nos
2996 3675 3098 3729 est,
3143 3681 3249 3721 non
3282 3665 3406 3720 loco
3449 3663 3642 3731 ordinis.

2085 3758 2178 3812 sed
2208 3767 2430 3822 natum,
2460 3759 2583 3830 quia
2614 3774 2721 3812 non
2751 3766 2931 3828 potest
2960 3758 3223 3826 coaequari
3250 3767 3497 3813 creatura
3525 3772 3646 3811 erra-

2086 3847 2210 3901 tori.
2244 3846 2404 3902 Solus
2432 3847 2574 3901 enim
2601 3846 2766 3903 Filius
2794 3856 3101 3916 coaequatur
3131 3845 3298 3912 Patri,
3332 3848 3566 3902 similiter
3603 3853 3645 3896 ct

2087 3935 2319 4007 Spiritus
2357 3946 2575 3993 sanctus
2605 3956 2618 3990 :
2645 3939 2768 4005 quia
2798 3953 2903 3993 non
2949 3945 3072 3993 sunt
3098 3947 3367 4005 creatura,
3412 3937 3501 3993 sed
3529 3938 3645 3990 intr!

2089 4047 2183 4085 eos
2206 4047 2310 4085 una
2340 4038 2551 4086 natura.
2578 4027 2702 4086 lixae
2730 4045 2850 4099 qua:
2877 4030 3024 4085 brevi
3054 4046 3305 4086 sermone
3335 4030 3643 4099 digessimus.

2087 4122 2366 4191 supposita
2397 4121 2564 4190 ﬁgura
2594 4120 2947 4176 demonstrat.

2969 4214 3174 4268 Bonum
3204 4230 3326 4269 cum
3356 4212 3600 4283 qualitate

3001 4293 3055 4338 ct
3083 4287 3409 4353 quantitate.

3615 4224 3637 4487 ἓ

2965 4432 3209 4486 Movetur
3264 4431 3509 4487 localiter
3550 4437 3598 4483 et

2660 4464 2871 4535 ⁰⁰¹Ῥ¹¹⁵
2965 4464 3497 4570 ³ὶὲἶιῗιζὲὶςιιέἱῒὲ.“““

2963 4650 3068 4704 Nec
3095 4650 3298 4717 judic.;t
3333 4660 3386 4703 et
3412 4502 3635 4766 iudica.‘

2997 4729 3100 4766 lnr-

2963 4650 3068 4704 Nec
3095 4650 3298 4717 iudic.;t
3333 4660 3386 4703 et
3412 4649 3597 4717 iudica

2997 4729 3101 4773 ῑυΓ.

2130 4812 2156 4851 ι’
2196 4811 2307 4880 AL,
2336 4814 2514 4865 animi.

936 4960 2028 5074 MAMERTINI
2104 4956 3121 5071 CLAUDIANI

1619 5105 1899 5157 PRESBYT
1909 5107 2008 5157 ERI
2042 5104 2413 5157 VlENNENSIS

1483 5209 2139 5313 EPISTOL/E
2218 5212 2549 5315 DUZE.

583 5455 595 5464 ι
889 5370 1216 5430 EPlSTOLA
1238 5370 1469 5427 PRIMA.

672 5472 1005 5527 CLAUDIANUS
1032 5465 1245 5520 SIDONIO
1273 5480 1423 5536 papa:
1451 5464 1700 5519 salutem.

469 5578 493 5604 ιι
525 5569 582 5621 Si
630 5564 881 5636 possibile
928 5560 1068 5615 factu
1110 5565 1268 5621 esset,
1305 5567 1359 5612 ut
1400 5566 1453 5611 te
1490 5557 1762 5612 dominum
1793 5570 1967 5609 tnenm

2001 5372 2049 5431 D
2080 5374 2161 5426 vel
2210 5372 2494 5441 aliquoties
2537 5371 2923 5440 aliquantulum
2973 5368 3341 5433 convenirem,
3393 5381 3498 5419 non
3546 5379 3636 5418 un-

2075 5456 2285 5518 deunde
2324 5464 2691 5534 quarumpiam
2734 5476 3085 5531 personarum
3115 5467 3206 5513 aut
3235 5459 3530 5513 voluntates
3555 5461 3635 5507 aut

2079 5556 2422 5609 necessitates
2452 5555 2808 5624 inquirerem,
2859 5552 2952 5607 sed
2981 5567 3101 5622 qua:
3132 5551 3183 5604 in
3212 5565 3323 5606 rem
3351 5547 3514 5603 debiti
3540 5543 3632 5599 mei

476 5709 499 5737 ι
530 5696 651 5749 ll.cc
676 5692 949 5747 Claudiani
998 5691 1222 5760 epistola
1252 5697 1331 5744 est
1380 5686 1610 5742 secunda
1639 5689 1777 5741 inter
1803 5685 2140 5748 Sidonianas,
2176 5687 2264 5740 lib.
2301 5703 2372 5741 tv.
