3946 6182
374 309 461 366 ἵδί
1715 300 1955 362 El‘lSTO

2068 348 2070 357 .
2112 308 2294 365 DUAE.

3532 304 3636 364 78?.

372 446 467 483 usu
517 427 648 482 mihi
695 438 812 484 esse
850 428 1088 498 possent.
1144 426 1350 495 Quippe
1390 426 1672 479 revisionis
1709 433 1947 494 potestas
1982 428 2020 479 Α
2052 437 2416 496 quantumque
2446 441 2580 496 opus
2611 425 2736 479 illud
2762 432 2841 479 est
2864 467 2877 491 ,
2910 425 3131 495 materia
3160 426 3426 491 clausum,
3457 427 3632 483 decla-

371 519 729 585 mnltimodis,
761 531 825 572 ac
862 518 1074 572 miseris
1103 515 1327 585 perinde
1354 516 1531 570 causis
1559 513 1948 569 intercluditur.

371 610 658 665 Enimvero
686 606 954 663 scribendi
991 606 1217 660 lacultas
1253 614 1345 660 aut
1380 619 1505 659 raro
1534 604 1727 658 idonea
1757 617 1952 671 suppe-

372 703 463 767 tit,
512 709 607 756 aut
654 713 754 754 nec
797 698 1055 767 suppetit.
1102 696 1208 750 ista
1256 697 1369 750 haec
1395 695 1585 750 eadem
1613 692 1953 749 remissibilia

371 793 512 855 sint,
551 804 753 854 necne,
794 795 911 841 tute
959 786 1234 856 judicaris.
1276 784 1446 840 Porro
1476 792 1655 838 autem
1682 782 1828 852 quod
1858 798 1955 836 sa:-

374 895 668 951 penumero
714 879 930 948 scriptis
976 877 1171 931 vestris
1210 875 1300 931 alii
1346 874 1747 946 impartiuntur,
1778 873 1871 943 qui
1904 873 1956 926 id

375 977 547 1041 ipsum
593 984 696 1025 nec
722 969 995 1029 ambiunt,
1046 981 1206 1038 quam
1251 973 1468 1035 egomet
1503 961 1686 1019 forsan
1715 977 1817 1017 nec
1844 978 1955 1016 me-

374 1071 563 1118 rentur
607 1061 862 1131 amplius;
919 1074 1025 1113 non
1067 1058 1303 1112 arbitror
1342 1054 1592 1111 amicitiae
1619 1054 1826 1124 legibus
1853 1055 1956 1108 im-

377 1168 518 1224 pune
559 1151 841 1208 committi.
884 1148 1013 1204 lliud
1057 1148 1219 1202 etiam
1263 1162 1370 1203 non
1401 1147 1646 1203 dolenter
1671 1145 1798 1201 faxo
1825 1145 1959 1199 taei-

378 1259 522 1311 tum,
565 1245 710 1315 quod
744 1243 953 1299 libellos
992 1242 1111 1296 illos
1146 1256 1284 1311 quos
1321 1249 1413 1295 tuo
1439 1241 1659 1295 nomine
1687 1238 1957 1293 nobilitari

375 1356 482 1393 non
544 1338 762 1400 abnuis,
815 1335 961 1391 nullo
1009 1349 1247 1405 unquam
1292 1332 1633 1403 impartivisti
1671 1332 1953 1399 rescripto.

376 1428 482 1485 Sed
511 1443 733 1484 vacuum
763 1427 902 1482 forte
930 1441 1035 1481 non
1064 1425 1305 1496 suppetit
1327 1465 1341 1488 ,
1373 1423 1517 1493 quod
1547 1431 1662 1478 tute
1690 1420 1957 1476 modicum

376 1536 583 1591 magnae
628 1519 914 1575 admodum
961 1516 1239 1587 impendas
1288 1514 1552 1570 amicitiae.
1618 1512 1802 1581 Ecquo
1851 1520 1957 1565 tam

375 1628 444 1668 ex
491 1620 754 1683 occupatu
802 1623 1035 1679 unquam
1086 1607 1363 1677 uspiamve
1408 1603 1780 1675 implicabere,
1830 1601 1957 1670 quin

376 1702 507 1758 illud
555 1703 608 1757 in
657 1701 886 1757 aliorum
932 1696 1214 1753 commoda
1244 1693 1530 1764 revergat?
1575 1692 1711 1748 Cum
1739 1700 1958 1763 precatu

2058 516 2293 569 litatione
2320 516 2687 585 conspicuum,
2730 517 3098 585 propositione
3126 517 3457 574 obstructum
3480 559 3493 582 ,
3525 518 3632 573 dis-

2065 606 2346 673 putatione
2391 610 2689 662 reseratum
2709 650 2722 669 ,
2751 615 2807 661 et
2836 623 3140 678 quanquam
3170 616 3391 680 propter
3417 607 3632 665 hamata

2056 690 2485 763 syllogismorum
2517 705 2712 766 puncta
2754 698 3067 753 tribulosum
3092 739 3106 762 ,
3154 700 3428 756 vernantis
3456 709 3637 756 tamen

2057 784 2253 854 eloquii
2284 784 2415 841 llore
2444 786 2472 825 ιι
2501 789 2783 843 mellitum.
2838 789 2983 845 Nova
3025 791 3096 844 ibi
3135 793 3297 846 verba
3325 793 3450 862 quia
3476 802 3625 847 vctu-

2059 886 2178 932 sta:
2211 879 2512 950 quibusque
2569 882 2798 937 collatus
2842 884 3036 936 merito
3083 885 3245 938 etiam
3295 886 3631 955 antiquarum

2060 969 2356 1024 litterarum
2384 972 2554 1043 stylus
2589 975 2960 1043 antiquaretur
2992 992 3005 1025 :
3039 975 3290 1044 quodque
3329 977 3639 1051 pretio‘sius,

2060 1068 2173 1115 tota
2202 1061 2289 1115 illa
2334 1062 2498 1118 dictio
2546 1062 2623 1118 sic
2669 1064 2971 1119 cmsuratim
3017 1066 3289 1121 succincta
3326 1068 3469 1137 quod
3507 1085 3635 1138 pro-A

2062 1149 2231 1207 lluens
2257 1171 2269 1204 :
2313 1166 2475 1221 quam
2514 1154 2674 1207 rebus
2702 1154 2933 1224 amplam
2962 1156 3310 1227 strictamque
3337 1159 3637 1222 sententiis,

2061 1241 2261 1296 sentias
2288 1238 2408 1312 plus
2434 1243 2630 1299 docere
2657 1258 2816 1314 quam
2843 1244 3044 1302 dicere.
3107 1246 3346 1316 Denique
3387 1256 3442 1303 et
3466 1260 3638 1318 quon-

2061 1330 2183 1386 dam
2211 1347 2311 1387 nec
2338 1332 2528 1403 injuria
2548 1376 2562 1400 ,
2605 1335 2719 1390 hate
2759 1336 3064 1407 principalis
3092 1336 3335 1393 facundia
3365 1350 3638 1411 computa-

2063 1423 2237 1488 batur,
2268 1425 2353 1479 cui
2385 1428 2567 1495 paucis
2607 1426 2773 1481 multa
2813 1428 3106 1491 cohibenti,
3133 1445 3272 1484 cum:
3300 1417 3399 1485 fuit
3427 1444 3639 1487 causam

2061 1514 2242 1584 potius
2270 1516 2492 1587 implere
2519 1531 2679 1587 quam
2703 1518 2973 1588 paginam.
3018 1521 3086 1574 At
3116 1537 3244 1576 vero
3271 1521 3322 1576 in
3353 1508 3503 1579 libris
3537 1524 3640 1577 tuis

2059 1602 2173 1674 jam
2201 1604 2331 1661 illud
2372 1607 2531 1675 quale
2576 1617 2689 1673 est,
2733 1608 2876 1676 quod
2913 1617 2969 1663 et
3012 1610 3425 1667 teneritudinem
3471 1627 3640 1682 quan-

2063 1708 2224 1764 quam
2268 1698 2576 1752 continuata
2620 1700 2898 1753 maturitas
2946 1698 3214 1767 admittit,
3267 1702 3642 1773 interseritque

376 1795 544 1850 Deum
571 1794 771 1865 P130”:
803 1789 1051 1845 eumdem
1080 1802 1187 1842 00“
1217 1785 1380 1840 mOdO
1408 1784 1616 1849 3015033,
1641 1784 1738 1838 sed
1768 1783 1963 1851 ίίςηυιῐδ
1998 1785 2040 1844 Β
2069 1788 2442 1856 tempestivam
2480 1804 2706 1844 censura
2735 1788 3071 1845 dulcedinem
3096 1833 3110 1856 ,
3143 1799 3202 1846 ut
3229 1792 3447 1849 lectoris
3469 1794 3642 1849 intena

377 1899 593 1958 quoque
620 1884 894 1941 concilias.
934 1880 1069 1936 Cum
1096 1879 1493 1949 Scripturarum
1523 1877 1819 1933 cmlestium
1849 1890 1962 1944 mv-

377 1979 540 2034 steria
584 1976 829 2041 rimaris,
875 1989 984 2045 quo
1012 1979 1067 2027 te
1093 1970 1387 2026 studiosius
1415 1969 1638 2034 imbuis,
1671 1981 1737 2023 eo
1763 1966 1963 2021 doctri-

379 2083 502 2122 nam
548 2067 757 2122 caateris
801 2064 1075 2135 copiosius
1120 2060 1372 2118 infundis.
1432 2060 1567 2116 Cum
1598 2066 1718 2114 tuas
1749 2072 1882 2128 opes
1910 2059 1963 2111 in

380 2175 509 2214 usus
555 2159 774 2228 inopum
820 2155 1094 2227 prodigis,
1146 2154 1241 2210 tibi
1285 2152 1505 2223 quidem
1548 2151 1820 2214 maxime,
1870 2149 1963 2203 sed

379 2251 499 2305 aliis
525 2264 740 2321 quoque
784 2247 1090 2302 consultum
1139 2244 1289 2300 facis.
1353 2241 1585 2299 Proinde
1614 2241 1746 2295 nihil
1772 2240 1963 2294 videli-

376 2353 501 2407 cet,
549 2343 789 2413 prol'ecto
837 2341 968 2395 nihil
1016 2348 1101 2394 est
1149 2348 1256 2393 tam
1304 2334 1647 2392 infecundum
1692 2333 1963 2389 actionum

379 2446 592 2489 tuarum
620 2433 857 2487 omnium
885 2472 899 2497 ,
950 2429 1094 2500 quod
1131 2428 1230 2484 tibi
1260 2429 1351 2493 uni
1381 2427 1482 2481 soli
1511 2434 1740 2487 tantum,
1772 2430 1827 2477 et
1857 2437 1964 2475 non

377 2525 499 2579 aliis
525 2537 740 2594 quoque
776 2522 958 2576 multis
993 2529 1171 2575 tecum
1211 2518 1516 2574 uberiorem
1544 2514 1776 2569 fructum
1807 2511 1961 2567 ferat.

379 2616 531 2672 Nulla
565 2629 695 2684 ergo
711 2613 1024 2682 cujusquam
1053 2608 1454 2681 praepedimenti
1475 2606 1690 2663 occasio
1711 2603 1967 2676 praetendi

380 2706 463 2760 vel
492 2704 624 2758 falso
652 2711 864 2773 potest,
904 2716 1001 2756 cur
1043 2706 1256 2767 egomet
1283 2697 1534 2768 specialis
1560 2706 1723 2765 atque
1750 2695 1968 2748 intimus

380 2809 504 2855 tuus
553 2794 684 2850 nihil
725 2810 755 2848 a
799 2792 1017 2863 speciali
1047 2805 1168 2845 meo
1197 2786 1551 2853 fructiferam,
1584 2801 1615 2841 a
1652 2800 1761 2854 quo
1800 2783 1967 2853 ignoti

379 2900 596 2959 qttoque
623 2886 850 2941 multum
878 2885 1096 2954 capiant
1120 2881 1358 2953 plurimi.
1398 2878 1524 2945 Sed,
1554 2880 1632 2933 uti
1670 2891 1771 2947 ego
1807 2886 1965 2931 autu-

378 2997 472 3037 mo
494 3021 509 3046 ,
557 2978 710 3049 juxta
750 2977 976 3032 formam
1020 2973 1316 3044 evangelici
1344 2972 1653 3041 largitoris,
1683 2970 1830 3041 quod
1860 2985 1966 3023 non

378 3073 479 3127 das
506 3071 680 3125 amico
707 3067 984 3132 esurienti,
1016 3066 1169 3121 dabis
1198 3063 1444 3135 improbo
1469 3062 1750 3134 pulsatori.
1800 3058 1968 3114 Porro

2066 1881 2269 1936 tionem
2324 1896 2422 1952 per
2480 1882 2766 1937 eventilata
2823 1882 3221 1953 disciplinarum
3293 1884 3643 1956 philosophia:

2069 1973 2307 2029 membra
2361 1974 2612 2029 lassatam
2668 1983 2893 2044 repente
2959 1975 3293 2046 voluptuosis
3338 1977 3645 2033 excessibus

2066 2066 2217 2135 quasi
2245 2064 2562 2134 quibusdam
2591 2066 2765 2135 pelagi
2794 2067 2876 2121 sui
2906 2065 3166 2136 portubus
3194 2065 3389 2122 foveat.
3440 2066 3484 2121 Ο
3512 2067 3645 2123 liber

2066 2156 2407 2211 multifariam
2437 2156 2672 2224 pollens!
2707 2172 2740 2211 ο
2770 2155 3041 2226 eloquium
3069 2172 3175 2212 non
3204 2157 3376 2223 exilis,
3397 2157 3490 2212 sed
3515 2159 3645 2212 subs

2067 2247 2175 2302 tilis
2205 2247 2434 2317 ingenii!
2468 2248 2610 2315 quod
2643 2261 2744 2303 nec
2771 2262 2870 2317 per
2896 2247 3249 2316 scaturigines
3278 2247 3646 2320 ltyperbulicas

2069 2338 2414 2402 intumescit,
2447 2354 2547 2393 nec
2584 2353 2680 2407 per
2714 2338 3043 2408 tapinomata
3079 2337 3332 2409 depressa
3372 2349 3643 2395 tenuatur.

2068 2428 2148 2482 Ad
2177 2430 2282 2484 hoc
2310 2429 2463 2483 unica
2504 2428 2893 2497 singularisque
2921 2429 3194 2495 doctrina,
3236 2441 3291 2485 et
3319 2431 3371 2485 in
3408 2429 3648 2487 diversa-

2068 2534 2186 2574 rum
2211 2533 2391 2574 rerum
2419 2519 2715 2574 assertione
2741 2520 3105 2576 monstrabilis
3122 2563 3135 2586 ,
3169 2522 3253 2577 cui
3285 2523 3450 2578 moris
3475 2532 3558 2579 est
3582 2524 3647 2579 de

2067 2610 2291 2678 singulis
2312 2610 2514 2664 artibus
2544 2625 2665 2664 cum
2693 2611 2916 2679 singulis
2941 2609 3234 2667 artilicibus
3261 2613 3646 2685 philosophari,

2068 2714 2293 2771 quaeque
2318 2702 2364 2756 si
2394 2700 2501 2756 fors
2526 2702 2708 2770 exigit,
2743 2711 2925 2758 tenere
2946 2719 3052 2757 non
3079 2703 3264 2759 abnuit
3288 2720 3409 2760 cum
3436 2703 3647 2776 Orpheu

2069 2792 2350 2862 plectrum,
2382 2807 2503 2847 cum
2534 2790 2846 2862 Esculapio
2876 2793 3151 2859 baculum,
3182 2811 3304 2851 cum
3333 2796 3650 2853 Archimede

2068 2884 2298 2950 radium,
2348 2900 2470 2940 cum
2502 2884 2776 2957 Euphrate
2821 2887 3231 2958 horoscOpium,
3281 2904 3402 2944 cum
3433 2888 3649 2947 Perdice

2068 2976 2366 3042 circinum,
2421 2992 2543 3032 cum
2595 2976 2833 3031 Vitruvio
2882 2978 3364 3049 perpendiculum;
3427 2996 3651 3052 qumque

2071 3081 2343 3136 nunquam
2372 3068 2694 3137 investigare
2722 3069 3007 3134 destiterit,
3038 3085 3161 3124 cum
3190 3069 3413 3126 Thalete
3442 3080 3650 3142 tempo-

379 3162 426 3217 si
458 3162 619 3216 etiam
649 3175 790 3215 nunc
817 3158 978 3213 solito
1003 3157 1356 3221 obdurueris,
1387 3154 1551 3209 faxim
1578 3159 1793 3223 egomet
1819 3151 1962 3220 quod
1990 3150 2037 3213 C
2069 3172 2129 3212 ra
2154 3198 2169 3223 ,
2220 3174 2342 3213 cum
2391 3159 2606 3214 Atlante
2652 3159 2823 3215 sidera
2842 3200 2856 3225 ,
2905 3176 3026 3215 cum
3076 3161 3207 3217 Zeto
3234 3163 3499 3232 pondera,
3532 3176 3649 3219 cum

380 3266 433 3310 te
466 3263 516 3309 te
545 3253 803 3324 pmniteat
827 3268 840 3305 :
871 3249 1127 3320 quoniam
1153 3249 1197 3303 si
1228 3248 1470 3318 peccaris
1498 3246 1637 3300 ultra
1665 3245 1961 3305 reticendo,

380 3361 483 3416 ego
509 3345 753 3417 protinus
799 3344 1028 3398 ulciscar
1063 3339 1368 3396 scribendo.
1418 3336 1588 3391 Porro
1628 3335 1771 3390 enim
1797 3334 1964 3388 ambi-

382 3454 488 3506 guo
532 3445 718 3501 caret,
771 3445 882 3490 tam
932 3444 986 3489 te
1032 3431 1361 3503 puniendum
1388 3429 1591 3498 scripto
1620 3441 1773 3491 meo,
1805 3439 1966 3493 quam

383 3531 575 3601 punior
602 3537 817 3599 egomet
842 3527 1056 3582 silentio
1084 3534 1198 3579 tuo.
1234 3523 1381 3577 Vale.

648 3635 674 3656 ἰ
705 3621 953 3676 Summus
978 3618 1287 3673 CLauntano
1315 3630 1415 3670 suo
1444 3613 1693 3669 salutem.

454 3712 757 3780 Committi,
812 3711 1029 3768 domine
1065 3709 1266 3779 major,
1312 3708 1365 3762 in
1410 3703 1822 3762 necessitudinis
1845 3702 1965 3772 jura

384 3808 727 3881 pronuntias,
758 3821 855 3862 cur
895 3803 1039 3875 quod
1067 3802 1135 3857 ad
1163 3801 1315 3857 salve
1345 3799 1442 3855 tibi
1468 3797 1708 3853 debitum
1736 3803 1962 3866 spectat,

386 3917 415 3956 a
444 3896 582 3972 ston
607 3907 663 3954 et
684 3895 1033 3969 pugillaribus
1059 3893 1149 3948 diu
1178 3900 1495 3962 temperem,
1533 3887 1784 3958 quodque
1811 3885 1964 3939 dein-

385 4006 512 4062 ceps
558 3990 734 4045 nullas
779 3988 1016 4042 viantum
1058 3985 1209 4039 volas
1255 3997 1342 4039 me
1382 3994 1617 4052 papyrus
1641 3977 1965 4040 oneraverit,

384 4096 502 4151 qua:
556 4095 651 4135 vos
697 4076 843 4134 cultu
890 4075 1087 4131 sedula:
1113 4072 1387 4144 sospitatis
1433 4069 1723 4141 impertiat.
1767 4065 1971 4121 Praeter

383 4186 593 4241 aequum
617 4170 719 4225 ista
747 4168 1039 4238 conjectas,
1070 4165 1114 4220 si
1137 4178 1291 4219 reare
1310 4174 1632 4233 quemquam
1661 4156 1967 4214 mortalium

383 4262 494 4332 (cui
526 4268 705 4316 tamen
749 4256 1098 4314 sermocinari
1144 4254 1398 4309 latialiter
1422 4248 1572 4308 cordi
1601 4254 1706 4320 est)
1734 4265 1843 4305 non
1875 4264 1968 4319 pa-

384 4368 548 4418 vere,
578 4367 700 4407 cum
739 4352 791 4405 in
834 4363 1060 4405 examen
1088 4346 1296 4401 aurium
1326 4353 1571 4410 tuarum,
1604 4344 1802 4414 quippe
1831 4342 1966 4397 scz'i-
1996 4374 2002 4381 ς

384 4454 512 4517 ptus
568 4443 895 4499 adducitur:
947 4451 1158 4497 tuarum
1207 4440 1425 4509 inquam
1482 4437 1689 4491 aurium
1739 4450 1963 4505 quarum

2068 3247 2370 3320 Chrysippo
2392 3264 2677 3315 numeros,
2706 3265 2826 3304 cum
2857 3246 3077 3306 Euclide
3106 3266 3402 3308 mensuras.
3445 3251 3525 3311 Ad
3553 3270 3650 3310 ex-

2068 3348 2297 3395 tremum
2338 3352 2497 3395 nemo
2522 3344 2720 3395 saeculo
2754 3356 2875 3396 meo
2905 3357 3025 3411 quas
3054 3343 3250 3409 voluit,
3284 3345 3550 3403 allirmare
3575 3352 3650 3403 sic

2069 3447 2084 3475 κ
2105 3429 2256 3484 aluit.
2296 3427 2569 3498 Siquidem
2595 3430 2721 3485 dum
2743 3439 2802 3486 se
2838 3431 3094 3488 adversus
3128 3449 3249 3489 eum
3275 3448 3435 3505 quem
3463 3449 3649 3495 contra

2069 3521 2322 3593 loquitur,
2341 3530 2597 3589 exsertat,
2622 3538 2831 3578 morum
2847 3539 2910 3579 ac
2929 3524 3225 3581 studiorum
3249 3527 3441 3597 lingua:
3462 3532 3651 3586 utriu-

2070 3630 2175 3684 que
2204 3615 2503 3686 symbolam
2534 3614 2655 3684 jure
2697 3615 2798 3670 sibi
2827 3616 3080 3671 vindicat.
3122 3616 3299 3674 Sentit
3345 3630 3402 3674 ut
3450 3619 3647 3694 Pytha-

2071 3719 2260 3774 goras,
2308 3705 2496 3761 dividit
2524 3715 2582 3761 ut
2608 3706 2889 3774 Socrates,
2922 3709 3155 3780 explicat
3184 3720 3241 3766 ut
3270 3709 3449 3778 Plato,
3484 3713 3649 3784 impii

2071 3806 2156 3851 cat
2199 3805 2257 3852 ut
2294 3798 2639 3865 Aristoteles,
2683 3809 2742 3855 ttt
2768 3799 3027 3857 Eschines
3055 3803 3340 3871 blanditur,
3372 3812 3431 3860 ut
3458 3803 3651 3862 Demo-

2070 3888 2290 3942 sthenes
2319 3889 2584 3956 irascitur,
2617 3900 2803 3946 vernat
2831 3901 2889 3947 ut
2914 3890 3251 3962 Hortensius,
3283 3903 3341 3950 ut
3360 3893 3646 3967 Cethegus,

2070 3981 2257 4036 incitat
2285 3989 2344 4035 ut
2370 3980 2553 4048 Curio,
2585 3992 2830 4039 moratur
2855 3993 2912 4039 ut
2934 3984 3142 4051 Fabius,
3172 3986 3388 4042 simulat
3416 3996 3473 4042 ut
3493 3985 3648 4044 Cras-

2071 4082 2186 4137 sus,
2218 4071 2517 4127 dissimulat
2547 4082 2602 4127 ut
2632 4076 2836 4138 Ctesar,
2882 4077 3074 4131 suadet
3102 4087 3158 4131 ut
3184 4076 3350 4144 Cato,
3381 4079 3651 4137 dissuadet

2073 4168 2129 4216 ut
2159 4162 2378 4232 Appius,
2410 4163 2696 4233 persuadet
2721 4172 2777 4218 ut
2801 4165 3022 4220 Tullius.
3062 4164 3178 4221 Jam
3208 4168 3252 4223 si
3282 4168 3347 4223 ad
3372 4183 3651 4226 sacrosan-

2071 4260 2187 4309 ctos
2228 4250 2415 4309 Patres
2443 4268 2541 4324 pro
2584 4257 2991 4325 comparatione
3022 4258 3286 4325 veniatur,
3332 4260 3548 4317 instruit
3593 4274 3648 4317 ut

2072 4344 2450 4415 Hieronymus,
2483 4346 2708 4401 destruit
2736 4355 2792 4401 ut
2822 4346 3150 4418 Lactantius,
3184 4353 3375 4406 astruit
3400 4361 3457 4407 ut
3482 4353 3653 4423 Augu-

2071 4437 2270 4501 stinus,
2321 4437 2583 4491 attollitur
2622 4446 2679 4491 ut
2726 4436 2984 4504 Hilarius,
3029 4440 3357 4497 submittitur
3394 4451 3451 4496 ut
3490 4442 3655 4499 Joan-

384 4540 590 4611 peritia:
614 4579 628 4604 ,
678 4537 724 4592 si
769 4551 855 4591 me
899 4535 1245 4590 decursorum
1289 4533 1355 4587 ad
1398 4532 1498 4587 hoc
1538 4530 1638 4585 Levi
1669 4538 1968 4599 temporum
2006 4524 2048 4582 υ
2078 4544 2190 4593 nes,
2216 4539 2273 4583 ut
2302 4527 2529 4585 Basilius
2557 4531 2798 4600 corripit,
2831 4539 2890 4585 ut
2916 4528 3205 4600 Gregorius
3234 4534 3561 4600 consolatur,
3598 4548 3651 4589 ut

382 4630 736 4703 puerogativa
766 4640 873 4682 non
901 4627 1114 4690 obruat,
1145 4639 1245 4679 nec
1266 4623 1640 4677 Frontonianae
1668 4620 1963 4689 gravitatis,

384 4732 480 4779 aut
505 4720 755 4791 ponderis
785 4717 1064 4789 Apuleiani
1092 4717 1287 4769 llumen
1317 4714 1641 4783 aaquiparem
1669 4730 1679 4764 :
1712 4712 1799 4766 cui
1828 4710 1965 4765 Var-

383 4829 567 4879 rones,
596 4812 683 4866 vel
711 4808 983 4872 Atacinus,
1016 4807 1099 4862 vel
1128 4805 1437 4868 Terentius,
1466 4803 1650 4868 Plinii,
1683 4803 1765 4857 vel
1795 4816 1963 4855 avunw

384 4906 558 4967 cuius,
573 4902 660 4959 vel
682 4900 977 4963 Secundus,
1004 4897 1284 4968 compositi
1308 4896 1783 4966 impraesentiarum
1806 4894 1960 4948 rusti-

385 4999 667 5054 cabuntur.
743 4992 1076 5063 Astipulatur
1117 4990 1317 5060 judicio
1364 5004 1486 5045 meo
1534 4988 1784 5043 volumen
1836 4986 1961 5040 illul

383 5087 531 5157 quod
574 5093 690 5141 tute
736 5100 890 5156 super
929 5091 1065 5137 stam
1107 5082 1299 5135 animae
1343 5095 1523 5135 rerum
1573 5079 1963 5145 verborumque

383 5181 611 5237 scientia
659 5179 1003 5235 divitissimus
1048 5173 1417 5245 propalavisti.
1471 5173 1530 5228 ln
1573 5188 1680 5243 quo
1728 5171 1853 5227 dum
1904 5170 1963 5222 ad

385 5286 569 5326 meum
622 5285 818 5325 nomen
866 5265 1235 5339 prommiaris,
1284 5266 1387 5320 hoc
1419 5279 1612 5319 munus
1634 5262 1968 5333 potissimum

385 5365 508 5435 cepi
529 5405 545 5430 ,
596 5371 655 5419 ut
684 5377 814 5418 men
844 5362 991 5417 fama.
1011 5374 1255 5433 personte
1278 5400 1291 5425 ,
1330 5372 1490 5426 quam
1521 5370 1699 5426 operae
1739 5355 1969 5426 pretium

388 5473 497 5512 non
525 5466 661 5522 erat,
691 5456 951 5512 librorum
978 5468 1197 5509 suorum
1228 5449 1396 5505 titulis
1427 5449 1809 5510 inclarescere.
1845 5454 1968 5500 tuo-

391 5565 507 5604 rum
536 5548 797 5604 benelicio
827 5554 1250 5617 perpetuaretur.
1303 5541 1370 5597 At
1398 5540 1539 5610 quod
1582 5539 1724 5595 Deus
1757 5555 1964 5608 magm.

465 5691 488 5715 ⁸
520 5679 643 5735 llec
673 5696 799 5734 vero
830 5689 913 5734 est
955 5679 1110 5733 tertia
1153 5676 1387 5741 eiusdem
1428 5674 1543 5727 libri
1571 5689 1640 5738 tv,
1671 5688 1773 5740 qua
1820 5673 1977 5727 Sidu-

395 5752 512 5807 aius
540 5752 861 5819 prmccdexti
895 5750 1205 5817 I't'SpunJci.

2080 4619 2300 4677 Orosius
2344 4619 2548 4686 allluit,
2581 4629 2640 4675 ut
2686 4619 2908 4677 Ruﬁnus
2954 4624 3249 4691 stringitur,
3300 4634 3358 4679 ut
3392 4623 3654 4681 Eusebius

2082 4722 2279 4779 narrat,
2309 4720 2364 4767 ut
2390 4713 2683 4768 Eucherius
2706 4712 2976 4777 sollicitat,
3010 4722 3068 4768 ut
3096 4712 3348 4770 Paulinus
3374 4729 3649 4786 provocat,

2080 4816 2138 4861 ut
2160 4805 2473 4860 Ambrosius
2515 4812 2841 4876 perseverat.
2899 4804 3015 4858 Jam
3056 4820 3182 4859 vero
3219 4805 3286 4861 de
3327 4805 3535 4879 Hynmo
3565 4820 3655 4863 tuo

2079 4900 2120 4952 si
2153 4905 2503 4968 perenuctere
2531 4896 2658 4965 quid
2687 4896 2933 4959 sentiam,
2964 4895 3312 4952 commaticus
3337 4905 3440 4964 est,
3466 4900 3652 4971 copio-

2078 5008 2168 5045 sus
2189 5031 2202 5055 ,
2236 4988 2421 5054 dulcis,
2454 4989 2660 5053 elatus;
2692 4998 2747 5044 et
2775 4988 3040 5057 quoslibet
3070 4989 3261 5059 lyricos
3288 4990 3654 5065 dithyrambus

2078 5083 2387 5138 amoenitate
2416 5080 2623 5151 poetica
2651 5087 2705 5133 et
2734 5080 2987 5135 historica
3016 5080 3241 5137 veritate
3268 5083 3649 5153 supereminet.

2077 5172 2240 5242 quue
2291 5179 2440 5226 tuum
2471 5171 2523 5225 in
2551 5170 2644 5224 illo
2675 5170 2961 5240 peculiare,
3011 5172 3154 5241 quod
3182 5174 3406 5227 servatis
3451 5182 3651 5227 metro-

2074 5280 2192 5319 rum
2221 5261 2480 5333 pedibus,
2523 5260 2718 5331 pedum
2748 5260 2992 5331 syllabis,
3039 5261 3469 5332 syllabarumque
3498 5273 3653 5317 natu-

2076 5356 2151 5412 ris
2179 5355 2317 5408 intra
2343 5352 2503 5422 spatii
2530 5351 2611 5406 sui
2637 5351 2940 5415 terminum,
2971 5352 3135 5417 verba
3162 5352 3291 5406 ditia
3317 5366 3501 5407 versus
3522 5368 3654 5422 pauo

2076 5462 2173 5518 per
2200 5443 2456 5501 includit:
2488 5457 2586 5497 nec
2636 5440 2827 5496 arctati
2876 5441 3126 5495 carminis
3172 5441 3400 5495 brevitas
3429 5441 3650 5511 longitu-

2075 5540 2253 5591 dinem
2302 5535 2564 5605 phalerati
2612 5532 2874 5587 sermonis
2912 5531 3171 5585 eliminat.
3237 5530 3316 5587 ita
3357 5531 3453 5588 tibi
3497 5531 3648 5591 facile

2150 5670 2173 5710 ιι
2207 5670 2261 5724 ln
2293 5669 2553 5737 aliquibus
2577 5668 2721 5722 libzis
2752 5667 3023 5721 mollimm.
