3946 6182
378 239 484 301 783
1654 243 1939 298 MAMERT

2043 245 2360 301 LAUDIANI
3188 210 3195 213 ’
3502 248 3586 308 m

377 359 520 413 factu
565 366 647 415 est
688 358 905 413 minutis
934 358 1206 423 trochaeis,
1247 358 1730 426 minutioribusque
1773 361 1943 429 pyrri-
1974 369 2020 425 Α
2048 361 2372 422 humanum,
2419 367 2510 413 aut
2553 359 2765 429 ingenia
2813 361 3001 417 eadem
3049 378 3156 418 non
3194 372 3314 418 sunt
3337 380 3446 435 qua:
3467 366 3591 424 fuere

378 455 545 521 ebiis,
588 470 695 510 non
723 454 893 510 solum
932 454 1243 509 molossicas
1287 453 1741 524 anapaesticasque
1771 462 1948 508 terna-

377 546 515 612 rias,
565 545 658 601 sed
694 546 1030 615 epitritorum
1071 546 1232 601 etiam
1278 560 1631 616 pmouumque
1658 552 1949 613 quaternas

350 705 352 707 ν
376 637 720 708 supervenire
734 637 1030 707 juncturas.
1062 636 1336 693 Excrcscit
1364 635 1657 706 amplitudo
1680 636 1947 706 proloquii

375 728 644 798 angustias
672 727 974 796 regulares,
1017 734 1072 781 et
1097 735 1349 795 tanquam
1376 741 1544 797 parvo
1573 742 1704 781 auro
1732 727 1949 794 grandis

374 836 584 890 gemma
616 821 704 874 vix
735 820 978 889 capitur:
1011 820 1310 889 emicatque
1340 828 1399 873 ut
1424 819 1548 887 equi
1576 818 1813 888 potentis
1841 818 1949 872 ani-

375 910 635 976 mositas,
685 910 769 964 cui
817 909 1066 964 frementi
1111 909 1155 962 si
1185 908 1327 963 inter
1370 916 1558 977 tesqua
1590 908 1673 962 vel
1696 906 1946 974 confraga

373 998 647 1055 frenorum
676 999 793 1068 lege
822 1007 1086 1062 teneatur,
1133 998 1384 1065 intelligis
1436 1014 1544 1053 non
1589 1006 1696 1051 tam
1734 1014 1947 1052 cursum

373 1093 561 1149 deesse
588 1107 749 1162 quam
777 1106 1044 1162 campum.
1119 1089 1257 1157 Quid
1293 1090 1512 1144 multis?
1541 1089 1743 1143 arbitro
1780 1104 1864 1143 me
1893 1088 1946 1141 iu

377 1196 603 1254 utroque
630 1197 826 1252 genere
852 1180 1083 1246 dicendi,
1115 1196 1216 1235 nec
1254 1179 1477 1234 Atheuae
1510 1180 1588 1235 sic
1616 1178 1823 1241 Atticm,
1850 1193 1949 1233 nec

375 1275 535 1330 Musa:
581 1274 659 1330 sic
704 1272 921 1327 musica:
961 1270 1356 1341 judicabuntur,
1409 1271 1455 1326 si
1502 1270 1664 1325 modo
1694 1269 1823 1324 mihi
1861 1268 1945 1323 vel

370 1365 624 1423 censendi
672 1364 885 1435 copiam
927 1362 1130 1418 desidia
1170 1361 1381 1431 longior
1420 1375 1526 1415 non
1550 1359 1770 1414 ademit.
1812 1358 1944 1412 Nam

370 1460 495 1514 dum
521 1459 764 1527 impacta:
790 1453 1140 1525 professionis
1180 1454 1403 1509 obtentu
1442 1468 1639 1508 novum
1677 1452 1943 1507 scribendi

370 1564 574 1604 morem
619 1547 877 1616 gradatim
907 1553 1134 1616 appeto,
1184 1552 1241 1598 et
1282 1552 1515 1598 veterem
1554 1543 1825 1597 saltuatim
1851 1543 1943 1597 de-

369 1641 550 1704 disco;
580 1638 646 1693 de
670 1637 812 1693 bono
836 1644 1049 1691 oratore
1077 1635 1150 1688 nil
1172 1634 1397 1704 amplius
1416 1634 1591 1689 habeo
1612 1649 1772 1703 quam
1798 1633 1941 1702 quod

2050 452 2226 520 prius,
2282 459 2375 506 aut
2400 449 2590 505 Cicero
2638 452 2721 505 sui
2768 452 2949 508 saeculi
2992 468 3227 509 summus
3271 464 3448 510 orator
3487 470 3592 513 nati

2049 556 2228 596 secum
2251 542 2390 596 bona
2407 551 2626 611 accepto
2650 542 2852 607 habuit,
2867 552 2922 597 et
2936 559 3041 598 non
3061 558 3212 613 mage
3226 546 3372 615 parvi
3386 549 3595 615 pendens

2047 630 2340 687 domestica
2384 640 2439 686 et
2465 631 2657 698 civica,
2688 632 2757 687 ad
2796 647 2963 702 usque
2989 633 3242 689 Graaciam
3287 640 3597 706 capessenda:

2048 727 2397 795 opulentioris
2425 727 2660 781 scientiae
2680 728 2848 796 gratia
2874 728 3242 797 peregrinatus
3266 738 3365 794 est,
3387 739 3470 783 aut
3500 731 3593 784 for-

2048 832 2143 871 san
2172 816 2361 872 Platon
2381 832 2519 887 apex
2537 817 2855 886 culmenque
2876 818 3225 888 philosophiae
3242 818 3391 888 privo
3414 828 3596 875 natura:

2048 908 2191 964 bono
2219 917 2523 975 contentus,
2554 918 2676 980 post
2702 908 2940 965 Socratis
2975 909 3224 978 dogmata
3259 912 3594 980 angustiorem

2048 1000 2273 1056 credens
2300 999 2559 1056 Gmciam
2606 999 2971 1055 doctrinarum
2998 1015 3159 1068 quam
3201 1016 3316 1056 esse
3343 1001 3593 1065 virtutum,

2048 1107 2155 1146 non
2203 1106 2373 1159 usque
2419 1092 2483 1146 ad
2532 1090 2822 1163 Egyptum
2870 1098 2927 1146 et
2970 1090 3038 1146 ad
3084 1107 3250 1162 usque
3293 1092 3594 1160 Bragmanos

2029 1164 2297 1239 .lndorum
2325 1192 2380 1239 et
2418 1183 2484 1238 ad
2524 1198 2693 1254 usque
2738 1183 3210 1255 Pythagoriearum
3257 1183 3595 1238 doctrinarum

2047 1288 2145 1344 per
2174 1274 2415 1329 hmredes
2464 1274 2760 1330 indefessus
2808 1289 2986 1329 rerum
3036 1282 3300 1329 scrutator
3350 1273 3597 1328 accessit?

2047 1363 2225 1419 Taceo
2254 1371 2496 1428 caeteros,
2543 1364 2669 1432 quia
2716 1379 2816 1418 nee
2844 1371 3054 1432 tempus
3096 1378 3194 1417 nec
3234 1378 3368 1431 Opus
3394 1361 3596 1431 hujusce

2047 1454 2126 1509 rei
2155 1469 2327 1523 capax
2355 1463 2455 1507 est.
2508 1453 2682 1508 Unum
2730 1454 2857 1509 illud
2884 1453 3072 1523 procul
3098 1453 3345 1521 ambiguo
3369 1452 3594 1515 dixerim,

2045 1553 2236 1600 nostro
2264 1547 2459 1600 sacculo
2489 1561 2596 1599 non
2625 1545 2838 1613 ingenia
2866 1544 3085 1609 deesse,
3127 1544 3220 1597 sed
3248 1543 3441 1598 studia.
3469 1541 3596 1608 Quo-

2044 1652 2162 1691 rum
2183 1645 2396 1704 egomet
2414 1636 2709 1690 studiorum
2728 1633 2883 1704 quasi
2904 1634 3185 1704 quamdam
3206 1641 3432 1687 mortem
3454 1631 3595 1686 ﬂebili

369 1732 543 1786 malus
570 1738 726 1800 poeta
755 1728 873 1798 plus
900 1742 1017 1782 esse
1046 1727 1201 1797 cmpi.
1224 1725 1405 1792 Proin,
1424 1742 1625 1795 qumso,
1644 1727 1824 1781 delicti
1843 1726 1943 1781 hu—
1978 1740 2018 1797 Β
2045 1728 2188 1782 velut
2207 1726 2482 1796 epitaphio
2511 1726 2848 1787 tumularem,
2869 1725 2970 1780 nisi
2991 1732 3104 1779 tute
3122 1725 3311 1779 eadem
3330 1725 3596 1778 venerabili

367 1822 451 1891 jus
478 1820 609 1875 mihi
637 1819 862 1887 gratiam
889 1815 1054 1871 facias
1072 1858 1085 1882 ,
1109 1816 1252 1886 quod
1280 1817 1665 1886 aliquantisper
1692 1818 1796 1870 mei
1836 1831 1941 1872 me-

369 1915 595 1977 minens,
628 1919 868 1965 arentem
892 1908 1136 1963 venulam
1170 1908 1341 1962 rarius
1367 1905 1572 1961 flumini
1604 1917 1694 1962 tuo
1716 1908 1934 1961 misceo.

368 2001 535 2059 Tuam
560 2002 741 2057 tubam
774 2007 917 2055 totus
941 2014 1044 2067 qua
1074 2006 1219 2069 patet
1242 1998 1387 2053 orbis
1409 1996 1529 2066 jure
1557 1998 1898 2052 venerabitur
1922 2015 1935 2051 :

365 2108 526 2162 quam
556 2098 767 2146 constat
808 2089 1075 2159 geminata
1103 2087 1354 2142 felicitate
1390 2087 1648 2143 cecinisse
1670 2127 1686 2153 ,
1726 2086 1939 2158 quando

367 2199 467 2239 nec
489 2182 737 2238 aemulum
775 2181 1001 2250 reperit,
1032 2194 1132 2233 nec
1159 2179 1446 2247 :cqualem,
1472 2194 1591 2233 cum
1618 2178 1823 2249 pridem
1853 2193 1943 2231 au-

366 2292 455 2333 res
473 2284 528 2331 et
554 2291 650 2331 ora
676 2273 1017 2345 populorum,
1050 2286 1136 2325 me
1164 2271 1324 2325 etiam
1355 2269 1785 2334 circumferente,
1818 2285 1942 2339 per-

366 2377 667 2436 vagaretur.
707 2364 871 2419 Nobis
901 2371 1078 2418 autem
1094 2360 1313 2430 grandis
1340 2360 1579 2422 audacia,
1613 2360 1656 2414 si
1687 2360 1771 2413 vel
1798 2358 1940 2429 apud

364 2459 718 2530 municipales
762 2465 817 2513 et
861 2455 1229 2513 cathedrarios
1271 2462 1548 2517 oratores,
1579 2460 1672 2507 aut
1698 2452 1940 2507 forenses

364 2552 576 2610 rabulas
622 2550 959 2620 garriamus:
991 2548 1084 2617 qui
1129 2546 1290 2601 etiam
1329 2560 1451 2600 cum
1491 2552 1745 2614 perorant
1771 2544 1938 2613 (salva

364 2642 851 2717 paeepotiorum),
902 2640 1056 2696 turba
1101 2637 1456 2702 numerosior,
1500 2635 1939 2689 illitteratissimis

365 2736 788 2791 litterisvacant.
845 2731 977 2787 Nam
1004 2738 1083 2794 te,
1113 2730 1198 2784 cui
1226 2743 1321 2783 seu
1343 2727 1566 2781 liberum
1595 2742 1689 2780 seu
1719 2726 1938 2793 ligatum

365 2824 570 2897 placeat
596 2818 884 2877 alternare
926 2833 1228 2873 sermonem
1253 2855 1269 2879 ,
1318 2816 1562 2869 intonare
1604 2814 1936 2868 ambifariam

364 2915 618 2985 suppetit,
641 2912 798 2983 pauci
824 2926 959 2982 quos
986 2925 1168 2980 aequus
1196 2908 1393 2963 amavit
1420 2917 1444 2944 α
1470 2906 1729 2978 Juppiter,
1760 2908 1936 2962 imita-

364 3006 578 3062 buntur.
596 2994 760 3059 'Vale.

789 3092 816 3132 δ
855 3090 1185 3147 EPISTOLA
1222 3089 1515 3146 ALTERA.

432 3185 752 3241 Doctissimo
780 3185 894 3239 viro
928 3195 949 3222 ο
991 3183 1235 3238 Summo
1272 3183 1474 3237 rhetori
1510 3179 1859 3237 Cuunwvus.

435 3278 837 3349 Disciplinarum
859 3276 1095 3331 omnium
1117 3283 1277 3345 atque
1298 3274 1490 3328 artium
1518 3273 1769 3340 magistra
1791 3270 1936 3325 Grat-

365 3372 444 3428 cia
491 3370 688 3426 idcirco
734 3368 965 3422 maxime
1009 3366 1274 3422 nobilibus
1321 3366 1511 3421 studiis
1556 3372 1808 3435 provecta
1855 3371 1938 3418 est

365 3471 523 3532 atque
567 3460 752 3516 orbem
810 3473 949 3528 pene
1000 3465 1170 3513 totum
1229 3456 1608 3526 multiplicibus
1657 3453 1936 3523 complexa

364 3552 636 3617 doctrinis,
666 3550 919 3621 quoniam
955 3563 1112 3603 nemo
1141 3547 1248 3602 illic
1274 3547 1511 3601 omnium
1540 3545 1640 3601 fuit
1666 3546 1756 3615 qui
1784 3544 1938 3613 quid-

365 3658 523 3714 quam
553 3643 707 3696 bonte
744 3638 911 3707 frugis
955 3637 1119 3693 ferret
1146 3637 1232 3693 cui
1275 3653 1382 3691 non
1407 3652 1505 3707 par
1533 3636 1727 3690 merito
1767 3636 1940 3691 bonos

367 3736 483 3792 siet.
515 3733 651 3788 Hine
691 3731 951 3788 nonnulli
978 3730 1231 3785 mortales
1276 3737 1520 3784 naturam
1566 3743 1704 3800 pene
1749 3744 1936 3798 super-

366 3825 534 3895 gressi
561 3822 891 3888 mortalium,
911 3821 1140 3877 extentis
1160 3835 1537 3890 usquequaque
1565 3820 1937 3874 excellentium

366 3915 699 3986 ingeniorum
722 3912 942 3977 viribus,
965 3910 1376 3979 inlatigabilibus
1396 3912 1538 3966 curis
1559 3927 1739 3966 rerum
1760 3911 1939 3966 abdita

366 4010 639 4071 rimantes,
670 4003 934 4077 repositas
953 4002 1289 4072 originalium
1311 4003 1722 4072 primordiorum
1751 4016 1940 4056 causas

366 4108 419 4155 et
446 4097 813 4170 temporaliter
839 4094 1205 4151 fluctuantium
1246 4093 1659 4148 substantiarum
1693 4092 1942 4163 praefixos

367 4193 624 4248 terminos
649 4190 839 4258 indage
867 4196 922 4242 et
949 4195 1063 4242 arte
1091 4185 1389 4256 complexi.
1439 4201 1547 4239 non
1594 4186 1755 4240 modo
1801 4185 1940 4239 intra

365 4282 693 4340 mundanum
720 4280 816 4334 sed
852 4292 1013 4348 super
1039 4276 1257 4332 cccleste
1286 4276 1447 4329 etiam
1477 4275 1732 4330 introiere
1760 4289 1940 4329 secre-

368 4387 503 4432 tum.
550 4372 705 4441 Quod
748 4371 879 4424 mihi
916 4368 1394 4438 imprtesentiarum
1441 4384 1567 4422 usus
1611 4375 1691 4422 est
1728 4365 1937 4430 dicere,

2039 1818 2388 1890 professione,
2407 1817 2658 1872 laudabili
2675 1817 2911 1881 solertia,
2931 1818 3041 1871 aeri
3065 1817 3300 1886 ingenio,
3319 1816 3597 1887 proﬂuente

2038 1912 2255 1980 eloquio
2283 1911 2730 1966 resuscitavisses.
2762 1909 2914 1976 Quod
2934 1910 3179 1980 equidem
3209 1910 3405 1963 bonum
3427 1924 3489 1963 eo
3516 1908 3595 1960 ad-

2039 2001 2337 2057 mirabilius
2366 2013 2449 2055 est
2476 2000 2606 2054 mihi
2630 2015 2738 2069 quo
2766 2001 3103 2071 desperatius
3129 2000 3246 2054 fuit.
3280 2000 3446 2054 Video
3471 2000 3597 2054 enim

2038 2108 2099 2147 os
2122 2091 2439 2157 Romanum,
2463 2106 2570 2145 nnn
2599 2090 2757 2145 modo
2779 2090 3131 2159 negligentite,
3153 2090 3245 2144 sed
3275 2088 3462 2159 pudori
3487 2103 3596 2142 esse

2038 2181 2313 2245 Romanis,
2338 2181 2739 2249 grammaticam
2770 2180 2846 2235 uti
2873 2180 3158 2250 quamdam
3183 2181 3463 2234 barbaram
3484 2179 3596 2233 bar-

2037 2274 2256 2330 barismi
2279 2282 2334 2328 et
2357 2273 2641 2329 solmcismi
2665 2285 2840 2342 pugno
2861 2281 2915 2327 et
2935 2273 3084 2328 calce
3105 2273 3350 2342 propelli,
3378 2273 3597 2327 dialecti-

2037 2381 2155 2421 cem
2182 2373 2431 2436 tanquam
2462 2365 2786 2420 Amazonem
2814 2366 3000 2420 stricto
3027 2365 3419 2420 decertaturam
3439 2365 3598 2433 gladio

2039 2457 2343 2521 formidari,
2376 2457 2699 2512 rhetoricam
2750 2471 2814 2511 ac
2855 2457 2899 2510 si
2944 2456 3197 2524 grandem
3245 2458 3510 2511 dominam
3550 2457 3595 2507 it

2039 2556 2266 2614 angusto
2296 2562 2402 2602 non
2432 2547 2627 2616 recipi,
2659 2547 2913 2601 musicen)
2942 2562 3074 2602 vero
3121 2555 3175 2601 et
3213 2548 3595 2615 geometricam,

2038 2647 2198 2708 atque
2221 2639 2613 2695 arithmeticam
2629 2647 2737 2693 tres
2757 2640 2904 2708 quasi
2929 2637 3091 2693 furias
3112 2638 3333 2708 despui;
3353 2646 3472 2708 post
3490 2638 3596 2692 liiinc

2039 2730 2428 2800 philosophiam
2459 2738 2619 2799 atque
2649 2730 2726 2784 uti
2751 2729 3017 2799 quoddam
3056 2730 3364 2785 ominosum
3393 2729 3592 2784 bestiale

2042 2823 2328 2878 numerari.
2346 2822 2450 2878 Sed
2466 2823 2581 2877 haec
2595 2823 2648 2877 in
2665 2822 2874 2877 laudem
2891 2830 3033 2876 tuam
3048 2823 3321 2891 suggestui
3337 2831 3472 2887 sunt;
3487 2821 3596 2890 quia

2038 2914 2083 2969 si
2104 2914 2253 2969 multi
2276 2929 2504 2984 quorum
2533 2922 2589 2967 tu
2618 2929 2677 2969 es
2702 2913 2998 2968 studiorum
3025 2914 3229 2979 forent,
3263 2914 3469 2968 futurus
3492 2926 3596 2967 eras

2037 3006 2256 3072 scilicet,
2280 3005 2381 3061 etsi
2396 3022 2502 3062 non
2518 3006 2753 3060 omnium
2771 3006 2964 3075 potior,
2986 3022 3120 3061 unus
3154 3020 3219 3059 ex
3241 3007 3445 3061 multis.
3476 3005 3596 3059 HlLC

1962 3098 2004 3160 C
2039 3113 2183 3160 vero,
2198 3098 2384 3168 procul
2402 3097 2612 3166 injuria,
2627 3104 2942 3151 exterarum
2955 3111 3121 3166 penes
3134 3094 3364 3151 Galliam
3380 3104 3597 3151 nostram

2033 3185 2380 3256 professionis
2414 3168 2516 3240 tuae
2542 3200 2640 3255 par
2670 3200 2806 3239 unus
2834 3194 2887 3239 et
2914 3185 3060 3239 solus
3086 3199 3164 3239 es.
3198 3183 3387 3255 Neque
3416 3185 3598 3239 dictum

2037 3280 2173 3333 istuc
2201 3287 2292 3332 aut
2338 3278 2691 3333 assentationi
2720 3285 2810 3331 aut
2850 3277 3143 3332 adulationi
3186 3276 3365 3332 detur.
3409 3277 3599 3345 Nequa-

2036 3385 2196 3439 quam
2241 3368 2484 3439 profecto
2532 3369 2615 3424 vel
2662 3377 2876 3437 egomet
2922 3370 3127 3424 adulari
3167 3386 3419 3439 possum,
3451 3370 3525 3423 vel
3554 3376 3602 3420 tu

2037 3459 2241 3528 indiges
2269 3458 2403 3513 falso
2446 3458 2669 3512 laudari.
2719 3459 2826 3513 Sed
2871 3460 2986 3513 erui
3033 3468 3192 3528 atque
3240 3460 3401 3514 avelli
3451 3457 3600 3513 infixa

2037 3552 2216 3605 animo
2247 3566 2370 3606 meo
2402 3551 2586 3619 nequit
2625 3550 3074 3606 declamationum
3121 3560 3335 3605 tuarum
3383 3551 3601 3607 suavitas

2042 3643 2207 3696 mixta
2238 3642 2454 3708 virtute,
2483 3642 2643 3696 Attici
2674 3657 2824 3696 more
2866 3642 3055 3708 mellis,
3088 3644 3171 3696 cui
3213 3651 3405 3712 suapte
3433 3652 3599 3696 natura

2043 3732 2208 3785 indita
2231 3740 2356 3786 sunt
2382 3732 2606 3795 medela,
2630 3731 2902 3796 fortitudo,
2927 3732 3171 3793 dulcedo,
3193 3734 3340 3803 quod
3364 3735 3413 3787 in
3437 3731 3603 3803 Hybla:

2037 3824 2181 3893 jugis
2210 3824 2443 3880 volucris
2471 3833 2631 3893 atque
2661 3823 2839 3894 opifex
2864 3825 3071 3894 apicula
3098 3825 3311 3880 caelitus
3337 3825 3600 3879 deciduum

2039 3916 2234 3971 haustu
2266 3917 2485 3985 capiens
2511 3915 2813 3971 fabrefactis
2842 3932 3025 3971 manso
3071 3914 3335 3984 ﬂorigeris
3372 3914 3601 3974 infundit,

2040 4005 2375 4074 filiorumque
2419 4003 2726 4060 fabricatrix
2754 4006 3071 4074 virginitatis
3116 4021 3224 4060 sum
3266 4004 3490 4061 feturam
3519 4005 3600 4057 aiLI

2040 4103 2203 4167 atque
2230 4096 2418 4150 imbuit
2446 4095 2609 4150 ubere
2638 4095 2878 4150 favorum
2901 4112 2917 4148 :
2942 4096 3011 4150 ita
3035 4106 3090 4151 tu
3114 4097 3322 4152 scilicet
3350 4114 3381 4152 e
3401 4095 3600 4154 summis

2040 4176 2348 4240 auCtoribus
2374 4186 2524 4240 velut
2551 4201 2581 4239 e
2610 4186 2815 4253 magnis
2837 4187 3107 4242 montibus
3135 4187 3377 4242 doctiora
3397 4200 3601 4256 qumque

2042 4276 2187 4331 velut
2216 4276 2415 4347 thymia
2449 4288 2471 4313 ε
2504 4273 2791 4345 flagrantia
2821 4286 2876 4332 et
2903 4275 3210 4333 fecundiora
3259 4280 3423 4333 veluti
3467 4294 3593 4347 qum-

2043 4365 2167 4419 dam
2194 4362 2385 4420 ﬂorida
2411 4379 2769 4436 pnecerpens,
2805 4380 2942 4434 quos
2972 4367 3167 4437 ingenii
3194 4366 3357 4425 melle
3385 4367 3598 4437 repleas,
3624 4440 3625 4443 η

360 4458 617 4535 quoniam
669 4464 930 4520 bonarum
982 4461 1174 4513 artium
1214 4459 1329 4528 jam
1377 4459 1498 4513 inde
1541 4475 1572 4512 a
1619 4474 1939 4528 proavorum
1969 4465 2017 4522 ι)
2044 4457 2362 4526 eloquentia:
2381 4456 2602 4512 conficis
2624 4456 3057 4527 favos,equibus
3077 4460 3205 4513 item
3233 4459 3598 4529 discipulorum

369 4565 669 4613 nostrorum
716 4552 923 4609 stccnlis
966 4552 1100 4605 facta
1147 4548 1378 4618 jactura,
1429 4558 1483 4603 et
1524 4549 1687 4603 animi
1732 4550 1933 4605 cultum

369 4651 662 4720 despuens,
693 4661 800 4716 quo
846 4644 963 4699 solo
1010 4649 1226 4712 praestat
1272 4640 1459 4710 pecudi
1505 4654 1635 4708 gens
1682 4640 1931 4707 humana,

369 4741 571 4797 deliciis
597 4747 652 4794 et
678 4738 875 4793 divitiis
899 4735 1136 4790 serviens
1156 4732 1376 4801 ignavia:
1397 4739 1447 4785 et
1469 4730 1689 4785 inscitia:
1716 4729 1932 4796 famula,

368 4834 630 4901 dpessum
660 4844 820 4898 porro
847 4824 991 4891 dedit
1037 4838 1157 4878 cum
1199 4821 1439 4876 doctrina
1489 4819 1758 4874 virtutem.
1803 4820 1933 4874 Nam

366 4920 510 4994 quod
539 4933 644 4973 non
674 4916 833 4971 modo
861 4916 925 4970 ad
953 4912 1307 4970 innovandum
1336 4911 1627 4981 quippiam,
1659 4911 1749 4966 sed
1777 4927 1845 4965 ne
1871 4911 1935 4965 ad

365 5006 743 5067 dediscendum
762 5005 974 5074 quidem
994 5004 1193 5072 absque
1223 5011 1274 5055 te
1303 5017 1408 5056 uno
1429 5001 1719 5071 disciplinac
1744 5002 1937 5055 nubilis

367 5106 505 5160 ullus
532 5099 763 5172 aspirat,
794 5095 1125 5163 negligentiae
1164 5093 1215 5147 id
1243 5093 1488 5147 humana:
1516 5094 1828 5169 ascribimns
1867 5109 1936 5147 an

368 5192 597 5250 natura}?
624 5189 682 5246 Si
705 5187 903 5243 malum
925 5185 1097 5239 isthoc
1117 5191 1318 5237 naturae
1349 5182 1476 5237 vitio
1513 5184 1768 5237 vertimus
1797 5200 1935 5237 nun-

370 5286 623 5357 quulnam
652 5301 682 5339 a
709 5294 906 5353 genere
935 5279 1170 5333 humano
1196 5275 1408 5330 diﬂ'erre
1434 5276 1540 5331 dici
1566 5283 1743 5346 potest
1770 5290 1937 5345 genus

440 5449 466 5478 ⁸
496 5435 860 5496 Incommode,
903 5440 962 5489 ut
995 5431 1221 5503 videtur,
1257 5429 1408 5485 deest
1445 5430 1555 5487 haec
1583 5448 1686 5487 vox
1714 5432 1767 5487 in
1796 5447 1933 5503 prm-

368 5511 511 5566 clara
535 5510 767 5564 editione
794 5502 1186 5560 Sirmondiana.
1802 5502 1809 5503 ί
1948 5555 1958 5569 ⁹

441 5581 465 5618 ιι
486 5578 671 5632 Exstat
687 5578 799 5631 hmc
813 5573 1038 5638 epistola
1058 5572 1194 5627 inter
1211 5569 1542 5625 Miscellanea
1562 5569 1781 5638 Buluzii,
1800 5582 1929 5627 tom.

374 5648 437 5704 Vl
454 5688 467 5712 ,
500 5661 652 5716 pagg.
686 5644 939 5701 555-558.

2037 4550 2246 4604 tibimet
2287 4550 2433 4605 velut
2462 4549 2692 4605 filiorum
2721 4552 3074 4606 numerositas
3101 4551 3293 4606 dilecta
3322 4550 3597 4607 formatur;

2036 4655 2155 4708 qum
2171 4637 2475 4696 Graecarum
2502 4655 2716 4711 quoque
2736 4640 3131 4711 disciplinarum
3154 4650 3369 4697 nectare
3391 4641 3596 4702 imbuta,

2038 4749 2100 4788 ac
2120 4734 2166 4788 si
2190 4734 2344 4789 melle
2365 4734 2541 4789 Attico
2561 4742 2732 4804 pasta,
2757 4741 2815 4789 ut
2841 4735 3111 4804 occeperit
3135 4734 3326 4803 pennis
3353 4744 3596 4803 strepere,

2037 4824 2356 4893 eloquentiae
2394 4823 2545 4879 favos
2571 4836 2625 4880 et
2653 4825 2766 4894 ipsa
2793 4823 3057 4880 conficiet.
3107 4824 3265 4879 Modo
3295 4833 3352 4878 tu
3379 4823 3461 4877 fac
3497 4838 3598 4875 me-

2041 4918 2258 4971 mineris
2285 4917 2510 4972 docendi
2539 4933 2733 4972 munus
2763 4917 2857 4972 tibi
2884 4933 2913 4971 a
2942 4917 3156 4987 proavis
3194 4924 3249 4971 et
3276 4918 3410 4972 citra
3440 4918 3594 4970 haere-

2040 5007 2472 5091 ditariumifore,
2523 5023 2696 5077 eoque
2740 5009 3013 5079 copiosius
3054 5020 3106 5062 te
3150 5008 3319 5061 anniti
3362 5016 3598 5077 oportere

2041 5099 2304 5163 scientias,
2353 5112 2462 5168 quo
2505 5099 2785 5168 multiplex
2813 5101 2867 5154 in
2896 5107 2948 5155 te
2975 5115 3006 5153 a
3035 5098 3327 5168 majoribus
3370 5096 3594 5169 profecta

2044 5191 2145 5244 tuis
2165 5190 2404 5245 doctrina
2426 5187 2704 5244 conﬂuxit.
2727 5188 3042 5245 Admonitus
3067 5204 3281 5258 quoque
3305 5190 3376 5244 sis
3396 5194 3594 5257 Oportet

2044 5279 2361 5336 Viennensis
2390 5282 2536 5336 urbis
2583 5283 2875 5337 nobilitatis
2923 5283 3153 5351 antiquae
3173 5321 3189 5349 ,
3218 5281 3366 5351 cujus
3394 5289 3451 5334 tu
3477 5279 3595 5332 cius

2036 5443 2139 5558 ubi
2160 5431 2305 5557 :luic
2333 5433 2581 5505 Sapaudo
2603 5436 2911 5493 inscribitur
2934 5439 3158 5510 epistola
3179 5440 3379 5495 decima
3399 5436 3607 5497 Sidonii.

2110 5571 2136 5610 ἀ
2171 5574 2369 5643 Baluz.,
2394 5591 2616 5643 passum.

2115 5653 2138 5680 ο
2171 5642 2373 5709 Balttl..,
2407 5645 2704 5714 ﬂagrantia.
