3946 6182
415 401 515 457 785
1484 409 1786 467 CARMINA
1824 412 2051 470 ῡυΒΙίΕ
2092 416 2606 480 Αυετοιιιτλτιδ.
3566 437 3672 493 786

409 537 464 582 et
487 528 676 583 doctor
702 541 807 582 non
832 528 943 582 otio
963 525 1157 598 duplex
1179 525 1417 582 debitum
1442 526 1639 593 solves,
1666 543 1697 580 a
1717 543 1824 595 quo
1854 526 1986 581 bifa-
2019 541 2062 595 Α
2093 532 2255 600 niani,
2300 536 2630 608 Chrysippus
2673 538 2739 595 ad
2781 539 3133 612 disciplinam,
3184 542 3385 601 Fronto
3414 546 3480 602 ad
3510 564 3663 618 pom-

407 623 541 675 riam
586 620 839 690 quaeritur
884 619 970 675 vel
1009 620 1249 692 patribus
1280 618 1608 690 respondere
1655 620 1740 674 vel
1772 621 1977 689 patriae.
2093 639 2235 693 pam,
2263 624 2452 681 Cicero
2488 628 2553 681 ad
2581 630 2941 700 eloquentiam
2967 634 3345 703 capessendam
3377 639 3493 692 usui
3536 639 3662 695 sint.

302 768 315 781 ,
406 714 537 770 Illud
552 715 665 786 jam
683 716 738 770 in
754 714 859 770 ﬁne
877 715 1140 771 sermonis
1154 716 1411 785 perquam
1430 712 1761 767 familiariter
1778 726 1979 779 qumso,
2090 714 2338 785 Quisquis
2376 718 2518 772 enim
2542 721 2903 776 recentiorum
2931 724 3129 792 aliquid
3157 725 3373 793 dignum
3404 730 3662 784 memoria

404 816 462 863 ut
481 808 679 879 spretis
700 808 1021 863 novitiarum
1041 807 1463 862 ratiuncularum
1483 805 1776 876 puerilibus
1799 804 1976 871 nugis,
2088 808 2428 878 scriptitavit,
2457 826 2564 864 non
2586 819 2642 865 et
2662 812 2777 881 ipse
2796 814 3029 869 novitios
3047 816 3194 885 legit.
3218 816 3299 870 Illi
3320 832 3449 886 ergo
3469 834 3661 874 reven-

404 899 606 954 nullum
644 898 949 955 lectitandis
996 898 1082 957 his
1128 906 1338 968 tempus
1383 897 1636 963 insumas,
1670 904 1697 932 ⁸
1722 893 1976 964 quasdam
2088 899 2273 955 tilandi
2301 903 2678 973 memoriazque
2706 905 2989 960 mandandi
3017 914 3173 970 sunt,
3222 907 3290 962 de
3336 910 3528 978 quibus
3571 910 3657 964 isti

402 990 771 1046 resonantium
797 991 1258 1045 sermunculorum
1287 997 1502 1043 taureas
1528 993 1738 1051 rotant,
1770 996 1826 1040 et
1854 999 1978 1041 ora-
2083 1000 2309 1061 potuere
2346 992 2608 1062 proﬁcere
2651 1009 2786 1064 quos
2814 996 3087 1051 miramur.
3134 998 3314 1055 lsthoc
3349 1015 3449 1070 ego
3480 1009 3653 1058 tamen

402 1084 595 1141 toriam
638 1082 1005 1139 fortitudinem
1049 1081 1426 1153 plaudentibus
1471 1079 1819 1136 concinentiis
1866 1076 1978 1133 evi-
2080 1083 2326 1138 amicitia:
2353 1084 2717 1140 testimonium
2737 1086 2916 1156 aliquo
2936 1088 3159 1144 forsitan
3181 1090 3476 1161 plusculum
3496 1092 3661 1148 fami-

400 1184 546 1232 rant.
574 1176 783 1231 Naevius
809 1184 865 1231 et
893 1175 1112 1233 Plautus
1148 1175 1243 1230 tibi
1271 1173 1339 1228 ad
1364 1173 1718 1241 elegantiam,
1744 1168 1880 1225 Cato
1908 1169 1975 1223 ad
2079 1172 2282 1228 liariter
2310 1174 2482 1228 intuli.
2514 1174 2622 1230 Sed
2657 1176 3028 1237 benivolentia:
3055 1187 3158 1235 tua:
3183 1182 3339 1253 venia
3385 1182 3653 1255 impertiet

399 1268 734 1338 gravitatem,
761 1267 932 1324 Varro
960 1268 1028 1323 ad
1046 1268 1295 1339 peritiam
1311 1308 1327 1333 ,
1357 1265 1630 1322 Gracchus
1655 1265 1723 1320 ad
1747 1264 1976 1318 acrimo-
2080 1264 2277 1319 amoris
2300 1264 2611 1333 audaciam.

468 1411 494 1439 -
524 1400 686 1463 Forte
713 1419 829 1477 quc
856 1403 996 1459 dum.
1028 1404 1205 1474 Atque
1233 1403 1309 1459 ita
1347 1402 1479 1472 legit
1514 1400 1789 1456 Fabricius
1832 1397 1965 1454 Bibl.
1993 1397 2129 1452 med.
2153 1404 2283 1453 tom.
2315 1398 2357 1464 1,
2388 1414 2508 1469 pag.
2543 1400 2711 1469 4078.,

1027 1644 1911 1761 MAMERTI
1989 1642 2582 1757 GLAUD

1522 1644 1911 1755 sum
1989 1568 3080 1767 αιΔυυιΑΝιί

1618 1854 2012 1911 PRESBYTER!
2035 1855 2411 1907 VIENNENSIS

828 2009 1489 2118 HYMNUS
1563 2008 1740 2110 DE
1818 2000 2561 2109 PASSIONE
2638 2003 3219 2110 DOMINI.

401 1539 3647 1572 h—————————-‘————————————_————_————-—~

389 2333 566 2405 Pange
593 2331 773 2401 lingua
801 2327 1020 2399 gloriosi
1048 2325 1290 2397 praelium
1319 2321 1646 2385 certaminis,
2000 2321 2047 2381 Β
2142 2316 2214 2373 Se
2242 2318 2457 2375 volente
2485 2328 2642 2375 natus
2670 2320 2739 2375 ad
2768 2320 2874 2399 hoc
2898 2320 3135 2392 passioni
3165 2319 3393 2388 deditus,

461 2423 527 2480 Et
552 2436 716 2492 super
742 2419 916 2477 erucis
946 2426 1150 2494 tropaeo
1179 2416 1265 2475 dic
1293 2412 1622 2483 triumphum
1652 2411 1886 2467 nobilem
1912 2429 1924 2463 :
2141 2410 2323 2478 Agnus
2352 2410 2406 2464 in
2435 2411 2610 2466 crucis
2639 2411 2858 2471 levatur.
2876 2410 3234 2471 immolandus.
3253 2412 3468 2482 stipite.

461 2512 702 2581 Qualiter
730 2510 1040 2580 redemptor
1068 2507 1216 2567 orbis
1246 2505 1556 2561 immolatus
1584 2503 1791 2561 vicerit.
2068 2500 2166 2557 Hic
2194 2508 2429 2568 acetum,
2460 2501 2550 2567 fel,
2583 2502 2807 2569 arundo,
2839 2510 3014 2573 sputa,
3047 2503 3203 2569 clavi,
3221 2504 3428 2569 lancea,

387 2603 466 2657 Dc
493 2603 732 2674 parentis
760 2599 1082 2671 protoplasti
1111 2597 1298 2655 fraude
1327 2605 1353 2634 ι
1384 2594 1560 2653 factor
1587 2593 1903 2661 condoleus,
2134 2590 2260 2646 Mite
2289 2607 2485 2661 corpus
2512 2591 2816 2662 perforatur
2848 2611 2860 2647 :
2895 2595 3115 2666 sanguis.
3139 2594 3291 2657 unda.
3310 2594 3555 2665 ρνοίιυὶιρ,

457 2694 681 2761 Quando
710 2694 855 2764 pomi
885 2693 1115 2748 noxialis
1142 2691 1171 2731 δ
1199 2706 1382 2747 morsu
1411 2696 1587 2744 morte
1614 2686 1845 2750 corruit,
2138 2682 2328 2751 Terra,
2342 2691 2558 2752 pontus,
2582 2692 2724 2746 astra
2745 2683 2973 2740 mundus
2993 2700 3102 2754 quo
3122 2685 3367 2753 lavantur
3383 2684 3622 2743 ﬂumine.

457 2784 572 2855 Ipse
602 2785 802 2854 lignum
833 2791 962 2840 tunc
990 2782 1215 2847 notavit,
1239 2781 1433 2836 damna
1462 2778 1590 2852 ligni
1619 2784 1681 2837 ut
1707 2777 1959 2831 solveret.
2063 2773 2207 2828 Crux
2237 2772 2411 2839 fidelis
2436 2775 2578 2838 inter
2605 2790 2796 2831 omnes
2825 2777 2988 2831 arbor
3019 2791 3123 2830 una
3154 2776 3346 2832 nobilis
3370 2794 3383 2830 :

384 2874 503 2930 lluc
531 2891 667 2945 opus
696 2882 895 2930 nostrae
923 2874 1113 2929 salutis
1141 2871 1275 2928 ordo
1304 2871 1721 2941 depoposcerat,
2132 2862 2287 2918 Nulla
2319 2864 2481 2918 talem
2512 2864 2645 2919 silva
2676 2865 2880 2934 profert
2911 2864 3117 2929 fronde,
3151 2864 3302 2931 ﬂore,
3335 2867 3596 2946 germine,

456 2966 795 3022 Multiformis
822 2967 1115 3038 proditoris
1145 2973 1260 3021 arte
1288 2973 1348 3022 ut
1376 2971 1546 3021 artem
1576 2962 1816 3026 falleret,
2132 2956 2297 3012 Dulce
2325 2956 2547 3025 lignum,
2571 2956 2596 2994 ά
2622 2957 2777 3014 dulce
2798 2959 3027 3028 signum,
3057 2958 3210 3015 dulce
3238 2957 3449 3029 pondus
3476 2960 3639 3017 susti-

453 3060 519 3115 Et
545 3061 809 3116 medelam
839 3058 1005 3117 ferret
1033 3057 1182 3121 inde,
1215 3058 1389 3112 hostis
1418 3055 1560 3111 unde
1588 3055 1813 3109 laaserat.
2205 3056 2314 3102 net.

377 3154 603 3223 Quando
632 3155 781 3210 venit
807 3167 936 3222 ergo
968 3152 1107 3209 sacri
1137 3149 1416 3221 plenitudo
1446 3147 1734 3219 temporis,
2061 3142 2241 3196 Flecte
2269 3143 2638 3211 ramos,arbor
2666 3143 2792 3210 alta,
2825 3151 2976 3201 tensa
3005 3146 3125 3199 laxa
3154 3146 3387 3209 viscera,

451 3244 641 3300 Missus
669 3252 754 3299 est
782 3245 848 3297 ab
877 3258 1002 3299 arce
1032 3241 1206 3296 Patris
1236 3248 1415 3304 natus,
1447 3239 1595 3293 orbis
1624 3236 1890 3296 conditor,
2130 3233 2197 3287 Et
2223 3235 2370 3302 rigor
2396 3234 2655 3290 lentescat
2684 3236 2772 3290 ille
2800 3251 2958 3304 quem
2988 3235 3133 3291 dedit
3160 3236 3431 3302 nativitas,

448 3336 622 3404 Atque
651 3343 837 3390 ventre
864 3333 1109 3403 virginali
1138 3346 1298 3387 carne
1327 3330 1502 3384 factus
1530 3326 1754 3398 prodiit;
2132 3323 2201 3378 Ut
2231 3325 2448 3393 superni
2479 3325 2718 3379 membra
2746 3326 2888 3394 regis
2915 3328 3029 3381 miti
3059 3328 3248 3382 tendas
3276 3329 3478 3398 stipite.

374 3426 532 3497 Vagit
560 3427 733 3483 infans
763 3429 904 3482 inter
931 3434 1077 3482 arcta
1108 3425 1357 3481 conditus
1384 3420 1665 3493 praesepia,
2057 3412 2182 3468 Sola
2211 3414 2369 3483 digna
2399 3422 2456 3468 tu
2487 3414 2631 3469 fuisti
2661 3414 2800 3469 ferre
2828 3415 3058 3486 pretium
3086 3418 3294 3482 saeculi,

445 3521 679 3576 Membra
707 3520 902 3590 pannis
931 3519 1169 3575 involuta
1199 3517 1349 3586 virgo
1378 3521 1552 3570 mater
1581 3511 1790 3582 alligat;
1980 3558 1993 3567 .
2127 3506 2299 3574 Atque
2328 3512 2540 3576 portum
2567 3520 2870 3575 praeparare
2899 3513 3059 3560 nauta
3088 3506 3288 3561 mundo
3318 3506 3598 3577 naufrago,

442 3612 508 3668 Et
534 3615 732 3685 pedes,
763 3626 1084 3681 manusque,
1117 3624 1292 3675 crura,
1325 3608 1509 3664 stricta
1539 3603 1705 3671 cingit
1733 3601 1915 3656 fascia.
2126 3596 2294 3678 Quem
2324 3610 2477 3651 sacer
2502 3610 2665 3652 cruor
2691 3596 2962 3668 perunxit,
2993 3593 3142 3653 fusus
3170 3596 3292 3668 agni
3320 3612 3568 3671 corpore,

371 3703 563 3760 Lustra
589 3719 684 3760 sex
698 3705 787 3774 qui
804 3703 915 3773 jam
932 3714 952 3743 ο
969 3709 1209 3773 peracta,
1228 3709 1437 3769 tempus
1462 3695 1687 3769 implens
1710 3689 1953 3764 corporis

445 3871 468 3898 η
500 3862 581 3932 Al.
614 3864 776 3932 facta.
1008 3874 1013 3879 '
1130 3910 1133 3913 η
1327 3891 1335 3896 -
1684 3928 1689 3932 ⁸
2131 3861 2160 3932 ξ
2299 3868 2389 3932 per
2415 3858 2552 3932 acta_.

442 3932 470 3971 δ
499 3930 579 3985 ΑΙ,
613 3920 783 3986 'morsu
813 3933 868 3985 in
896 3940 1129 3993 mortem,
1684 3928 1689 3932 ’
2124 3920 2150 3956 ἀ
2182 3920 2262 3973 Al.
2295 3921 2467 3975 dulces
2496 3923 2684 3976 clavos.
2717 3920 2785 3977 Et
2812 3936 2938 3983 mox
2966 3927 3240 3979 sustinens.

366 4078 3607 4115 Mm

1332 4202 1689 4265 CARMINA
1738 4197 2001 4261 DUBIE
2045 4197 2653 4261 AUCTORITATIS.

1610 4296 1703 4351 {Ex
1730 4301 2027 4353 Collectione
2048 4301 2371 4364 Pisaurensi.)

709 4534 913 4575 com-as
945 4532 1144 4573 rosus
1168 4532 1333 4573 VANOS
1360 4532 1587 4572 causam.
1962 4520 2009 4582 (ι
2039 4512 2260 4582 Suspice
2284 4511 2586 4577 materiam,
2606 4516 2670 4582 et
2697 4510 2906 4582 divinos
2925 4512 3147 4582 concipe
3171 4527 3377 4569 sensus.

2040 4584 2096 4637 Si
2125 4580 2289 4638 decus
2314 4597 2345 4636 e
2374 4582 2521 4637 falsis
2547 4580 2763 4649 aliquod
2791 4580 3096 4651 nomenque
3123 4582 3310 4649 tulisti,

358 4655 481 4711 Iam
508 4653 638 4708 mihi
667 4651 923 4723 polliceor
948 4653 1115 4723 sacris
1143 4658 1234 4705 tua
1262 4651 1495 4723 carmina
1526 4650 1691 4723 libris
2039 4654 2114 4711 De
2138 4653 2320 4706 vacuis
2347 4666 2597 4720 magnum
2623 4652 2805 4723 rebus,
2831 4667 2953 4707 cum
2980 4652 3101 4707 licta
3127 4654 3367 4723 vetustis,

354 4724 623 4786 Condere,
657 4720 815 4792 teque
849 4723 943 4777 Dei
972 4721 1299 4792 ﬂammatum
1327 4722 1543 4775 nomine
1567 4720 1787 4789 Christi,
2035 4723 2373 4778 Carminibus
2401 4737 2641 4786 caneres,
2666 4722 2757 4792 vel
2772 4729 3142 4792 cumterrena
3170 4722 3400 4784 referres

354 4794 461 4850 Ora
489 4790 785 4849 soluturum
812 4807 1020 4847 summo
1045 4790 1270 4846 facunda
1297 4792 1505 4860 parenti
1537 4808 1549 4843 :
2035 4792 2197 4848 Gesta
2218 4793 2638 4860 triumphantum
2661 4790 2885 4845 laudans
2910 4791 3134 4857 insignia
3159 4805 3369 4859 regum,

354 4861 534 4932 incipe
562 4861 756 4917 divinis
776 4870 985 4932 tantum
1013 4861 1143 4916 dare
1179 4870 1398 4932 pectora
1428 4859 1610 4923 rebus,
2035 4863 2150 4918 Non
2180 4859 2428 4931 equidem
2457 4876 2523 4915 ex
2545 4862 2648 4932 illis
2671 4868 2727 4914 tu
2758 4861 2967 4932 laudem
2994 4875 3209 4923 sumere
3231 4861 3445 4932 dignus,

353 4929 753 5002 Subrectosque
783 4931 894 5002 Deo
921 4945 1110 5002 sensus
1148 4929 1394 5002 attollere
1421 4936 1567 4984 terra
1596 4948 1608 4983 :
2033 4933 2180 4997 Quos
2208 4929 2379 4999 magis
2405 4930 2636 5002 ornabas
2664 4929 2902 4999 opulenti
2919 4944 3153 5002 munere
3173 4931 3325 4993 verbi
3349 4949 3362 5002 ξ

353 5000 481 5057 Mox
506 4998 682 5057 oculis
695 5001 831 5056 cmlo
861 5016 998 5054 nova
1023 5000 1110 5053 lux
1134 4999 1337 5052 orietur
1363 5009 1573 5068 aperto,
2033 5005 2245 5068 Quanto
2266 4998 2441 5068 major
2465 5001 2534 5055 ab
2560 5000 2643 5054 his
2667 5008 2873 5054 crescet
2893 4998 2987 5052 tibi
3012 5000 3180 5067 gloria
3200 5001 3409 5070 emptis,

351 5070 684 5141 lntrabitque
710 5086 862 5125 sacer
892 5071 1054 5141 tacito
1083 5084 1181 5139 per
1206 5075 1390 5141 aperta
1429 5079 1611 5141 meatu
2031 5072 2087 5125 ln
2118 5071 2311 5141 quibus
2338 5079 2393 5125 et
2418 5070 2650 5139 linguam
2679 5084 2953 5135 exercens,
2985 5078 3227 5128 mentem.
3250 5085 3465 5140 quoque
3492 5087 3617 5126 san-

350 5137 613 5223 §piritus,~
627 5148 687 5223 et
713 5140 1066 5223 lmto_quatiet
1084 5137 1181 5223 tua
1209 5139 1418 5223 viscera
1446 5137 1594 5192 ﬂatu.
1639 5216 1650 5223 ι
1823 5219 1833 5223 Δ
2029 5210 2066 5223 ﬁ
2098 5137 2242 5223 ciam

350 5207 443 5265 Eia
472 5225 591 5279 age,
621 5211 781 5265 tende
811 5207 1038 5280 chelym,
1065 5207 1435 5280 etfccundum
1462 5216 1690 5280 concute
1717 5219 1922 5279 peetus,
2029 5210 2309 5271 Erudiens,
2338 5208 2657 5280 laudemque
2683 5208 2839 5280 simul
2867 5208 3138 5280 vitamque
3166 5212 3453 5280 capesses!

350 5276 542 5349 Magna
563 5295 788 5335 movens
816 5276 975 5334 abeat
1000 5278 1437 5349 solitis‘impensa
1465 5276 1690 5349 facultas
1717 5276 1734 5279 ’
1909 5276 1917 5279 ⁷
2029 5281 2271 5349 Dumque
2300 5279 2430 5347 legis
2455 5276 2622 5349 catus,
2648 5288 2702 5337 et
2722 5279 2909 5333 scribis
2937 5276 3191 5333 miracula
3213 5276 3406 5335 summi

346 5346 705 5412 Carminibus,
737 5350 906 5418 major
930 5363 1117 5418 rerum
1140 5346 1236 5400 tibi
1265 5348 1504 5418 nascitur
1530 5346 1685 5401 ordo.
2028 5349 2166 5403 Vera
2185 5346 2303 5418 Dei,
2328 5346 2553 5418 propior
2572 5347 2744 5403 disces
2768 5355 2822 5403 et
2843 5350 3018 5407 carior
3043 5349 3142 5417 ipsi

349 5419 466 5475 Non
496 5420 655 5476 modo
678 5416 934 5487 judicium
963 5416 1193 5484 Paridis,
1212 5416 1485 5487 necrbella
1512 5418 1784 5485 gigantum
2028 5418 2158 5487 Esse
2184 5417 2297 5472 Deo
2322 5416 2514 5486 {quem
2541 5418 2665 5472 dum
2695 5418 2924 5474 credens
2947 5416 3180 5487 miraris,
3210 5429 3393 5471 amare

348 5488 501 5545 Falsa
522 5485 706 5545 canis:
732 5488 893 5543 fuerit
922 5487 1112 5557 puerili
1139 5485 1292 5540 ludus
1320 5486 1373 5557 in
1402 5502 1518 5540 :evo
2025 5486 2269 5557 lncipies,
2300 5496 2355 5541 et
2377 5485 2606 5543 amando
2634 5496 2783 5543 recte
2812 5488 3032 5544 illabere
3058 5486 3294 5541 Christo.

348 5558 453 5613 Iste
481 5568 622 5621 tuus,
653 5555 1239 5628 quondam‘decnerunt
1267 5555 1469 5610 ludicra
1501 5572 1722 5625 parvum
1755 5577 1769 5612 ε
2028 5555 2296 5628 [lactentis
2317 5556 2406 5610 illa
2429 5564 2532 5613 tuae
2554 5573 2701 5612 vana:
2724 5558 2849 5612 tuba
2879 5558 3027 5614 vocis
3055 5558 3106 5610 in
3135 5570 3264 5610 usus

348 5628 498 5683 Nunc
524 5625 716 5684 animis
744 5628 979 5697 gravior,
1008 5636 1263 5696 quantum
1294 5628 1602 5694 provectior
1626 5629 1781 5684 annis
2028 5625 2309 5697 Personuit
2335 5641 2521 5697 vanos,
2553 5628 2713 5682 modo
2740 5628 2935 5683 celsior
2952 5628 3167 5697 intonat
3181 5632 3371 5695 actus...

350 5700 650 5766 Aspernare
672 5693 804 5754 velis
833 5693 1045 5753 maturo
1074 5698 1237 5753 corde
1266 5693 1538 5760 camenas.
2027 5696 2195 5766 Νοεοθ
2216 5695 2386 5766 magis
2412 5711 2600 5751 (⁵³³⁵³⁸
2628 5712 2808 5751 rerum
2835 5704 2890 5751 εί
2912 5694 3207 5766 primordia
3227 5693 3435 5766 mum-ﬁ”

346 5764 649 5837 Et'qualem
678 5769 839 5824 castis
863 5767 973 5837 jam
999 5781 1233 5835 congrua
1264 5766 1503 5820 moribus
1531 5774 1678 5831 tetas,
2027 5764 2101 5837 Ne
2131 5780 2293 5834 vagus
2321 5765 2630 5837 innumeros
2658 5766 2868 5837 Epicuri
2893 5764 3100 5821 somnia
3124 5764 3424 5837 mundos;

355 5833 521 5906 atque
550 5840 625 5893 tui
654 5833 925 5910 specimen
955 5833 1259 5893 venerabile
1285 5836 1524 5908 postulat
1552 5838 1679 5905 oris,
2026 5835 2170 5904 Quos
2200 5833 2392 5891 atomis
2415 5835 2635 5891 demens
2658 5833 2757 5904 per
2784 5836 2942 5891 inane
2966 5834 3277 5903 parentibus
3305 5833 3441 5901 edit,
