3946 6182
375 313 466 369 Ὶιιι

1320 308 1369 364 Β.
1410 306 1768 364 PATRICIUS
1805 304 2253 362 HIBERNOBUM
2292 302 2711 361 APOSTOLUS.

3535 305 3633 359 ’ΠΗ

373 443 421 499 pl
437 425 556 482 imis
577 424 801 482 instituti
834 424 1001 480 nostri
1027 432 1314 495 spectetur.
1352 423 1419 477 At
1446 439 1513 478 ex
1539 423 1682 478 beati
1705 422 1958 476 antistitis
1984 427 2036 485 Α
2064 424 2266 478 tionem
2296 426 2363 480 ad
2386 440 2503 480 eam
2536 424 2833 492 exegimus,
2862 438 3023 493 quam
3053 438 3119 478 ex
3147 422 3512 479 vetustissimo
3536 422 3638 478 No-

373 519 704 591 tionj‘essione
753 526 914 587 atque
948 532 1016 572 ex
1056 517 1222 587 ipsius
1267 515 1506 588 Epistola
1546 516 1615 570 ad
1661 513 1956 579 Corotieum

372 627 490 681 πίητε
530 612 667 666 inter
692 609 809 679 ejus
832 610 1031 680 scripta
1078 610 1308 680 primum
1338 617 1647 672 occurrunt,
1679 607 1955 676 cumplura

372 709 526 761 eruet
556 701 725 756 lector
753 700 822 755 ad
864 700 981 769 ejus
1007 710 1127 757 acta
1156 701 1324 770 probe
1349 698 1736 769 dignoscenda,
1763 698 1958 766 quibus

371 790 494 844 albi
516 789 747 845 ﬁrmiora
780 792 974 845 trustra
1002 799 1225 860 quaerat.
1272 789 1431 845 Plura
1462 790 1645 844 videas
1672 789 1739 844 de
1768 795 1957 844 sancto

371 881 608 935 a.tistite
661 890 846 936 nostro
898 883 1038 951 apud
1083 881 1345 937 Joannem
1399 879 1872 941 Glastonienscm,
1925 893 1957 932 a

371 971 575 1026 'I‘iioma
626 971 859 1027 Hearnio
902 988 1045 1040 anno
1097 971 1232 1035 1726
1264 971 1455 1033 Oxonii
1503 970 1804 1039 evulgatum
1855 970 1952 1039 (α).

369 1062 540 1119 Porro
572 1065 624 1119 id
670 1081 832 1125 unum
861 1073 1147 1121 annotasse
1173 1063 1403 1120 sufficiat
1437 1084 1449 1117 ε
1484 1063 1773 1129 Patricium
1802 1062 1958 1133 nimi-

371 1172 489 1209 rum
534 1172 564 1212 a
613 1156 724 1212 Deo
754 1158 822 1212 ad
864 1157 1219 1223 lIibernorum
1269 1158 1677 1213 conversionem
1708 1162 1958 1211 vocatum

374 1250 513 1311 circa
542 1266 740 1309 annum
772 1251 867 1305 451
924 1251 1018 1323 (b),
1044 1262 1167 1323 post
1218 1252 1527 1307 innumeros
1554 1250 1767 1304 labores
1796 1249 1849 1303 in
1892 1264 1958 1303 eo

373 1359 597 1406 munere
644 1346 942 1415 apostolico
991 1344 1318 1415 perficiendo
1372 1345 1683 1407 exhaustos,
1733 1358 1763 1397 e
1814 1341 1961 1396 vivis

373 1445 668 1503 excessisse
694 1458 835 1497 anno
865 1439 960 1493 491
1004 1454 1173 1493 annos
1206 1447 1387 1491 natum
1416 1436 1517 1489 120
1547 1444 1602 1489 ut
1622 1434 1961 1491 communior

375 1540 477 1591 fert
502 1535 763 1591 sententia
809 1532 899 1604 (ε).
926 1531 1190 1586 Caeterum
1210 1570 1223 1594 ,
1274 1536 1332 1583 ut
1360 1527 1509 1597 Pagii
1539 1528 1716 1582 verbis
1747 1535 1961 1580 utamur

377 1628 455 1695 (εἰ)
487 1646 505 1678 ‹
532 1624 752 1683 Hiberni
780 1622 1016 1677 Patricio
1043 1620 1241 1674 debent
1274 1618 1416 1688 quod
1466 1618 1635 1688 patria
1676 1632 1772 1671 sua
1820 1615 1958 1671 facta

375 1719 441 1771 sit
472 1715 784 1771 Sanctorum
830 1712 1022 1776 insula,
1053 1719 1109 1765 et
1154 1710 1452 1775 litterarum
1507 1708 1960 1775 scientiarumque

2058 515 2366 571 biliacensis
2390 516 2446 571 S.
2472 516 2692 571 Vedasti
2722 516 3033 571 monasterii
3063 514 3277 570 edidere
3306 513 3637 569 Bollandiani

2059 603 2139 675 (Ii)
2172 622 2185 658 :
2217 605 2409 661 additis
2448 618 2708 676 prsetcrea
2742 606 3016 660 nonnullis
3043 605 3485 661 annotationibus
3523 605 3638 674 qui-

2058 697 2158 752 bus
2187 697 2393 768 aliquot
2430 699 2547 753 loca
2595 699 2680 753 vel
2726 699 3087 753 restituuntur
3132 698 3215 751 vel
3257 698 3634 751 illustrantur:

2057 787 2202 856 quod
2257 797 2313 842 et
2358 790 2410 844 in
2453 789 2801 861 sequentibus
2839 788 3035 845 alicubi
3056 804 3155 858 pro
3195 803 3420 847 munere
3460 796 3640 842 nostro

2058 883 2422 955 prmstitimus,

2130 974 2216 1030 III.
2242 973 2647 1029 Confessionem
2668 970 3026 1027 Patricianam
3048 970 3247 1040 excipit
3274 969 3395 1040 ejus
3416 966 3648 1039 Epistolis

2062 1068 2131 1122 ad
2151 1066 2444 1121 Coroticum
2474 1066 2715 1135 regulum
2744 1064 3400 1130 Cambro-Britannicum,
3438 1079 3533 1117 seu
3556 1080 3648 1132 po-

2061 1161 2169 1214 tius
2190 1159 2258 1212 ad
2279 1158 2602 1215 Christianos
2645 1156 2870 1214 Corotici
2893 1159 3105 1229 tyranni
3134 1157 3392 1223 subditos,
3424 1163 3487 1210 ut
3512 1164 3649 1209 recte

2063 1249 2370 1305 inscribitur
2398 1249 2539 1318 apud
2568 1248 2947 1304 Bollandianos
2972 1250 3055 1321 (ἱ).
3097 1248 3267 1317 Hujus
3294 1246 3565 1317 epistolaa,
3598 1254 3648 1301 ut

2062 1341 2318 1395 observat
2345 1339 2588 1395 Waraeus
2616 1339 2713 1414 (j),
2744 1340 2946 1399 diserte
2966 1341 3210 1397 meminit
3238 1341 3293 1394 in
3318 1340 3447 1395 Vita
3471 1336 3531 1393 S.
3553 1335 3650 1390 Pa-

2065 1430 2203 1485 tricii
2249 1428 2523 1485 Jocelinus
2551 1431 2625 1500 (k)
2679 1430 2978 1485 monachus
3018 1428 3397 1485 Cisterciensis
3428 1427 3650 1483 emnobii

2062 1522 2443 1577 Furnessensis
2490 1521 2628 1591 apud
2685 1520 3156 1584 Lancastrienses;
3205 1522 3300 1591 qui
3349 1519 3551 1575 saeculo
3589 1534 3653 1575 xu

2063 1614 2345 1669 desinente
2389 1615 2619 1679 claruit,
2682 1614 2971 1683 Vitamque
3027 1615 3171 1669 illam
3221 1613 3545 1683 conscripsit
3594 1612 3653 1678 (II

2062 1707 2333 1776 praeceptis
2362 1706 2772 1761 rererendissimi
2813 1706 3023 1762 Thema:
3068 1708 3391 1762 Armachani
3442 1706 3654 1776 episcopi

376 1809 533 1863 fuerit
554 1805 839 1877 aliquando
868 1803 1223 1875 gymnasium.
1254 1801 1386 1857 Nam
1414 1800 1660 1869 quamvis
1700 1797 1953 1853 nonnulla
1983 1797 2033 1857 B
2060 1800 2314 1869 totiusque
2345 1798 2615 1854 Hibernia:
2657 1801 2919 1870 primatis,
2965 1812 3014 1855 et
3059 1800 3346 1856 Malae/rice
3404 1800 3654 1854 Dunensis

376 1901 695 1957 Christianae
732 1897 991 1952 doctrina:
1043 1894 1247 1950 semina
1277 1901 1404 1947 ante
1432 1907 1552 1946 eum
1602 1891 1656 1945 in
1703 1889 1957 1943 Hibernia

376 2008 562 2059 sparsa
592 1990 809 2052 fuerint,
838 1996 892 2043 et
922 1987 1041 2042 ideo
1062 1993 1280 2041 sanctus
1300 1984 1569 2039 Palladius
1601 1983 1670 2036 ad
1692 1983 1875 2051 Scotos
1906 1982 1959 2035 in

376 2084 636 2138 Christum
682 2083 943 2136 credentes
972 2079 1167 2134 missus
1195 2078 1439 2144 dicatur;
1470 2092 1741 2133 conversae
1779 2082 1959 2130 tamen

377 2156 644 2229 Hibernia:
673 2173 836 2228 decus
866 2178 920 2245 ct
949 2171 1131 2225 titulus
1165 2170 1257 2224 uni
1304 2170 1531 2225 debetur
1580 2168 1832 2234 Patricio,
1862 2184 1962 2239 per

376 2283 537 2341 quem
564 2283 674 2321 non
704 2265 860 2337 pauci
898 2264 1061 2334 aliqui
1091 2271 1253 2337 atque
1280 2278 1347 2318 ex
1385 2263 1545 2331 vulgo
1572 2262 1839 2326 homines,
1864 2260 1962 2316 sed

377 2372 530 2427 rcges
558 2366 613 2412 et
640 2357 928 2427 principes,
961 2355 1250 2425 populique
1269 2355 1530 2423 gregatim
1558 2353 1779 2408 salutari
1810 2352 1962 2408 tincti

380 2448 724 2518 baptismate,
765 2446 896 2516 jugo
929 2443 1051 2500 ﬁdei
1078 2445 1374 2500 submisere
1399 2445 1660 2500 cervices.
1691 2444 1811 2515 Ipse
1830 2456 1962 2499 san-

378 2552 520 2597 ctam
546 2540 817 2609 Brigidam
842 2538 1055 2605 velavit,
1085 2538 1262 2609 aliqua
1292 2538 1519 2593 concilia
1550 2536 1961 2608 aSpeelmanno

379 2635 546 2688 relata
571 2631 934 2701 congregavit,
986 2630 1209 2701 ejusque
1256 2645 1419 2700 opera
1459 2630 1697 2701 plurima:
1738 2630 1964 2701 sparsim

381 2724 617 2783 ecclesiae
645 2732 858 2787 eructat,
889 2723 940 2797 in
989 2722 1157 2793 iisque
1205 2722 1445 2792 episcopi
1490 2722 1741 2797 ordinati.
1784 2743 1803 2774 ι
1839 2722 1966 2779 Haec

380 2813 598 2882 l’agius.

452 2904 515 2958 Il.
556 2903 674 2958 Jam
705 2918 833 2957 vero
855 2911 914 2957 ut
941 2902 1007 2957 ad
1037 2904 1208 2957 sancti
1229 2900 1442 2958 Patricii
1465 2904 1843 2973 opusculorum
1881 2921 1967 2960 re—

383 2995 690 3049 c.-nsionem
713 3007 833 3058 qum
872 2993 972 3062 ipsi
1002 2993 1259 3047 attributa
1305 2993 1580 3060 feruntur,
1617 2995 1964 3064 accedamus;

385 3083 566 3139 Iacobi
597 3082 791 3138 Wami
839 3083 1132 3137 editionem
1179 3084 1351 3138 secuti
1380 3098 1586 3151 sumus,
1611 3098 1732 3154 quze
1770 3086 1970 3156 prodiit

2060 1890 2308 1960 epismpi,
2328 1907 2420 1944 nec
2437 1908 2538 1945 non
2557 1892 2802 1958 petitione
2816 1893 3152 1947 illustrissimi
3169 1894 3399 1949 Joannis
3414 1903 3478 1947 de
3493 1892 3652 1946 ειη-εξ,

2071 1979 2260 2036 Widiw
2279 1983 2550 2053 principis.
2575 1981 3084 2050 EjusmodiJocelini
3106 2000 3242 2056 opus
3254 1992 3381 2055 post
3402 1985 3654 2039 editiones

2062 2074 2533 2144 Antuerpiensem,
2577 2073 2935 2129 Parisiensem
2984 2083 3038 2130 et
3066 2075 3463 2133 Lovaniensem
3512 2075 3653 2146 prelo

2062 2181 2252 2222 rursus
2280 2165 3018 2234 consignaruntBollandiani
3035 2168 3259 2237 (m),qui
3287 2168 3457 2221 etiam
3484 2166 3550 2220 de
3577 2180 3660 2219 auo

2066 2266 2216 2314 ctore
2250 2259 2404 2328 plura
2436 2258 2703 2314 tradidere
2751 2259 2851 2332 (η).
2883 2257 3148 2314 Caeterum
3194 2260 3336 2315 hanc
3382 2257 3653 2330 epistolam

2066 2367 2188 2408 cum
2214 2354 2385 2408 tribus
2418 2355 2644 2409 vetustis
2684 2354 2958 2410 codicibus
2985 2370 3145 2409 manu
3175 2355 3415 2408 exaratis
3435 2351 3653 2407 contulit

2066 2445 2310 2502 Warmus
2344 2465 2356 2500 :
2399 2447 2489 2516 qui
2538 2453 2593 2501 et
2630 2447 2759 2502 illud
2798 2448 3177 2503 animadvertit
3223 2448 3332 2516 (ο),
3386 2446 3652 2512 utriusque

2067 2537 2331 2607 opusculi,
2378 2546 2491 2592 tum
2530 2536 2895 2594 Confessionis
2924 2547 3037 2592 tum
3064 2537 3339 2608 Epistolze,
3373 2535 3657 2603 antiquita-

2067 2633 2176 2684 tem
2199 2629 2329 2684 satis
2357 2629 2505 2698 argui
2527 2644 2558 2684 e
2582 2644 2747 2684 sacra:
2768 2628 3059 2700 Scriptura:
3080 2628 3210 2683 locis
3246 2628 3427 2683 citatis
3454 2641 3520 2679 ex
3540 2640 3651 2679 ver-

2065 2721 2220 2779 sione
2246 2721 2709 2790 interpretationis
2738 2718 2876 2773 LXX
2901 2720 3103 2784 viralis,
3128 2735 3235 2774 non
3271 2728 3453 2772 autem
3483 2733 3513 2771 e
3540 2724 3658 2768 tunc

2067 2811 2273 2868 recenti
2298 2812 2547 2867 versione
2575 2812 2746 2869 sancti
2768 2811 3098 2882 Hieronymi,
3117 2825 3235 2881 qua:
3249 2810 3424 2864 sancti
3454 2805 3649 2863 Patricii

2075 2918 2192 2959 aevo
2224 2902 2460 2958 nondum
2488 2904 2779 2974 publicitus
2808 2903 2981 2959 fuerat
3001 2913 3217 2973 recepta
3252 2920 3264 2955 :
3293 2902 3557 2971 simulque
3575 2898 3649 2950 ad.

2070 2997 2169 3062 dit,
2196 2996 2455 3051 nonnulla
2485 2996 2699 3067 quidem
2718 2997 2769 3050 in
2797 3004 3026 3067 utroque
3052 2996 3310 3066 opusculo
3339 3002 3552 3049 exstare
3577 3007 3648 3043 ve-

2072 3094 2249 3142 terum
2278 3089 2674 3157 exscriptorum
2727 3087 2933 3142 incuria
2961 3102 3081 3156 quae
3122 3087 3366 3142 criticum
3400 3085 3650 3153 ingenium

386 3173 611 3229 Londini
631 3187 774 3227 anno
802 3170 957 3226 1656.
983 3172 1033 3227 Is
1055 3172 1199 3227 enim
1230 3189 1415 3229 eorum
1441 3175 1619 3244 aliqua
1645 3191 1710 3232 ex
1734 3177 1967 3247 antiquis
1992 3174 2038 3236 C
2069 3179 2375 3247 requirant,
2406 3178 2500 3233 sed
2543 3178 2675 3233 nihil
2704 3185 2968 3248 praeterea
3008 3192 3293 3237 occurrere
3320 3176 3391 3232 de
3420 3192 3524 3246 quo
3544 3173 3648 3243 jure

387 3281 518 3321 mss.
550 3264 825 3331 codicibus
850 3265 904 3320 in
952 3264 1124 3323 lucem
1153 3266 1293 3321 eruit
1326 3285 1338 3320 :
1370 3268 1579 3337 reliqua
1607 3271 1921 3338 recognovit
1950 3289 1964 3339 ;

387 3356 566 3410 omnia
594 3356 827 3425 denique
862 3358 1006 3414 notis
1050 3358 1324 3413 historicis
1373 3360 1678 3416 illustravit.
1721 3361 1797 3416 Ea
1832 3363 1971 3425 inter

388 3427 617 3517 primu'm
644 3453 875 3517 occupat
912 3447 1090 3503 locum
1113 3449 1284 3503 sancti
1316 3447 1491 3504 Patris
1530 3449 1802 3523 Confessio
1829 3452 1970 3523 stylo

388 3537 660 3608 epistulari
690 3537 759 3592 ad
786 3534 1054 3594 Hibernos
1084 3539 1416 3606 transmissa,
1468 3541 1518 3595 in
1567 3556 1672 3610 qua
1713 3542 1834 3596 vita:
1861 3557 1971 3598 suae

389 3646 453 3685 ac
478 3630 877 3704 praedicationis
921 3631 1186 3697 rationem
1230 3633 1472 3700 exponit.
1514 3631 1594 3686 Ex
1634 3634 1737 3688 hac
1790 3642 1972 3689 autem

389 3720 735 3774 Coafessione
788 3718 1089 3788 fragmenta
1140 3736 1298 3789 quam
1326 3722 1554 3792 plurima
1585 3723 1651 3777 ad
1693 3723 1973 3779 historiam

390 3808 713 3878 pertinentia
744 3809 1017 3878 excerpsit
1071 3809 1405 3879 intexuitque
1451 3811 1662 3869 duobus
1690 3815 1802 3870 suis
1826 3815 1975 3870 libris

390 3900 456 3954 de
488 3898 610 3953 Vita
646 3899 817 3953 sancti
847 3897 1066 3955 Patricii
1120 3900 1327 3956 Probus
1373 3901 1661 3970 llibernus,
1715 3906 1912 3962 saiculo
1941 3924 1976 3961 ι

392 3992 602 4057 clarus;
635 3991 859 4061 ejusque
900 3992 1202 4061 lucubratio
1243 4004 1419 4051 exstat
1458 3997 1598 4053 inter
1625 4015 1789 4069 opera
1819 4000 1976 4056 Beda:

393 4085 462 4154 (e)
494 4086 579 4139 cui
613 4101 895 4157 perperam
921 4088 1174 4148 tribuitur
1201 4097 1261 4146 ut
1290 4101 1625 4163 compertum
1654 4096 1884 4151 habetur
1910 4112 1977 4152 ex

395 4178 497 4232 line
524 4179 642 4234 libri
673 4196 730 4244 ιι,
752 4180 841 4235 ubi
872 4189 1062 4236 auctor
1085 4199 1280 4238 nomen
1310 4202 1464 4240 suum
1491 4188 1669 4257 palam
1697 4190 1874 4258 prodit
1895 4190 1981 4246 his

396 4268 574 4323 verbis
601 4270 668 4341 (f)
700 4288 712 4323 :
749 4290 766 4322 ‹
792 4270 933 4327 Ecce
957 4272 1143 4339 habes,
1170 4273 1336 4330 frater
1357 4274 1597 4343 Pauline,
1632 4295 1662 4333 a
1685 4296 1770 4335 me
1791 4281 1979 4335 humili

399 4356 572 4414 Probo
599 4362 925 4431 postulatum
959 4373 1155 4419 nostra:
1178 4364 1525 4425 fraternitatis
1548 4369 1828 4439 judicium,
1871 4389 1979 4442 quo

400 4450 497 4510 nos
525 4472 788 4527 pauperes
816 4458 994 4527 aliqua
1023 4460 1116 4515 tibi
1152 4461 1219 4517 de
1257 4465 1580 4519 sanctissimi
1611 4467 1780 4535 patris
1808 4468 1978 4523 nostri

2071 3269 2321 3324 dubitare
2350 3270 2471 3337 quis
2498 3270 2692 3343 valeat.

2143 3360 2232 3417 IV.
2264 3360 2381 3415 Jam
2411 3361 2478 3415 de
2506 3361 2728 3430 reliquis
2742 3376 2920 3416 sermo
2951 3369 3210 3417 recurrat.
3233 3359 3487 3416 Succedit
3505 3369 3651 3427 porro

2074 3453 2316 3524 δμηθήτω
2348 3452 2409 3507 S.
2444 3452 2696 3517 Patricii,
2730 3468 2798 3508 ex
2824 3455 3045 3522 antiquo
3075 3468 3176 3506 ms.
3207 3452 3395 3507 codice
3424 3450 3651 3515 Andega-

2072 3547 2224 3601 vensi
2240 3546 2538 3615 desumpta,
2559 3545 2712 3615 cujus
2734 3546 3101 3616 apographum
3123 3546 3189 3600 ad
3205 3543 3479 3600 Usserium
3501 3558 3530 3596 e
3544 3538 3651 3595 Gal-

2073 3639 2143 3695 lia
2171 3638 2392 3693 miserat
2419 3636 2764 3703 Sirmondus;
2788 3653 2960 3706 eoque
2989 3636 3299 3708 apographo
3320 3621 3453 3690 usus
3478 3630 3650 3703 Speci-

2075 3745 2321 3796 mannus,
2339 3728 2528 3800 synodi
2543 3729 2703 3798 hujus
2717 3744 2953 3783 canones
2970 3729 3021 3782 in
3036 3729 3205 3782 lucem
3220 3726 3512 3795 eduxittp),
3530 3735 3650 3792 QUOS

2075 3822 2332 3891 deinceps
2365 3820 2682 3875 Wilkinsius
2718 3820 2910 3874 iterum
2943 3819 3212 3888 evulgavit
3259 3818 3355 3890 (ᾳ).
3386 3815 3649 3872 Canonum

2076 3912 2131 3967 S.
2168 3910 2380 3965 Patricii
2401 3911 2646 3966 meminit
2672 3909 2948 3965 Jocelinus
2979 3910 3070 3979 (r).

2146 4003 2290 4058 Alios
2312 4020 2362 4057 ix
2385 4001 2620 4057 Canones
2643 4002 2733 4070 qui
2757 4010 3052 4073 sequuntur
3068 3999 3129 4056 S.
3152 3998 3383 4061 Patricio
3394 3997 3646 4066 ascriptos.

2077 4104 2275 4165 prmter
2303 4091 2337 4145 5
2364 4101 2418 4148 et
2461 4091 2513 4157 6,
2543 4107 2680 4162 quos
2703 4091 2814 4161 jam
2859 4091 3102 4147 ediderat
3144 4088 3407 4155 Usserius,
3443 4083 3648 4157 protulit

2080 4183 2324 4238 Warmus
2361 4198 2428 4237 ex
2466 4198 2565 4237 ms.
2610 4182 2798 4237 codice
2844 4181 3186 4237 bibliothecae
3223 4179 3572 4237 Cottoniante,
3598 4180 3650 4228 ut

2081 4273 2311 4344 ipsemet
2338 4281 2568 4329 testatur
2594 4272 2662 4344 (ε)
2698 4291 2710 4326 :
2743 4273 2835 4341 qui
2871 4281 2925 4327 et
2953 4271 3136 4336 addit,
3166 4271 3231 4324 ad
3258 4269 3417 4324 finem
3446 4264 3648 4335 canonis

2084 4367 2109 4420 1
2144 4367 2197 4421 in
2229 4367 2330 4420 alia
2362 4365 2643 4421 Canonum
2689 4366 3013 4421 collectione
3059 4363 3511 4431 Cantabrigiensis
3545 4356 3646 4414 col-

2081 4460 2205 4529 legii
2235 4460 2291 4513 ὃ.
2321 4458 2592 4515 Benedicti
2615 4460 2895 4528 sequentia
2919 4457 3109 4527 subjici
3138 4476 3150 4510 :
3182 4457 3409 4511 Clericus
3436 4456 3521 4528 qui
3540 4466 3650 4507 cauo

402 4543 617 4603 Patricii
633 4549 874 4619 episcopi
891 4552 1177 4605 virtutibus
1198 4553 1432 4609 scribere
1453 4557 1724 4626 cupiebas.
1758 4578 1776 4610 ι
1809 4556 1978 4616 Porro
2008 4546 2056 4607 D
2082 4570 2193 4609 sam
2223 4568 2389 4616 suam.
2414 4553 2518 4606 sive
2537 4552 2734 4625 jIlslam
2761 4552 2866 4605 δὲυε
2885 4552 3151 4622 inﬁmam.
3175 4549 3244 4604 αά
3257 4549 3512 4621 iudicat?"
3538 4544 3651 4598 (καθ’

403 4636 706 4709 liujusmodi
730 4641 1044 4710 opusculum
1074 4642 1278 4713 primus
1300 4645 1570 4713 evulgavit
1595 4648 1841 4705 laudatus
1853 4650 1982 4707 Wa-

406 4745 539 4784 ra'us
567 4745 598 4785 e
625 4740 858 4802 quatuor
900 4735 1131 4803 antiquis
1160 4736 1564 4807 exemplaribus
1591 4755 1720 4795 mss.
1755 4743 1897 4797 inter
1924 4758 1982 4797 se

407 4821 627 4889 collatis,
656 4832 712 4878 ut
736 4826 965 4895 ipsemet
989 4827 1270 4896 proﬁtetur
1291 4827 1391 4900 (g).
1417 4829 1583 4899 Cujus
1625 4832 1842 4901 quidem
1873 4834 1981 4888 edi-

475 4953 552 5022 (a)
593 4953 749 5009 Joan.
792 4955 1033 5011 Glaston.
1075 4956 1209 5012 Hist.
1253 4958 1321 5015 de
1361 4961 1475 5016 reb.
1509 4959 1750 5018 Glaston.
1784 4973 1914 5019 tom.
1940 4963 1981 5019 I.

476 5023 552 5099 (ὁ)
590 5023 1133 5099 Pagi._ad_ann._43|,
1160 5029 1187 5099 §
1210 5029 1299 5083 52.

409 5096 551 5219 ni(cc)
590 5093 725 5149 Vide
747 5093 957 5149 Tillem.
988 5097 1022 5149 l.
1054 5113 1103 5152 c.
1137 5093 1256 5168 pag.
1293 5099 1413 5165 785,
1446 5110 1557 5157 not.
1592 5103 1652 5169 5,
1682 5119 1775 5158 sur
1802 5104 1856 5159 S.
1886 5102 1984 5158 Pa-

447 5183 506 5219 ,ο
546 5204 560 5217 ⁸

482 5234 560 5302 (d)
599 5231 746 5359 Pagi.
780 5234 845 5300 ad
869 5251 994 5301 ann.
1022 5235 1144 5298 tat,
1173 5237 1200 5307 §
1233 5237 1317 5292 19.
1720 5220 1725 5229 ⁷

482 5306 551 5359 te)
593 5304 681 5359 Bel
706 5345 745 5359 ..
777 5321 901 5359 oon.
938 5316 1065 5359 tom.
1099 5306 1192 5359 III.
1224 5323 1379 5359 naua.
1419 5309 1523 5359 2'25
1551 5328 1701 5359 sena-

409 5304 747 5445 méckggih;
777 5316 1065 5429 inéléslom,
1099 5304 1195 5374 III,
1224 5323 1379 5377 pagg.
1419 5309 1523 5367 223
1551 5328 1701 5384 seqq.
1725 5315 1853 5369 edit.
1884 5315 1989 5370 Co-

481 5392 519 5427 ι.
549 5392 672 5443 agri
717 5392 767 5445 p.
801 5392 959 5432 ιυδδ.
1321 5433 1324 5436 ,

481 5444 549 5579 ἓῙ)
588 5392 720 5500 Ibid).
747 5462 866 5522 pag.
898 5445 1021 5517 242,
1296 5518 1306 5530 .

505 5520 559 5579 gi
599 5516 747 5570 War.
772 5518 837 5571 ad
859 5532 1045 5579 opusc.
1073 5515 1129 5570 S.
1165 5516 1324 5572 Patru

505 5520 559 5589 gi
599 5515 1045 5589 WarJad'opusc.
1073 5515 1139 5589 ξ.
1165 5516 1360 5589 Patric.
1390 5535 1510 5589 pag.
1545 5522 1631 5575 9i.

458 5586 562 5689 dit.)
609 5584 847 5641 Bolland.
893 5584 1010 5657 Act.
1068 5586 1164 5643 SS.
1205 5587 1360 5651 Mart.
1393 5584 1534 5646 tuin.
1595 5591 1665 5653 ll,
1700 5608 1851 5662 pagg.
1888 5593 1989 5647 555

416 5668 567 5723 seqq.

482 5726 543 5797 (ἱ)
584 5722 711 5778 ibid.
733 5742 853 5796 pag.
878 5726 998 5782 538.

2087 4649 2195 4700 rius
2223 4646 2347 4727 ﬁdei
2369 4645 2563 4715 jndicis
2592 4653 2856 4715 provocat,
2888 4645 3374 4698 excommunicetnr.
3404 4640 3510 4696 Hos
3538 4651 3651 4707 quo-

2085 4752 2190 4807 que
2218 4753 2272 4791 ix
2320 4751 2556 4792 canones
2600 4736 2742 4807 typis
2791 4735 3132 4791 excudendos
3185 4734 3392 4790 curavit
3427 4731 3647 4787 laudatus

2086 4830 2400 4885 Wilkinsius
2431 4831 2514 4900 (ι).

2166 4962 2242 5032 (j)
2279 4962 2430 5033 War.
2466 4964 2515 5018 in
2540 4964 2745 5033 puniat.
2777 4964 2841 5017 ad
2872 4978 3057 5033 opusc.
3089 4961 3147 5033 δ.
3173 4960 3370 5017 Patric.

2165 5031 2241 5104 (lt)
2265 5031 2438 5104 Jocel.
2461 5031 2645 5089 Vit.S.
2679 5034 2873 5089 Patric.
2905 5031 3024 5104 cap.
3063 5031 3180 5087 151).

2165 5102 2230 5171 (l)
2248 5102 2339 5173 lii.
2372 5104 2425 5157 in
2447 5106 2656 5173 prolog.

2167 5172 2262 5242 (γη)
2287 5172 2543 5244 Bolland.
2574 5172 2682 5244 Le.
2708 5189 2829 5244 pag.
2855 5172 2957 5228 540
2978 5189 3128 5243 seqq.

2168 5247 2247 5311 In)
2287 5242 2419 5297 Ibid.
2442 5259 2563 5312 pag.
2590 5243 2712 5299 59.1.

2170 5313 2245 5385 (0)
2284 5313 2433 5385 War.
2465 5314 2531 5367 ad
2560 5330 2745 5384 opusc.
2775 5314 2831 5369 S.
2864 5314 3061 5371 Patric.
3084 5328 3240 5385 pagg.
3274 5314 3423 5385 ilict
3456 5313 3559 5385 liti.

2265 5382 2516 5465 §P£CIILL
2550 5380 2728 5465 (ὶὸιξς.⁸
2749 5386 2879 5439 Brit.
2910 5394 3042 5465 to_m.
3073 5380 3114 5449 I',
3136 5380 3267 5465 pag.
3294 5383 3385 5440 55.
3554 5380 3563 5387 ’

2164 5453 2239 5527 (_q)
2265 5452 2426 5527 Wilb.
2454 5453 2619 5527 Cone.
2644 5455 2774 5527 Brit.
2800 5466 2937 5527 tom.
2959 5454 2998 5519 l,
3034 5452 3157 5527 pag.
3178 5454 3230 5510 4.

2164 5522 2235 5594 (ν)
2258 5522 2425 5594 ,ιίοςθι
2461 5523 2494 5577 Ι.
2525 5540 2574 5579 c.
2607 5541 2724 5594 cap.
2762 5524 2878 5578 183.

2168 5593 2237 5662 (s)
2528 5611 2573 5647 ς.
2604 5610 2756 5664 pagg.
2796 5594 2911 5660 119,
2944 5596 3064 5653 121.

2170 5666 2232 5734 (ι)
2273 5663 2432 5717 πως.
2463 5663 2497 5716 1.
2519 5681 2567 5718 c.
2594 5680 2716 5734 pag,
2750 5667 2798 5717 6.
