3946 6182
248 332 346 387 793

1607 331 1744 389 PRO
1753 331 2136 393 LEGOME‘NA.

3405 342 3504 398 71H

312 446 580 525 Synodum
618 447 969 518 episcoporum
1004 446 1245 507 Patric'i,
1273 447 1469 501 Auxilii
1492 456 1539 502 et
1569 446 1823 502 Issernini
1855 456 1896 508 Α
1929 449 2097 508 Porro
2126 454 2191 509 de
2211 454 2511 523 hujusmodi
2542 456 2737 517 Charta
2770 455 3069 516 Patriciaua
3090 458 3242 530 plura
3267 456 3505 514 Us‘erius

240 556 397 609 quam
425 547 582 593 antea
605 539 912 608 vulgaverat
939 536 1327 609 Speelmauuus
1358 540 1458 610 (α),
1487 540 1823 594 emendatio-

240 649 350 686 rem
375 631 519 686 dedit
539 630 781 686 Warmus
809 646 875 685 ex
899 631 1191 686 collatione
1220 630 1382 689 modo
1412 631 1562 685 citati
1600 646 1700 685 ms.
1725 646 1821 685 co-

237 725 368 780 dicis
383 723 718 779 bibliothecae
732 722 942 791 collegii
963 723 1412 791 Cautabrigiensis
1432 722 1490 776 8.
1514 722 1787 776 Benedicti
1804 740 1819 786 ;

237 817 499 884 simulque
528 814 903 869 animadvertit
922 814 1017 887 (ὁ),
1045 814 1351 869 canonemi
1381 813 1569 885 synodi
1599 813 1821 886 hujusce

238 911 288 964 in
305 914 515 964 vetusto
535 907 720 962 codice
733 905 1010 960 Canonum
1035 906 1372 961 hibliotbecm
1393 903 1817 962 Cottonianacita

236 1000 413 1055 etferri
445 1017 458 1053 :
485 999 545 1055 Si
574 1001 687 1071 quis
713 998 1112 1067 redemptionem
1140 998 1330 1067 captivi
1353 998 1697 1069 inquwsirerit
1724 1014 1817 1051 suo

130 1080 135 1089 ’
235 1093 367 1164 iure,
398 1093 510 1146 sine
538 1090 876 1162 permissione
902 1084 1120 1154 abbatis,
1145 1091 1328 1143 meruit
1358 1090 1813 1145 excommunicari.

236 1183 469 1249 Quartus
498 1199 626 1238 vero
648 1190 699 1237 et
723 1182 941 1251 quintus
961 1181 1156 1236 ibidem
1184 1182 1261 1236 sic
1281 1196 1339 1236 se
1361 1182 1559 1236 habent
1585 1198 1597 1234 :
1623 1182 1683 1237 Si
1704 1182 1816 1253 quis

234 1273 483 1343 acceperit
503 1270 892 1344 permissionem
918 1272 1199 1343 pontiﬁcis,
1227 1281 1277 1326 el
1310 1272 1579 1326 collectum
1604 1274 1671 1326 sit
1694 1290 1816 1343 pre-

237 1366 363 1425 tium
390 1365 610 1435 captivi,
640 1373 744 1420 etc.
778 1363 969 1419 Subdit
1014 1364 1246 1434 denique
1293 1365 1347 1418 in
1396 1366 1584 1420 eodem
1631 1364 1817 1419 codice

233 1458 562 1515 Cottoniano
582 1458 806 1513 canonis
835 1457 867 1510 6
903 1472 1139 1525 causam,
1171 1469 1433 1526 quatenus
1466 1457 1712 1511 nimirum
1750 1457 1815 1511 ad

234 1550 553 1605 clericorum
583 1558 853 1605 tonsuram
893 1565 1044 1604 more
1072 1549 1315 1604 Romano
1344 1548 1552 1611 attinet,
1586 1549 1668 1602 his
1695 1564 1817 1602 ver-

234 1646 315 1699 his
356 1645 541 1698 iunui:
574 1642 799 1702 Romani
819 1644 997 1697 dicunt
1041 1652 1309 1697 tonsuram
1335 1657 1367 1693 a
1416 1640 1627 1696 Simone
1655 1639 1814 1713 Mago

234 1738 510 1807 sumpsisse
527 1736 748 1801 initium,
766 1736 910 1806 cujus
938 1743 1148 1789 tonsura
1176 1734 1239 1787 de
1259 1750 1383 1788 aure
1403 1732 1472 1785 ad
1492 1750 1671 1786 aurem
1694 1741 1815 1786 tan-

1930 545 2019 616 (j),
2050 555 2209 614 atque
2237 547 2490 617 deinceps
2519 548 2757 603 War-mus
2787 549 2884 620 (Ii).

1996 637 2060 690 V.
2105 636 2374 693 Hactenus
2420 640 2700 695 recensitis
2754 642 3023 710 opusculis
3066 639 3122 695 S.
3175 640 3404 696 Patricio
3448 658 3512 696 a-

1924 730 2140 799 scriptis
2183 730 2287 784 alia
2316 729 2422 784 duo
2465 738 2585 800 post
2608 731 2875 786 Waraeum
2913 730 3236 796 sulTecimus,
3277 747 3503 800 quorum

1925 824 2073 894 prius
2101 823 2164 876 de
2192 824 2353 877 tribus
2382 824 2687 878 habitaculis
2730 824 3054 879 inscribitur.
3086 823 3349 878 Bostouus
3389 840 3504 878 mo-

1923 915 2125 969 nachus
2150 913 2528 969 Beuedictinus
2558 915 2608 968 iu
2640 913 2886 975 emnobio
2914 913 3155 967 Buriensi
3181 912 3362 968 Sancti
3396 915 3502 968 lid-

1923 1007 2127 1071 mundi,
2169 1006 2259 1075 qui
2308 1006 2499 1061 claruit
2529 1007 2744 1060 ineunte
2772 1004 2966 1060 smculo
2996 1021 3091 1069 xv,
3144 1005 3243 1058 sub
3274 1003 3501 1059 Henrico

1924 1099 2011 1161 IV,
2042 1098 2245 1168 Anglia":
2292 1113 2438 1167 rege,
2470 1099 2535 1153 de
2564 1097 2869 1167 hujusmodi
2916 1097 3095 1156 libello
3144 1099 3194 1151 in
3234 1114 3397 1167 apere
3440 1100 3500 1151 de

1925 1188 2276 1259 Scriptoribus
2332 1186 2691 1245 ecclesiasticis
2728 1188 2905 1243 adhuc
2951 1189 3151 1243 inedito
3193 1189 3305 1243 huic
3342 1186 3500 1243 habet

1923 1282 1985 1351 (ι)
2023 1300 2034 1334 :
2080 1279 2341 1335 Patririus
2396 1280 2807 1351 archiepiscopus
2849 1279 3114 1344 Hibernia:
3152 1280 3324 1348 ﬂoruit
3363 1297 3499 1332 anno

1921 1370 2112 1425 Christi
2159 1370 2263 1424 424
2293 1411 2309 1437 ,
2357 1379 2405 1425 et
2458 1372 2665 1442 scripsit
2714 1387 2780 1441 ne
2852 1387 3037 1425 ramus
3101 1372 3453 1425 llamncuus
3483 1411 3496 1431 ,

1921 1463 2053 1527 ca’li,
2086 1462 2266 1516 mundi
2291 1472 2339 1515 et
2358 1462 2569 1532 inferni.
2600 1461 2722 1516 lnit.
2754 1461 2877 1515 Tria
2898 1471 3033 1516 sunt.
3068 1460 3225 1514 Liber
3255 1460 3342 1514 ille
3374 1469 3497 1513 tunc

1920 1552 2183 1617 exstabat,
2217 1561 2274 1606 ut
2296 1552 2382 1609 ille
2413 1555 2604 1620 innuit,
2637 1556 2686 1608 in
2703 1554 3025 1610 bibliotheca
3048 1550 3104 1606 S.
3129 1551 3348 1605 Joannis
3377 1549 3501 1604 Cel-

1919 1647 2146 1702 cestrim.
2179 1645 2317 1700 Alibi
2346 1662 2474 1700 vero
2496 1646 2740 1700 laudatus
2780 1646 3042 1699 Bostonus
3071 1642 3313 1695 eumdem
3343 1641 3497 1695 lihel-

1921 1741 2028 1795 lum
2057 1748 2169 1793 tum
2200 1738 2517 1807 Augustino,
2553 1744 2662 1791 tum
2714 1734 2941 1790 Patricio
2987 1734 3273 1802 ascriptum
3315 1731 3494 1784 tradit.

235 1838 343 1881 tum
378 1826 735 1898 contingebat;
785 1845 879 1897 pro
909 1826 1212 1881 excellentia
1260 1824 1432 1897 (forte
1471 1824 1811 1896 expellenda)

1925 1832 2144 1902 Utrique
2170 1842 2348 1887 tamen
2379 1830 2647 1899 ahjudieat
2674 1828 2849 1883 editor
2877 1827 3075 1895 Anglus
3106 1824 3228 1896 (ιη),
3261 1840 3326 1878 eo
3352 1823 3498 1877 scili-

233 1922 269 1986 i;
287 1936 349 1973 sa
372 1935 640 1990 magorum
671 1929 882 1971 tonsura
908 1934 1009 1989 qua
1034 1923 1148 1972 sola
1176 1918 1321 1988 frons
1353 1917 1582 1972 anterior
1607 1918 1705 1988 tegi
1732 1932 1816 1969 so-

233 2011 391 2070 lebat.
420 2009 692 2064 Auctorrm
723 2019 891 2063 autem
914 2010 1066 2079 hujus
1094 2017 1323 2063 tonsura:
1349 2010 1402 2063 in
1434 2008 1705 2073 Hibernia,
1730 2024 1816 2061 su—

231 2104 436 2161 b..:lcum
457 2105 588 2174 regis
621 2102 828 2174 Loigeri
855 2103 950 2173 ﬁlii
980 2100 1076 2156 Nil
1107 2101 1246 2173 (Nell
1289 2102 1564 2166 exstitisse,
1596 2098 1817 2157 Patricii

232 2212 405 2253 sermo
427 2206 672 2251 testatur:
697 2212 764 2249 ea:
791 2212 888 2266 quo
924 2192 1272 2248 IIibernenses
1301 2209 1429 2263 pene
1470 2207 1645 2246 omnes
1683 2190 1816 2244 hanc

232 2302 499 2351 tonsuram
519 2297 864 2360 sumpserunt.
898 2286 1096 2341 Eadem
1127 2286 1317 2339 recitat
1338 2283 1586 2338 Usserius
1608 2282 1699 2351 (c),
1724 2281 1815 2350 qui

229 2389 284 2434 et
313 2380 417 2434 hac
439 2379 506 2434 de
526 2393 584 2434 re
613 2379 716 2432 alia
747 2378 1003 2435 nonnulla
1032 2376 1217 2429 refert.
1247 2374 1511 2428 (Laterum
1540 2373 1605 2427 de
1634 2372 1817 2440 hujus-

230 2471 380 2525 modi
409 2470 627 2542 syuodis
649 2486 679 2524 a
710 2468 941 2525 Patricio
957 2470 1157 2529 coactis
1171 2468 1309 2521 haud
1333 2466 1817 2537 pneterndttendus

230 2563 606 2618 Tillemontius
630 2564 731 2635 (ά).

300 2655 453 2709 Actis
471 2654 627 2727 hujus
654 2653 864 2726 synodi,
896 2667 1056 2722 quam
1087 2667 1153 2707 ex
1179 2652 1460 2706 annalibus
1486 2650 1815 2706 Ultonieusi-

225 2746 329 2801 hus
352 2746 527 2815 arguit
553 2745 795 2801 Warmus
826 2745 1060 2804 habitam
1087 2743 1251 2799 fuisse
1280 2759 1309 2797 a
1338 2743 1395 2798 8.
1428 2741 1659 2797 Patricio
1695 2750 1817 2812 post

225 2845 463 2891 mortem
501 2836 790 2892 Secundini
821 2835 1059 2905 episcopi
1098 2836 1238 2890 circa
1267 2849 1464 2889 annum
1494 2850 1675 2899 ccccc,
1707 2830 1818 2887 suf-

224 2928 357 2983 fecit
397 2928 539 2983 idem
567 2928 744 2984 editor
773 2927 904 2981 alios
953 2937 1055 2981 tres
1095 2943 1338 2990 canones,
1380 2934 1537 2980 antea
1579 2925 1751 2980 editos
1785 2939 1814 2978 a

222 3020 590 3090 Speelmanno
613 3017 704 3089 (ε),
732 3034 801 3073 ex
820 3018 1065 3089 superius
1086 3018 1303 3074 laudato
1329 3018 1514 3073 codice
1534 3016 1808 3072 Cantabri-

220 3111 428 3180 giensis
455 3112 664 3180 collegii
693 3110 1044 3166 Benedictini.
1077 3110 1281 3177 Quibus
1300 3117 1560 3181 praeterea
1591 3110 1820 3179 subjecit

221 3220 288 3257 ex
328 3218 435 3257 ms.
468 3203 606 3259 libro
645 3218 913 3259 canonum
941 3200 1268 3257 Cottoniano
1305 3201 1589 3256 Proverbia
1639 3202 1813 3274 aliqua
1840 3185 1885 3246 (ἶ

220 3292 277 3347 8.
309 3292 548 3349 Patricio
578 3294 793 3349 tributa.
828 3292 895 3347 Et
922 3293 1117 3347 librum
1143 3292 1357 3361 quidem
1401 3291 1813 3347 Proverbiorum

222 3386 515 3442 liihernice
575 3388 961 3457 conscripsisse
1032 3385 1323 3440 Patricium
1392 3384 1554 3439 tradit
1619 3382 1815 3440 Joceli-

221 3496 322 3533 nus
363 3479 463 3551 tr).

291 3569 550 3624 Chartam
596 3571 766 3624 sancti
814 3569 1069 3634 Patricii,
1121 3582 1241 3638 quae
1295 3565 1599 3637 appellatur
1650 3567 1813 3621 etiam

222 3661 467 3732 Epistola
494 3660 560 3715 de
598 3662 906 3732 antiquitate
931 3661 1235 3722 Avalonica,
1281 3658 1448 3714 edidit
1470 3657 1713 3717 Warams
1746 3674 1813 3713 ex

221 3754 492 3808 Guilielmi
541 3752 1029 3808 Malmesburiensis
1076 3750 1214 3808 libro
1245 3769 1349 3808 ms.
1393 3753 1455 3807 de
1494 3754 1815 3825 Antiquitate

220 3847 457 3902 ecclesia:
479 3845 877 3912 Glastoniensis,
899 3861 1059 3915 quam
1088 3853 1144 3902 et
1170 3862 1291 3902 cum
1318 3846 1437 3903 aliis
1466 3847 1689 3901 vetustis
1717 3861 1813 3901 co-

219 3939 435 3993 dicibus
458 3954 623 3992 manu
655 3940 890 3993 exaratis
910 3954 939 3993 a
967 3954 1025 3993 se
1064 3939 1226 3994 fuisse
1273 3938 1527 3993 collatam
1566 3945 1811 3992 testatur.

219 4030 437 4099 Integra
467 4030 595 4085 item
626 4031 957 4102 exstatapud
972 4030 1233 4087 Joannem
1253 4029 1684 4086 Glastoniensem
1713 4029 1810 4101 (g),

218 4122 364 4177 haud
420 4123 494 4178 ita
536 4124 766 4194 pridem,
809 4133 869 4180 ut
910 4126 1156 4196 superius
1195 4126 1485 4191 innuimus,
1536 4141 1566 4180 a
1607 4124 1814 4181 Thoma

216 4214 464 4272 Iiearnio
494 4217 546 4271 in
572 4217 762 4287 vulgus
782 4218 1054 4273 emissum.
1081 4219 1218 4274 Ante
1251 4234 1422 4275 annos
1450 4218 1553 4273 170
1573 4217 1811 4287 ejusdem

215 4307 439 4363 Charta:
464 4316 780 4380 excerptum
819 4326 940 4365 cum
969 4311 1071 4365 hac
1118 4311 1463 4381 inscriptione
1491 4311 1553 4373 S.
1594 4311 1813 4366 Patricii

215 4397 430 4467 legatio,
452 4398 696 4454 ediderat
716 4398 988 4455 Gerardus
1015 4399 1236 4457 Vossius
1265 4401 1364 4473 (Ii),
1398 4418 1427 4458 a
1454 4404 1690 4460 Mariano
1716 4404 1809 4458 Vi-

217 4491 395 4546 rtorio
433 4495 691 4562 episcopo
721 4492 971 4560 Reatino,
1010 4493 1136 4549 dum
1167 4495 1220 4549 in
1244 4495 1430 4565 Anglia
1460 4496 1709 4567 degeret,
1742 4514 1809 4553 ex

216 4582 586 4638 vetustissimo
623 4599 724 4639 ms.
769 4558 1065 4655 exemplari
1110 4558 1449 4643 bibliotheca:
1493 4558 1807 4645 monasterii
1840 4558 1886 4617 θ

217 4671 512 4730 Gtastonim
541 4678 915 4747 transcriptum
945 4696 957 4732 :
990 4678 1183 4734 exinde
1210 4696 1340 4735 vero
1361 4680 1700 4753 desumptum
1725 4698 1811 4738 re-

216 4780 517 4835 cusumque
567 4767 622 4822 in
678 4766 1001 4830 bibliotheca
1049 4768 1266 4825 Patrum
1326 4770 1667 4841 Lugdunensi
1721 4774 1805 4839 lii,

290 4991 370 5061 (α)
409 4989 642 5061 Speelm.
674 4989 712 5044 l.
742 5004 791 5044 c.
822 4989 1066 5061 pagLSI.

289 5059 370 5127 (ὁ)
410 5059 559 5130 War.
586 5060 623 5114 l.
654 5075 705 5114 c.
728 5075 850 5130 pag.
886 5059 1008 5130 125.

289 5133 369 5197 (ε)
419 5128 598 5200 gsser.
631 5131 667 5183 Ι.
697 5127 747 5185 οῖ
780 5143 902 5200 pag.
935 5127 1059 5195 479.

292 5201 378 5273 id)
420 5198 629 5273 Tillem.
679 5200 726 5273 1ἒ
748 5198 815 5273 οξ
850 5208 953 5273 art.
986 5200 1037 5263 7,
1073 5215 1229 5273 pagg.
1272 5201 1374 5254 4'76
1425 5216 1572 5270 seqq.
1609 5213 1661 5267 et
1684 5214 1806 5271 pag.

214 5268 490 5333 786,'uot.
522 5268 555 5323 5
576 5286 668 5325 sur
695 5270 753 5325 8.
787 5270 1015 5325 Patriae.

290 5340 368 5410 te)
407 5339 641 5410 Speelui.
677 5341 710 5393 Ι.
744 5356 793 5395 c.
817 5356 939 5410 pag.
976 5340 1065 5394 Si.

293 5409 370 5482 (ι’)
399 5409 569 5482 .locel.
601 5409 643 5482 ι.
663 5426 711 5465 c.
736 5409 855 5482 cap.
890 5410 1011 5465 185.

294 5479 376 5549 (ῃ)
404 5481 563 5536 Joan.
587 5479 755 5551 Glast.
784 5479 917 5536 Hist.
943 5484 1008 5536 de
1031 5482 1145 5537 reb.
1169 5482 1408 5535 Glaston.
1435 5492 1565 5536 tum.
1589 5486 1626 5539 l,
1655 5497 1809 5551 pagg.

218 5552 392 5605 13⁸566
414 5551 543 5605 edit.
576 5549 749 5604 Oxon.
780 5551 935 5604 i726.

297 5621 378 5742 ξπ)
406 5620 660 5744 ξὶὁοζοεε.
690 5621 912 5723 Misce“.
956 5620 1053 5677 SS.
1088 5621 1189 5676 PP.
1236 5637 1356 5691 pag.
1406 5622 1510 5675 9.39
1540 5622 1664 5677 edit.
1696 5620 1806 5675 Mo-

260 5697 381 5745 unt.
415 5697 549 5744 1604
784 5719 788 5723 -

221 5708 381 5764 ειιιιι.
415 5708 549 5744 lous
784 5719 788 5723 -

300 5760 365 5834 il)
397 5760 530 5820 Bibl.
552 5760 654 5827 PP.
689 5761 855 5830 Lugd.
889 5772 1019 5819 tom.
1055 5761 1182 5828 \‘lii,
1210 5776 1327 5828 pag.
1362 5762 1488 5816 δῖε.

1919 1936 2008 1983 cet
2022 1926 2237 1981 nomine
2252 1925 2394 1994 quod
2418 1923 2581 1978 libelli
2598 1930 2785 1977 auctor
2803 1935 2967 1975 sacrae
2989 1918 3278 1988 Scriptura:
3297 1925 3495 1969 textum

1918 2020 2115 2090 passim
2141 2019 2271 2073 citet
2296 2032 2360 2072 ex
2392 2015 2641 2070 versione
2669 2014 2838 2069 sancti
2880 2011 3218 2083 Hieronymi,
3252 2009 3496 2077 Augusth

1920 2112 2079 2169 niano
2106 2125 2221 2165 ωνο
2251 2117 2307 2163 et
2334 2107 2639 2162 Patriciano
2662 2105 2801 2159 haud
2831 2104 3029 2174 passim
3052 2110 3287 2172 recepta.
3320 2100 3497 2156 Caste-

1918 2218 2033 2257 rum
2058 2201 2215 2270 hujus
2239 2200 2477 2270 opusculi
2497 2196 2772 2267 exemplar
2791 2195 3181 2264 desumpsimus
3203 2209 3268 2246 ex
3297 2208 3497 2262 appen-

1917 2293 2034 2348 dice
2057 2292 2123 2348 ad
2151 2301 2351 2348 tomum
2383 2291 2449 2345 Vl
2479 2304 2700 2361 operum
2729 2288 2784 2342 S.
2809 2286 3089 2355 Augustini
3111 2284 3239 2340 edit.
3267 2282 3372 2337 BB.
3397 2281 3497 2336 Pa-

1919 2388 2009 2440 ris.
2044 2398 2198 2455 pagg.
2235 2383 2334 2437 159
2361 2399 2510 2452 seqq.

1990 2476 2309 2531 Posterioris
2325 2483 2503 2530 autem
2531 2472 2770 2543 opusculi
2794 2471 2857 2529 de
2870 2471 3137 2526 duodecim
3156 2468 3497 2523 Abusionibus

1916 2570 2093 2627 διεθηιὶ
2120 2571 2412 2638 fragmenta
2440 2567 2930 2638 qumdam,War.eo
2962 2571 3097 2619 teste
3121 2563 3221 2636 (η),
3242 2558 3303 2616 8.
3326 2559 3497 2614 Patri-

1916 2664 2001 2718 cio
2024 2662 2222 2717 tributa
2243 2662 2473 2716 citantur
2501 2661 2552 2714 in
2584 2660 2805 2727 antiquo
2827 2673 2925 2711 ms.
2957 2655 3142 2715 codice
3162 2651 3497 2709 hihliothecm

1916 2752 2127 2821 collegii
2166 2750 2221 2807 S.
2266 2750 2539 2805 Benedicti
2582 2748 2957 2815 Cantabrigire,
3016 2744 3409 2811 laudanturque
3466 2755 3496 2795 a

1916 2841 2274 2912 Cathvvulpho
2315 2841 2366 2894 in
2396 2840 2624 2911 epistola
2673 2839 2740 2894 ad
2786 2837 3036 2893 Carolum
3067 2834 3311 2902 Magnum
3357 2831 3496 2902 apud

1917 2935 2275 3009 Duchesnium
2309 2934 2406 3006 (ο).
2456 2933 2726 3001 [ntegrum
2773 2946 2903 2986 vero
2932 2938 3109 2984 exstat
3151 2928 3291 2982 inter
3334 2939 3497 2995 opera

1916 3027 2186 3100 Cypriano
2207 3026 2285 3098 (p)
2310 3025 2681 3094 etAugustino
2713 3024 2788 3096 (ᾳ)
2816 3019 3324 3093 supposita.Verum
3351 3017 3497 3072 Scri-

1920 3128 2088 3189 pturae
2116 3119 2234 3173 loca
2256 3118 2309 3171 in
2340 3117 2443 3171 hoc
2487 3117 2670 3170 libello
2696 3115 2905 3185 prolata
2930 3130 2997 3169 ex
3036 3113 3283 3175 versione
3313 3110 3499 3164 Hiero-

1917 3212 2167 3283 nymiana
2196 3210 2328 3265 satis
2357 3210 2627 3274 evincunt,
2659 3215 2718 3261 ut
2765 3215 2912 3262 recte
2957 3207 3129 3273 arguit
3160 3205 3297 3260 idem
3326 3204 3500 3259 editor

1918 3303 2139 3372 Anglus,
2164 3302 2290 3356 illud
2315 3315 2487 3368 neque
2510 3297 2783 3369 Cypriani,
2807 3312 2980 3365 neque
3009 3295 3305 3364 Augustini,
3337 3294 3500 3347 θόρον

1917 3413 2021 3468 que
2046 3412 2220 3466 neque
2259 3395 2476 3449 Patricii
2518 3408 2636 3448 esse
2666 3392 2735 3447 ob
2766 3392 3027 3445 rationem
3075 3389 3234 3441 modo
3260 3387 3495 3451 allatam,

1916 3488 2162 3556 quamvis
2198 3487 2340 3541 inter
2363 3485 2479 3554 ejus
2508 3484 2706 3553 scripta
2755 3482 2974 3539 feratur.
3018 3478 3132 3546 Qua
3180 3479 3247 3533 de
3274 3494 3334 3533 re
3364 3496 3500 3533 non-1

1916 3577 2063 3633 nulla
2093 3576 2271 3631 Fellus
2294 3577 2347 3630 in
2393 3574 2598 3645 prastat.
2627 3573 2694 3628 ad
2740 3587 2901 3642 opera
2931 3571 3181 3643 Cypriani
3217 3571 3357 3625 circa
3386 3586 3499 3625 me.

1915 3670 2083 3725 dium.
2118 3667 2419 3738 Utcumque
2447 3668 2535 3733 sit,
2560 3667 2612 3721 in
2639 3682 2705 3722 eo
2728 3665 3079 3721 exscribenda
3108 3664 3365 3733 opusculo
3396 3661 3497 3717 Pas

1915 3763 2061 3818 melii
2081 3762 2373 3817 editionem
2399 3758 2840 3830 Cyprianicorum
2864 3765 3078 3812 secutus
3105 3764 3186 3810 est
3216 3756 3454 3810 Warrens
3478 3774 3492 3819 π

1914 3871 2014 3924 nos
2036 3869 2163 3909 vero
2184 3852 2570 3907 accuratiorem
2594 3849 2812 3918 Baluzii,
2847 3864 2942 3915 seu
2967 3848 3147 3918 potius
3175 3847 3372 3902 Marani
3404 3847 3498 3901 Bc.
3530 3910 3543 3921 κ

1914 3944 2170 4000 nedictiui
2191 3943 2255 3999 γ.
2286 3942 2346 3996 C.
2377 3943 2467 4011 qui
2489 3942 2831 4005 Baluzianam
2852 3938 3083 3995 Ἐγδοσιν
3107 3940 3352 4001 absolvit,
3378 3940 3496 4007 qui.

1913 4050 2020 4105 que
2047 4034 2291 4089 eumdem
2320 4032 2556 4087 libellum
2583 4047 2703 4089 cum
2740 4030 2883 4097 edito
2908 4030 3292 4099 Augustiniauo
3321 4031 3495 4084 SUCiO?

1913 4144 2032 4182 rum
2070 4141 2289 4191 suorum
2317 4125 2495 4180 studio
2517 4124 2776 4179 adornata
2802 4122 3044 4187 contulit,

1984 4220 2073 4284 Vl,
2114 4218 2265 4286 Quod
2324 4224 2602 4287 superest,
2653 4216 2792 4279 hanc
2851 4214 3090 4286 syllogen
3135 4212 3492 4269 Patricianam

1913 4310 2114 4366 claudit
2164 4308 2405 4380 Hymnus
2450 4306 2838 4377 alphabeticus,
2885 4304 3189 4375 Secundqu
3240 4305 3494 4375 episc0p0

1914 4403 2196 4471 ascriptus,
2241 4402 2293 4455 in
2340 4398 2552 4455 laudem
2598 4396 2655 4453 S.
2684 4397 2900 4453 Patricii
2944 4397 3191 4451 avunculi
3238 4398 3338 4461 sui,
3370 4396 3492 4451 dum

1913 4496 2004 4550 ille
2024 4495 2197 4550 adhuc
2228 4494 2278 4548 in
2303 4493 2437 4548 vivis
2464 4498 2666 4561 ageret.
2700 4489 2831 4544 Eum
2853 4488 3134 4559 descripsit
3161 4488 3401 4542 War-.eus
3428 4504 3493 4559 ex

1912 4589 2133 4656 antiquo
2162 4602 2264 4641 ms.
2311 4585 2497 4641 codice
2522 4583 2853 4656 Hymuorum
2899 4580 3026 4635 olim
3066 4580 3132 4635 ad
3171 4590 3492 4635 conventum

1913 4681 2119 4737 ordinis
2169 4678 2434 4734 Minorum
2463 4678 2530 4732 de
2571 4674 2916 4731 Observantia
2958 4671 3280 4738 Donagalliaa
3326 4673 3493 4741 peiti.

1915 4780 2094 4841 nente,
2147 4770 2401 4842 deinceps
2447 4758 2578 4823 vero
2630 4766 2684 4820 in
2729 4764 3106 4821 bibliothecam
3153 4759 3494 4832 Usserianam

1983 4989 2060 5112 (ἱ)
2080 4987 2264 5042 lisser.
2298 4987 2335 5041 1.
2358 5002 2408 5042 c.
2438 5001 2557 5056 pag.
2589 4986 2713 5043 456,

1986 5070 1997 5112 t
2028 5066 2060 5112 'i
2092 5058 2240 5112 War.
2272 5058 2336 5110 ad
2359 5072 2544 5112 onusc.
2577 5056 2634 5111 S.
2668 5057 2713 5109 P;

1986 5055 2060 5121 υς)
2092 5058 2240 5112 War.
2272 5058 2336 5110 ad
2359 5055 2544 5126 opusc.
2577 5056 2634 5111 S.
2668 5057 2860 5110 Patria.
2890 5071 3025 5124 pagg
3072 5055 3164 5108 151
3201 5072 3353 5125 seqq.

1984 5131 2045 5198 (ι)
2072 5127 2225 5251 Apud
2255 5127 2403 5181 War.
2436 5127 2488 5179 in
2513 5128 2713 5194 puniat.
2744 5128 2808 5180 ad
2848 5142 3031 5196 opusc.
3064 5126 3121 5181 S.
3154 5127 3345 5185 Patrio.
3382 5126 3407 5199 §
3443 5127 3494 5185 «1.

1988 5206 2081 5252 tm)
2137 5199 2189 5252 d.
2215 5200 2267 5252 in
2289 5205 2403 5251 not.
2437 5211 2559 5252 nan.
2594 5197 2710 5250 151).

1988 5206 2081 5267 (m)
2113 5206 2189 5252 Id.
2215 5206 2267 5252 in
2289 5206 2403 5251 not.
2437 5211 2559 5265 pag.
2594 5206 2710 5250 151).

1987 5272 2065 5339 (n)
2090 5268 2163 5339 id.
2201 5269 2252 5321 in
2280 5266 2489 5339 praefat.
2521 5267 2667 5339 cit;§
2695 5266 2745 5321 6.

1987 5335 2063 5409 (ο)
2094 5335 2358 5392 Duchesu.
2392 5336 2527 5391 Hist.
2585 5335 2774 5394 Frauc.
2816 5346 2945 5395 tom.
2994 5338 3067 5396 ll.
3100 5352 3252 5410 pagg.
3293 5335 3396 5388 666
3443 5344 3494 5391 et

1916 5425 2066 5601 ῖῗὲἇ)
2093 5476 2257 5547 (³η)ιό
2308 5492 2435 5547 OPP.
2470 5477 2519 5530 iu
2571 5482 2800 5549 aphcud.
2852 5496 2975 5551 pag.
3018 5476 3122 5530 9.75
3152 5476 3277 5530 edit.
3323 5471 3495 5539 Paris.

2258 5634 2385 5688 opp.
2420 5619 2471 5672 in
2495 5623 2721 5688 append.
2749 5624 2813 5675 ad
2838 5631 2967 5675 tom.
2994 5617 3059 5672 Vl
3077 5631 3195 5687 pag.
3222 5613 3345 5680 211,
3363 5614 3496 5685 edit,

2012 5729 2023 5741 .
2054 5704 2224 5747 l'ﬂl‘lS.
