  <div class='ocr_page' id='page_1' title='image "/cluster/home/n/w/nwhite01/storage/ocr_20150623/53/hvd.32044073505091/405.png"; bbox 0 0 3946 6182; ppageno 0'>
   <div class='ocr_carea' id='block_1_1' title="bbox 525 237 624 294">
    <p class='ocr_par' dir='ltr' id='par_1_1' title="bbox 525 237 624 294">
     <span class='ocr_line' id='line_1_1' title="bbox 525 237 624 294; baseline 0.02 -3"><span class='ocrx_word' id='word_1_1' title='bbox 525 237 624 294; x_wconf 77' lang='lat'><strong>195</strong></span> 
     </span>
    </p>
   </div>
   <div class='ocr_carea' id='block_1_2' title="bbox 1453 238 2854 302">
    <p class='ocr_par' dir='ltr' id='par_1_2' title="bbox 1453 238 2854 302">
     <span class='ocr_line' id='line_1_2' title="bbox 1453 238 2854 302; baseline 0.003 -6"><span class='ocrx_word' id='word_1_2' title='bbox 1453 238 1493 296; x_wconf 87' lang='lat' dir='ltr'>S</span> <span class='ocrx_word' id='word_1_3' title='bbox 1545 239 1906 295; x_wconf 69' lang='lat' dir='ltr'><strong>PATRlCll‘S</strong></span> <span class='ocrx_word' id='word_1_4' title='bbox 1947 239 2396 297; x_wconf 69' lang='lat' dir='ltr'><strong>lllﬁERNORUM</strong></span> <span class='ocrx_word' id='word_1_5' title='bbox 2438 243 2854 302; x_wconf 79' lang='lat' dir='ltr'><strong>APOSTULUS.</strong></span> 
     </span>
    </p>
   </div>
   <div class='ocr_carea' id='block_1_3' title="bbox 3636 263 3721 322">
    <p class='ocr_par' dir='ltr' id='par_1_3' title="bbox 3636 263 3721 322">
     <span class='ocr_line' id='line_1_3' title="bbox 3636 263 3721 322; baseline 0.106 -9"><span class='ocrx_word' id='word_1_6' title='bbox 3636 263 3721 322; x_wconf 76' lang='grc' dir='ltr'><strong>’ἶοϋ</strong></span> 
     </span>
    </p>
   </div>
   <div class='ocr_carea' id='block_1_4' title="bbox 516 353 3723 430">
    <p class='ocr_par' dir='ltr' id='par_1_4' title="bbox 516 353 3723 430">
     <span class='ocr_line' id='line_1_4' title="bbox 516 353 3723 430; baseline 0.007 -24"><span class='ocrx_word' id='word_1_7' title='bbox 516 353 776 407; x_wconf 89' lang='lat' dir='ltr'><strong>translato</strong></span> <span class='ocrx_word' id='word_1_8' title='bbox 817 372 828 404; x_wconf 95' lang='lat'>:</span> <span class='ocrx_word' id='word_1_9' title='bbox 878 353 1208 421; x_wconf 71' lang='lat' dir='ltr'><strong>contulit-lue</strong></span> <span class='ocrx_word' id='word_1_10' title='bbox 1263 370 1384 407; x_wconf 86' lang='lat' dir='ltr'><strong>cum</strong></span> <span class='ocrx_word' id='word_1_11' title='bbox 1446 355 1552 407; x_wconf 85' lang='lat' dir='ltr'><strong>alio</strong></span> <span class='ocrx_word' id='word_1_12' title='bbox 1611 353 1849 422; x_wconf 85' lang='lat' dir='ltr'><strong>ejusdem</strong></span> <span class='ocrx_word' id='word_1_13' title='bbox 1905 354 2098 427; x_wconf 73' lang='lat' dir='ltr'><strong>llyinni</strong></span> <span class='ocrx_word' id='word_1_14' title='bbox 2130 366 2169 415; x_wconf 66' lang='grc' dir='ltr'><strong>Α</strong></span> <span class='ocrx_word' id='word_1_15' title='bbox 2205 355 2391 420; x_wconf 62' lang='grc' dir='ltr'><strong>Γιοιτιιιν,</strong></span> <span class='ocrx_word' id='word_1_16' title='bbox 2419 359 2559 413; x_wconf 86' lang='lat' dir='ltr'><strong>haud</strong></span> <span class='ocrx_word' id='word_1_17' title='bbox 2583 361 2816 416; x_wconf 89' lang='lat' dir='ltr'><strong>otiosum</strong></span> <span class='ocrx_word' id='word_1_18' title='bbox 2844 361 3070 420; x_wconf 75' lang='lat' dir='ltr'><strong>fortasse</strong></span> <span class='ocrx_word' id='word_1_19' title='bbox 3093 363 3535 425; x_wconf 83' lang='lat' dir='ltr'><strong>lueritJocelinum</strong></span> <span class='ocrx_word' id='word_1_20' title='bbox 3560 373 3723 430; x_wconf 76' lang='lat' dir='ltr'><strong>audire.</strong></span> 
     </span>
    </p>
   </div>
   <div class='ocr_carea' id='block_1_5' title="bbox 513 444 2102 516">
    <p class='ocr_par' dir='ltr' id='par_1_5' title="bbox 513 444 2102 516">
     <span class='ocr_line' id='line_1_5' title="bbox 513 444 2102 516; baseline 0.001 -17"><span class='ocrx_word' id='word_1_21' title='bbox 513 444 811 514; x_wconf 87' lang='lat' dir='ltr'><strong>exemplari</strong></span> <span class='ocrx_word' id='word_1_22' title='bbox 840 460 1000 499; x_wconf 80' lang='lat' dir='ltr'><strong>manu</strong></span> <span class='ocrx_word' id='word_1_23' title='bbox 1029 447 1317 500; x_wconf 85' lang='lat' dir='ltr'><strong>recentiori</strong></span> <span class='ocrx_word' id='word_1_24' title='bbox 1348 455 1592 512; x_wconf 82' lang='lat' dir='ltr'><strong>exarato,</strong></span> <span class='ocrx_word' id='word_1_25' title='bbox 1623 447 1776 516; x_wconf 85' lang='lat' dir='ltr'><strong>cujus</strong></span> <span class='ocrx_word' id='word_1_26' title='bbox 1820 447 1981 501; x_wconf 90' lang='lat' dir='ltr'><strong>etiam</strong></span> <span class='ocrx_word' id='word_1_27' title='bbox 2011 462 2102 501; x_wconf 87' lang='lat' dir='ltr'><strong>va-</strong></span> 
     </span>
    </p>
   </div>
   <div class='ocr_carea' id='block_1_6' title="bbox 513 537 2102 611">
    <p class='ocr_par' dir='ltr' id='par_1_6' title="bbox 513 537 2102 611">
     <span class='ocr_line' id='line_1_6' title="bbox 513 537 2102 611; baseline 0.001 -21"><span class='ocrx_word' id='word_1_28' title='bbox 513 537 714 591; x_wconf 85' lang='lat' dir='ltr'><strong>riantes</strong></span> <span class='ocrx_word' id='word_1_29' title='bbox 743 537 1003 592; x_wconf 89' lang='lat' dir='ltr'><strong>lectiones</strong></span> <span class='ocrx_word' id='word_1_30' title='bbox 1031 538 1300 608; x_wconf 88' lang='lat' dir='ltr'><strong>apposuit.</strong></span> <span class='ocrx_word' id='word_1_31' title='bbox 1327 537 1515 592; x_wconf 77' lang='lat' dir='ltr'><strong>Exstat</strong></span> <span class='ocrx_word' id='word_1_32' title='bbox 1543 549 1800 609; x_wconf 72' lang='lat' dir='ltr'><strong>prmterea</strong></span> <span class='ocrx_word' id='word_1_33' title='bbox 1833 540 1918 595; x_wconf 89' lang='lat' dir='ltr'><strong>hic</strong></span> <span class='ocrx_word' id='word_1_34' title='bbox 1948 540 2102 611; x_wconf 82' lang='lat' dir='ltr'><strong>hym-</strong></span> 
     </span>
    </p>
   </div>
   <div class='ocr_carea' id='block_1_7' title="bbox 515 628 2098 700">
    <p class='ocr_par' dir='ltr' id='par_1_7' title="bbox 515 628 2098 700">
     <span class='ocr_line' id='line_1_7' title="bbox 515 628 2098 700; baseline 0.003 -18"><span class='ocrx_word' id='word_1_35' title='bbox 515 645 616 683; x_wconf 91' lang='lat' dir='ltr'><strong>nus</strong></span> <span class='ocrx_word' id='word_1_36' title='bbox 639 629 689 683; x_wconf 91' lang='lat' dir='ltr'><strong>in</strong></span> <span class='ocrx_word' id='word_1_37' title='bbox 711 628 1104 700; x_wconf 82' lang='lat' dir='ltr'><strong>Antiphonario</strong></span> <span class='ocrx_word' id='word_1_38' title='bbox 1127 632 1438 686; x_wconf 75' lang='lat' dir='ltr'><strong>monasterii</strong></span> <span class='ocrx_word' id='word_1_39' title='bbox 1470 632 1866 688; x_wconf 84' lang='lat' dir='ltr'><strong>Benchorensis</strong></span> <span class='ocrx_word' id='word_1_40' title='bbox 1894 631 2042 687; x_wconf 89' lang='lat' dir='ltr'><strong>edito</strong></span> <span class='ocrx_word' id='word_1_41' title='bbox 2068 648 2098 686; x_wconf 90' lang='lat' dir='ltr'><strong>a</strong></span> 
     </span>
    </p>
   </div>
   <div class='ocr_carea' id='block_1_8' title="bbox 507 719 2098 794">
    <p class='ocr_par' dir='ltr' id='par_1_8' title="bbox 507 719 2098 794">
     <span class='ocr_line' id='line_1_8' title="bbox 507 719 2098 794; baseline 0.005 -20"><span class='ocrx_word' id='word_1_42' title='bbox 507 719 803 778; x_wconf 80' lang='lat' dir='ltr'><strong>Muratorio</strong></span> <span class='ocrx_word' id='word_1_43' title='bbox 822 723 920 794; x_wconf 75' lang='grc' dir='ltr'><strong>(τι),</strong></span> <span class='ocrx_word' id='word_1_44' title='bbox 947 723 1011 778; x_wconf 86' lang='lat' dir='ltr'><strong>ad</strong></span> <span class='ocrx_word' id='word_1_45' title='bbox 1025 739 1180 792; x_wconf 87' lang='lat' dir='ltr'><strong>quem</strong></span> <span class='ocrx_word' id='word_1_46' title='bbox 1204 724 1428 794; x_wconf 77' lang='lat' dir='ltr'><strong>proinde</strong></span> <span class='ocrx_word' id='word_1_47' title='bbox 1448 724 1784 779; x_wconf 69' lang='lat' dir='ltr'><strong>Wancanam</strong></span> <span class='ocrx_word' id='word_1_48' title='bbox 1806 725 2098 782; x_wconf 79' lang='lat' dir='ltr'><strong>editionem</strong></span> 
     </span>
    </p>
   </div>
   <div class='ocr_carea' id='block_1_9' title="bbox 507 813 2099 882">
    <p class='ocr_par' dir='ltr' id='par_1_9' title="bbox 507 813 2099 882">
     <span class='ocr_line' id='line_1_9' title="bbox 507 813 2099 882; baseline 0.004 -17"><span class='ocrx_word' id='word_1_49' title='bbox 507 814 803 880; x_wconf 72' lang='lat' dir='ltr'><strong>exegimus.</strong></span> <span class='ocrx_word' id='word_1_50' title='bbox 836 813 938 880; x_wconf 84' lang='lat' dir='ltr'><strong>Qui</strong></span> <span class='ocrx_word' id='word_1_51' title='bbox 983 814 1198 882; x_wconf 85' lang='lat' dir='ltr'><strong>quidem</strong></span> <span class='ocrx_word' id='word_1_52' title='bbox 1235 815 1300 869; x_wconf 71' lang='grc' dir='ltr'><strong>ν.</strong></span> <span class='ocrx_word' id='word_1_53' title='bbox 1332 814 1392 868; x_wconf 87' lang='lat' dir='ltr'><strong>C.</strong></span> <span class='ocrx_word' id='word_1_54' title='bbox 1424 815 1490 870; x_wconf 76' lang='lat' dir='ltr'><strong>ad</strong></span> <span class='ocrx_word' id='word_1_55' title='bbox 1542 832 1655 870; x_wconf 87' lang='lat' dir='ltr'><strong>rem</strong></span> <span class='ocrx_word' id='word_1_56' title='bbox 1701 826 1935 870; x_wconf 83' lang='lat' dir='ltr'><strong>nostram</strong></span> <span class='ocrx_word' id='word_1_57' title='bbox 1983 817 2099 872; x_wconf 64' lang='lat' dir='ltr'><strong>haec</strong></span> 
     </span>
    </p>
   </div>
   <div class='ocr_carea' id='block_1_10' title="bbox 507 904 2098 984">
    <p class='ocr_par' dir='ltr' id='par_1_10' title="bbox 507 904 2098 984">
     <span class='ocr_line' id='line_1_10' title="bbox 507 904 2098 984; baseline 0.004 -26"><span class='ocrx_word' id='word_1_58' title='bbox 507 906 668 960; x_wconf 84' lang='lat' dir='ltr'><strong>habet</strong></span> <span class='ocrx_word' id='word_1_59' title='bbox 694 904 768 977; x_wconf 90' lang='lat' dir='ltr'><strong>(b)</strong></span> <span class='ocrx_word' id='word_1_60' title='bbox 797 925 810 960; x_wconf 88' lang='lat'><strong>:</strong></span> <span class='ocrx_word' id='word_1_61' title='bbox 847 927 866 958; x_wconf 82' lang='grc'><strong>‹</strong></span> <span class='ocrx_word' id='word_1_62' title='bbox 899 906 1145 976; x_wconf 82' lang='lat' dir='ltr'><strong>Legimus</strong></span> <span class='ocrx_word' id='word_1_63' title='bbox 1176 910 1227 963; x_wconf 89' lang='lat' dir='ltr'><strong>in</strong></span> <span class='ocrx_word' id='word_1_64' title='bbox 1268 909 1660 979; x_wconf 78' lang='lat' dir='ltr'><strong>Autiphonario</strong></span> <span class='ocrx_word' id='word_1_65' title='bbox 1709 920 1896 966; x_wconf 90' lang='lat' dir='ltr'><strong>nostro</strong></span> <span class='ocrx_word' id='word_1_66' title='bbox 1928 910 2098 984; x_wconf 83' lang='lat' dir='ltr'><strong>Hym-</strong></span> 
     </span>
    </p>
   </div>
   <div class='ocr_carea' id='block_1_11' title="bbox 505 1000 2090 1072">
    <p class='ocr_par' dir='ltr' id='par_1_11' title="bbox 505 1000 2090 1072">
     <span class='ocr_line' id='line_1_11' title="bbox 505 1000 2090 1072; baseline 0.003 -18"><span class='ocrx_word' id='word_1_67' title='bbox 505 1019 630 1054; x_wconf 78' lang='lat' dir='ltr'><strong>nnm</strong></span> <span class='ocrx_word' id='word_1_68' title='bbox 655 1000 716 1054; x_wconf 89' lang='lat' dir='ltr'><strong>S.</strong></span> <span class='ocrx_word' id='word_1_69' title='bbox 748 1000 974 1056; x_wconf 82' lang='lat' dir='ltr'><strong>Patricii</strong></span> <span class='ocrx_word' id='word_1_70' title='bbox 1018 1003 1258 1072; x_wconf 76' lang='lat' dir='ltr'><strong>magistri</strong></span> <span class='ocrx_word' id='word_1_71' title='bbox 1287 1002 1584 1058; x_wconf 78' lang='lat' dir='ltr'><strong>Scotorum.</strong></span> <span class='ocrx_word' id='word_1_72' title='bbox 1633 1002 1846 1058; x_wconf 84' lang='lat' dir='ltr'><strong>Memini</strong></span> <span class='ocrx_word' id='word_1_73' title='bbox 1889 1013 2090 1066; x_wconf 86' lang='lat' dir='ltr'><strong>autem,</strong></span> 
     </span>
    </p>
   </div>
   <div class='ocr_carea' id='block_1_12' title="bbox 505 1095 2094 1164">
    <p class='ocr_par' dir='ltr' id='par_1_12' title="bbox 505 1095 2094 1164">
     <span class='ocr_line' id='line_1_12' title="bbox 505 1095 2094 1164; baseline 0.003 -16"><span class='ocrx_word' id='word_1_74' title='bbox 505 1096 573 1149; x_wconf 83' lang='lat' dir='ltr'><strong>cl.</strong></span> <span class='ocrx_word' id='word_1_75' title='bbox 630 1097 802 1150; x_wconf 83' lang='lat' dir='ltr'><strong>virum</strong></span> <span class='ocrx_word' id='word_1_76' title='bbox 848 1095 909 1150; x_wconf 91' lang='lat' dir='ltr'><strong>P.</strong></span> <span class='ocrx_word' id='word_1_77' title='bbox 953 1097 1015 1151; x_wconf 92' lang='lat' dir='ltr'><strong>D.</strong></span> <span class='ocrx_word' id='word_1_78' title='bbox 1049 1097 1379 1152; x_wconf 85' lang='lat' dir='ltr'><strong>Bernardum</strong></span> <span class='ocrx_word' id='word_1_79' title='bbox 1435 1097 1502 1152; x_wconf 88' lang='lat' dir='ltr'><strong>de</strong></span> <span class='ocrx_word' id='word_1_80' title='bbox 1555 1097 1917 1164; x_wconf 83' lang='lat' dir='ltr'><strong>Montl&#39;aucon,</strong></span> <span class='ocrx_word' id='word_1_81' title='bbox 1967 1097 2094 1153; x_wconf 90' lang='lat' dir='ltr'><strong>dum</strong></span> 
     </span>
    </p>
   </div>
   <div class='ocr_carea' id='block_1_13' title="bbox 505 1187 2094 1259">
    <p class='ocr_par' dir='ltr' id='par_1_13' title="bbox 505 1187 2094 1259">
     <span class='ocr_line' id='line_1_13' title="bbox 505 1187 2094 1259; baseline 0.003 -19"><span class='ocrx_word' id='word_1_82' title='bbox 505 1187 631 1241; x_wconf 84' lang='lat' dir='ltr'><strong>olim</strong></span> <span class='ocrx_word' id='word_1_83' title='bbox 686 1187 974 1244; x_wconf 79' lang='lat' dir='ltr'><strong>Mediolani</strong></span> <span class='ocrx_word' id='word_1_84' title='bbox 1022 1198 1237 1258; x_wconf 78' lang='lat' dir='ltr'><strong>ageret,</strong></span> <span class='ocrx_word' id='word_1_85' title='bbox 1280 1201 1568 1259; x_wconf 87' lang='lat' dir='ltr'><strong>conspecta</strong></span> <span class='ocrx_word' id='word_1_86' title='bbox 1617 1189 1818 1244; x_wconf 81' lang='lat' dir='ltr'><strong>codicis</strong></span> <span class='ocrx_word' id='word_1_87' title='bbox 1847 1189 2002 1258; x_wconf 84' lang='lat' dir='ltr'><strong>hujus</strong></span> <span class='ocrx_word' id='word_1_88' title='bbox 2030 1204 2094 1244; x_wconf 92' lang='lat' dir='ltr'><strong>ac</strong></span> 
     </span>
    </p>
   </div>
   <div class='ocr_carea' id='block_1_14' title="bbox 505 1279 2090 1349">
    <p class='ocr_par' dir='ltr' id='par_1_14' title="bbox 505 1279 2090 1349">
     <span class='ocr_line' id='line_1_14' title="bbox 505 1279 2090 1349; baseline 0.003 -19"><span class='ocrx_word' id='word_1_89' title='bbox 505 1279 839 1334; x_wconf 78' lang='lat' dir='ltr'><strong>monumenti</strong></span> <span class='ocrx_word' id='word_1_90' title='bbox 866 1288 1154 1341; x_wconf 83' lang='lat' dir='ltr'><strong>vetustate.</strong></span> <span class='ocrx_word' id='word_1_91' title='bbox 1185 1280 1316 1336; x_wconf 90' lang='lat' dir='ltr'><strong>mihi</strong></span> <span class='ocrx_word' id='word_1_92' title='bbox 1366 1280 1670 1335; x_wconf 81' lang='lat' dir='ltr'><strong>ostendenti</strong></span> <span class='ocrx_word' id='word_1_93' title='bbox 1712 1280 1876 1336; x_wconf 81' lang='lat' dir='ltr'><strong>fuisse</strong></span> <span class='ocrx_word' id='word_1_94' title='bbox 1910 1287 2090 1349; x_wconf 87' lang='lat' dir='ltr'><strong>gratu-</strong></span> 
     </span>
    </p>
   </div>
   <div class='ocr_carea' id='block_1_15' title="bbox 505 1373 2090 1446">
    <p class='ocr_par' dir='ltr' id='par_1_15' title="bbox 505 1373 2090 1446">
     <span class='ocr_line' id='line_1_15' title="bbox 505 1373 2090 1446; baseline 0.001 -20"><span class='ocrx_word' id='word_1_95' title='bbox 505 1374 692 1428; x_wconf 91' lang='lat' dir='ltr'><strong>latum.</strong></span> <span class='ocrx_word' id='word_1_96' title='bbox 741 1373 1008 1432; x_wconf 78' lang='lat' dir='ltr'><strong>Narrabat</strong></span> <span class='ocrx_word' id='word_1_97' title='bbox 1054 1375 1273 1446; x_wconf 87' lang='lat' dir='ltr'><strong>quippe,</strong></span> <span class='ocrx_word' id='word_1_98' title='bbox 1305 1375 1358 1431; x_wconf 88' lang='lat' dir='ltr'><strong>in</strong></span> <span class='ocrx_word' id='word_1_99' title='bbox 1411 1374 1596 1430; x_wconf 85' lang='lat' dir='ltr'><strong>Galliis</strong></span> <span class='ocrx_word' id='word_1_100' title='bbox 1644 1390 1767 1430; x_wconf 86' lang='lat' dir='ltr'><strong>esse</strong></span> <span class='ocrx_word' id='word_1_101' title='bbox 1821 1375 2090 1430; x_wconf 88' lang='lat' dir='ltr'><strong>eruditum</strong></span> 
     </span>
    </p>
   </div>
   <div class='ocr_carea' id='block_1_16' title="bbox 505 1464 2090 1538">
    <p class='ocr_par' dir='ltr' id='par_1_16' title="bbox 505 1464 2090 1538">
     <span class='ocr_line' id='line_1_16' title="bbox 505 1464 2090 1538; baseline 0 -21"><span class='ocrx_word' id='word_1_102' title='bbox 505 1464 789 1531; x_wconf 67' lang='lat' dir='ltr'><strong>quemdam</strong></span> <span class='ocrx_word' id='word_1_103' title='bbox 819 1465 904 1521; x_wconf 89' lang='lat' dir='ltr'><strong>cui</strong></span> <span class='ocrx_word' id='word_1_104' title='bbox 936 1474 1062 1521; x_wconf 88' lang='lat' dir='ltr'><strong>nata</strong></span> <span class='ocrx_word' id='word_1_105' title='bbox 1093 1467 1324 1538; x_wconf 83' lang='lat' dir='ltr'><strong>suspicio</strong></span> <span class='ocrx_word' id='word_1_106' title='bbox 1353 1467 1556 1531; x_wconf 77' lang='lat' dir='ltr'><strong>fuerat,</strong></span> <span class='ocrx_word' id='word_1_107' title='bbox 1587 1483 1694 1520; x_wconf 89' lang='lat' dir='ltr'><strong>non</strong></span> <span class='ocrx_word' id='word_1_108' title='bbox 1745 1466 1888 1535; x_wconf 88' lang='lat' dir='ltr'><strong>ipsas</strong></span> <span class='ocrx_word' id='word_1_109' title='bbox 1914 1465 2090 1520; x_wconf 84' lang='lat' dir='ltr'><strong>solum</strong></span> 
     </span>
    </p>
   </div>
   <div class='ocr_carea' id='block_1_17' title="bbox 502 1554 2092 1629">
    <p class='ocr_par' dir='ltr' id='par_1_17' title="bbox 502 1554 2092 1629">
     <span class='ocr_line' id='line_1_17' title="bbox 502 1554 2092 1629; baseline 0.001 -20"><span class='ocrx_word' id='word_1_110' title='bbox 502 1555 558 1610; x_wconf 85' lang='lat' dir='ltr'><strong>S.</strong></span> <span class='ocrx_word' id='word_1_111' title='bbox 592 1554 811 1610; x_wconf 88' lang='lat' dir='ltr'><strong>Patricii</strong></span> <span class='ocrx_word' id='word_1_112' title='bbox 841 1573 928 1611; x_wconf 91' lang='lat' dir='ltr'><strong>res</strong></span> <span class='ocrx_word' id='word_1_113' title='bbox 957 1569 1154 1626; x_wconf 87' lang='lat' dir='ltr'><strong>gestas,</strong></span> <span class='ocrx_word' id='word_1_114' title='bbox 1205 1559 1301 1614; x_wconf 88' lang='lat' dir='ltr'><strong>sed</strong></span> <span class='ocrx_word' id='word_1_115' title='bbox 1347 1559 1520 1629; x_wconf 86' lang='lat' dir='ltr'><strong>ipsum</strong></span> <span class='ocrx_word' id='word_1_116' title='bbox 1549 1556 1604 1612; x_wconf 89' lang='lat' dir='ltr'><strong>S.</strong></span> <span class='ocrx_word' id='word_1_117' title='bbox 1639 1555 1928 1612; x_wconf 85' lang='lat' dir='ltr'><strong>Patricium</strong></span> <span class='ocrx_word' id='word_1_118' title='bbox 1952 1557 2092 1611; x_wconf 89' lang='lat' dir='ltr'><strong>inter</strong></span> 
     </span>
    </p>
   </div>
   <div class='ocr_carea' id='block_1_18' title="bbox 502 1648 2090 1718">
    <p class='ocr_par' dir='ltr' id='par_1_18' title="bbox 502 1648 2090 1718">
     <span class='ocr_line' id='line_1_18' title="bbox 502 1648 2090 1718; baseline 0.003 -19"><span class='ocrx_word' id='word_1_119' title='bbox 502 1649 708 1704; x_wconf 77' lang='lat' dir='ltr'><strong>fabulas</strong></span> <span class='ocrx_word' id='word_1_120' title='bbox 725 1648 1095 1706; x_wconf 80' lang='lat' dir='ltr'><strong>Romanenses</strong></span> <span class='ocrx_word' id='word_1_121' title='bbox 1115 1667 1235 1706; x_wconf 90' lang='lat' dir='ltr'><strong>esse</strong></span> <span class='ocrx_word' id='word_1_122' title='bbox 1260 1650 1655 1706; x_wconf 87' lang='lat' dir='ltr'><strong>amandandum</strong></span> <span class='ocrx_word' id='word_1_123' title='bbox 1677 1669 1688 1703; x_wconf 92' lang='lat'><strong>:</strong></span> <span class='ocrx_word' id='word_1_124' title='bbox 1707 1651 1867 1704; x_wconf 86' lang='lat' dir='ltr'><strong>tantis</strong></span> <span class='ocrx_word' id='word_1_125' title='bbox 1895 1664 2090 1718; x_wconf 81' lang='lat' dir='ltr'><strong>nempe</strong></span> 
     </span>
    </p>
   </div>
   <div class='ocr_carea' id='block_1_19' title="bbox 2207 447 3727 524">
    <p class='ocr_par' dir='ltr' id='par_1_19' title="bbox 2207 447 3727 524">
     <span class='ocr_line' id='line_1_19' title="bbox 2207 447 3727 524; baseline 0.01 -22"><span class='ocrx_word' id='word_1_126' title='bbox 2207 447 2294 503; x_wconf 80' lang='lat' dir='ltr'><strong>Sic</strong></span> <span class='ocrx_word' id='word_1_127' title='bbox 2323 457 2500 504; x_wconf 85' lang='lat' dir='ltr'><strong>autem</strong></span> <span class='ocrx_word' id='word_1_128' title='bbox 2531 450 2619 505; x_wconf 90' lang='lat' dir='ltr'><strong>ille</strong></span> <span class='ocrx_word' id='word_1_129' title='bbox 2642 450 2720 522; x_wconf 76' lang='lat' dir='ltr'><strong>(d,-</strong></span> <span class='ocrx_word' id='word_1_130' title='bbox 2751 471 2764 506; x_wconf 90' lang='lat'>:</span> <span class='ocrx_word' id='word_1_131' title='bbox 2795 473 2812 503; x_wconf 75' lang='grc' dir='ltr'>ι</span> <span class='ocrx_word' id='word_1_132' title='bbox 2847 452 3077 510; x_wconf 89' lang='lat' dir='ltr'><strong>Sanctus</strong></span> <span class='ocrx_word' id='word_1_133' title='bbox 3112 455 3458 521; x_wconf 85' lang='lat' dir='ltr'><strong>Secundinus.</strong></span> <span class='ocrx_word' id='word_1_134' title='bbox 3487 461 3666 524; x_wconf 74' lang='lat' dir='ltr'><strong>sapiens</strong></span> <span class='ocrx_word' id='word_1_135' title='bbox 3685 474 3727 518; x_wconf 87' lang='lat' dir='ltr'><strong>et</strong></span> 
     </span>
    </p>
   </div>
   <div class='ocr_carea' id='block_1_20' title="bbox 2205 541 3728 620">
    <p class='ocr_par' dir='ltr' id='par_1_20' title="bbox 2205 541 3728 620">
     <span class='ocr_line' id='line_1_20' title="bbox 2205 541 3728 620; baseline 0.011 -27"><span class='ocrx_word' id='word_1_136' title='bbox 2205 541 2490 603; x_wconf 79' lang='lat' dir='ltr'><strong>litteratus,</strong></span> <span class='ocrx_word' id='word_1_137' title='bbox 2539 541 2674 597; x_wconf 86' lang='lat' dir='ltr'><strong>dixit</strong></span> <span class='ocrx_word' id='word_1_138' title='bbox 2719 553 2908 600; x_wconf 87' lang='lat' dir='ltr'><strong>sancto</strong></span> <span class='ocrx_word' id='word_1_139' title='bbox 2953 544 3206 613; x_wconf 88' lang='lat' dir='ltr'><strong>Patricio,</strong></span> <span class='ocrx_word' id='word_1_140' title='bbox 3237 550 3371 605; x_wconf 80' lang='lat' dir='ltr'><strong>velle</strong></span> <span class='ocrx_word' id='word_1_141' title='bbox 3391 551 3485 605; x_wconf 85' lang='lat' dir='ltr'><strong>sibi</strong></span> <span class='ocrx_word' id='word_1_142' title='bbox 3507 552 3728 620; x_wconf 84' lang='lat' dir='ltr'><strong>adjacere.</strong></span> 
     </span>
    </p>
   </div>
   <div class='ocr_carea' id='block_1_21' title="bbox 2201 633 3729 715">
    <p class='ocr_par' dir='ltr' id='par_1_21' title="bbox 2201 633 3729 715">
     <span class='ocr_line' id='line_1_21' title="bbox 2201 633 3729 715; baseline 0.01 -31"><span class='ocrx_word' id='word_1_143' title='bbox 2201 633 2268 687; x_wconf 77' lang='lat' dir='ltr'><strong>de</strong></span> <span class='ocrx_word' id='word_1_144' title='bbox 2295 641 2486 690; x_wconf 89' lang='lat' dir='ltr'><strong>sancto</strong></span> <span class='ocrx_word' id='word_1_145' title='bbox 2512 635 2746 704; x_wconf 90' lang='lat' dir='ltr'><strong>quodam</strong></span> <span class='ocrx_word' id='word_1_146' title='bbox 2787 637 2963 694; x_wconf 88' lang='lat' dir='ltr'><strong>adhuc</strong></span> <span class='ocrx_word' id='word_1_147' title='bbox 3003 641 3288 710; x_wconf 86' lang='lat' dir='ltr'><strong>superstite</strong></span> <span class='ocrx_word' id='word_1_148' title='bbox 3317 659 3521 698; x_wconf 86' lang='lat' dir='ltr'><strong>carmen</strong></span> <span class='ocrx_word' id='word_1_149' title='bbox 3547 660 3729 715; x_wconf 73' lang='lat' dir='ltr'><strong>cumpo-</strong></span> 
     </span>
    </p>
   </div>
   <div class='ocr_carea' id='block_1_22' title="bbox 2203 718 3730 804">
    <p class='ocr_par' dir='ltr' id='par_1_22' title="bbox 2203 718 3730 804">
     <span class='ocr_line' id='line_1_22' title="bbox 2203 718 3730 804; baseline 0.009 -27"><span class='ocrx_word' id='word_1_150' title='bbox 2203 740 2350 780; x_wconf 79' lang='lat' dir='ltr'><strong>nere.</strong></span> <span class='ocrx_word' id='word_1_151' title='bbox 2382 723 2450 780; x_wconf 82' lang='lat' dir='ltr'><strong>Et</strong></span> <span class='ocrx_word' id='word_1_152' title='bbox 2477 727 2601 796; x_wconf 83' lang='lat' dir='ltr'><strong>quia</strong></span> <span class='ocrx_word' id='word_1_153' title='bbox 2631 737 2848 784; x_wconf 90' lang='lat' dir='ltr'><strong>sanctus</strong></span> <span class='ocrx_word' id='word_1_154' title='bbox 2879 731 2964 784; x_wconf 91' lang='lat' dir='ltr'><strong>hic</strong></span> <span class='ocrx_word' id='word_1_155' title='bbox 2995 740 3110 786; x_wconf 89' lang='lat' dir='ltr'><strong>erat</strong></span> <span class='ocrx_word' id='word_1_156' title='bbox 3139 729 3398 789; x_wconf 85' lang='lat' dir='ltr'><strong>Patricius</strong></span> <span class='ocrx_word' id='word_1_157' title='bbox 3418 733 3481 789; x_wconf 91' lang='lat' dir='ltr'><strong>de</strong></span> <span class='ocrx_word' id='word_1_158' title='bbox 3505 718 3603 804; x_wconf 85' lang='lat' dir='ltr'><strong>quo</strong></span> <span class='ocrx_word' id='word_1_159' title='bbox 3626 739 3730 791; x_wconf 84' lang='lat' dir='ltr'><strong>scri-</strong></span> 
     </span>
    </p>
   </div>
   <div class='ocr_carea' id='block_1_23' title="bbox 2202 817 3730 895">
    <p class='ocr_par' dir='ltr' id='par_1_23' title="bbox 2202 817 3730 895">
     <span class='ocr_line' id='line_1_23' title="bbox 2202 817 3730 895; baseline 0.007 -25"><span class='ocrx_word' id='word_1_160' title='bbox 2202 819 2330 872; x_wconf 87' lang='lat' dir='ltr'><strong>bere</strong></span> <span class='ocrx_word' id='word_1_161' title='bbox 2368 817 2650 888; x_wconf 83' lang='lat' dir='ltr'><strong>disposuit,</strong></span> <span class='ocrx_word' id='word_1_162' title='bbox 2686 820 2826 875; x_wconf 91' lang='lat' dir='ltr'><strong>illius</strong></span> <span class='ocrx_word' id='word_1_163' title='bbox 2856 838 3052 877; x_wconf 90' lang='lat' dir='ltr'><strong>nomen</strong></span> <span class='ocrx_word' id='word_1_164' title='bbox 3101 824 3314 880; x_wconf 87' lang='lat' dir='ltr'><strong>silentio</strong></span> <span class='ocrx_word' id='word_1_165' title='bbox 3348 827 3640 895; x_wconf 69' lang='lat' dir='ltr'><strong>suppressit.</strong></span> <span class='ocrx_word' id='word_1_166' title='bbox 3671 827 3730 882; x_wconf 78' lang='lat' dir='ltr'><strong>Al</strong></span> 
     </span>
    </p>
   </div>
   <div class='ocr_carea' id='block_1_24' title="bbox 2196 909 3731 987">
    <p class='ocr_par' dir='ltr' id='par_1_24' title="bbox 2196 909 3731 987">
     <span class='ocr_line' id='line_1_24' title="bbox 2196 909 3731 987; baseline 0.007 -27"><span class='ocrx_word' id='word_1_167' title='bbox 2196 925 2356 978; x_wconf 79' lang='lat' dir='ltr'><strong>quem</strong></span> <span class='ocrx_word' id='word_1_168' title='bbox 2388 919 2606 966; x_wconf 81' lang='lat' dir='ltr'><strong>sanctus</strong></span> <span class='ocrx_word' id='word_1_169' title='bbox 2628 909 2892 968; x_wconf 80' lang='lat' dir='ltr'><strong>Patricius</strong></span> <span class='ocrx_word' id='word_1_170' title='bbox 2920 932 2932 966; x_wconf 92' lang='lat'>:</span> <span class='ocrx_word' id='word_1_171' title='bbox 2965 913 3125 980; x_wconf 85' lang='lat' dir='ltr'><strong>Vere,</strong></span> <span class='ocrx_word' id='word_1_172' title='bbox 3165 916 3351 985; x_wconf 78' lang='lat' dir='ltr'><strong>inquit,</strong></span> <span class='ocrx_word' id='word_1_173' title='bbox 3381 917 3584 984; x_wconf 81' lang='lat' dir='ltr'><strong>dignum</strong></span> <span class='ocrx_word' id='word_1_174' title='bbox 3609 919 3731 987; x_wconf 86' lang='lat' dir='ltr'><strong>etju-</strong></span> 
     </span>
    </p>
   </div>
   <div class='ocr_carea' id='block_1_25' title="bbox 2196 1005 3730 1079">
    <p class='ocr_par' dir='ltr' id='par_1_25' title="bbox 2196 1005 3730 1079">
     <span class='ocr_line' id='line_1_25' title="bbox 2196 1005 3730 1079; baseline 0.007 -25"><span class='ocrx_word' id='word_1_175' title='bbox 2196 1009 2335 1054; x_wconf 82' lang='lat' dir='ltr'><strong>stum</strong></span> <span class='ocrx_word' id='word_1_176' title='bbox 2364 1011 2466 1066; x_wconf 89' lang='lat' dir='ltr'><strong>est,</strong></span> <span class='ocrx_word' id='word_1_177' title='bbox 2515 1017 2725 1072; x_wconf 71' lang='lat' dir='ltr'><strong>mquam</strong></span> <span class='ocrx_word' id='word_1_178' title='bbox 2757 1011 2809 1059; x_wconf 89' lang='lat' dir='ltr'><strong>et</strong></span> <span class='ocrx_word' id='word_1_179' title='bbox 2866 1005 3134 1071; x_wconf 87' lang='lat' dir='ltr'><strong>salutare,</strong></span> <span class='ocrx_word' id='word_1_180' title='bbox 3181 1015 3240 1062; x_wconf 89' lang='lat' dir='ltr'><strong>ut</strong></span> <span class='ocrx_word' id='word_1_181' title='bbox 3269 1006 3340 1079; x_wconf 76' lang='grc' dir='ltr'><strong>(ε)</strong></span> <span class='ocrx_word' id='word_1_182' title='bbox 3384 1008 3670 1079; x_wconf 80' lang='lat' dir='ltr'><strong>sapientiam</strong></span> <span class='ocrx_word' id='word_1_183' title='bbox 3691 1018 3730 1066; x_wconf 86' lang='lat' dir='ltr'><strong>et</strong></span> 
     </span>
    </p>
   </div>
   <div class='ocr_carea' id='block_1_26' title="bbox 2195 1091 3728 1168">
    <p class='ocr_par' dir='ltr' id='par_1_26' title="bbox 2195 1091 3728 1168">
     <span class='ocr_line' id='line_1_26' title="bbox 2195 1091 3728 1168; baseline 0.007 -24"><span class='ocrx_word' id='word_1_184' title='bbox 2195 1091 2419 1159; x_wconf 75' lang='lat' dir='ltr'><strong>gloiiain</strong></span> <span class='ocrx_word' id='word_1_185' title='bbox 2444 1102 2753 1150; x_wconf 86' lang='lat' dir='ltr'><strong>sanctorum</strong></span> <span class='ocrx_word' id='word_1_186' title='bbox 2784 1105 3004 1151; x_wconf 87' lang='lat' dir='ltr'><strong>narrent</strong></span> <span class='ocrx_word' id='word_1_187' title='bbox 3030 1098 3242 1168; x_wconf 87' lang='lat' dir='ltr'><strong>populi,</strong></span> <span class='ocrx_word' id='word_1_188' title='bbox 3267 1109 3323 1153; x_wconf 89' lang='lat' dir='ltr'><strong>et</strong></span> <span class='ocrx_word' id='word_1_189' title='bbox 3355 1099 3556 1153; x_wconf 84' lang='lat' dir='ltr'><strong>laudem</strong></span> <span class='ocrx_word' id='word_1_190' title='bbox 3579 1116 3728 1156; x_wconf 84' lang='lat' dir='ltr'><strong>eorum</strong></span> 
     </span>
    </p>
   </div>
   <div class='ocr_carea' id='block_1_27' title="bbox 2195 1182 3728 1258">
    <p class='ocr_par' dir='ltr' id='par_1_27' title="bbox 2195 1182 3728 1258">
     <span class='ocr_line' id='line_1_27' title="bbox 2195 1182 3728 1258; baseline 0.005 -22"><span class='ocrx_word' id='word_1_191' title='bbox 2195 1185 2406 1238; x_wconf 87' lang='lat' dir='ltr'><strong>nuntiet</strong></span> <span class='ocrx_word' id='word_1_192' title='bbox 2434 1182 2679 1240; x_wconf 86' lang='lat' dir='ltr'><strong>Ecclesia</strong></span> <span class='ocrx_word' id='word_1_193' title='bbox 2709 1205 2721 1238; x_wconf 92' lang='lat'><strong>:</strong></span> <span class='ocrx_word' id='word_1_194' title='bbox 2753 1185 2850 1242; x_wconf 90' lang='lat' dir='ltr'><strong>sed</strong></span> <span class='ocrx_word' id='word_1_195' title='bbox 2871 1187 3088 1257; x_wconf 89' lang='lat' dir='ltr'><strong>quidem</strong></span> <span class='ocrx_word' id='word_1_196' title='bbox 3118 1189 3334 1258; x_wconf 80' lang='lat' dir='ltr'><strong>dignius</strong></span> <span class='ocrx_word' id='word_1_197' title='bbox 3360 1197 3416 1246; x_wconf 89' lang='lat' dir='ltr'><strong>et</strong></span> <span class='ocrx_word' id='word_1_198' title='bbox 3429 1190 3728 1252; x_wconf 79' lang='lat' dir='ltr'><strong>commodius,</strong></span> 
     </span>
    </p>
   </div>
   <div class='ocr_carea' id='block_1_28' title="bbox 2195 1278 3730 1346">
    <p class='ocr_par' dir='ltr' id='par_1_28' title="bbox 2195 1278 3730 1346">
     <span class='ocr_line' id='line_1_28' title="bbox 2195 1278 3730 1346; baseline 0.007 -16"><span class='ocrx_word' id='word_1_199' title='bbox 2195 1287 2316 1346; x_wconf 80' lang='lat' dir='ltr'><strong>post</strong></span> <span class='ocrx_word' id='word_1_200' title='bbox 2338 1278 2470 1334; x_wconf 89' lang='lat' dir='ltr'><strong>lucis</strong></span> <span class='ocrx_word' id='word_1_201' title='bbox 2496 1280 3014 1346; x_wconf 82' lang='lat' dir='ltr'><strong>terminum,&#39;totius</strong></span> <span class='ocrx_word' id='word_1_202' title='bbox 3059 1285 3382 1340; x_wconf 68' lang='lat' dir='ltr'><strong>cenodoxize</strong></span> <span class='ocrx_word' id='word_1_203' title='bbox 3429 1285 3621 1342; x_wconf 83' lang='lat' dir='ltr'><strong>sublata</strong></span> <span class='ocrx_word' id='word_1_204' title='bbox 3644 1303 3730 1340; x_wconf 83' lang='lat' dir='ltr'><strong>ma-</strong></span> 
     </span>
    </p>
   </div>
   <div class='ocr_carea' id='block_1_29' title="bbox 2195 1369 3736 1450">
    <p class='ocr_par' dir='ltr' id='par_1_29' title="bbox 2195 1369 3736 1450">
     <span class='ocr_line' id='line_1_29' title="bbox 2195 1369 3736 1450; baseline 0.008 -29"><span class='ocrx_word' id='word_1_205' title='bbox 2195 1369 2347 1426; x_wconf 84' lang='lat' dir='ltr'><strong>tet&#39;ia.</strong></span> <span class='ocrx_word' id='word_1_206' title='bbox 2373 1369 2552 1426; x_wconf 79' lang='lat' dir='ltr'><strong>Lauda</strong></span> <span class='ocrx_word' id='word_1_207' title='bbox 2575 1386 2703 1442; x_wconf 86' lang='lat' dir='ltr'><strong>ergo</strong></span> <span class='ocrx_word' id='word_1_208' title='bbox 2731 1373 2838 1428; x_wconf 90' lang='lat' dir='ltr'><strong>diei</strong></span> <span class='ocrx_word' id='word_1_209' title='bbox 2867 1375 3236 1443; x_wconf 85' lang='lat' dir='ltr'><strong>serenitatem,</strong></span> <span class='ocrx_word' id='word_1_210' title='bbox 3260 1377 3356 1434; x_wconf 91' lang='lat' dir='ltr'><strong>sed</strong></span> <span class='ocrx_word' id='word_1_211' title='bbox 3384 1394 3500 1434; x_wconf 91' lang='lat' dir='ltr'><strong>cum</strong></span> <span class='ocrx_word' id='word_1_212' title='bbox 3527 1379 3736 1450; x_wconf 83' lang='lat' dir='ltr'><strong>advespe-</strong></span> 
     </span>
    </p>
   </div>
   <div class='ocr_carea' id='block_1_30' title="bbox 2193 1461 3732 1540">
    <p class='ocr_par' dir='ltr' id='par_1_30' title="bbox 2193 1461 3732 1540">
     <span class='ocr_line' id='line_1_30' title="bbox 2193 1461 3732 1540; baseline 0.006 -26"><span class='ocrx_word' id='word_1_213' title='bbox 2193 1461 2396 1516; x_wconf 83' lang='lat' dir='ltr'><strong>raverit</strong></span> <span class='ocrx_word' id='word_1_214' title='bbox 2429 1481 2440 1514; x_wconf 91' lang='lat'>:</span> <span class='ocrx_word' id='word_1_215' title='bbox 2478 1463 2664 1518; x_wconf 82' lang='lat' dir='ltr'><strong>militis</strong></span> <span class='ocrx_word' id='word_1_216' title='bbox 2712 1465 2984 1532; x_wconf 85' lang='lat' dir='ltr'><strong>virtutem,</strong></span> <span class='ocrx_word' id='word_1_217' title='bbox 3017 1469 3115 1522; x_wconf 85' lang='lat' dir='ltr'><strong>sed</strong></span> <span class='ocrx_word' id='word_1_218' title='bbox 3159 1485 3285 1524; x_wconf 90' lang='lat' dir='ltr'><strong>cum</strong></span> <span class='ocrx_word' id='word_1_219' title='bbox 3327 1468 3732 1540; x_wconf 65' lang='lat' dir='ltr'><strong>triumphaverit:</strong></span> 
     </span>
    </p>
   </div>
   <div class='ocr_carea' id='block_1_31' title="bbox 2193 1555 3734 1632">
    <p class='ocr_par' dir='ltr' id='par_1_31' title="bbox 2193 1555 3734 1632">
     <span class='ocr_line' id='line_1_31' title="bbox 2193 1555 3734 1632; baseline 0.005 -24"><span class='ocrx_word' id='word_1_220' title='bbox 2193 1563 2370 1609; x_wconf 62' lang='lat' dir='ltr'><strong>nautae</strong></span> <span class='ocrx_word' id='word_1_221' title='bbox 2399 1555 2946 1626; x_wconf 86' lang='lat' dir='ltr'><strong>prosperitatem,&#39;sed</strong></span> <span class='ocrx_word' id='word_1_222' title='bbox 2965 1573 3088 1614; x_wconf 90' lang='lat' dir='ltr'><strong>cum</strong></span> <span class='ocrx_word' id='word_1_223' title='bbox 3118 1559 3460 1632; x_wconf 87' lang='lat' dir='ltr'><strong>applicuerit.</strong></span> <span class='ocrx_word' id='word_1_224' title='bbox 3481 1561 3606 1616; x_wconf 84' lang='lat' dir='ltr'><strong>Dicit</strong></span> <span class='ocrx_word' id='word_1_225' title='bbox 3625 1563 3734 1616; x_wconf 82' lang='lat' dir='ltr'><strong>enim</strong></span> 
     </span>
    </p>
   </div>
   <div class='ocr_carea' id='block_1_32' title="bbox 2191 1645 3736 1717">
    <p class='ocr_par' dir='ltr' id='par_1_32' title="bbox 2191 1645 3736 1717">
     <span class='ocr_line' id='line_1_32' title="bbox 2191 1645 3736 1717; baseline 0.006 -19"><span class='ocrx_word' id='word_1_226' title='bbox 2191 1647 2466 1716; x_wconf 82' lang='lat' dir='ltr'><strong>Scriptura</strong></span> <span class='ocrx_word' id='word_1_227' title='bbox 2498 1645 2571 1717; x_wconf 71' lang='grc' dir='ltr'><strong>(ι’)</strong></span> <span class='ocrx_word' id='word_1_228' title='bbox 2604 1665 2616 1700; x_wconf 92' lang='lat'><strong>:</strong></span> <span class='ocrx_word' id='word_1_229' title='bbox 2650 1645 2736 1702; x_wconf 87' lang='lat' dir='ltr'><strong>Ne</strong></span> <span class='ocrx_word' id='word_1_230' title='bbox 2755 1646 3048 1704; x_wconf 73' lang='lat' dir='ltr'><strong>laudaveris</strong></span> <span class='ocrx_word' id='word_1_231' title='bbox 3077 1649 3340 1704; x_wconf 78' lang='lat' dir='ltr'><strong>hominem</strong></span> <span class='ocrx_word' id='word_1_232' title='bbox 3369 1651 3424 1706; x_wconf 79' lang='lat' dir='ltr'><strong>in</strong></span> <span class='ocrx_word' id='word_1_233' title='bbox 3453 1653 3552 1706; x_wconf 72' lang='lat' dir='ltr'><strong>vita</strong></span> <span class='ocrx_word' id='word_1_234' title='bbox 3577 1669 3672 1706; x_wconf 77' lang='lat' dir='ltr'><strong>sua.</strong></span> <span class='ocrx_word' id='word_1_235' title='bbox 3691 1652 3736 1707; x_wconf 86' lang='lat' dir='ltr'><strong>Si</strong></span> 
     </span>
    </p>
   </div>
   <div class='ocr_carea' id='block_1_33' title="bbox 503 1739 3737 1814">
    <p class='ocr_par' dir='ltr' id='par_1_33' title="bbox 503 1739 3737 1814">
     <span class='ocr_line' id='line_1_33' title="bbox 503 1739 3737 1814; baseline 0.002 -21"><span class='ocrx_word' id='word_1_236' title='bbox 503 1743 733 1797; x_wconf 72' lang='lat' dir='ltr'><strong>anilibus</strong></span> <span class='ocrx_word' id='word_1_237' title='bbox 753 1742 1078 1796; x_wconf 87' lang='lat' dir='ltr'><strong>commentis</strong></span> <span class='ocrx_word' id='word_1_238' title='bbox 1106 1741 1392 1812; x_wconf 88' lang='lat' dir='ltr'><strong>deturpata</strong></span> <span class='ocrx_word' id='word_1_239' title='bbox 1413 1741 1585 1795; x_wconf 79' lang='lat' dir='ltr'><strong>fuerat</strong></span> <span class='ocrx_word' id='word_1_240' title='bbox 1613 1742 1783 1794; x_wconf 90' lang='lat' dir='ltr'><strong>sancti</strong></span> <span class='ocrx_word' id='word_1_241' title='bbox 1815 1739 1956 1794; x_wconf 85' lang='lat' dir='ltr'><strong>illius</strong></span> <span class='ocrx_word' id='word_1_242' title='bbox 1985 1739 2096 1809; x_wconf 72' lang='lat' dir='ltr'><strong>epi—</strong></span> <span class='ocrx_word' id='word_1_243' title='bbox 2128 1748 2166 1804; x_wconf 69' lang='grc' dir='ltr'>Β</span> <span class='ocrx_word' id='word_1_244' title='bbox 2201 1749 2376 1792; x_wconf 86' lang='lat' dir='ltr'><strong>tamen</strong></span> <span class='ocrx_word' id='word_1_245' title='bbox 2409 1739 2458 1793; x_wconf 87' lang='lat' dir='ltr'><strong>id</strong></span> <span class='ocrx_word' id='word_1_246' title='bbox 2491 1739 2710 1796; x_wconf 90' lang='lat' dir='ltr'><strong>omnino</strong></span> <span class='ocrx_word' id='word_1_247' title='bbox 2738 1741 2890 1796; x_wconf 89' lang='lat' dir='ltr'><strong>cordi</strong></span> <span class='ocrx_word' id='word_1_248' title='bbox 2914 1751 3004 1797; x_wconf 89' lang='lat' dir='ltr'><strong>tuo</strong></span> <span class='ocrx_word' id='word_1_249' title='bbox 3043 1741 3263 1798; x_wconf 82' lang='lat' dir='ltr'><strong>inﬁxum</strong></span> <span class='ocrx_word' id='word_1_250' title='bbox 3316 1743 3507 1807; x_wconf 81' lang='lat' dir='ltr'><strong>fuerit,</strong></span> <span class='ocrx_word' id='word_1_251' title='bbox 3530 1745 3654 1814; x_wconf 86' lang='lat' dir='ltr'><strong>quod</strong></span> <span class='ocrx_word' id='word_1_252' title='bbox 3676 1744 3737 1798; x_wconf 53' lang='lat' dir='ltr'><strong>la.</strong></span> 
     </span>
    </p>
   </div>
   <div class='ocr_carea' id='block_1_34' title="bbox 501 1832 2094 1905">
    <p class='ocr_par' dir='ltr' id='par_1_34' title="bbox 501 1832 2094 1905">
     <span class='ocr_line' id='line_1_34' title="bbox 501 1832 2094 1905; baseline 0.004 -23"><span class='ocrx_word' id='word_1_253' title='bbox 501 1833 648 1903; x_wconf 72' lang='lat' dir='ltr'><strong>M&#39;tipl</strong></span> <span class='ocrx_word' id='word_1_254' title='bbox 671 1833 912 1888; x_wconf 84' lang='lat' dir='ltr'><strong>historia.</strong></span> <span class='ocrx_word' id='word_1_255' title='bbox 938 1834 1005 1887; x_wconf 77' lang='lat' dir='ltr'><strong>At</strong></span> <span class='ocrx_word' id='word_1_256' title='bbox 1030 1832 1274 1904; x_wconf 77' lang='lat' dir='ltr'><strong>profecto</strong></span> <span class='ocrx_word' id='word_1_257' title='bbox 1305 1850 1442 1889; x_wconf 90' lang='lat' dir='ltr'><strong>unus</strong></span> <span class='ocrx_word' id='word_1_258' title='bbox 1470 1833 1556 1888; x_wconf 86' lang='lat' dir='ltr'><strong>hic</strong></span> <span class='ocrx_word' id='word_1_259' title='bbox 1577 1833 1806 1905; x_wconf 85' lang='lat' dir='ltr'><strong>hymnus</strong></span> <span class='ocrx_word' id='word_1_260' title='bbox 1828 1834 1959 1887; x_wconf 84' lang='lat' dir='ltr'><strong>satis</strong></span> <span class='ocrx_word' id='word_1_261' title='bbox 1975 1848 2094 1888; x_wconf 83' lang='lat' dir='ltr'><strong>esse</strong></span> 
     </span>
    </p>
   </div>
   <div class='ocr_carea' id='block_1_35' title="bbox 499 1925 2090 1994">
    <p class='ocr_par' dir='ltr' id='par_1_35' title="bbox 499 1925 2090 1994">
     <span class='ocr_line' id='line_1_35' title="bbox 499 1925 2090 1994; baseline 0.002 -17"><span class='ocrx_word' id='word_1_262' title='bbox 499 1934 679 1994; x_wconf 63' lang='lat' dir='ltr'><strong>pitest</strong></span> <span class='ocrx_word' id='word_1_263' title='bbox 719 1926 785 1980; x_wconf 90' lang='lat' dir='ltr'><strong>ad</strong></span> <span class='ocrx_word' id='word_1_264' title='bbox 839 1925 1262 1981; x_wconf 76' lang='lat' dir='ltr'><strong>confirmandam</strong></span> <span class='ocrx_word' id='word_1_265' title='bbox 1309 1926 1593 1981; x_wconf 81' lang='lat' dir='ltr'><strong>veritatem</strong></span> <span class='ocrx_word' id='word_1_266' title='bbox 1640 1941 1760 1979; x_wconf 90' lang='lat' dir='ltr'><strong>cum</strong></span> <span class='ocrx_word' id='word_1_267' title='bbox 1804 1925 2090 1994; x_wconf 80' lang='lat' dir='ltr'><strong>insignium</strong></span> 
     </span>
    </p>
   </div>
   <div class='ocr_carea' id='block_1_36' title="bbox 502 2016 2090 2089">
    <p class='ocr_par' dir='ltr' id='par_1_36' title="bbox 502 2016 2090 2089">
     <span class='ocr_line' id='line_1_36' title="bbox 502 2016 2090 2089; baseline 0.001 -19"><span class='ocrx_word' id='word_1_268' title='bbox 502 2019 718 2074; x_wconf 64' lang='lat' dir='ltr'><strong>Patricii</strong></span> <span class='ocrx_word' id='word_1_269' title='bbox 745 2033 986 2089; x_wconf 87' lang='lat' dir='ltr'><strong>operum,</strong></span> <span class='ocrx_word' id='word_1_270' title='bbox 1019 2026 1135 2072; x_wconf 89' lang='lat' dir='ltr'><strong>tum</strong></span> <span class='ocrx_word' id='word_1_271' title='bbox 1165 2018 1530 2076; x_wconf 70' lang='lat' dir='ltr'><strong>celeberrima:</strong></span> <span class='ocrx_word' id='word_1_272' title='bbox 1559 2016 1710 2072; x_wconf 73' lang='lat' dir='ltr'><strong>fatum</strong></span> <span class='ocrx_word' id='word_1_273' title='bbox 1729 2033 1848 2086; x_wconf 69' lang='lat' dir='ltr'><strong>qum</strong></span> <span class='ocrx_word' id='word_1_274' title='bbox 1869 2017 1935 2071; x_wconf 91' lang='lat' dir='ltr'><strong>de</strong></span> <span class='ocrx_word' id='word_1_275' title='bbox 1964 2031 2090 2072; x_wconf 86' lang='lat' dir='ltr'><strong>san-</strong></span> 
     </span>
    </p>
   </div>
   <div class='ocr_carea' id='block_1_37' title="bbox 495 2108 2089 2182">
    <p class='ocr_par' dir='ltr' id='par_1_37' title="bbox 495 2108 2089 2182">
     <span class='ocr_line' id='line_1_37' title="bbox 495 2108 2089 2182; baseline 0.001 -19"><span class='ocrx_word' id='word_1_276' title='bbox 495 2121 588 2163; x_wconf 66' lang='lat' dir='ltr'><strong>un</strong></span> <span class='ocrx_word' id='word_1_277' title='bbox 631 2115 747 2166; x_wconf 72' lang='lat' dir='ltr'><strong>ero</strong></span> <span class='ocrx_word' id='word_1_278' title='bbox 790 2111 855 2166; x_wconf 90' lang='lat' dir='ltr'><strong>ad</strong></span> <span class='ocrx_word' id='word_1_279' title='bbox 906 2120 1089 2167; x_wconf 87' lang='lat' dir='ltr'><strong>nostra</strong></span> <span class='ocrx_word' id='word_1_280' title='bbox 1115 2127 1284 2182; x_wconf 87' lang='lat' dir='ltr'><strong>usque</strong></span> <span class='ocrx_word' id='word_1_281' title='bbox 1331 2120 1576 2182; x_wconf 86' lang='lat' dir='ltr'><strong>tempora</strong></span> <span class='ocrx_word' id='word_1_282' title='bbox 1625 2109 1980 2181; x_wconf 77' lang='lat' dir='ltr'><strong>perinanavit.</strong></span> <span class='ocrx_word' id='word_1_283' title='bbox 2009 2108 2089 2165; x_wconf 86' lang='lat' dir='ltr'><strong>Tu</strong></span> 
     </span>
    </p>
   </div>
   <div class='ocr_carea' id='block_1_38' title="bbox 499 2203 2091 2276">
    <p class='ocr_par' dir='ltr' id='par_1_38' title="bbox 499 2203 2091 2276">
     <span class='ocr_line' id='line_1_38' title="bbox 499 2203 2091 2276; baseline 0.005 -24"><span class='ocrx_word' id='word_1_284' title='bbox 499 2203 768 2268; x_wconf 76' lang='lat' dir='ltr'><strong>uberiora,</strong></span> <span class='ocrx_word' id='word_1_285' title='bbox 797 2205 898 2259; x_wconf 91' lang='lat' dir='ltr'><strong>etsi</strong></span> <span class='ocrx_word' id='word_1_286' title='bbox 939 2221 1049 2260; x_wconf 91' lang='lat' dir='ltr'><strong>non</strong></span> <span class='ocrx_word' id='word_1_287' title='bbox 1081 2207 1228 2276; x_wconf 86' lang='lat' dir='ltr'><strong>paria</strong></span> <span class='ocrx_word' id='word_1_288' title='bbox 1252 2207 1594 2276; x_wconf 80' lang='lat' dir='ltr'><strong>antiquitate,</strong></span> <span class='ocrx_word' id='word_1_289' title='bbox 1627 2205 1694 2260; x_wconf 90' lang='lat' dir='ltr'><strong>ab</strong></span> <span class='ocrx_word' id='word_1_290' title='bbox 1717 2204 1938 2260; x_wconf 87' lang='lat' dir='ltr'><strong>Usserio</strong></span> <span class='ocrx_word' id='word_1_291' title='bbox 1965 2214 2091 2276; x_wconf 88' lang='lat' dir='ltr'><strong>pete</strong></span> 
     </span>
    </p>
   </div>
   <div class='ocr_carea' id='block_1_39' title="bbox 498 2293 2089 2368">
    <p class='ocr_par' dir='ltr' id='par_1_39' title="bbox 498 2293 2089 2368">
     <span class='ocr_line' id='line_1_39' title="bbox 498 2293 2089 2368; baseline 0.002 -21"><span class='ocrx_word' id='word_1_292' title='bbox 498 2293 590 2356; x_wconf 70' lang='lat' dir='ltr'><strong>tr).</strong></span> <span class='ocrx_word' id='word_1_293' title='bbox 633 2315 650 2346; x_wconf 84' lang='grc'>›</span> <span class='ocrx_word' id='word_1_294' title='bbox 687 2293 814 2350; x_wconf 64' lang='lat' dir='ltr'><strong>Ilaec</strong></span> <span class='ocrx_word' id='word_1_295' title='bbox 841 2294 1167 2352; x_wconf 88' lang='lat' dir='ltr'><strong>Muratorius</strong></span> <span class='ocrx_word' id='word_1_296' title='bbox 1197 2315 1209 2350; x_wconf 93' lang='lat'>:</span> <span class='ocrx_word' id='word_1_297' title='bbox 1237 2297 1320 2352; x_wconf 91' lang='lat' dir='ltr'><strong>cui</strong></span> <span class='ocrx_word' id='word_1_298' title='bbox 1339 2304 1645 2368; x_wconf 87' lang='lat' dir='ltr'><strong>propterea,</strong></span> <span class='ocrx_word' id='word_1_299' title='bbox 1675 2296 1801 2351; x_wconf 90' lang='lat' dir='ltr'><strong>dum</strong></span> <span class='ocrx_word' id='word_1_300' title='bbox 1824 2296 1923 2352; x_wconf 89' lang='lat' dir='ltr'><strong>ista</strong></span> <span class='ocrx_word' id='word_1_301' title='bbox 1955 2295 2089 2350; x_wconf 86' lang='lat' dir='ltr'><strong>scri-</strong></span> 
     </span>
    </p>
   </div>
   <div class='ocr_carea' id='block_1_40' title="bbox 495 2385 2091 2460">
    <p class='ocr_par' dir='ltr' id='par_1_40' title="bbox 495 2385 2091 2460">
     <span class='ocr_line' id='line_1_40' title="bbox 495 2385 2091 2460; baseline 0.002 -21"><span class='ocrx_word' id='word_1_302' title='bbox 495 2385 675 2451; x_wconf 83' lang='lat' dir='ltr'><strong>bebat,</strong></span> <span class='ocrx_word' id='word_1_303' title='bbox 729 2387 1066 2460; x_wconf 86' lang='lat' dir='ltr'><strong>incomperta</strong></span> <span class='ocrx_word' id='word_1_304' title='bbox 1119 2389 1332 2445; x_wconf 88' lang='lat' dir='ltr'><strong>videtur</strong></span> <span class='ocrx_word' id='word_1_305' title='bbox 1357 2389 1521 2446; x_wconf 80' lang='lat' dir='ltr'><strong>fuisse</strong></span> <span class='ocrx_word' id='word_1_306' title='bbox 1543 2389 1742 2444; x_wconf 61' lang='lat' dir='ltr'><strong>War-cei</strong></span> <span class='ocrx_word' id='word_1_307' title='bbox 1783 2387 1968 2454; x_wconf 86' lang='lat' dir='ltr'><strong>editio,</strong></span> <span class='ocrx_word' id='word_1_308' title='bbox 1999 2388 2091 2458; x_wconf 91' lang='lat' dir='ltr'><strong>qui</strong></span> 
     </span>
    </p>
   </div>
   <div class='ocr_carea' id='block_1_41' title="bbox 497 2477 2090 2552">
    <p class='ocr_par' dir='ltr' id='par_1_41' title="bbox 497 2477 2090 2552">
     <span class='ocr_line' id='line_1_41' title="bbox 497 2477 2090 2552; baseline 0.004 -26"><span class='ocrx_word' id='word_1_309' title='bbox 497 2479 698 2546; x_wconf 80' lang='lat' dir='ltr'><strong>primus</strong></span> <span class='ocrx_word' id='word_1_310' title='bbox 739 2478 882 2535; x_wconf 85' lang='lat' dir='ltr'><strong>hunc</strong></span> <span class='ocrx_word' id='word_1_311' title='bbox 909 2480 1167 2552; x_wconf 81' lang='lat' dir='ltr'><strong>hymnum</strong></span> <span class='ocrx_word' id='word_1_312' title='bbox 1196 2482 1249 2535; x_wconf 90' lang='lat' dir='ltr'><strong>in</strong></span> <span class='ocrx_word' id='word_1_313' title='bbox 1281 2481 1453 2536; x_wconf 87' lang='lat' dir='ltr'><strong>lucem</strong></span> <span class='ocrx_word' id='word_1_314' title='bbox 1483 2480 1642 2535; x_wconf 90' lang='lat' dir='ltr'><strong>eruit.</strong></span> <span class='ocrx_word' id='word_1_315' title='bbox 1675 2477 1813 2546; x_wconf 86' lang='lat' dir='ltr'><strong>Quin</strong></span> <span class='ocrx_word' id='word_1_316' title='bbox 1843 2487 1900 2534; x_wconf 92' lang='lat' dir='ltr'><strong>et</strong></span> <span class='ocrx_word' id='word_1_317' title='bbox 1946 2478 2090 2532; x_wconf 87' lang='lat' dir='ltr'><strong>illam</strong></span> 
     </span>
    </p>
   </div>
   <div class='ocr_carea' id='block_1_42' title="bbox 496 2569 2094 2640">
    <p class='ocr_par' dir='ltr' id='par_1_42' title="bbox 496 2569 2094 2640">
     <span class='ocr_line' id='line_1_42' title="bbox 496 2569 2094 2640; baseline 0.002 -18"><span class='ocrx_word' id='word_1_318' title='bbox 496 2569 816 2639; x_wconf 58' lang='lat' dir='ltr'><strong>pm‘zeriisse</strong></span> <span class='ocrx_word' id='word_1_319' title='bbox 835 2571 1214 2628; x_wconf 88' lang='lat' dir='ltr'><strong>Bollandianos</strong></span> <span class='ocrx_word' id='word_1_320' title='bbox 1231 2587 1298 2628; x_wconf 83' lang='lat' dir='ltr'><strong>ex</strong></span> <span class='ocrx_word' id='word_1_321' title='bbox 1323 2588 1390 2628; x_wconf 91' lang='lat' dir='ltr'><strong>eo</strong></span> <span class='ocrx_word' id='word_1_322' title='bbox 1419 2571 1756 2640; x_wconf 89' lang='lat' dir='ltr'><strong>conjicimus,</strong></span> <span class='ocrx_word' id='word_1_323' title='bbox 1779 2571 1925 2640; x_wconf 82' lang='lat' dir='ltr'><strong>quod</strong></span> <span class='ocrx_word' id='word_1_324' title='bbox 1946 2586 2094 2625; x_wconf 87' lang='lat' dir='ltr'><strong>eum-</strong></span> 
     </span>
    </p>
   </div>
   <div class='ocr_carea' id='block_1_43' title="bbox 493 2659 2089 2731">
    <p class='ocr_par' dir='ltr' id='par_1_43' title="bbox 493 2659 2089 2731">
     <span class='ocr_line' id='line_1_43' title="bbox 493 2659 2089 2731; baseline 0.003 -20"><span class='ocrx_word' id='word_1_325' title='bbox 493 2661 613 2712; x_wconf 83' lang='lat' dir='ltr'><strong>dem</strong></span> <span class='ocrx_word' id='word_1_326' title='bbox 639 2659 896 2731; x_wconf 77' lang='lat' dir='ltr'><strong>hymnum</strong></span> <span class='ocrx_word' id='word_1_327' title='bbox 925 2663 1160 2718; x_wconf 88' lang='lat' dir='ltr'><strong>omisere</strong></span> <span class='ocrx_word' id='word_1_328' title='bbox 1183 2663 1326 2718; x_wconf 90' lang='lat' dir='ltr'><strong>inter</strong></span> <span class='ocrx_word' id='word_1_329' title='bbox 1361 2671 1482 2718; x_wconf 89' lang='lat' dir='ltr'><strong>acta</strong></span> <span class='ocrx_word' id='word_1_330' title='bbox 1513 2661 1572 2717; x_wconf 90' lang='lat' dir='ltr'><strong>S.</strong></span> <span class='ocrx_word' id='word_1_331' title='bbox 1606 2660 1824 2716; x_wconf 88' lang='lat' dir='ltr'><strong>Patricii</strong></span> <span class='ocrx_word' id='word_1_332' title='bbox 1854 2675 1973 2730; x_wconf 69' lang='lat' dir='ltr'><strong>qua:</strong></span> <span class='ocrx_word' id='word_1_333' title='bbox 2001 2659 2089 2716; x_wconf 79' lang='grc' dir='ltr'><strong>ῆι-</strong></span> 
     </span>
    </p>
   </div>
   <div class='ocr_carea' id='block_1_44' title="bbox 483 2749 2086 2824">
    <p class='ocr_par' dir='ltr' id='par_1_44' title="bbox 483 2749 2086 2824">
     <span class='ocr_line' id='line_1_44' title="bbox 483 2749 2086 2824; baseline 0.004 -24"><span class='ocrx_word' id='word_1_334' title='bbox 483 2749 702 2810; x_wconf 73' lang='lat' dir='ltr'><strong>sissime</strong></span> <span class='ocrx_word' id='word_1_335' title='bbox 733 2752 890 2806; x_wconf 89' lang='lat' dir='ltr'><strong>abiis</strong></span> <span class='ocrx_word' id='word_1_336' title='bbox 911 2753 1072 2809; x_wconf 80' lang='lat' dir='ltr'><strong>fuisse</strong></span> <span class='ocrx_word' id='word_1_337' title='bbox 1110 2753 1377 2824; x_wconf 88' lang='lat' dir='ltr'><strong>descripta</strong></span> <span class='ocrx_word' id='word_1_338' title='bbox 1407 2753 1789 2824; x_wconf 90' lang='lat' dir='ltr'><strong>comperimus.</strong></span> <span class='ocrx_word' id='word_1_339' title='bbox 1818 2750 2086 2806; x_wconf 61' lang='lat' dir='ltr'><strong>Caeterum</strong></span> 
     </span>
    </p>
   </div>
   <div class='ocr_carea' id='block_1_45' title="bbox 492 2841 2081 2918">
    <p class='ocr_par' dir='ltr' id='par_1_45' title="bbox 492 2841 2081 2918">
     <span class='ocr_line' id='line_1_45' title="bbox 492 2841 2081 2918; baseline 0.004 -23"><span class='ocrx_word' id='word_1_340' title='bbox 492 2842 558 2895; x_wconf 87' lang='lat' dir='ltr'><strong>de</strong></span> <span class='ocrx_word' id='word_1_341' title='bbox 599 2841 904 2900; x_wconf 87' lang='lat' dir='ltr'><strong>Secundino</strong></span> <span class='ocrx_word' id='word_1_342' title='bbox 957 2847 1216 2917; x_wconf 89' lang='lat' dir='ltr'><strong>episcopo</strong></span> <span class='ocrx_word' id='word_1_343' title='bbox 1266 2846 1489 2916; x_wconf 88' lang='lat' dir='ltr'><strong>hujusce</strong></span> <span class='ocrx_word' id='word_1_344' title='bbox 1534 2845 1717 2918; x_wconf 86' lang='lat' dir='ltr'><strong>hymni</strong></span> <span class='ocrx_word' id='word_1_345' title='bbox 1747 2852 1988 2908; x_wconf 88' lang='lat' dir='ltr'><strong>auctore,</strong></span> <span class='ocrx_word' id='word_1_346' title='bbox 2023 2850 2081 2902; x_wconf 83' lang='lat' dir='ltr'><strong>ut</strong></span> 
     </span>
    </p>
   </div>
   <div class='ocr_carea' id='block_1_46' title="bbox 564 3001 2067 3074">
    <p class='ocr_par' dir='ltr' id='par_1_46' title="bbox 564 3001 2067 3074">
     <span class='ocr_line' id='line_1_46' title="bbox 564 3001 2067 3074; baseline 0.001 -19"><span class='ocrx_word' id='word_1_347' title='bbox 564 3006 642 3074; x_wconf 73' lang='grc' dir='ltr'><strong>(ᾳ)</strong></span> <span class='ocrx_word' id='word_1_348' title='bbox 671 3001 862 3074; x_wconf 71' lang='grc' dir='ltr'><strong>Μαι-ηε.</strong></span> <span class='ocrx_word' id='word_1_349' title='bbox 899 3003 1100 3058; x_wconf 85' lang='lat' dir='ltr'><strong>Anecd.</strong></span> <span class='ocrx_word' id='word_1_350' title='bbox 1134 3003 1254 3074; x_wconf 80' lang='lat' dir='ltr'><strong>Lat.</strong></span> <span class='ocrx_word' id='word_1_351' title='bbox 1286 3001 1522 3070; x_wconf 88' lang='lat' dir='ltr'><strong>tom.IV,</strong></span> <span class='ocrx_word' id='word_1_352' title='bbox 1571 3007 1728 3074; x_wconf 75' lang='lat' dir='ltr'><strong>pagg.</strong></span> <span class='ocrx_word' id='word_1_353' title='bbox 1784 3001 1887 3054; x_wconf 77' lang='lat' dir='ltr'><strong>l56</strong></span> <span class='ocrx_word' id='word_1_354' title='bbox 1916 3015 2067 3070; x_wconf 85' lang='lat' dir='ltr'><strong>seqq.</strong></span> 
     </span>
    </p>
   </div>
   <div class='ocr_carea' id='block_1_47' title="bbox 565 3072 1219 3143">
    <p class='ocr_par' dir='ltr' id='par_1_47' title="bbox 565 3072 1219 3143">
     <span class='ocr_line' id='line_1_47' title="bbox 565 3072 1219 3143; baseline 0.009 -19"><span class='ocrx_word' id='word_1_355' title='bbox 565 3073 638 3142; x_wconf 83' lang='lat' dir='ltr'><strong>(b)</strong></span> <span class='ocrx_word' id='word_1_356' title='bbox 669 3072 746 3143; x_wconf 36' lang='lat' dir='ltr'><strong>Ill.</strong></span> <span class='ocrx_word' id='word_1_357' title='bbox 781 3075 910 3129; x_wconf 82' lang='lat' dir='ltr'><strong>ibid.</strong></span> <span class='ocrx_word' id='word_1_358' title='bbox 941 3088 1062 3143; x_wconf 78' lang='lat' dir='ltr'><strong>pag.</strong></span> <span class='ocrx_word' id='word_1_359' title='bbox 1095 3073 1219 3130; x_wconf 72' lang='grc'><strong>125.</strong></span> 
     </span>
    </p>
   </div>
   <div class='ocr_carea' id='block_1_48' title="bbox 566 3140 2082 3216">
    <p class='ocr_par' dir='ltr' id='par_1_48' title="bbox 566 3140 2082 3216">
     <span class='ocr_line' id='line_1_48' title="bbox 566 3140 2082 3216; baseline 0.001 -19"><span class='ocrx_word' id='word_1_360' title='bbox 566 3140 636 3208; x_wconf 76' lang='grc' dir='ltr'><strong>(ε)</strong></span> <span class='ocrx_word' id='word_1_361' title='bbox 671 3141 850 3200; x_wconf 85' lang='lat' dir='ltr'><strong>Usser.</strong></span> <span class='ocrx_word' id='word_1_362' title='bbox 899 3140 1141 3200; x_wconf 78' lang='lat' dir='ltr'><strong>Bi-itann.</strong></span> <span class='ocrx_word' id='word_1_363' title='bbox 1177 3145 1394 3216; x_wconf 86' lang='lat' dir='ltr'><strong>Antiqq.</strong></span> <span class='ocrx_word' id='word_1_364' title='bbox 1425 3159 1545 3214; x_wconf 86' lang='lat' dir='ltr'><strong>cap.</strong></span> <span class='ocrx_word' id='word_1_365' title='bbox 1597 3142 1664 3196; x_wconf 83' lang='lat' dir='ltr'><strong>l7</strong></span> <span class='ocrx_word' id='word_1_366' title='bbox 1703 3157 1860 3215; x_wconf 86' lang='lat' dir='ltr'><strong>pagg.</strong></span> <span class='ocrx_word' id='word_1_367' title='bbox 1893 3140 1996 3196; x_wconf 67' lang='grc'><strong>425</strong></span> <span class='ocrx_word' id='word_1_368' title='bbox 2024 3149 2082 3198; x_wconf 87' lang='lat' dir='ltr'><strong>et</strong></span> 
     </span>
    </p>
   </div>
   <div class='ocr_carea' id='block_1_49' title="bbox 485 3229 641 3284">
    <p class='ocr_par' dir='ltr' id='par_1_49' title="bbox 485 3229 641 3284">
     <span class='ocr_line' id='line_1_49' title="bbox 485 3229 641 3284; baseline 0.019 -17"><span class='ocrx_word' id='word_1_369' title='bbox 485 3229 641 3284; x_wconf 73' lang='lat' dir='ltr'><strong>seqq.</strong></span> 
     </span>
    </p>
   </div>
   <div class='ocr_carea' id='block_1_50' title="bbox 1655 3353 1939 3360">
    <p class='ocr_par' dir='ltr' id='par_1_50' title="bbox 1655 3353 1939 3360">
     <span class='ocr_line' id='line_1_50' title="bbox 1655 3353 1939 3360; baseline -0.004 0"><span class='ocrx_word' id='word_1_370' title='bbox 1655 3353 1939 3360; x_wconf 76' lang='lat'><strong>_-——_———-——</strong></span> 
     </span>
    </p>
   </div>
   <div class='ocr_carea' id='block_1_51' title="bbox 495 3353 1652 3361">
    <p class='ocr_par' dir='ltr' id='par_1_51' title="bbox 495 3353 1652 3361">
     <span class='ocr_line' id='line_1_51' title="bbox 495 3353 1652 3361; baseline 0.001 -2"><span class='ocrx_word' id='word_1_371' title='bbox 495 3353 710 3361; x_wconf 44' lang='grc' dir='ltr'><strong>...κε-.-αρ-</strong></span> <span class='ocrx_word' id='word_1_372' title='bbox 727 3356 789 3361; x_wconf 61' lang='lat'><strong>._._..</strong></span> <span class='ocrx_word' id='word_1_373' title='bbox 829 3355 916 3361; x_wconf 72' lang='lat'><strong>-_.__.</strong></span> <span class='ocrx_word' id='word_1_374' title='bbox 948 3357 967 3360; x_wconf 79' lang='lat'>_</span> <span class='ocrx_word' id='word_1_375' title='bbox 988 3354 1058 3359; x_wconf 63' lang='grc' dir='ltr'><strong>..ο-</strong></span> <span class='ocrx_word' id='word_1_376' title='bbox 1083 3354 1136 3359; x_wconf 73' lang='grc'><strong>..-.</strong></span> <span class='ocrx_word' id='word_1_377' title='bbox 1150 3354 1312 3361; x_wconf 59' lang='lat'><strong>—--._.-</strong></span> <span class='ocrx_word' id='word_1_378' title='bbox 1337 3353 1652 3360; x_wconf 68' lang='lat'><strong>——._._._._____—-</strong></span> 
     </span>
    </p>
   </div>
   <div class='ocr_carea' id='block_1_52' title="bbox 2195 1829 3736 1904">
    <p class='ocr_par' dir='ltr' id='par_1_52' title="bbox 2195 1829 3736 1904">
     <span class='ocr_line' id='line_1_52' title="bbox 2195 1829 3736 1904; baseline 0.004 -20"><span class='ocrx_word' id='word_1_379' title='bbox 2195 1846 2320 1884; x_wconf 74' lang='lat' dir='ltr'><strong>cere</strong></span> <span class='ocrx_word' id='word_1_380' title='bbox 2347 1829 2726 1902; x_wconf 68' lang='lat' dir='ltr'><strong>disponis,_fac</strong></span> <span class='ocrx_word' id='word_1_381' title='bbox 2753 1833 2934 1897; x_wconf 86' lang='lat' dir='ltr'><strong>citius,</strong></span> <span class='ocrx_word' id='word_1_382' title='bbox 2979 1834 3106 1904; x_wconf 88' lang='lat' dir='ltr'><strong>quia</strong></span> <span class='ocrx_word' id='word_1_383' title='bbox 3127 1851 3276 1890; x_wconf 89' lang='lat' dir='ltr'><strong>mors</strong></span> <span class='ocrx_word' id='word_1_384' title='bbox 3325 1837 3417 1890; x_wconf 89' lang='lat' dir='ltr'><strong>tibi</strong></span> <span class='ocrx_word' id='word_1_385' title='bbox 3449 1837 3592 1891; x_wconf 74' lang='lat' dir='ltr'><strong>adest</strong></span> <span class='ocrx_word' id='word_1_386' title='bbox 3616 1838 3657 1890; x_wconf 90' lang='lat' dir='ltr'><strong>in</strong></span> <span class='ocrx_word' id='word_1_387' title='bbox 3671 1839 3736 1904; x_wconf 84' lang='lat' dir='ltr'><strong>ja-</strong></span> 
     </span>
    </p>
   </div>
   <div class='ocr_carea' id='block_1_53' title="bbox 2195 1921 3736 1997">
    <p class='ocr_par' dir='ltr' id='par_1_53' title="bbox 2195 1921 3736 1997">
     <span class='ocr_line' id='line_1_53' title="bbox 2195 1921 3736 1997; baseline 0.004 -21"><span class='ocrx_word' id='word_1_388' title='bbox 2195 1921 2314 1977; x_wconf 90' lang='lat' dir='ltr'><strong>nuis</strong></span> <span class='ocrx_word' id='word_1_389' title='bbox 2347 1923 2622 1978; x_wconf 76' lang='lat' dir='ltr'><strong>:omaiuln</strong></span> <span class='ocrx_word' id='word_1_390' title='bbox 2647 1924 2789 1980; x_wconf 85' lang='lat' dir='ltr'><strong>enim</strong></span> <span class='ocrx_word' id='word_1_391' title='bbox 2817 1925 3197 1997; x_wconf 88' lang='lat' dir='ltr'><strong>episcoporum</strong></span> <span class='ocrx_word' id='word_1_392' title='bbox 3245 1929 3340 1997; x_wconf 92' lang='lat' dir='ltr'><strong>qui</strong></span> <span class='ocrx_word' id='word_1_393' title='bbox 3368 1929 3560 1984; x_wconf 88' lang='lat' dir='ltr'><strong>suntin</strong></span> <span class='ocrx_word' id='word_1_394' title='bbox 3586 1927 3736 1982; x_wconf 80' lang='lat' dir='ltr'><strong>[liber-</strong></span> 
     </span>
    </p>
   </div>
   <div class='ocr_carea' id='block_1_54' title="bbox 2197 2014 3736 2094">
    <p class='ocr_par' dir='ltr' id='par_1_54' title="bbox 2197 2014 3736 2094">
     <span class='ocr_line' id='line_1_54' title="bbox 2197 2014 3736 2094; baseline 0.003 -26"><span class='ocrx_word' id='word_1_395' title='bbox 2197 2015 2282 2068; x_wconf 85' lang='lat' dir='ltr'><strong>nia</strong></span> <span class='ocrx_word' id='word_1_396' title='bbox 2319 2014 2386 2070; x_wconf 88' lang='lat' dir='ltr'><strong>de</strong></span> <span class='ocrx_word' id='word_1_397' title='bbox 2420 2016 2620 2072; x_wconf 71' lang='grc' dir='ltr'><strong>δωευιο</strong></span> <span class='ocrx_word' id='word_1_398' title='bbox 2667 2017 2871 2086; x_wconf 88' lang='lat' dir='ltr'><strong>primus</strong></span> <span class='ocrx_word' id='word_1_399' title='bbox 2914 2019 3184 2088; x_wconf 85' lang='lat' dir='ltr'><strong>migrahis.</strong></span> <span class='ocrx_word' id='word_1_400' title='bbox 3220 2020 3488 2094; x_wconf 84' lang='lat' dir='ltr'><strong>Hymnum</strong></span> <span class='ocrx_word' id='word_1_401' title='bbox 3530 2021 3668 2090; x_wconf 81' lang='lat' dir='ltr'><strong>igitur</strong></span> <span class='ocrx_word' id='word_1_402' title='bbox 3699 2020 3736 2074; x_wconf 91' lang='lat' dir='ltr'><strong>in</strong></span> 
     </span>
    </p>
   </div>
   <div class='ocr_carea' id='block_1_55' title="bbox 2196 2105 3737 2182">
    <p class='ocr_par' dir='ltr' id='par_1_55' title="bbox 2196 2105 3737 2182">
     <span class='ocr_line' id='line_1_55' title="bbox 2196 2105 3737 2182; baseline 0.004 -24"><span class='ocrx_word' id='word_1_403' title='bbox 2196 2105 2404 2162; x_wconf 65' lang='lat' dir='ltr'><strong>laudem</strong></span> <span class='ocrx_word' id='word_1_404' title='bbox 2435 2107 2606 2162; x_wconf 80' lang='lat' dir='ltr'><strong>Sancti</strong></span> <span class='ocrx_word' id='word_1_405' title='bbox 2653 2105 2872 2164; x_wconf 90' lang='lat' dir='ltr'><strong>Patricii</strong></span> <span class='ocrx_word' id='word_1_406' title='bbox 2912 2111 3248 2182; x_wconf 89' lang='lat' dir='ltr'><strong>composuit;</strong></span> <span class='ocrx_word' id='word_1_407' title='bbox 3291 2121 3348 2166; x_wconf 91' lang='lat' dir='ltr'><strong>et</strong></span> <span class='ocrx_word' id='word_1_408' title='bbox 3388 2112 3564 2182; x_wconf 86' lang='lat' dir='ltr'><strong>paucis</strong></span> <span class='ocrx_word' id='word_1_409' title='bbox 3589 2121 3737 2181; x_wconf 80' lang='lat' dir='ltr'><strong>postea</strong></span> 
     </span>
    </p>
   </div>
   <div class='ocr_carea' id='block_1_56' title="bbox 2193 2199 3738 2271">
    <p class='ocr_par' dir='ltr' id='par_1_56' title="bbox 2193 2199 3738 2271">
     <span class='ocr_line' id='line_1_56' title="bbox 2193 2199 3738 2271; baseline 0.003 -18"><span class='ocrx_word' id='word_1_410' title='bbox 2193 2199 2382 2254; x_wconf 84' lang='lat' dir='ltr'><strong>diebus</strong></span> <span class='ocrx_word' id='word_1_411' title='bbox 2429 2201 2648 2271; x_wconf 84' lang='lat' dir='ltr'><strong>elapsis,</strong></span> <span class='ocrx_word' id='word_1_412' title='bbox 2683 2201 2836 2270; x_wconf 86' lang='lat' dir='ltr'><strong>juxta</strong></span> <span class='ocrx_word' id='word_1_413' title='bbox 2889 2203 3112 2258; x_wconf 84' lang='lat' dir='ltr'><strong>verbum</strong></span> <span class='ocrx_word' id='word_1_414' title='bbox 3142 2205 3314 2260; x_wconf 88' lang='lat' dir='ltr'><strong>sancti</strong></span> <span class='ocrx_word' id='word_1_415' title='bbox 3373 2203 3582 2260; x_wconf 87' lang='lat' dir='ltr'><strong>Patricii</strong></span> <span class='ocrx_word' id='word_1_416' title='bbox 3628 2203 3738 2258; x_wconf 83' lang='lat' dir='ltr'><strong>diem</strong></span> 
     </span>
    </p>
   </div>
   <div class='ocr_carea' id='block_1_57' title="bbox 2197 2291 3736 2364">
    <p class='ocr_par' dir='ltr' id='par_1_57' title="bbox 2197 2291 3736 2364">
     <span class='ocr_line' id='line_1_57' title="bbox 2197 2291 3736 2364; baseline 0.002 -20"><span class='ocrx_word' id='word_1_417' title='bbox 2197 2291 2438 2346; x_wconf 85' lang='lat' dir='ltr'><strong>ultimum</strong></span> <span class='ocrx_word' id='word_1_418' title='bbox 2463 2293 2654 2348; x_wconf 89' lang='lat' dir='ltr'><strong>clausit</strong></span> <span class='ocrx_word' id='word_1_419' title='bbox 2686 2311 2699 2345; x_wconf 87' lang='lat'><strong>:</strong></span> <span class='ocrx_word' id='word_1_420' title='bbox 2731 2293 3083 2364; x_wconf 89' lang='lat' dir='ltr'><strong>sepultusque</strong></span> <span class='ocrx_word' id='word_1_421' title='bbox 3127 2294 3178 2348; x_wconf 89' lang='lat' dir='ltr'><strong>in</strong></span> <span class='ocrx_word' id='word_1_422' title='bbox 3209 2295 3439 2351; x_wconf 88' lang='lat' dir='ltr'><strong>ecclesia</strong></span> <span class='ocrx_word' id='word_1_423' title='bbox 3482 2295 3612 2351; x_wconf 88' lang='lat' dir='ltr'><strong>sedis</strong></span> <span class='ocrx_word' id='word_1_424' title='bbox 3636 2310 3736 2354; x_wconf 69' lang='lat' dir='ltr'><strong>sum.</strong></span> 
     </span>
    </p>
   </div>
   <div class='ocr_carea' id='block_1_58' title="bbox 2195 2384 3739 2452">
    <p class='ocr_par' dir='ltr' id='par_1_58' title="bbox 2195 2384 3739 2452">
     <span class='ocr_line' id='line_1_58' title="bbox 2195 2384 3739 2452; baseline 0 -14"><span class='ocrx_word' id='word_1_425' title='bbox 2195 2385 2248 2438; x_wconf 89' lang='lat' dir='ltr'><strong>in</strong></span> <span class='ocrx_word' id='word_1_426' title='bbox 2279 2384 2400 2438; x_wconf 90' lang='lat' dir='ltr'><strong>loco</strong></span> <span class='ocrx_word' id='word_1_427' title='bbox 2421 2384 2512 2452; x_wconf 91' lang='lat' dir='ltr'><strong>qui</strong></span> <span class='ocrx_word' id='word_1_428' title='bbox 2535 2392 2759 2440; x_wconf 80' lang='lat' dir='ltr'><strong>vocatur</strong></span> <span class='ocrx_word' id='word_1_429' title='bbox 2775 2384 3471 2452; x_wconf 86' lang='lat' dir='ltr'><strong>Domhnach-Seachlainn,</strong></span> <span class='ocrx_word' id='word_1_430' title='bbox 3500 2386 3678 2441; x_wconf 88' lang='lat' dir='ltr'><strong>crebris</strong></span> <span class='ocrx_word' id='word_1_431' title='bbox 3696 2400 3739 2440; x_wconf 78' lang='lat' dir='ltr'><strong>se</strong></span> 
     </span>
    </p>
   </div>
   <div class='ocr_carea' id='block_1_59' title="bbox 2195 2472 3740 2547">
    <p class='ocr_par' dir='ltr' id='par_1_59' title="bbox 2195 2472 3740 2547">
     <span class='ocr_line' id='line_1_59' title="bbox 2195 2472 3740 2547; baseline 0.001 -21"><span class='ocrx_word' id='word_1_432' title='bbox 2195 2472 2466 2528; x_wconf 87' lang='lat' dir='ltr'><strong>miraculis</strong></span> <span class='ocrx_word' id='word_1_433' title='bbox 2493 2488 2613 2527; x_wconf 89' lang='lat' dir='ltr'><strong>cum</strong></span> <span class='ocrx_word' id='word_1_434' title='bbox 2634 2474 2852 2528; x_wconf 75' lang='lat' dir='ltr'><strong>Christo</strong></span> <span class='ocrx_word' id='word_1_435' title='bbox 2881 2475 3063 2530; x_wconf 84' lang='lat' dir='ltr'><strong>vivere</strong></span> <span class='ocrx_word' id='word_1_436' title='bbox 3106 2475 3366 2531; x_wconf 88' lang='lat' dir='ltr'><strong>ostendit.</strong></span> <span class='ocrx_word' id='word_1_437' title='bbox 3399 2474 3648 2547; x_wconf 77' lang='lat' dir='ltr'><strong>llymnutn</strong></span> <span class='ocrx_word' id='word_1_438' title='bbox 3671 2490 3740 2528; x_wconf 84' lang='lat' dir='ltr'><strong>au-</strong></span> 
     </span>
    </p>
   </div>
   <div class='ocr_carea' id='block_1_60' title="bbox 2195 2563 3739 2638">
    <p class='ocr_par' dir='ltr' id='par_1_60' title="bbox 2195 2563 3739 2638">
     <span class='ocr_line' id='line_1_60' title="bbox 2195 2563 3739 2638; baseline -0.001 -20"><span class='ocrx_word' id='word_1_439' title='bbox 2195 2573 2303 2618; x_wconf 89' lang='lat' dir='ltr'><strong>tem</strong></span> <span class='ocrx_word' id='word_1_440' title='bbox 2332 2563 2482 2618; x_wconf 91' lang='lat' dir='ltr'><strong>illum</strong></span> <span class='ocrx_word' id='word_1_441' title='bbox 2512 2563 2783 2620; x_wconf 81' lang='lat' dir='ltr'><strong>llibernici</strong></span> <span class='ocrx_word' id='word_1_442' title='bbox 2831 2564 3016 2635; x_wconf 87' lang='lat' dir='ltr'><strong>plures</strong></span> <span class='ocrx_word' id='word_1_443' title='bbox 3041 2576 3403 2622; x_wconf 91' lang='lat' dir='ltr'><strong>consuescunt</strong></span> <span class='ocrx_word' id='word_1_444' title='bbox 3431 2565 3650 2638; x_wconf 82' lang='lat' dir='ltr'><strong>quotidie</strong></span> <span class='ocrx_word' id='word_1_445' title='bbox 3669 2578 3739 2618; x_wconf 70' lang='lat' dir='ltr'><strong>ei-</strong></span> 
     </span>
    </p>
   </div>
   <div class='ocr_carea' id='block_1_61' title="bbox 2196 2654 3738 2726">
    <p class='ocr_par' dir='ltr' id='par_1_61' title="bbox 2196 2654 3738 2726">
     <span class='ocr_line' id='line_1_61' title="bbox 2196 2654 3738 2726; baseline 0.001 -19"><span class='ocrx_word' id='word_1_446' title='bbox 2196 2669 2344 2720; x_wconf 88' lang='lat' dir='ltr'><strong>nere,</strong></span> <span class='ocrx_word' id='word_1_447' title='bbox 2375 2669 2438 2710; x_wconf 89' lang='lat' dir='ltr'><strong>ac</strong></span> <span class='ocrx_word' id='word_1_448' title='bbox 2465 2654 2636 2709; x_wconf 86' lang='lat' dir='ltr'><strong>multa</strong></span> <span class='ocrx_word' id='word_1_449' title='bbox 2663 2667 2964 2726; x_wconf 84' lang='lat' dir='ltr'><strong>magnaque</strong></span> <span class='ocrx_word' id='word_1_450' title='bbox 2991 2656 3256 2711; x_wconf 86' lang='lat' dir='ltr'><strong>mirabilia</strong></span> <span class='ocrx_word' id='word_1_451' title='bbox 3286 2673 3357 2712; x_wconf 88' lang='lat' dir='ltr'><strong>ex</strong></span> <span class='ocrx_word' id='word_1_452' title='bbox 3389 2657 3502 2726; x_wconf 85' lang='lat' dir='ltr'><strong>ejus</strong></span> <span class='ocrx_word' id='word_1_453' title='bbox 3529 2655 3738 2726; x_wconf 84' lang='lat' dir='ltr'><strong>frequen-</strong></span> 
     </span>
    </p>
   </div>
   <div class='ocr_carea' id='block_1_62' title="bbox 2192 2747 3597 2808">
    <p class='ocr_par' dir='ltr' id='par_1_62' title="bbox 2192 2747 3597 2808">
     <span class='ocr_line' id='line_1_62' title="bbox 2192 2747 3597 2808; baseline 0.001 -4"><span class='ocrx_word' id='word_1_454' title='bbox 2192 2749 2396 2804; x_wconf 82' lang='lat' dir='ltr'><strong>tatione</strong></span> <span class='ocrx_word' id='word_1_455' title='bbox 2416 2755 2638 2802; x_wconf 84' lang='lat' dir='ltr'><strong>narrant</strong></span> <span class='ocrx_word' id='word_1_456' title='bbox 2665 2749 2928 2808; x_wconf 73' lang='lat' dir='ltr'><strong>evenisse.</strong></span> <span class='ocrx_word' id='word_1_457' title='bbox 2962 2768 2980 2801; x_wconf 72' lang='grc' dir='ltr'><strong><em>ι</em></strong></span> <span class='ocrx_word' id='word_1_458' title='bbox 3017 2747 3293 2806; x_wconf 82' lang='lat' dir='ltr'><strong>Hactenus</strong></span> <span class='ocrx_word' id='word_1_459' title='bbox 3318 2747 3597 2808; x_wconf 83' lang='lat' dir='ltr'><strong>Jocelinus.</strong></span> 
     </span>
    </p>
   </div>
   <div class='ocr_carea' id='block_1_63' title="bbox 2257 2991 3734 3070">
    <p class='ocr_par' dir='ltr' id='par_1_63' title="bbox 2257 2991 3734 3070">
     <span class='ocr_line' id='line_1_63' title="bbox 2257 2991 3734 3070; baseline 0.006 -20"><span class='ocrx_word' id='word_1_460' title='bbox 2257 2997 2334 3068; x_wconf 78' lang='grc' dir='ltr'><strong>(ά)</strong></span> <span class='ocrx_word' id='word_1_461' title='bbox 2364 2995 2536 3070; x_wconf 71' lang='lat' dir='ltr'><strong>Jocel.</strong></span> <span class='ocrx_word' id='word_1_462' title='bbox 2571 2997 2607 3052; x_wconf 92' lang='lat' dir='ltr'><strong>l.</strong></span> <span class='ocrx_word' id='word_1_463' title='bbox 2651 3013 2854 3070; x_wconf 9' lang='lat' dir='ltr'><strong>carrap.</strong></span> <span class='ocrx_word' id='word_1_464' title='bbox 2909 2997 3011 3051; x_wconf 79' lang='grc'><strong>177</strong></span> <span class='ocrx_word' id='word_1_465' title='bbox 3051 2996 3192 3068; x_wconf 91' lang='lat' dir='ltr'><strong>apud</strong></span> <span class='ocrx_word' id='word_1_466' title='bbox 3231 2996 3482 3054; x_wconf 83' lang='lat' dir='ltr'><strong>Bolland.</strong></span> <span class='ocrx_word' id='word_1_467' title='bbox 3527 3010 3635 3069; x_wconf 83' lang='lat' dir='ltr'><strong>cap.</strong></span> <span class='ocrx_word' id='word_1_468' title='bbox 3659 2991 3734 3059; x_wconf 76' lang='grc'><strong>18.</strong></span> 
     </span>
    </p>
   </div>
   <div class='ocr_carea' id='block_1_64' title="bbox 2181 3064 2782 3138">
    <p class='ocr_par' dir='ltr' id='par_1_64' title="bbox 2181 3064 2782 3138">
     <span class='ocr_line' id='line_1_64' title="bbox 2181 3064 2782 3138; baseline -0.005 -15"><span class='ocrx_word' id='word_1_469' title='bbox 2181 3064 2329 3124; x_wconf 80' lang='lat' dir='ltr'><strong>nam.</strong></span> <span class='ocrx_word' id='word_1_470' title='bbox 2358 3068 2479 3136; x_wconf 74' lang='lat' dir='ltr'><strong>HS,</strong></span> <span class='ocrx_word' id='word_1_471' title='bbox 2503 3082 2622 3138; x_wconf 81' lang='lat' dir='ltr'><strong>pag.</strong></span> <span class='ocrx_word' id='word_1_472' title='bbox 2656 3064 2782 3122; x_wconf 81' lang='lat'><strong>576.</strong></span> 
     </span>
    </p>
   </div>
   <div class='ocr_carea' id='block_1_65' title="bbox 2253 3138 2847 3212">
    <p class='ocr_par' dir='ltr' id='par_1_65' title="bbox 2253 3138 2847 3212">
     <span class='ocr_line' id='line_1_65' title="bbox 2253 3138 2847 3212; baseline 0 -18"><span class='ocrx_word' id='word_1_473' title='bbox 2253 3141 2324 3212; x_wconf 78' lang='grc' dir='ltr'><strong>(ε)</strong></span> <span class='ocrx_word' id='word_1_474' title='bbox 2350 3138 2516 3212; x_wconf 54' lang='lat' dir='ltr'><strong>ﬂecti.</strong></span> <span class='ocrx_word' id='word_1_475' title='bbox 2541 3143 2726 3212; x_wconf 47' lang='lat' dir='ltr'><strong>xxxix,</strong></span> <span class='ocrx_word' id='word_1_476' title='bbox 2760 3138 2847 3195; x_wconf 74' lang='grc'><strong>14.</strong></span> 
     </span>
    </p>
   </div>
   <div class='ocr_carea' id='block_1_66' title="bbox 2253 3207 2710 3282">
    <p class='ocr_par' dir='ltr' id='par_1_66' title="bbox 2253 3207 2710 3282">
     <span class='ocr_line' id='line_1_66' title="bbox 2253 3207 2710 3282; baseline 0.011 -21"><span class='ocrx_word' id='word_1_477' title='bbox 2253 3207 2328 3282; x_wconf 65' lang='grc' dir='ltr'><strong>(ι’)</strong></span> <span class='ocrx_word' id='word_1_478' title='bbox 2357 3207 2494 3265; x_wconf 88' lang='lat' dir='ltr'><strong>Ibid.</strong></span> <span class='ocrx_word' id='word_1_479' title='bbox 2520 3225 2590 3277; x_wconf 64' lang='grc' dir='ltr'><strong>χι,</strong></span> <span class='ocrx_word' id='word_1_480' title='bbox 2623 3207 2710 3266; x_wconf 80' lang='lat'><strong>50.</strong></span> 
     </span>
    </p>
   </div>
   <div class='ocr_carea' id='block_1_67' title="bbox 795 3431 3484 3502">
    <p class='ocr_par' dir='ltr' id='par_1_67' title="bbox 795 3431 3484 3502">
     <span class='ocr_line' id='line_1_67' title="bbox 795 3431 3484 3502; baseline -0.001 -1"><span class='ocrx_word' id='word_1_481' title='bbox 795 3436 1414 3502; x_wconf 80' lang='lat' dir='ltr'><strong>SCHOENEMANNI</strong></span> <span class='ocrx_word' id='word_1_482' title='bbox 1443 3436 1773 3499; x_wconf 77' lang='lat' dir='ltr'><strong>NOTITIA</strong></span> <span class='ocrx_word' id='word_1_483' title='bbox 1813 3431 2250 3496; x_wconf 67' lang='lat' dir='ltr'><strong>HlSTOlllCO</strong></span> <span class='ocrx_word' id='word_1_484' title='bbox 2268 3431 2786 3494; x_wconf 75' lang='lat' dir='ltr'><strong>-LlTTERARlA</strong></span> <span class='ocrx_word' id='word_1_485' title='bbox 2820 3433 2902 3494; x_wconf 89' lang='lat' dir='ltr'><strong>IN</strong></span> <span class='ocrx_word' id='word_1_486' title='bbox 2929 3431 2990 3494; x_wconf 89' lang='lat' dir='ltr'><strong>S.</strong></span> <span class='ocrx_word' id='word_1_487' title='bbox 3025 3435 3484 3500; x_wconf 78' lang='lat' dir='ltr'><strong>PATRICIUM.</strong></span> 
     </span>
    </p>
   </div>
   <div class='ocr_carea' id='block_1_68' title="bbox 1573 3561 2684 3627">
    <p class='ocr_par' dir='ltr' id='par_1_68' title="bbox 1573 3561 2684 3627">
     <span class='ocr_line' id='line_1_68' title="bbox 1573 3561 2684 3627; baseline -0.008 -7"><span class='ocrx_word' id='word_1_488' title='bbox 1573 3563 1828 3627; x_wconf 79' lang='lat' dir='ltr'><strong>(Biblioth.</strong></span> <span class='ocrx_word' id='word_1_489' title='bbox 1849 3568 1962 3618; x_wconf 80' lang='lat' dir='ltr'><strong>hist.</strong></span> <span class='ocrx_word' id='word_1_490' title='bbox 1985 3565 2078 3616; x_wconf 87' lang='lat' dir='ltr'><strong>litt.</strong></span> <span class='ocrx_word' id='word_1_491' title='bbox 2101 3564 2301 3616; x_wconf 83' lang='lat' dir='ltr'><strong>Palmm</strong></span> <span class='ocrx_word' id='word_1_492' title='bbox 2332 3561 2436 3615; x_wconf 89' lang='lat' dir='ltr'><strong>Lat.</strong></span> <span class='ocrx_word' id='word_1_493' title='bbox 2457 3568 2570 3613; x_wconf 89' lang='lat' dir='ltr'><strong>tom.</strong></span> <span class='ocrx_word' id='word_1_494' title='bbox 2595 3562 2684 3625; x_wconf 87' lang='lat' dir='ltr'><strong>ll.)</strong></span> 
     </span>
    </p>
   </div>
   <div class='ocr_carea' id='block_1_69' title="bbox 1130 3671 1424 3744">
    <p class='ocr_par' dir='ltr' id='par_1_69' title="bbox 1130 3671 1424 3744">
     <span class='ocr_line' id='line_1_69' title="bbox 1130 3671 1424 3744; baseline 0 -18"><span class='ocrx_word' id='word_1_495' title='bbox 1130 3671 1160 3744; x_wconf 84' lang='lat'><strong>§</strong></span> <span class='ocrx_word' id='word_1_496' title='bbox 1199 3672 1241 3726; x_wconf 86' lang='grc' dir='ltr'><strong>Ι.</strong></span> <span class='ocrx_word' id='word_1_497' title='bbox 1283 3671 1424 3727; x_wconf 75' lang='lat' dir='ltr'><strong>Vita.</strong></span> 
     </span>
    </p>
   </div>
   <div class='ocr_carea' id='block_1_70' title="bbox 561 3849 2077 3920">
    <p class='ocr_par' dir='ltr' id='par_1_70' title="bbox 561 3849 2077 3920">
     <span class='ocr_line' id='line_1_70' title="bbox 561 3849 2077 3920; baseline -0.001 -16"><span class='ocrx_word' id='word_1_498' title='bbox 561 3849 821 3906; x_wconf 85' lang='lat' dir='ltr'><strong>Patricius</strong></span> <span class='ocrx_word' id='word_1_499' title='bbox 849 3849 1066 3906; x_wconf 90' lang='lat' dir='ltr'><strong>natione</strong></span> <span class='ocrx_word' id='word_1_500' title='bbox 1093 3850 1402 3918; x_wconf 82' lang='lat' dir='ltr'><strong>Britannus,</strong></span> <span class='ocrx_word' id='word_1_501' title='bbox 1425 3850 1644 3905; x_wconf 91' lang='lat' dir='ltr'><strong>nomine</strong></span> <span class='ocrx_word' id='word_1_502' title='bbox 1667 3849 1842 3920; x_wconf 89' lang='lat' dir='ltr'><strong>patrio</strong></span> <span class='ocrx_word' id='word_1_503' title='bbox 1864 3849 2077 3914; x_wconf 84' lang='lat' dir='ltr'><strong>Succat,</strong></span> 
     </span>
    </p>
   </div>
   <div class='ocr_carea' id='block_1_71' title="bbox 491 3940 2081 4012">
    <p class='ocr_par' dir='ltr' id='par_1_71' title="bbox 491 3940 2081 4012">
     <span class='ocr_line' id='line_1_71' title="bbox 491 3940 2081 4012; baseline 0.001 -18"><span class='ocrx_word' id='word_1_504' title='bbox 491 3951 648 4010; x_wconf 82' lang='lat' dir='ltr'><strong>natus</strong></span> <span class='ocrx_word' id='word_1_505' title='bbox 671 3942 722 3996; x_wconf 92' lang='lat' dir='ltr'><strong>in</strong></span> <span class='ocrx_word' id='word_1_506' title='bbox 745 3941 945 4011; x_wconf 88' lang='lat' dir='ltr'><strong>oppido</strong></span> <span class='ocrx_word' id='word_1_507' title='bbox 967 3940 1248 4009; x_wconf 87' lang='lat' dir='ltr'><strong>Ncmthur,</strong></span> <span class='ocrx_word' id='word_1_508' title='bbox 1267 3942 1426 3998; x_wconf 88' lang='lat' dir='ltr'><strong>hodie</strong></span> <span class='ocrx_word' id='word_1_509' title='bbox 1453 3940 1796 4012; x_wconf 75' lang='lat' dir='ltr'><strong>Kirkpatrick</strong></span> <span class='ocrx_word' id='word_1_510' title='bbox 1822 3940 1962 3994; x_wconf 88' lang='lat' dir='ltr'><strong>inter</strong></span> <span class='ocrx_word' id='word_1_511' title='bbox 1981 3941 2081 3995; x_wconf 82' lang='lat' dir='ltr'><strong>fre-</strong></span> 
     </span>
    </p>
   </div>
   <div class='ocr_carea' id='block_1_72' title="bbox 491 4030 2077 4102">
    <p class='ocr_par' dir='ltr' id='par_1_72' title="bbox 491 4030 2077 4102">
     <span class='ocr_line' id='line_1_72' title="bbox 491 4030 2077 4102; baseline 0.003 -19"><span class='ocrx_word' id='word_1_512' title='bbox 491 4041 601 4084; x_wconf 87' lang='lat' dir='ltr'><strong>tum</strong></span> <span class='ocrx_word' id='word_1_513' title='bbox 631 4030 1020 4086; x_wconf 69' lang='lat' dir='ltr'><strong>Dumbrittonze</strong></span> <span class='ocrx_word' id='word_1_514' title='bbox 1049 4039 1103 4086; x_wconf 92' lang='lat' dir='ltr'><strong>et</strong></span> <span class='ocrx_word' id='word_1_515' title='bbox 1131 4031 1319 4086; x_wconf 89' lang='lat' dir='ltr'><strong>urbem</strong></span> <span class='ocrx_word' id='word_1_516' title='bbox 1353 4030 1743 4102; x_wconf 84' lang='lat' dir='ltr'><strong>Glasguensem</strong></span> <span class='ocrx_word' id='word_1_517' title='bbox 1773 4031 1898 4094; x_wconf 89' lang='lat' dir='ltr'><strong>sito,</strong></span> <span class='ocrx_word' id='word_1_518' title='bbox 1935 4032 2077 4087; x_wconf 88' lang='lat' dir='ltr'><strong>circa</strong></span> 
     </span>
    </p>
   </div>
   <div class='ocr_carea' id='block_1_73' title="bbox 491 4123 2075 4195">
    <p class='ocr_par' dir='ltr' id='par_1_73' title="bbox 491 4123 2075 4195">
     <span class='ocr_line' id='line_1_73' title="bbox 491 4123 2075 4195; baseline 0.001 -17"><span class='ocrx_word' id='word_1_519' title='bbox 491 4141 686 4192; x_wconf 72' lang='lat' dir='ltr'><strong>annum</strong></span> <span class='ocrx_word' id='word_1_520' title='bbox 721 4124 844 4188; x_wconf 78' lang='lat' dir='ltr'><strong>37l,</strong></span> <span class='ocrx_word' id='word_1_521' title='bbox 875 4133 1029 4195; x_wconf 87' lang='lat' dir='ltr'><strong>patre</strong></span> <span class='ocrx_word' id='word_1_522' title='bbox 1065 4123 1377 4195; x_wconf 88' lang='lat' dir='ltr'><strong>Calpurnio,</strong></span> <span class='ocrx_word' id='word_1_523' title='bbox 1421 4125 1668 4193; x_wconf 91' lang='lat' dir='ltr'><strong>diacono,</strong></span> <span class='ocrx_word' id='word_1_524' title='bbox 1703 4123 1888 4192; x_wconf 83' lang='lat' dir='ltr'><strong>Potiti,</strong></span> <span class='ocrx_word' id='word_1_525' title='bbox 1920 4140 2075 4195; x_wconf 89' lang='lat' dir='ltr'><strong>pres-</strong></span> 
     </span>
    </p>
   </div>
   <div class='ocr_carea' id='block_1_74' title="bbox 489 4214 2076 4288">
    <p class='ocr_par' dir='ltr' id='par_1_74' title="bbox 489 4214 2076 4288">
     <span class='ocr_line' id='line_1_74' title="bbox 489 4214 2076 4288; baseline 0.001 -19"><span class='ocrx_word' id='word_1_526' title='bbox 489 4218 661 4287; x_wconf 70' lang='lat' dir='ltr'><strong>byteri</strong></span> <span class='ocrx_word' id='word_1_527' title='bbox 681 4215 957 4286; x_wconf 84' lang='lat' dir='ltr'><strong>cujusdam</strong></span> <span class='ocrx_word' id='word_1_528' title='bbox 990 4214 1118 4273; x_wconf 85' lang='lat' dir='ltr'><strong>lilio.</strong></span> <span class='ocrx_word' id='word_1_529' title='bbox 1142 4216 1293 4273; x_wconf 86' lang='lat' dir='ltr'><strong>Licet</strong></span> <span class='ocrx_word' id='word_1_530' title='bbox 1323 4225 1504 4274; x_wconf 87' lang='lat' dir='ltr'><strong>autem</strong></span> <span class='ocrx_word' id='word_1_531' title='bbox 1530 4235 1563 4274; x_wconf 89' lang='lat' dir='ltr'><strong>a</strong></span> <span class='ocrx_word' id='word_1_532' title='bbox 1582 4218 1898 4288; x_wconf 89' lang='lat' dir='ltr'><strong>parentibus</strong></span> <span class='ocrx_word' id='word_1_533' title='bbox 1918 4216 2076 4271; x_wconf 82' lang='lat' dir='ltr'><strong>Chri-</strong></span> 
     </span>
    </p>
   </div>
   <div class='ocr_carea' id='block_1_75' title="bbox 489 4307 2077 4380">
    <p class='ocr_par' dir='ltr' id='par_1_75' title="bbox 489 4307 2077 4380">
     <span class='ocr_line' id='line_1_75' title="bbox 489 4307 2077 4380; baseline -0.002 -15"><span class='ocrx_word' id='word_1_534' title='bbox 489 4309 676 4366; x_wconf 74' lang='lat' dir='ltr'><strong>stianis</strong></span> <span class='ocrx_word' id='word_1_535' title='bbox 697 4317 874 4364; x_wconf 90' lang='lat' dir='ltr'><strong>ortum</strong></span> <span class='ocrx_word' id='word_1_536' title='bbox 898 4309 1160 4374; x_wconf 88' lang='lat' dir='ltr'><strong>duxisset,</strong></span> <span class='ocrx_word' id='word_1_537' title='bbox 1185 4310 1372 4380; x_wconf 83' lang='lat' dir='ltr'><strong>religio</strong></span> <span class='ocrx_word' id='word_1_538' title='bbox 1403 4319 1583 4366; x_wconf 89' lang='lat' dir='ltr'><strong>tamen</strong></span> <span class='ocrx_word' id='word_1_539' title='bbox 1613 4325 1787 4379; x_wconf 90' lang='lat' dir='ltr'><strong>neque</strong></span> <span class='ocrx_word' id='word_1_540' title='bbox 1815 4308 1883 4363; x_wconf 88' lang='lat' dir='ltr'><strong>ad</strong></span> <span class='ocrx_word' id='word_1_541' title='bbox 1911 4307 2077 4363; x_wconf 87' lang='lat' dir='ltr'><strong>animi</strong></span> 
     </span>
    </p>
   </div>
   <div class='ocr_carea' id='block_1_76' title="bbox 490 4397 2077 4471">
    <p class='ocr_par' dir='ltr' id='par_1_76' title="bbox 490 4397 2077 4471">
     <span class='ocr_line' id='line_1_76' title="bbox 490 4397 2077 4471; baseline 0 -17"><span class='ocrx_word' id='word_1_542' title='bbox 490 4415 662 4470; x_wconf 82' lang='lat' dir='ltr'><strong>neque</strong></span> <span class='ocrx_word' id='word_1_543' title='bbox 689 4397 756 4454; x_wconf 90' lang='lat' dir='ltr'><strong>ad</strong></span> <span class='ocrx_word' id='word_1_544' title='bbox 785 4399 984 4468; x_wconf 80' lang='lat' dir='ltr'><strong>ingenii</strong></span> <span class='ocrx_word' id='word_1_545' title='bbox 1013 4399 1216 4456; x_wconf 88' lang='lat' dir='ltr'><strong>cultum</strong></span> <span class='ocrx_word' id='word_1_546' title='bbox 1236 4415 1564 4471; x_wconf 76' lang='lat' dir='ltr'><strong>magnopere</strong></span> <span class='ocrx_word' id='word_1_547' title='bbox 1587 4400 1688 4470; x_wconf 87' lang='lat' dir='ltr'><strong>ipsi</strong></span> <span class='ocrx_word' id='word_1_548' title='bbox 1707 4398 1944 4470; x_wconf 76' lang='lat' dir='ltr'><strong>profuit;</strong></span> <span class='ocrx_word' id='word_1_549' title='bbox 1983 4399 2077 4454; x_wconf 90' lang='lat' dir='ltr'><strong>sed</strong></span> 
     </span>
    </p>
   </div>
   <div class='ocr_carea' id='block_1_77' title="bbox 489 4489 2076 4560">
    <p class='ocr_par' dir='ltr' id='par_1_77' title="bbox 489 4489 2076 4560">
     <span class='ocr_line' id='line_1_77' title="bbox 489 4489 2076 4560; baseline 0.001 -18"><span class='ocrx_word' id='word_1_550' title='bbox 489 4489 717 4560; x_wconf 77' lang='lat' dir='ltr'><strong>agrestis</strong></span> <span class='ocrx_word' id='word_1_551' title='bbox 736 4489 876 4544; x_wconf 89' lang='lat' dir='ltr'><strong>inter</strong></span> <span class='ocrx_word' id='word_1_552' title='bbox 895 4498 1136 4558; x_wconf 81' lang='lat' dir='ltr'><strong>agrestes</strong></span> <span class='ocrx_word' id='word_1_553' title='bbox 1164 4498 1322 4544; x_wconf 89' lang='lat' dir='ltr'><strong>natus</strong></span> <span class='ocrx_word' id='word_1_554' title='bbox 1346 4490 1715 4560; x_wconf 88' lang='lat' dir='ltr'><strong>educatusque</strong></span> <span class='ocrx_word' id='word_1_555' title='bbox 1741 4505 1955 4546; x_wconf 89' lang='lat' dir='ltr'><strong>sensum</strong></span> <span class='ocrx_word' id='word_1_556' title='bbox 1979 4490 2076 4544; x_wconf 89' lang='lat' dir='ltr'><strong>ali-</strong></span> 
     </span>
    </p>
   </div>
   <div class='ocr_carea' id='block_1_78' title="bbox 489 4579 2073 4650">
    <p class='ocr_par' dir='ltr' id='par_1_78' title="bbox 489 4579 2073 4650">
     <span class='ocr_line' id='line_1_78' title="bbox 489 4579 2073 4650; baseline -0.001 -14"><span class='ocrx_word' id='word_1_557' title='bbox 489 4595 646 4650; x_wconf 57' lang='lat' dir='ltr'><strong>quem</strong></span> <span class='ocrx_word' id='word_1_558' title='bbox 676 4588 837 4650; x_wconf 89' lang='lat' dir='ltr'><strong>atque</strong></span> <span class='ocrx_word' id='word_1_559' title='bbox 863 4581 1109 4636; x_wconf 87' lang='lat' dir='ltr'><strong>timorem</strong></span> <span class='ocrx_word' id='word_1_560' title='bbox 1132 4579 1228 4635; x_wconf 91' lang='lat' dir='ltr'><strong>Dei</strong></span> <span class='ocrx_word' id='word_1_561' title='bbox 1257 4581 1604 4642; x_wconf 87' lang='lat' dir='ltr'><strong>adversarum</strong></span> <span class='ocrx_word' id='word_1_562' title='bbox 1633 4581 1867 4638; x_wconf 81' lang='lat' dir='ltr'><strong>maxime</strong></span> <span class='ocrx_word' id='word_1_563' title='bbox 1895 4597 2073 4637; x_wconf 89' lang='lat' dir='ltr'><strong>rerum</strong></span> 
     </span>
    </p>
   </div>
   <div class='ocr_carea' id='block_1_79' title="bbox 487 4669 2074 4742">
    <p class='ocr_par' dir='ltr' id='par_1_79' title="bbox 487 4669 2074 4742">
     <span class='ocr_line' id='line_1_79' title="bbox 487 4669 2074 4742; baseline 0.001 -18"><span class='ocrx_word' id='word_1_564' title='bbox 487 4686 715 4732; x_wconf 65' lang='lat' dir='ltr'><strong>recursu</strong></span> <span class='ocrx_word' id='word_1_565' title='bbox 744 4671 889 4728; x_wconf 89' lang='lat' dir='ltr'><strong>alere</strong></span> <span class='ocrx_word' id='word_1_566' title='bbox 913 4672 1095 4742; x_wconf 88' lang='lat' dir='ltr'><strong>coepit.</strong></span> <span class='ocrx_word' id='word_1_567' title='bbox 1118 4669 1274 4739; x_wconf 84' lang='lat' dir='ltr'><strong>Quod</strong></span> <span class='ocrx_word' id='word_1_568' title='bbox 1302 4672 1716 4742; x_wconf 85' lang='lat' dir='ltr'><strong>quidem-puero</strong></span> <span class='ocrx_word' id='word_1_569' title='bbox 1737 4672 1915 4728; x_wconf 87' lang='lat' dir='ltr'><strong>adhuc</strong></span> <span class='ocrx_word' id='word_1_570' title='bbox 1940 4688 2074 4727; x_wconf 86' lang='lat' dir='ltr'><strong>con-</strong></span> 
     </span>
    </p>
   </div>
   <div class='ocr_carea' id='block_1_80' title="bbox 489 4763 2070 4836">
    <p class='ocr_par' dir='ltr' id='par_1_80' title="bbox 489 4763 2070 4836">
     <span class='ocr_line' id='line_1_80' title="bbox 489 4763 2070 4836; baseline 0.003 -21"><span class='ocrx_word' id='word_1_571' title='bbox 489 4763 626 4830; x_wconf 69' lang='lat' dir='ltr'><strong>tigit,</strong></span> <span class='ocrx_word' id='word_1_572' title='bbox 650 4779 772 4819; x_wconf 92' lang='lat' dir='ltr'><strong>cum</strong></span> <span class='ocrx_word' id='word_1_573' title='bbox 805 4779 836 4819; x_wconf 87' lang='lat' dir='ltr'><strong>a</strong></span> <span class='ocrx_word' id='word_1_574' title='bbox 874 4764 1216 4835; x_wconf 64' lang='lat' dir='ltr'><strong>praedonibus</strong></span> <span class='ocrx_word' id='word_1_575' title='bbox 1243 4764 1491 4821; x_wconf 82' lang='lat' dir='ltr'><strong>Hibernis</strong></span> <span class='ocrx_word' id='word_1_576' title='bbox 1517 4765 1806 4836; x_wconf 88' lang='lat' dir='ltr'><strong>aliquoties</strong></span> <span class='ocrx_word' id='word_1_577' title='bbox 1827 4765 1880 4820; x_wconf 93' lang='lat' dir='ltr'><strong>iu</strong></span> <span class='ocrx_word' id='word_1_578' title='bbox 1901 4766 2070 4836; x_wconf 84' lang='lat' dir='ltr'><strong>capti-</strong></span> 
     </span>
    </p>
   </div>
   <div class='ocr_carea' id='block_1_81' title="bbox 490 4854 2074 4926">
    <p class='ocr_par' dir='ltr' id='par_1_81' title="bbox 490 4854 2074 4926">
     <span class='ocr_line' id='line_1_81' title="bbox 490 4854 2074 4926; baseline 0.005 -22"><span class='ocrx_word' id='word_1_579' title='bbox 490 4855 706 4908; x_wconf 67' lang='lat' dir='ltr'><strong>\‘itatem</strong></span> <span class='ocrx_word' id='word_1_580' title='bbox 728 4854 1084 4911; x_wconf 85' lang='lat' dir='ltr'><strong>abduceretur</strong></span> <span class='ocrx_word' id='word_1_581' title='bbox 1103 4863 1158 4911; x_wconf 90' lang='lat' dir='ltr'><strong>et</strong></span> <span class='ocrx_word' id='word_1_582' title='bbox 1181 4855 1470 4912; x_wconf 81' lang='lat' dir='ltr'><strong>identidem</strong></span> <span class='ocrx_word' id='word_1_583' title='bbox 1499 4855 1836 4911; x_wconf 79' lang='lat' dir='ltr'><strong>liberaretur.</strong></span> <span class='ocrx_word' id='word_1_584' title='bbox 1861 4855 1943 4912; x_wconf 82' lang='lat' dir='ltr'><strong>Ex</strong></span> <span class='ocrx_word' id='word_1_585' title='bbox 1965 4873 2074 4926; x_wconf 91' lang='lat' dir='ltr'><strong>quo</strong></span> 
     </span>
    </p>
   </div>
   <div class='ocr_carea' id='block_1_82' title="bbox 487 4945 2072 5017">
    <p class='ocr_par' dir='ltr' id='par_1_82' title="bbox 487 4945 2072 5017">
     <span class='ocr_line' id='line_1_82' title="bbox 487 4945 2072 5017; baseline 0.004 -21"><span class='ocrx_word' id='word_1_586' title='bbox 487 4951 733 5014; x_wconf 77' lang='lat' dir='ltr'><strong>tempore</strong></span> <span class='ocrx_word' id='word_1_587' title='bbox 761 4951 938 5000; x_wconf 87' lang='lat' dir='ltr'><strong>tamen</strong></span> <span class='ocrx_word' id='word_1_588' title='bbox 968 4962 1076 5001; x_wconf 89' lang='lat' dir='ltr'><strong>non</strong></span> <span class='ocrx_word' id='word_1_589' title='bbox 1105 4945 1290 5002; x_wconf 89' lang='lat' dir='ltr'><strong>odium</strong></span> <span class='ocrx_word' id='word_1_590' title='bbox 1315 4946 1409 5003; x_wconf 87' lang='lat' dir='ltr'><strong>sed</strong></span> <span class='ocrx_word' id='word_1_591' title='bbox 1440 4961 1592 5002; x_wconf 86' lang='lat' dir='ltr'><strong>amor</strong></span> <span class='ocrx_word' id='word_1_592' title='bbox 1611 4947 1794 5017; x_wconf 87' lang='lat' dir='ltr'><strong>potius</strong></span> <span class='ocrx_word' id='word_1_593' title='bbox 1819 4962 1882 5003; x_wconf 85' lang='lat' dir='ltr'><strong>ac</strong></span> <span class='ocrx_word' id='word_1_594' title='bbox 1903 4947 2072 5004; x_wconf 74' lang='lat' dir='ltr'><strong>bene—</strong></span> 
     </span>
    </p>
   </div>
   <div class='ocr_carea' id='block_1_83' title="bbox 2103 3627 3736 3738">
    <p class='ocr_par' dir='ltr' id='par_1_83' title="bbox 2103 3627 3736 3738">
     <span class='ocr_line' id='line_1_83' title="bbox 2103 3627 3736 3738; baseline 0.002 -21"><span class='ocrx_word' id='word_1_595' title='bbox 2103 3667 2148 3728; x_wconf 84' lang='lat' dir='ltr'>c</span> <span class='ocrx_word' id='word_1_596' title='bbox 2183 3663 2417 3720; x_wconf 89' lang='lat' dir='ltr'><strong>volentia</strong></span> <span class='ocrx_word' id='word_1_597' title='bbox 2462 3663 2516 3718; x_wconf 90' lang='lat' dir='ltr'><strong>in</strong></span> <span class='ocrx_word' id='word_1_598' title='bbox 2557 3662 2824 3721; x_wconf 83' lang='lat' dir='ltr'><strong>Hibernos</strong></span> <span class='ocrx_word' id='word_1_599' title='bbox 2867 3627 3122 3722; x_wconf 46' lang='lat' dir='ltr'><strong>animum-</strong></span> <span class='ocrx_word' id='word_1_600' title='bbox 3152 3667 3270 3738; x_wconf 80' lang='lat' dir='ltr'><strong>ejus</strong></span> <span class='ocrx_word' id='word_1_601' title='bbox 3311 3669 3527 3736; x_wconf 87' lang='lat' dir='ltr'><strong>insedit,</strong></span> <span class='ocrx_word' id='word_1_602' title='bbox 3557 3677 3606 3724; x_wconf 87' lang='lat' dir='ltr'><strong>et</strong></span> <span class='ocrx_word' id='word_1_603' title='bbox 3639 3683 3736 3723; x_wconf 82' lang='lat' dir='ltr'><strong>cum</strong></span> 
     </span>
    </p>
   </div>
   <div class='ocr_carea' id='block_1_84' title="bbox 2185 3751 3738 3826">
    <p class='ocr_par' dir='ltr' id='par_1_84' title="bbox 2185 3751 3738 3826">
     <span class='ocr_line' id='line_1_84' title="bbox 2185 3751 3738 3826; baseline 0.002 -18"><span class='ocrx_word' id='word_1_604' title='bbox 2185 3763 2396 3824; x_wconf 88' lang='lat' dir='ltr'><strong>postea,</strong></span> <span class='ocrx_word' id='word_1_605' title='bbox 2429 3751 2690 3812; x_wconf 86' lang='lat' dir='ltr'><strong>incertum</strong></span> <span class='ocrx_word' id='word_1_606' title='bbox 2721 3771 2830 3825; x_wconf 92' lang='lat' dir='ltr'><strong>quo</strong></span> <span class='ocrx_word' id='word_1_607' title='bbox 2858 3763 3040 3826; x_wconf 87' lang='lat' dir='ltr'><strong>pacto,</strong></span> <span class='ocrx_word' id='word_1_608' title='bbox 3073 3757 3127 3812; x_wconf 90' lang='lat' dir='ltr'><strong>in</strong></span> <span class='ocrx_word' id='word_1_609' title='bbox 3146 3755 3354 3813; x_wconf 82' lang='lat' dir='ltr'><strong>Gallias</strong></span> <span class='ocrx_word' id='word_1_610' title='bbox 3381 3759 3584 3814; x_wconf 85' lang='lat' dir='ltr'><strong>delatus</strong></span> <span class='ocrx_word' id='word_1_611' title='bbox 3607 3768 3738 3826; x_wconf 83' lang='lat' dir='ltr'><strong>atque</strong></span> 
     </span>
    </p>
   </div>
   <div class='ocr_carea' id='block_1_85' title="bbox 2183 3843 3736 3920">
    <p class='ocr_par' dir='ltr' id='par_1_85' title="bbox 2183 3843 3736 3920">
     <span class='ocr_line' id='line_1_85' title="bbox 2183 3843 3736 3920; baseline 0.001 -20"><span class='ocrx_word' id='word_1_612' title='bbox 2183 3863 2212 3900; x_wconf 87' lang='lat' dir='ltr'><strong>a</strong></span> <span class='ocrx_word' id='word_1_613' title='bbox 2244 3843 2516 3902; x_wconf 87' lang='lat' dir='ltr'><strong>Germano</strong></span> <span class='ocrx_word' id='word_1_614' title='bbox 2545 3845 2998 3904; x_wconf 87' lang='lat' dir='ltr'><strong>Autissiodorensi</strong></span> <span class='ocrx_word' id='word_1_615' title='bbox 3019 3849 3276 3920; x_wconf 89' lang='lat' dir='ltr'><strong>episcopo</strong></span> <span class='ocrx_word' id='word_1_616' title='bbox 3302 3866 3396 3909; x_wconf 89' lang='lat' dir='ltr'><strong>an.</strong></span> <span class='ocrx_word' id='word_1_617' title='bbox 3429 3849 3530 3904; x_wconf 64' lang='lat'><strong>459.</strong></span> <span class='ocrx_word' id='word_1_618' title='bbox 3548 3849 3736 3906; x_wconf 83' lang='lat' dir='ltr'><strong>Romam</strong></span> 
     </span>
    </p>
   </div>
   <div class='ocr_carea' id='block_1_86' title="bbox 2183 3935 3738 4009">
    <p class='ocr_par' dir='ltr' id='par_1_86' title="bbox 2183 3935 3738 4009">
     <span class='ocr_line' id='line_1_86' title="bbox 2183 3935 3738 4009; baseline 0.002 -18"><span class='ocrx_word' id='word_1_619' title='bbox 2183 3938 2378 3993; x_wconf 86' lang='lat' dir='ltr'><strong>missus</strong></span> <span class='ocrx_word' id='word_1_620' title='bbox 2397 3935 2691 3996; x_wconf 75' lang='lat' dir='ltr'><strong>leestino</strong></span> <span class='ocrx_word' id='word_1_621' title='bbox 2713 3954 2864 4009; x_wconf 66' lang='lat' dir='ltr'><strong>papae</strong></span> <span class='ocrx_word' id='word_1_622' title='bbox 2885 3939 3208 3996; x_wconf 86' lang='lat' dir='ltr'><strong>desiderium</strong></span> <span class='ocrx_word' id='word_1_623' title='bbox 3237 3957 3394 3998; x_wconf 92' lang='lat' dir='ltr'><strong>suum</strong></span> <span class='ocrx_word' id='word_1_624' title='bbox 3421 3941 3666 3998; x_wconf 85' lang='lat' dir='ltr'><strong>Hibernos</strong></span> <span class='ocrx_word' id='word_1_625' title='bbox 3684 3939 3738 3994; x_wconf 87' lang='lat' dir='ltr'><strong>ad</strong></span> 
     </span>
    </p>
   </div>
   <div class='ocr_carea' id='block_1_87' title="bbox 2185 4025 3733 4100">
    <p class='ocr_par' dir='ltr' id='par_1_87' title="bbox 2185 4025 3733 4100">
     <span class='ocr_line' id='line_1_87' title="bbox 2185 4025 3733 4100; baseline 0 -16"><span class='ocrx_word' id='word_1_626' title='bbox 2185 4028 2339 4084; x_wconf 79' lang='lat' dir='ltr'><strong>ﬁdem</strong></span> <span class='ocrx_word' id='word_1_627' title='bbox 2369 4025 2730 4084; x_wconf 86' lang='lat' dir='ltr'><strong>Christianam</strong></span> <span class='ocrx_word' id='word_1_628' title='bbox 2754 4029 3102 4086; x_wconf 84' lang='lat' dir='ltr'><strong>convertendi</strong></span> <span class='ocrx_word' id='word_1_629' title='bbox 3143 4029 3501 4100; x_wconf 84' lang='lat' dir='ltr'><strong>signiﬁcasset</strong></span> <span class='ocrx_word' id='word_1_630' title='bbox 3528 4049 3542 4084; x_wconf 91' lang='lat'>:</span> <span class='ocrx_word' id='word_1_631' title='bbox 3577 4029 3733 4085; x_wconf 82' lang='lat' dir='ltr'><strong>Hiber-</strong></span> 
     </span>
    </p>
   </div>
   <div class='ocr_carea' id='block_1_88' title="bbox 2185 4121 3740 4194">
    <p class='ocr_par' dir='ltr' id='par_1_88' title="bbox 2185 4121 3740 4194">
     <span class='ocr_line' id='line_1_88' title="bbox 2185 4121 3740 4194; baseline -0.001 -18"><span class='ocrx_word' id='word_1_632' title='bbox 2185 4138 2374 4176; x_wconf 85' lang='lat' dir='ltr'><strong>norum</strong></span> <span class='ocrx_word' id='word_1_633' title='bbox 2405 4122 2473 4178; x_wconf 88' lang='lat' dir='ltr'><strong>ab</strong></span> <span class='ocrx_word' id='word_1_634' title='bbox 2501 4136 2568 4177; x_wconf 90' lang='lat' dir='ltr'><strong>eo</strong></span> <span class='ocrx_word' id='word_1_635' title='bbox 2595 4121 2872 4193; x_wconf 90' lang='lat' dir='ltr'><strong>apostolus</strong></span> <span class='ocrx_word' id='word_1_636' title='bbox 2898 4129 3062 4193; x_wconf 90' lang='lat' dir='ltr'><strong>atque</strong></span> <span class='ocrx_word' id='word_1_637' title='bbox 3102 4123 3541 4194; x_wconf 87' lang='lat' dir='ltr'><strong>archiepiscopus</strong></span> <span class='ocrx_word' id='word_1_638' title='bbox 3566 4121 3740 4178; x_wconf 86' lang='lat' dir='ltr'><strong>consti-</strong></span> 
     </span>
    </p>
   </div>
   <div class='ocr_carea' id='block_1_89' title="bbox 2186 4213 3736 4289">
    <p class='ocr_par' dir='ltr' id='par_1_89' title="bbox 2186 4213 3736 4289">
     <span class='ocr_line' id='line_1_89' title="bbox 2186 4213 3736 4289; baseline -0.003 -21"><span class='ocrx_word' id='word_1_639' title='bbox 2186 4223 2332 4269; x_wconf 86' lang='lat' dir='ltr'><strong>tutus</strong></span> <span class='ocrx_word' id='word_1_640' title='bbox 2360 4227 2481 4269; x_wconf 88' lang='lat' dir='ltr'><strong>esse</strong></span> <span class='ocrx_word' id='word_1_641' title='bbox 2521 4213 2710 4269; x_wconf 85' lang='lat' dir='ltr'><strong>fertur.</strong></span> <span class='ocrx_word' id='word_1_642' title='bbox 2745 4213 2862 4280; x_wconf 89' lang='lat' dir='ltr'><strong>Quo</strong></span> <span class='ocrx_word' id='word_1_643' title='bbox 2907 4214 3053 4270; x_wconf 77' lang='lat' dir='ltr'><strong>facto</strong></span> <span class='ocrx_word' id='word_1_644' title='bbox 3099 4214 3267 4271; x_wconf 82' lang='lat' dir='ltr'><strong>redux</strong></span> <span class='ocrx_word' id='word_1_645' title='bbox 3296 4215 3352 4272; x_wconf 88' lang='lat' dir='ltr'><strong>in</strong></span> <span class='ocrx_word' id='word_1_646' title='bbox 3395 4216 3636 4289; x_wconf 88' lang='lat' dir='ltr'><strong>patriam,</strong></span> <span class='ocrx_word' id='word_1_647' title='bbox 3662 4227 3736 4267; x_wconf 86' lang='lat' dir='ltr'><strong>an.</strong></span> 
     </span>
    </p>
   </div>
   <div class='ocr_carea' id='block_1_90' title="bbox 2181 4305 3738 4379">
    <p class='ocr_par' dir='ltr' id='par_1_90' title="bbox 2181 4305 3738 4379">
     <span class='ocr_line' id='line_1_90' title="bbox 2181 4305 3738 4379; baseline -0.001 -19"><span class='ocrx_word' id='word_1_648' title='bbox 2181 4307 2286 4360; x_wconf 69' lang='lat' dir='ltr'><strong>H7</strong></span> <span class='ocrx_word' id='word_1_649' title='bbox 2326 4307 2696 4364; x_wconf 77' lang='lat' dir='ltr'><strong>incunctanter</strong></span> <span class='ocrx_word' id='word_1_650' title='bbox 2737 4305 3050 4362; x_wconf 81' lang='lat' dir='ltr'><strong>Hiberniam</strong></span> <span class='ocrx_word' id='word_1_651' title='bbox 3078 4307 3452 4364; x_wconf 79' lang='lat' dir='ltr'><strong>transfretavit</strong></span> <span class='ocrx_word' id='word_1_652' title='bbox 3477 4305 3738 4379; x_wconf 59' lang='lat' dir='ltr'><strong>pnedicano</strong></span> 
     </span>
    </p>
   </div>
   <div class='ocr_carea' id='block_1_91' title="bbox 2179 4399 3736 4471">
    <p class='ocr_par' dir='ltr' id='par_1_91' title="bbox 2179 4399 3736 4471">
     <span class='ocr_line' id='line_1_91' title="bbox 2179 4399 3736 4471; baseline -0.001 -19"><span class='ocrx_word' id='word_1_653' title='bbox 2179 4401 2358 4470; x_wconf 74' lang='lat' dir='ltr'><strong>doque</strong></span> <span class='ocrx_word' id='word_1_654' title='bbox 2385 4406 2442 4455; x_wconf 88' lang='lat' dir='ltr'><strong>et</strong></span> <span class='ocrx_word' id='word_1_655' title='bbox 2480 4399 2803 4469; x_wconf 85' lang='lat' dir='ltr'><strong>baptizando</strong></span> <span class='ocrx_word' id='word_1_656' title='bbox 2830 4400 2983 4456; x_wconf 86' lang='lat' dir='ltr'><strong>brevi</strong></span> <span class='ocrx_word' id='word_1_657' title='bbox 3019 4400 3178 4471; x_wconf 86' lang='lat' dir='ltr'><strong>longe</strong></span> <span class='ocrx_word' id='word_1_658' title='bbox 3207 4400 3424 4471; x_wconf 85' lang='lat' dir='ltr'><strong>lateque</strong></span> <span class='ocrx_word' id='word_1_659' title='bbox 3451 4400 3736 4468; x_wconf 75' lang='lat' dir='ltr'><strong>religionem</strong></span> 
     </span>
    </p>
   </div>
   <div class='ocr_carea' id='block_1_92' title="bbox 2179 4490 3736 4564">
    <p class='ocr_par' dir='ltr' id='par_1_92' title="bbox 2179 4490 3736 4564">
     <span class='ocr_line' id='line_1_92' title="bbox 2179 4490 3736 4564; baseline -0.001 -18"><span class='ocrx_word' id='word_1_660' title='bbox 2179 4491 2536 4548; x_wconf 85' lang='lat' dir='ltr'><strong>Christianam</strong></span> <span class='ocrx_word' id='word_1_661' title='bbox 2559 4494 2892 4564; x_wconf 82' lang='lat' dir='ltr'><strong>propagavit,</strong></span> <span class='ocrx_word' id='word_1_662' title='bbox 2915 4493 3132 4562; x_wconf 88' lang='lat' dir='ltr'><strong>regulos</strong></span> <span class='ocrx_word' id='word_1_663' title='bbox 3159 4493 3271 4551; x_wconf 76' lang='lat' dir='ltr'><strong>fere</strong></span> <span class='ocrx_word' id='word_1_664' title='bbox 3293 4510 3484 4550; x_wconf 81' lang='lat' dir='ltr'><strong>omnes</strong></span> <span class='ocrx_word' id='word_1_665' title='bbox 3504 4494 3646 4550; x_wconf 87' lang='lat' dir='ltr'><strong>istius</strong></span> <span class='ocrx_word' id='word_1_666' title='bbox 3669 4490 3736 4545; x_wconf 87' lang='lat' dir='ltr'><strong>in-</strong></span> 
     </span>
    </p>
   </div>
   <div class='ocr_carea' id='block_1_93' title="bbox 2181 4579 3738 4655">
    <p class='ocr_par' dir='ltr' id='par_1_93' title="bbox 2181 4579 3738 4655">
     <span class='ocr_line' id='line_1_93' title="bbox 2181 4579 3738 4655; baseline -0.001 -19"><span class='ocrx_word' id='word_1_667' title='bbox 2181 4583 2312 4638; x_wconf 64' lang='lat' dir='ltr'><strong>sulae</strong></span> <span class='ocrx_word' id='word_1_668' title='bbox 2340 4583 2630 4651; x_wconf 87' lang='lat' dir='ltr'><strong>convertit,</strong></span> <span class='ocrx_word' id='word_1_669' title='bbox 2659 4583 2917 4640; x_wconf 89' lang='lat' dir='ltr'><strong>ecclesias</strong></span> <span class='ocrx_word' id='word_1_670' title='bbox 2945 4579 3205 4650; x_wconf 87' lang='lat' dir='ltr'><strong>condidit,</strong></span> <span class='ocrx_word' id='word_1_671' title='bbox 3245 4583 3406 4642; x_wconf 88' lang='lat' dir='ltr'><strong>sedes</strong></span> <span class='ocrx_word' id='word_1_672' title='bbox 3433 4580 3738 4655; x_wconf 81' lang='lat' dir='ltr'><strong>episcopales</strong></span> 
     </span>
    </p>
   </div>
   <div class='ocr_carea' id='block_1_94' title="bbox 2182 4667 3733 4746">
    <p class='ocr_par' dir='ltr' id='par_1_94' title="bbox 2182 4667 3733 4746">
     <span class='ocr_line' id='line_1_94' title="bbox 2182 4667 3733 4746; baseline -0.002 -20"><span class='ocrx_word' id='word_1_673' title='bbox 2182 4673 2429 4740; x_wconf 89' lang='lat' dir='ltr'><strong>instituit,</strong></span> <span class='ocrx_word' id='word_1_674' title='bbox 2461 4673 2699 4746; x_wconf 89' lang='lat' dir='ltr'><strong>synodos</strong></span> <span class='ocrx_word' id='word_1_675' title='bbox 2725 4673 3040 4740; x_wconf 86' lang='lat' dir='ltr'><strong>celebravit,</strong></span> <span class='ocrx_word' id='word_1_676' title='bbox 3067 4673 3362 4744; x_wconf 89' lang='lat' dir='ltr'><strong>multisque</strong></span> <span class='ocrx_word' id='word_1_677' title='bbox 3399 4673 3519 4730; x_wconf 87' lang='lat' dir='ltr'><strong>aliis</strong></span> <span class='ocrx_word' id='word_1_678' title='bbox 3557 4671 3620 4728; x_wconf 86' lang='lat' dir='ltr'><strong>ad</strong></span> <span class='ocrx_word' id='word_1_679' title='bbox 3653 4667 3733 4723; x_wconf 77' lang='lat' dir='ltr'><strong>Ec-</strong></span> 
     </span>
    </p>
   </div>
   <div class='ocr_carea' id='block_1_95' title="bbox 2177 4764 3735 4835">
    <p class='ocr_par' dir='ltr' id='par_1_95' title="bbox 2177 4764 3735 4835">
     <span class='ocr_line' id='line_1_95' title="bbox 2177 4764 3735 4835; baseline -0.004 -15"><span class='ocrx_word' id='word_1_680' title='bbox 2177 4767 2399 4820; x_wconf 87' lang='lat' dir='ltr'><strong>clesiam</strong></span> <span class='ocrx_word' id='word_1_681' title='bbox 2441 4765 2496 4820; x_wconf 91' lang='lat' dir='ltr'><strong>in</strong></span> <span class='ocrx_word' id='word_1_682' title='bbox 2526 4766 2628 4821; x_wconf 86' lang='lat' dir='ltr'><strong>bac</strong></span> <span class='ocrx_word' id='word_1_683' title='bbox 2653 4767 2876 4835; x_wconf 90' lang='lat' dir='ltr'><strong>regione</strong></span> <span class='ocrx_word' id='word_1_684' title='bbox 2903 4765 3328 4822; x_wconf 79' lang='lat' dir='ltr'><strong>conﬁrmandam</strong></span> <span class='ocrx_word' id='word_1_685' title='bbox 3356 4767 3496 4823; x_wconf 90' lang='lat' dir='ltr'><strong>bene</strong></span> <span class='ocrx_word' id='word_1_686' title='bbox 3524 4764 3735 4821; x_wconf 79' lang='lat' dir='ltr'><strong>fortiter-</strong></span> 
     </span>
    </p>
   </div>
   <div class='ocr_carea' id='block_1_96' title="bbox 2177 4850 3735 4929">
    <p class='ocr_par' dir='ltr' id='par_1_96' title="bbox 2177 4850 3735 4929">
     <span class='ocr_line' id='line_1_96' title="bbox 2177 4850 3735 4929; baseline -0.002 -17"><span class='ocrx_word' id='word_1_687' title='bbox 2177 4875 2283 4928; x_wconf 87' lang='lat' dir='ltr'><strong>que</strong></span> <span class='ocrx_word' id='word_1_688' title='bbox 2312 4859 2638 4929; x_wconf 88' lang='lat' dir='ltr'><strong>perpetratis</strong></span> <span class='ocrx_word' id='word_1_689' title='bbox 2654 4874 2796 4914; x_wconf 88' lang='lat' dir='ltr'><strong>anno</strong></span> <span class='ocrx_word' id='word_1_690' title='bbox 2816 4874 2938 4917; x_wconf 69' lang='lat' dir='ltr'><strong>mne</strong></span> <span class='ocrx_word' id='word_1_691' title='bbox 2958 4850 3277 4915; x_wconf 69' lang='lat' dir='ltr'><strong>Christiana:</strong></span> <span class='ocrx_word' id='word_1_692' title='bbox 3295 4857 3419 4923; x_wconf 65' lang='lat'><strong>495,</strong></span> <span class='ocrx_word' id='word_1_693' title='bbox 3443 4857 3612 4914; x_wconf 71' lang='lat' dir='ltr'><strong>aetatis</strong></span> <span class='ocrx_word' id='word_1_694' title='bbox 3633 4851 3735 4920; x_wconf 61' lang='lat' dir='ltr'><strong>lii,</strong></span> 
     </span>
    </p>
   </div>
   <div class='ocr_carea' id='block_1_97' title="bbox 2175 4951 2734 5024">
    <p class='ocr_par' dir='ltr' id='par_1_97' title="bbox 2175 4951 2734 5024">
     <span class='ocr_line' id='line_1_97' title="bbox 2175 4951 2734 5024; baseline 0 -18"><span class='ocrx_word' id='word_1_695' title='bbox 2175 4969 2206 5006; x_wconf 92' lang='lat' dir='ltr'><strong>e</strong></span> <span class='ocrx_word' id='word_1_696' title='bbox 2235 4951 2342 5007; x_wconf 88' lang='lat' dir='ltr'><strong>vita</strong></span> <span class='ocrx_word' id='word_1_697' title='bbox 2363 4951 2613 5021; x_wconf 84' lang='lat' dir='ltr'><strong>migravit</strong></span> <span class='ocrx_word' id='word_1_698' title='bbox 2634 4952 2734 5024; x_wconf 78' lang='grc' dir='ltr'><strong>(α).</strong></span> 
     </span>
    </p>
   </div>
   <div class='ocr_carea' id='block_1_98' title="bbox 559 5121 3734 5214">
    <p class='ocr_par' dir='ltr' id='par_1_98' title="bbox 559 5121 3734 5214">
     <span class='ocr_line' id='line_1_98' title="bbox 559 5121 3734 5214; baseline 0.001 -36"><span class='ocrx_word' id='word_1_699' title='bbox 559 5124 635 5197; x_wconf 81' lang='grc' dir='ltr'><strong>(α)</strong></span> <span class='ocrx_word' id='word_1_700' title='bbox 662 5122 792 5208; x_wconf 64' lang='lat' dir='ltr'><strong>Quas</strong></span> <span class='ocrx_word' id='word_1_701' title='bbox 813 5123 1070 5214; x_wconf 66' lang='lat' dir='ltr'><strong>hactenus</strong></span> <span class='ocrx_word' id='word_1_702' title='bbox 1093 5123 1406 5214; x_wconf 39' lang='lat' dir='ltr'><strong>de‘Patrieii</strong></span> <span class='ocrx_word' id='word_1_703' title='bbox 1436 5125 1596 5214; x_wconf 72' lang='lat' dir='ltr'><strong>rebus</strong></span> <span class='ocrx_word' id='word_1_704' title='bbox 1623 5125 2067 5214; x_wconf 77' lang='lat' dir='ltr'><strong>commemoravi-</strong></span> <span class='ocrx_word' id='word_1_705' title='bbox 2092 5130 2141 5188; x_wconf 88' lang='lat' dir='ltr'><strong>D</strong></span> <span class='ocrx_word' id='word_1_706' title='bbox 2169 5129 2268 5184; x_wconf 87' lang='lat' dir='ltr'><strong>bus</strong></span> <span class='ocrx_word' id='word_1_707' title='bbox 2296 5129 2532 5214; x_wconf 73' lang='lat' dir='ltr'><strong>explosa;</strong></span> <span class='ocrx_word' id='word_1_708' title='bbox 2561 5137 2718 5214; x_wconf 74' lang='lat' dir='ltr'><strong>sunt.</strong></span> <span class='ocrx_word' id='word_1_709' title='bbox 2751 5128 2819 5184; x_wconf 85' lang='lat' dir='ltr'><strong>At</strong></span> <span class='ocrx_word' id='word_1_710' title='bbox 2857 5131 2932 5185; x_wconf 91' lang='lat' dir='ltr'><strong>illi</strong></span> <span class='ocrx_word' id='word_1_711' title='bbox 2961 5129 3348 5214; x_wconf 54' lang='lat' dir='ltr'><strong>pfecipitatius</strong></span> <span class='ocrx_word' id='word_1_712' title='bbox 3373 5127 3639 5214; x_wconf 47' lang='lat' dir='ltr'><strong>judicent,</strong></span> <span class='ocrx_word' id='word_1_713' title='bbox 3651 5121 3734 5214; x_wconf 57' lang='lat' dir='ltr'><strong>qui</strong></span> 
     </span>
    </p>
   </div>
   <div class='ocr_carea' id='block_1_99' title="bbox 486 5195 2057 5265">
    <p class='ocr_par' dir='ltr' id='par_1_99' title="bbox 486 5195 2057 5265">
     <span class='ocr_line' id='line_1_99' title="bbox 486 5195 2057 5265; baseline 0 -14"><span class='ocrx_word' id='word_1_714' title='bbox 486 5195 678 5252; x_wconf 85' lang='lat' dir='ltr'><strong>mussi</strong></span> <span class='ocrx_word' id='word_1_715' title='bbox 705 5195 1045 5265; x_wconf 15' lang='lat' dir='ltr'><strong>nonppenitus</strong></span> <span class='ocrx_word' id='word_1_716' title='bbox 1068 5203 1238 5264; x_wconf 86' lang='lat' dir='ltr'><strong>certa,</strong></span> <span class='ocrx_word' id='word_1_717' title='bbox 1259 5196 1400 5251; x_wconf 84' lang='lat' dir='ltr'><strong>veris</strong></span> <span class='ocrx_word' id='word_1_718' title='bbox 1423 5197 1612 5251; x_wconf 87' lang='lat' dir='ltr'><strong>saltem</strong></span> <span class='ocrx_word' id='word_1_719' title='bbox 1640 5197 1883 5265; x_wconf 88' lang='lat' dir='ltr'><strong>proxima</strong></span> <span class='ocrx_word' id='word_1_720' title='bbox 1913 5206 2057 5252; x_wconf 87' lang='lat' dir='ltr'><strong>sunt.</strong></span> 
     </span>
    </p>
   </div>
   <div class='ocr_carea' id='block_1_100' title="bbox 485 5263 2062 5336">
    <p class='ocr_par' dir='ltr' id='par_1_100' title="bbox 485 5263 2062 5336">
     <span class='ocr_line' id='line_1_100' title="bbox 485 5263 2062 5336; baseline 0.003 -19"><span class='ocrx_word' id='word_1_721' title='bbox 485 5268 644 5324; x_wconf 62' lang='lat' dir='ltr'><strong>[Ii-rte</strong></span> <span class='ocrx_word' id='word_1_722' title='bbox 685 5263 1090 5336; x_wconf 82' lang='lat' dir='ltr'><strong>Confessionem</strong></span> <span class='ocrx_word' id='word_1_723' title='bbox 1142 5263 1306 5336; x_wconf 87' lang='lat' dir='ltr'><strong>ipsius</strong></span> <span class='ocrx_word' id='word_1_724' title='bbox 1351 5263 1687 5336; x_wconf 81' lang='lat' dir='ltr'><strong>potissimum</strong></span> <span class='ocrx_word' id='word_1_725' title='bbox 1715 5274 1842 5320; x_wconf 89' lang='lat' dir='ltr'><strong>ante</strong></span> <span class='ocrx_word' id='word_1_726' title='bbox 1875 5267 2062 5322; x_wconf 89' lang='lat' dir='ltr'><strong>oculos</strong></span> 
     </span>
    </p>
   </div>
   <div class='ocr_carea' id='block_1_101' title="bbox 486 5335 2064 5406">
    <p class='ocr_par' dir='ltr' id='par_1_101' title="bbox 486 5335 2064 5406">
     <span class='ocr_line' id='line_1_101' title="bbox 486 5335 2064 5406; baseline -0.001 -14"><span class='ocrx_word' id='word_1_727' title='bbox 486 5337 786 5401; x_wconf 85' lang='lat' dir='ltr'><strong>habuimus,</strong></span> <span class='ocrx_word' id='word_1_728' title='bbox 809 5350 926 5406; x_wconf 72' lang='lat' dir='ltr'><strong>qua:</strong></span> <span class='ocrx_word' id='word_1_729' title='bbox 947 5335 1194 5406; x_wconf 81' lang='lat' dir='ltr'><strong>ardorem</strong></span> <span class='ocrx_word' id='word_1_730' title='bbox 1223 5335 1420 5403; x_wconf 85' lang='lat' dir='ltr'><strong>ejnsin</strong></span> <span class='ocrx_word' id='word_1_731' title='bbox 1451 5337 1817 5391; x_wconf 85' lang='lat' dir='ltr'><strong>conversionis</strong></span> <span class='ocrx_word' id='word_1_732' title='bbox 1847 5338 2064 5404; x_wconf 83' lang='lat' dir='ltr'><strong>negotio</strong></span> 
     </span>
    </p>
   </div>
   <div class='ocr_carea' id='block_1_102' title="bbox 486 5404 2064 5476">
    <p class='ocr_par' dir='ltr' id='par_1_102' title="bbox 486 5404 2064 5476">
     <span class='ocr_line' id='line_1_102' title="bbox 486 5404 2064 5476; baseline -0.002 -15"><span class='ocrx_word' id='word_1_733' title='bbox 486 5416 733 5472; x_wconf 74' lang='lat' dir='ltr'><strong>testatur,</strong></span> <span class='ocrx_word' id='word_1_734' title='bbox 765 5404 902 5462; x_wconf 78' lang='lat' dir='ltr'><strong>etde</strong></span> <span class='ocrx_word' id='word_1_735' title='bbox 917 5404 1134 5474; x_wconf 88' lang='lat' dir='ltr'><strong>triplici,</strong></span> <span class='ocrx_word' id='word_1_736' title='bbox 1153 5420 1313 5474; x_wconf 89' lang='lat' dir='ltr'><strong>quam</strong></span> <span class='ocrx_word' id='word_1_737' title='bbox 1331 5407 1545 5475; x_wconf 85' lang='lat' dir='ltr'><strong>juvenis</strong></span> <span class='ocrx_word' id='word_1_738' title='bbox 1573 5414 1820 5476; x_wconf 78' lang='lat' dir='ltr'><strong>expertus</strong></span> <span class='ocrx_word' id='word_1_739' title='bbox 1842 5414 1946 5474; x_wconf 89' lang='lat' dir='ltr'><strong>est,</strong></span> <span class='ocrx_word' id='word_1_740' title='bbox 1969 5423 2064 5462; x_wconf 85' lang='lat' dir='ltr'><strong>ca-</strong></span> 
     </span>
    </p>
   </div>
   <div class='ocr_carea' id='block_1_103' title="bbox 486 5476 2064 5547">
    <p class='ocr_par' dir='ltr' id='par_1_103' title="bbox 486 5476 2064 5547">
     <span class='ocr_line' id='line_1_103' title="bbox 486 5476 2064 5547; baseline 0 -16"><span class='ocrx_word' id='word_1_741' title='bbox 486 5477 727 5547; x_wconf 81' lang='lat' dir='ltr'><strong>ptivitate</strong></span> <span class='ocrx_word' id='word_1_742' title='bbox 750 5486 954 5532; x_wconf 88' lang='lat' dir='ltr'><strong>tantum</strong></span> <span class='ocrx_word' id='word_1_743' title='bbox 977 5476 1218 5547; x_wconf 82' lang='lat' dir='ltr'><strong>exponit,</strong></span> <span class='ocrx_word' id='word_1_744' title='bbox 1241 5485 1499 5544; x_wconf 89' lang='lat' dir='ltr'><strong>quantum</strong></span> <span class='ocrx_word' id='word_1_745' title='bbox 1531 5482 1596 5531; x_wconf 84' lang='lat' dir='ltr'><strong>ad</strong></span> <span class='ocrx_word' id='word_1_746' title='bbox 1620 5485 1836 5543; x_wconf 71' lang='lat' dir='ltr'><strong>cetera,</strong></span> <span class='ocrx_word' id='word_1_747' title='bbox 1858 5493 1976 5547; x_wconf 73' lang='lat' dir='ltr'><strong>qua:</strong></span> <span class='ocrx_word' id='word_1_748' title='bbox 1995 5477 2064 5547; x_wconf 87' lang='lat' dir='ltr'><strong>de</strong></span> 
     </span>
    </p>
   </div>
   <div class='ocr_carea' id='block_1_104' title="bbox 485 5546 2065 5618">
    <p class='ocr_par' dir='ltr' id='par_1_104' title="bbox 485 5546 2065 5618">
     <span class='ocr_line' id='line_1_104' title="bbox 485 5546 2065 5618; baseline -0.002 -15"><span class='ocrx_word' id='word_1_749' title='bbox 485 5546 552 5603; x_wconf 67' lang='grc' dir='ltr'><strong>(ιιι</strong></span> <span class='ocrx_word' id='word_1_750' title='bbox 582 5550 854 5603; x_wconf 67' lang='lat' dir='ltr'><strong>memoriae</strong></span> <span class='ocrx_word' id='word_1_751' title='bbox 883 5546 1090 5618; x_wconf 89' lang='lat' dir='ltr'><strong>prodita</strong></span> <span class='ocrx_word' id='word_1_752' title='bbox 1118 5554 1244 5602; x_wconf 87' lang='lat' dir='ltr'><strong>sunt</strong></span> <span class='ocrx_word' id='word_1_753' title='bbox 1272 5555 1327 5618; x_wconf 71' lang='lat' dir='ltr'><strong>et</strong></span> <span class='ocrx_word' id='word_1_754' title='bbox 1354 5564 1473 5618; x_wconf 70' lang='lat' dir='ltr'><strong>qua:</strong></span> <span class='ocrx_word' id='word_1_755' title='bbox 1497 5548 1608 5618; x_wconf 80' lang='lat' dir='ltr'><strong>ipse</strong></span> <span class='ocrx_word' id='word_1_756' title='bbox 1639 5563 1743 5601; x_wconf 92' lang='lat' dir='ltr'><strong>non</strong></span> <span class='ocrx_word' id='word_1_757' title='bbox 1767 5546 1962 5618; x_wconf 75' lang='lat' dir='ltr'><strong>attigit,</strong></span> <span class='ocrx_word' id='word_1_758' title='bbox 1989 5546 2065 5602; x_wconf 86' lang='lat' dir='ltr'><strong>in-</strong></span> 
     </span>
    </p>
   </div>
   <div class='ocr_carea' id='block_1_105' title="bbox 486 5616 2063 5680">
    <p class='ocr_par' dir='ltr' id='par_1_105' title="bbox 486 5616 2063 5680">
     <span class='ocr_line' id='line_1_105' title="bbox 486 5616 2063 5680; baseline -0.001 -8"><span class='ocrx_word' id='word_1_759' title='bbox 486 5629 567 5678; x_wconf 81' lang='lat' dir='ltr'><strong>ter</strong></span> <span class='ocrx_word' id='word_1_760' title='bbox 592 5633 651 5672; x_wconf 89' lang='lat' dir='ltr'><strong>se</strong></span> <span class='ocrx_word' id='word_1_761' title='bbox 677 5616 1042 5673; x_wconf 80' lang='lat' dir='ltr'><strong>connectenda</strong></span> <span class='ocrx_word' id='word_1_762' title='bbox 1074 5618 1269 5673; x_wconf 85' lang='lat' dir='ltr'><strong>valeat.</strong></span> <span class='ocrx_word' id='word_1_763' title='bbox 1303 5616 1461 5671; x_wconf 80' lang='lat' dir='ltr'><strong>Probi</strong></span> <span class='ocrx_word' id='word_1_764' title='bbox 1493 5625 1547 5674; x_wconf 86' lang='lat' dir='ltr'><strong>ct</strong></span> <span class='ocrx_word' id='word_1_765' title='bbox 1585 5616 1826 5680; x_wconf 58' lang='lat' dir='ltr'><strong>loci-lini,</strong></span> <span class='ocrx_word' id='word_1_766' title='bbox 1853 5617 2063 5672; x_wconf 86' lang='lat' dir='ltr'><strong>Britan-</strong></span> 
     </span>
    </p>
   </div>
   <div class='ocr_carea' id='block_1_106' title="bbox 483 5687 2063 5758">
    <p class='ocr_par' dir='ltr' id='par_1_106' title="bbox 483 5687 2063 5758">
     <span class='ocr_line' id='line_1_106' title="bbox 483 5687 2063 5758; baseline 0 -16"><span class='ocrx_word' id='word_1_767' title='bbox 483 5701 674 5746; x_wconf 74' lang='lat' dir='ltr'><strong>norum</strong></span> <span class='ocrx_word' id='word_1_768' title='bbox 695 5689 856 5744; x_wconf 84' lang='lat' dir='ltr'><strong>medii</strong></span> <span class='ocrx_word' id='word_1_769' title='bbox 877 5690 973 5751; x_wconf 75' lang='lat' dir='ltr'><strong>aevi</strong></span> <span class='ocrx_word' id='word_1_770' title='bbox 995 5689 1336 5758; x_wconf 85' lang='lat' dir='ltr'><strong>scriptorum,</strong></span> <span class='ocrx_word' id='word_1_771' title='bbox 1363 5687 1552 5743; x_wconf 76' lang='lat' dir='ltr'><strong>fabula:</strong></span> <span class='ocrx_word' id='word_1_772' title='bbox 1581 5688 1774 5748; x_wconf 79' lang='lat' dir='ltr'><strong>dudum</strong></span> <span class='ocrx_word' id='word_1_773' title='bbox 1801 5689 1867 5744; x_wconf 84' lang='lat' dir='ltr'><strong>ab</strong></span> <span class='ocrx_word' id='word_1_774' title='bbox 1891 5688 2063 5742; x_wconf 84' lang='lat' dir='ltr'><strong>omni-</strong></span> 
     </span>
    </p>
   </div>
   <div class='ocr_carea' id='block_1_107' title="bbox 2173 5199 3736 5268">
    <p class='ocr_par' dir='ltr' id='par_1_107' title="bbox 2173 5199 3736 5268">
     <span class='ocr_line' id='line_1_107' title="bbox 2173 5199 3736 5268; baseline -0.002 -19"><span class='ocrx_word' id='word_1_775' title='bbox 2173 5208 2392 5268; x_wconf 79' lang='lat' dir='ltr'><strong>propter</strong></span> <span class='ocrx_word' id='word_1_776' title='bbox 2439 5213 2533 5254; x_wconf 85' lang='lat' dir='ltr'><strong>eas</strong></span> <span class='ocrx_word' id='word_1_777' title='bbox 2561 5206 2731 5253; x_wconf 89' lang='lat' dir='ltr'><strong>totam</strong></span> <span class='ocrx_word' id='word_1_778' title='bbox 2767 5199 3208 5255; x_wconf 46' lang='lat' dir='ltr'><strong>rerum—Patricii</strong></span> <span class='ocrx_word' id='word_1_779' title='bbox 3255 5199 3568 5255; x_wconf 84' lang='lat' dir='ltr'><strong>memoriam</strong></span> <span class='ocrx_word' id='word_1_780' title='bbox 3594 5204 3736 5262; x_wconf 86' lang='lat' dir='ltr'><strong>atque</strong></span> 
     </span>
    </p>
   </div>
   <div class='ocr_carea' id='block_1_108' title="bbox 2174 5269 3734 5334">
    <p class='ocr_par' dir='ltr' id='par_1_108' title="bbox 2174 5269 3734 5334">
     <span class='ocr_line' id='line_1_108' title="bbox 2174 5269 3734 5334; baseline -0.001 -12"><span class='ocrx_word' id='word_1_781' title='bbox 2174 5270 2338 5330; x_wconf 61' lang='lat' dir='ltr'><strong>ipsius</strong></span> <span class='ocrx_word' id='word_1_782' title='bbox 2361 5269 2497 5325; x_wconf 88' lang='lat' dir='ltr'><strong>adeo</strong></span> <span class='ocrx_word' id='word_1_783' title='bbox 2525 5270 2874 5326; x_wconf 85' lang='lat' dir='ltr'><strong>existentiam</strong></span> <span class='ocrx_word' id='word_1_784' title='bbox 2904 5271 2957 5326; x_wconf 90' lang='lat' dir='ltr'><strong>in</strong></span> <span class='ocrx_word' id='word_1_785' title='bbox 2986 5270 3208 5326; x_wconf 89' lang='lat' dir='ltr'><strong>dubium</strong></span> <span class='ocrx_word' id='word_1_786' title='bbox 3243 5277 3524 5334; x_wconf 87' lang='lat' dir='ltr'><strong>vocarunt,</strong></span> <span class='ocrx_word' id='word_1_787' title='bbox 3552 5277 3734 5334; x_wconf 76' lang='lat' dir='ltr'><strong>meram</strong></span> 
     </span>
    </p>
   </div>
   <div class='ocr_carea' id='block_1_109' title="bbox 2171 5333 3736 5407">
    <p class='ocr_par' dir='ltr' id='par_1_109' title="bbox 2171 5333 3736 5407">
     <span class='ocr_line' id='line_1_109' title="bbox 2171 5333 3736 5407; baseline -0.002 -17"><span class='ocrx_word' id='word_1_788' title='bbox 2171 5337 2398 5393; x_wconf 73' lang='lat' dir='ltr'><strong>tabulam</strong></span> <span class='ocrx_word' id='word_1_789' title='bbox 2439 5355 2470 5393; x_wconf 89' lang='lat' dir='ltr'><strong>a</strong></span> <span class='ocrx_word' id='word_1_790' title='bbox 2516 5341 2890 5407; x_wconf 84' lang='lat' dir='ltr'><strong>nugivendulis</strong></span> <span class='ocrx_word' id='word_1_791' title='bbox 2928 5349 3239 5396; x_wconf 88' lang='lat' dir='ltr'><strong>contextam</strong></span> <span class='ocrx_word' id='word_1_792' title='bbox 3268 5333 3620 5395; x_wconf 84' lang='lat' dir='ltr'><strong>autumantes.</strong></span> <span class='ocrx_word' id='word_1_793' title='bbox 3652 5333 3736 5407; x_wconf 73' lang='lat' dir='ltr'><strong>lie-</strong></span> 
     </span>
    </p>
   </div>
   <div class='ocr_carea' id='block_1_110' title="bbox 2170 5405 3734 5479">
    <p class='ocr_par' dir='ltr' id='par_1_110' title="bbox 2170 5405 3734 5479">
     <span class='ocr_line' id='line_1_110' title="bbox 2170 5405 3734 5479; baseline -0.003 -19"><span class='ocrx_word' id='word_1_794' title='bbox 2170 5416 2314 5462; x_wconf 77' lang='lat' dir='ltr'><strong>staut</strong></span> <span class='ocrx_word' id='word_1_795' title='bbox 2339 5409 2580 5479; x_wconf 89' lang='lat' dir='ltr'><strong>quidem,</strong></span> <span class='ocrx_word' id='word_1_796' title='bbox 2607 5405 2852 5479; x_wconf 82' lang='lat' dir='ltr'><strong>demptis</strong></span> <span class='ocrx_word' id='word_1_797' title='bbox 2899 5412 3062 5466; x_wconf 86' lang='lat' dir='ltr'><strong>etiam</strong></span> <span class='ocrx_word' id='word_1_798' title='bbox 3101 5409 3315 5478; x_wconf 78' lang='lat' dir='ltr'><strong>fabulis,</strong></span> <span class='ocrx_word' id='word_1_799' title='bbox 3345 5409 3510 5479; x_wconf 72' lang='lat' dir='ltr'><strong>inulta</strong></span> <span class='ocrx_word' id='word_1_800' title='bbox 3538 5407 3588 5479; x_wconf 89' lang='lat' dir='ltr'><strong>in</strong></span> <span class='ocrx_word' id='word_1_801' title='bbox 3629 5405 3734 5457; x_wconf 72' lang='lat' dir='ltr'><strong>vita:</strong></span> 
     </span>
    </p>
   </div>
   <div class='ocr_carea' id='block_1_111' title="bbox 2169 5477 3733 5554">
    <p class='ocr_par' dir='ltr' id='par_1_111' title="bbox 2169 5477 3733 5554">
     <span class='ocr_line' id='line_1_111' title="bbox 2169 5477 3733 5554; baseline 0.002 -24"><span class='ocrx_word' id='word_1_802' title='bbox 2169 5479 2286 5554; x_wconf 67' lang='lat' dir='ltr'><strong>eius</strong></span> <span class='ocrx_word' id='word_1_803' title='bbox 2307 5477 2636 5554; x_wconf 77' lang='lat' dir='ltr'><strong>narratione,</strong></span> <span class='ocrx_word' id='word_1_804' title='bbox 2659 5477 2890 5548; x_wconf 83' lang='lat' dir='ltr'><strong>quorum</strong></span> <span class='ocrx_word' id='word_1_805' title='bbox 2911 5481 3070 5554; x_wconf 83' lang='lat' dir='ltr'><strong>iidem</strong></span> <span class='ocrx_word' id='word_1_806' title='bbox 3091 5477 3425 5554; x_wconf 79' lang='lat' dir='ltr'><strong>argumentis</strong></span> <span class='ocrx_word' id='word_1_807' title='bbox 3441 5477 3602 5532; x_wconf 76' lang='lat' dir='ltr'><strong>firmis</strong></span> <span class='ocrx_word' id='word_1_808' title='bbox 3619 5489 3733 5554; x_wconf 67' lang='lat' dir='ltr'><strong>prp-</strong></span> 
     </span>
    </p>
   </div>
   <div class='ocr_carea' id='block_1_112' title="bbox 2171 5549 3735 5620">
    <p class='ocr_par' dir='ltr' id='par_1_112' title="bbox 2171 5549 3735 5620">
     <span class='ocr_line' id='line_1_112' title="bbox 2171 5549 3735 5620; baseline 0.001 -19"><span class='ocrx_word' id='word_1_809' title='bbox 2171 5549 2283 5602; x_wconf 79' lang='lat' dir='ltr'><strong>bari</strong></span> <span class='ocrx_word' id='word_1_810' title='bbox 2309 5549 2600 5612; x_wconf 86' lang='lat' dir='ltr'><strong>desideres,</strong></span> <span class='ocrx_word' id='word_1_811' title='bbox 2624 5565 2732 5618; x_wconf 90' lang='lat' dir='ltr'><strong>quo</strong></span> <span class='ocrx_word' id='word_1_812' title='bbox 2755 5558 2866 5620; x_wconf 79' lang='lat' dir='ltr'><strong>tota</strong></span> <span class='ocrx_word' id='word_1_813' title='bbox 2895 5552 3014 5620; x_wconf 87' lang='lat' dir='ltr'><strong>ejus</strong></span> <span class='ocrx_word' id='word_1_814' title='bbox 3049 5552 3117 5606; x_wconf 86' lang='lat' dir='ltr'><strong>ad</strong></span> <span class='ocrx_word' id='word_1_815' title='bbox 3147 5549 3526 5606; x_wconf 87' lang='lat' dir='ltr'><strong>transmarinas</strong></span> <span class='ocrx_word' id='word_1_816' title='bbox 3546 5549 3735 5620; x_wconf 59' lang='lat' dir='ltr'><strong>pravi»;</strong></span> 
     </span>
    </p>
   </div>
   <div class='ocr_carea' id='block_1_113' title="bbox 2170 5613 3732 5698">
    <p class='ocr_par' dir='ltr' id='par_1_113' title="bbox 2170 5613 3732 5698">
     <span class='ocr_line' id='line_1_113' title="bbox 2170 5613 3732 5698; baseline -0.004 -26"><span class='ocrx_word' id='word_1_817' title='bbox 2170 5620 2282 5698; x_wconf 51' lang='lat' dir='ltr'><strong>nias</strong></span> <span class='ocrx_word' id='word_1_818' title='bbox 2308 5613 2670 5698; x_wconf 66' lang='lat' dir='ltr'><strong>peregripatio</strong></span> <span class='ocrx_word' id='word_1_819' title='bbox 2697 5627 2752 5673; x_wconf 89' lang='lat' dir='ltr'><strong>et</strong></span> <span class='ocrx_word' id='word_1_820' title='bbox 2771 5613 3046 5698; x_wconf 69' lang='grc' dir='ltr'><strong>(Ζωιεὲςίρί</strong></span> <span class='ocrx_word' id='word_1_821' title='bbox 3071 5622 3170 5698; x_wconf 80' lang='lat' dir='ltr'><strong>hac</strong></span> <span class='ocrx_word' id='word_1_822' title='bbox 3193 5621 3244 5677; x_wconf 91' lang='lat' dir='ltr'><strong>in</strong></span> <span class='ocrx_word' id='word_1_823' title='bbox 3265 5613 3732 5698; x_wconf 29' lang='lat' dir='ltr'><strong>_re_parte§jrcferri</strong></span> 
     </span>
    </p>
   </div>
   <div class='ocr_carea' id='block_1_114' title="bbox 2171 5688 3732 5756">
    <p class='ocr_par' dir='ltr' id='par_1_114' title="bbox 2171 5688 3732 5756">
     <span class='ocr_line' id='line_1_114' title="bbox 2171 5688 3732 5756; baseline -0.003 -12"><span class='ocrx_word' id='word_1_824' title='bbox 2171 5689 2387 5746; x_wconf 83' lang='lat' dir='ltr'><strong>debent.</strong></span> <span class='ocrx_word' id='word_1_825' title='bbox 2430 5688 2536 5746; x_wconf 87' lang='lat' dir='ltr'><strong>Sed</strong></span> <span class='ocrx_word' id='word_1_826' title='bbox 2581 5705 2730 5756; x_wconf 87' lang='lat' dir='ltr'><strong>cave,</strong></span> <span class='ocrx_word' id='word_1_827' title='bbox 2775 5707 2842 5746; x_wconf 90' lang='lat' dir='ltr'><strong>ne</strong></span> <span class='ocrx_word' id='word_1_828' title='bbox 2885 5692 3174 5748; x_wconf 88' lang='lat' dir='ltr'><strong>arbitrario</strong></span> <span class='ocrx_word' id='word_1_829' title='bbox 3225 5688 3384 5748; x_wconf 77' lang='lat' dir='ltr'><strong>nimis</strong></span> <span class='ocrx_word' id='word_1_830' title='bbox 3411 5688 3732 5745; x_wconf 83' lang='lat' dir='ltr'><strong>traditionun:</strong></span> 
     </span>
    </p>
   </div>
  </div>
