3920 6176
152 376 243 441 79‘7
1470 384 1696 440 annue
1718 383 1989 440 nostum

726 500 751 569 ς
780 500 818 554 ll
871 499 1096 569 Scripta.

217 588 420 657 Scr'pta
451 589 673 658 genuina
724 591 938 644 l’airicit
993 590 1150 646 facile
1178 596 1316 663 stylu
1363 591 1601 647 ira-baro
1634 609 1696 647 ac

155 681 329 735 scabra
358 680 596 733 oratione
624 694 690 735 ex
722 682 973 750 neglectu
1012 684 1281 737 sermonis
1303 683 1504 750 Latini,
1529 700 1690 755 quem

157 787 245 825 nos
285 786 405 824 nam
424 771 485 824 ad
508 772 860 827 scribendum
878 773 1252 829 adhibiturunt
1273 790 1331 831 se
1349 778 1694 833 existimave—

153 880 200 919 fa
238 866 331 933 (η’,
344 864 569 918 asinaria
587 880 706 919 sese
726 864 1089 921 manifestam.
1111 868 1438 924 Suutautem
1455 883 1693 941 sequen-

148 954 231 1008 tia.

206 1042 242 1099 l.
275 1040 534 1111 Coufem'o
566 1045 617 1095 tn
662 1040 887 1112 epistola
926 1041 992 1096 ad
1031 1039 1299 1100 Hibernos
1339 1043 1623 1113 explicata,
1658 1043 1710 1099 in

144 1149 236 1202 .pia
266 1149 366 1194 non
389 1133 456 1188 de
479 1129 582 1188 llde
610 1132 704 1187 sed
734 1132 854 1186 vita:
881 1142 1044 1204 atque
1071 1135 1469 1204 przedicationis
1496 1151 1606 1191 sua:
1633 1152 1714 1190 ra-

151 1225 280 1279 “.inne
313 1222 553 1292 exponit.
590 1221 911 1290 Fragmenta
944 1223 1173 1293 plurima
1204 1238 1269 1278 ex
1300 1239 1363 1278 ea
1393 1224 1715 1280 lucubratio-

148 1315 191 1368 ni
234 1312 336 1368 sua:
381 1312 609 1373 intexuit
652 1310 878 1378 Probus,
928 1313 1049 1368 vita:
1090 1312 1305 1369 Patricii
1354 1314 1584 1385 scriptor
1610 1330 1709 1370 saa-

151 1405 243 1461 culi
283 1422 331 1459 x.

208 1495 266 1550 Il.
306 1493 541 1565 Epistola
569 1495 638 1548 ad
662 1493 951 1549 Corolicum
979 1494 1219 1561 regulum
1242 1492 1711 1551 Cambro—Britan-

149 1590 304 1644 nicum
330 1604 423 1642 seu
455 1587 636 1658 potius
662 1587 731 1640 ad
761 1586 1079 1641 Christianos
1104 1584 1329 1642 Corotici
1349 1588 1555 1657 tyranni
1580 1584 1703 1640 sub-

147 1682 282 1736 a’itos.
333 1677 501 1746 Ilujus
545 1679 703 1748 epist.
763 1677 962 1732 diserte
1011 1677 1252 1731 meminit
1288 1675 1561 1736 Jocelinus
1590 1693 1710 1731 mo-

149 1767 716 1825 nachus'Cisterciensis
744 1768 975 1823 emnobii
1007 1767 1379 1822 Furnessensis
1401 1769 1540 1838 apud
1570 1768 1709 1824 Lan-

148 1860 466 1926 castrienses,
490 1860 582 1930 qui
604 1874 729 1914 suac.
754 1875 825 1913 xu
843 1858 975 1914 vixit
1002 1866 1057 1912 et
1074 1859 1245 1914 Vitam
1276 1856 1491 1914 Patricii
1521 1874 1711 1914 exara—
1749 1871 1787 1928 Β

148 1951 227 2004 vit.
252 1949 512 2006 Ceterum
541 1949 784 2005 Warmus
833 1964 933 2020 pro
969 1949 1128 2018 hujus
1158 1957 1212 2004 et
1249 1949 1544 2020 superioris
1572 1964 1710 2019 Opu-

146 2041 261 2096 sculi
298 2040 616 2109 antiquitate
654 2040 905 2094 observat
943 2038 1056 2093 loca
1097 2054 1264 2095 sacra:
1310 2038 1601 2111 Scripturre
1644 2055 1708 2095 ex

146 2132 369 2186 versione
398 2129 560 2195 LXX,
592 2146 700 2185 non
730 2146 797 2184 ex
826 2139 953 2185 tunc
990 2130 1196 2184 recenti
1227 2129 1559 2202 Hieronymi,
1592 2146 1710 2200 qua:

146 2219 339 2275 Patricii
374 2235 496 2275 :evo
541 2219 779 2275 nondum
818 2218 1105 2289 publicitus
1143 2217 1240 2272 fuit
1280 2228 1519 2290 recepta,
1552 2221 1605 2274 in
1647 2220 1710 2274 iis

145 2310 347 2365 laudari.

203 2401 278 2455 Ill.
319 2402 565 2473 Synodus
590 2402 650 2457 S.
678 2401 897 2459 Patricii
923 2402 1285 2471 complectens
1316 2417 1550 2457 canones
1572 2402 1659 2458 5|.

204 2494 280 2547 IV.
324 2495 419 2548 Alii
469 2493 503 2555 9
546 2510 770 2549 canones
822 2494 881 2550 S.
942 2494 1175 2551 Patricio
1221 2496 1453 2564 ascripti.
1494 2494 1572 2549 Ex
1627 2495 1711 2550 his

143 2588 360 2655 quintum
388 2598 448 2643 et
477 2597 687 2645 sextum
713 2589 822 2655 jam
869 2587 1112 2643 Usserius
1153 2588 1431 2654 ediderat,
1474 2589 1710 2660 reliquos

143 2679 359 2741 War-aius
398 2680 698 2734 adinveuit.

202 2771 257 2825 V.
297 2771 543 2843 Synodus
568 2770 809 2838 Patricii,
842 2771 1054 2837 Auxilii,
1081 2780 1131 2825 et
1161 2769 1415 2826 Issernini
1441 2773 1708 2845 episcopo-

143 2880 240 2915 rmn
263 2863 327 2917 δι
353 2862 645 2918 canonibas
665 2870 929 2917 constans.
960 2862 1201 2919 Warreus
1229 2864 1426 2935 adjecit
1449 2866 1579 2919 alios
1610 2878 1709 2920 tres

141 2971 162 3006 ι
180 2972 356 3021 ληοηιε,
380 2962 551 3010 antea
566 2953 677 3024 jam
700 2971 729 3008 a
751 2954 1112 3026 Speelmanno
1133 2956 1325 3023 editos,
1350 2966 1404 3011 et
1426 2955 1709 3011 Proverbia

139 3045 294 3113 aliqua
324 3046 594 3116 ejusdem.

199 3134 389 3191 lacerta
409 3143 567 3201 sunt,
596 3145 690 3191 aut
713 3137 893 3193 verius
914 3153 1017 3191 non
1042 3138 1227 3209 ipsius,
1251 3137 1445 3193 Charta
1469 3154 1566 3193 seu
1591 3139 1710 3211 Epi-

3297 389 3397 447 793

1740 503 1781 557 Α
1816 498 1916 554 fuit
1944 515 1973 554 a
2003 498 2155 554 Riclt.
2183 498 2543 555 Staniliurstio
2568 511 2622 556 et
2646 501 2697 555 in
2735 502 2854 555 Vita
2877 500 3099 555 Patricii
3134 517 3171 569 ι,
3202 519 3258 562 ιι,
3291 503 3400 558 An-

1816 592 2040 661 tucrpize
2067 607 2157 645 an.
2182 590 2315 646 tb'87
2330 594 2397 647 ab
2424 608 2490 647 eo
2513 591 2708 662 editus,
2724 608 2945 647 recusus
2963 594 3126 646 etiam
3151 601 3406 646 monente

1816 683 2014 746 Caveo,
2066 700 2095 738 a
2124 683 2452 755 Mesingamo
2498 684 2566 739 ad
2609 684 2770 741 linem
2798 682 3071 756 Florilegii
3117 682 3402 747 llibernici,

1819 774 1990 829 Paris.
2028 774 2179 828 1624.

2375 866 2403 935 ᾗ
2444 865 2528 920 Ill.
2569 864 2861 922 Editioncs.

1886 955 1965 1011 Ex
1994 957 2078 1011 bis
2109 954 2325 1011 Patrimi
2364 957 2637 1026 Opusculis
2667 971 2811 1009 num.
2842 955 2877 1009 5
2916 962 2970 1011 et
2999 952 3049 1021 5,
3095 970 3215 1009 cum
3245 954 3397 1024 parti-

1813 1048 1934 1102 cula
1964 1046 2216 1114 Epistolis:
2241 1048 2304 1103 de
2346 1049 2655 1120 antiquitate
2682 1048 2849 1120 gentis
2877 1047 3175 1103 Avalonica:
3218 1055 3274 1103 et
3316 1064 3399 1117 po-

1813 1148 2011 1193 strema
2037 1139 2143 1193 duo
2167 1139 2299 1194 falso
2322 1139 2419 1209 ipsi
2443 1139 2693 1209 ascripta,
2718 1138 2861 1193 edita
2884 1136 3097 1193 fuerunt
3118 1147 3399 1206 antequam

1812 1230 2036 1287 Iacobus
2060 1230 2300 1287 Warams
2326 1232 2530 1303 reliqua
2561 1248 2630 1291 ex
2654 1248 2782 1287 mss.
2814 1232 3089 1287 codicibus
3118 1240 3331 1286 erueret
3351 1240 3399 1284 et

1814 1323 1880 1376 de
1910 1324 2175 1379 universis
2204 1324 2423 1380 edendis
2445 1341 2627 1380 curam
2662 1326 2908 1394 agitaret.
2933 1323 3062 1380 Post
3085 1324 3236 1395 cujus
3265 1342 3398 1396 prm-

1814 1418 2012 1470 claram
2043 1432 2284 1485 operam,
2321 1416 2655 1471 Bollandiani
2686 1417 2929 1486 quaedam
2959 1417 3137 1472 denuo
3164 1418 3228 1471 ad
3256 1419 3397 1472 codi-

1814 1523 1904 1561 ccs
1944 1523 2070 1565 mss.
2102 1507 2379 1575 recognita
2417 1507 2701 1569 dederunt,
2734 1507 3069 1561 Warmanam
3102 1517 3280 1562 autem
3313 1518 3392 1563 to-

1815 1610 1921 1652 tam
1971 1598 2369 1653 rescribendum
2410 1601 2617 1653 curavit
2656 1596 2895 1652 Andreas
2921 1596 3255 1653 Gallandius.
3291 1598 3396 1652 Sed

1813 1691 2019 1756 singula
2051 1690 2358 1760 diligentius
2386 1690 2751 1744 lustrabimus.

2456 1797 2587 1835 δερ.
2621 1797 2745 1834 XVII.

2530 1870 2688 1925 160i.

1885 1963 2169 2036 Moguntiaz
2190 1962 2329 2031 apud
2360 1961 2592 2016 Balthas.
2630 1960 2867 2032 Lippinm
2895 1970 3084 2030 sumpt.
3118 1962 3237 2014 Ant.
3277 1959 3395 2014 Ilio-

1813 2064 1939 2116 rat.,
1974 2053 2114 2108 iri-4.
2147 2052 2205 2107 8.
2234 2051 2452 2106 Patricii
2485 2052 2701 2120 legatio,
2733 2068 2761 2105 a
2791 2049 3083 2107 leestino
3113 2052 3284 2121 primo
3316 2067 3396 2121 pa.

1815 2160 1881 2212 pa
1916 2144 1983 2198 ad
2012 2143 2422 2199 conversionem
2454 2141 2723 2196 llibernim
2762 2142 2977 2210 directi,
3008 2143 3120 2197 sive
3164 2142 3398 2212 Epistola

1812 2236 1871 2291 S.
1894 2235 2112 2292 l‘atricii
2136 2234 2365 2306 apostoli
2388 2233 2657 2290 Hiberniae
2685 2250 2751 2287 ex
2776 2233 2904 2287 bibl.
2932 2234 3249 2287 monasterii
3270 2233 3396 2287 Gla-

1812 2328 2024 2397 stoniae,
2049 2328 2101 2381 in
2131 2342 2239 2398 quo
2269 2326 2383 2397 ipse
2411 2326 2576 2380 abbas
2603 2324 2719 2389 fuit,
2765 2332 3055 2392 antequam
3101 2331 3242 2379 esset
3280 2324 3396 2393 epi-

1812 2436 2007 2491 scopus
2036 2419 2333 2485 Hibernite;
2366 2418 2416 2471 in
2441 2416 2668 2471 Gerardi
2694 2413 3273 2485 VossiiPrtep.Tungr.
3304 2414 3396 2468 Mi-

1810 2513 2082 2570 scellaneis
2113 2512 2217 2568 SS.
2248 2512 2443 2581 aliquot
2473 2508 2691 2597 Paltrum
2722 2506 2812 2564 Cr.
2854 2517 2905 2561 et
2933 2506 3051 2561 Lat.
3081 2507 3219 2579 (quce
3247 2506 3396 2576 quasi

1811 2604 1947 2658 alter
1978 2612 2156 2658 tomus
2181 2602 2247 2656 ab
2267 2615 2333 2655 eo
2361 2601 2616 2671 operibus
2643 2597 2887 2667 Gregorii
2910 2598 3293 2666 Thaumaturgi
3315 2598 3395 2651 ad.

1806 2696 1949 2764 jccla
1980 2693 2148 2763 sunt),
2182 2706 2303 2761 pag.
2331 2690 2459 2745 9.7.9.

1882 2784 1996 2838 Non
2028 2784 2130 2838 nisi
2182 2783 2536 2850 fragmentum
2569 2790 2649 2836 est
2678 2779 2921 2850 epistola!
2967 2779 3034 2834 de
3066 2778 3396 2849 Antiquitale

1812 2872 2126 2938 Avalonica,
2158 2871 2302 2943 quod
2354 2872 2495 2926 inter
2522 2871 2854 2927 collectanea
2894 2884 3023 2924 mss.
3062 2868 3396 2923 Μαι-ἰηηίνί-

1810 2962 1969 3018 etorii
2019 2962 2260 3033 episcOpi
2304 2961 2515 3016 Reatini
2562 2961 2807 3032 (editoris
2855 2960 3153 3030 Ambrosii)
3198 2961 3396 3029 reperit

1812 3053 2066 3117 Vossius;
2096 3052 2367 3108 Victorius
2401 3059 2603 3119 autem,
2635 3051 2760 3105 dum
2794 3050 3092 3118 Reginaldo
3118 3049 3252 3104 Polo
3273 3067 3395 3105 car-

1810 3144 1975 3198 dinali
2028 3142 2203 3211 legato
2232 3142 2286 3197 in
2315 3142 2505 3211 Anglia
2535 3142 2773 3207 adesset,
2812 3156 2880 3194 ex
2912 3138 3271 3196 vetustissimo
3296 3156 3393 3194 ms.

138 3228 248 3282 uola
273 3229 333 3283 de
360 3230 681 3301 antiquitate
706 3229 1009 3297 Avalonica,
1037 3246 1197 3300 quam
1226 3239 1449 3301 propter
1486 3232 1703 3303 stylum,
1733 3239 1776 3298 (ζ
1810 3234 2104 3305 exemplari
2133 3233 2472 3287 bibliothecae
2494 3232 2807 3286 monasterii
2829 3229 3121 3286 Glastonim
3152 3233 3395 3286 transcri-

141 3326 413 3389 temporum
448 3320 780 3375 notationem
810 3321 1021 3389 aliaque
1050 3321 1103 3376 id
1136 3334 1306 3390 genus
1334 3332 1606 3379 momenta
1635 3323 1698 3378 V.

144 3407 194 3461 (Ι.
222 3411 428 3465 nomina
457 3424 612 3465 mere
642 3408 1108 3478 Anglo-Saxonica
1149 3411 1202 3466 in
1228 3427 1293 3468 ea
1332 3412 1586 3482 ascripta,
1617 3428 1706 3468 re-

143 3499 369 3554 centioris
396 3499 640 3555 auctoris
668 3514 788 3554 esse
814 3501 1121 3569 suspicatur
1146 3500 1420 3568 Warmus;
1456 3517 1619 3571 porro
1649 3503 1708 3557 li-

144 3585 215 3641 ber
237 3590 297 3644 de
314 3591 475 3645 tribus
500 3578 867 3656 Habitaculis,‘
882 3591 1023 3660 apud
1046 3592 1179 3647 alios
1201 3592 1263 3646 de
1285 3591 1502 3647 Gaudiis
1525 3593 1708 3648 electo-

142 3697 239 3735 rum
280 3693 328 3737 et
363 3684 529 3754 pomis
571 3681 933 3738 damnatorum
974 3683 1280 3753 inscriptus,
1311 3691 1367 3739 et
1410 3684 1706 3753 Augustino

145 3770 285 3827 etiam
322 3774 584 3837 tributus;
615 3782 670 3829 et
698 3775 835 3829 liber
880 3775 944 3830 de
972 3773 1315 3831 Abusionibus
1352 3779 1528 3833 swculi
1569 3777 1709 3831 inter

144 3860 369 3932 Cypriani
397 3873 453 3920 et
481 3863 763 3932 Augustini
792 3870 955 3934 opera
987 3865 1265 3933 vulgatus;
1296 3864 1363 3921 de
1391 3881 1500 3936 quo
1527 3876 1710 3939 poste-

144 3954 255 4011 riori
281 3964 456 4013 tamen
499 3973 607 4012 non
636 3965 722 4012 est
748 3956 1203 4027 praetermittenda
1225 3956 1425 4014 Waraei
1452 3960 1709 4030 suspicio.

145 4045 328 4118 Quippe
350 4064 474 4104 cum
496 4057 749 4119 excerpta
769 4048 1013 4125 quaedam
1034 4064 1102 4104 ex
1130 4049 1234 4106 hoc
1256 4050 1393 4107 libro
1419 4052 1488 4108 ab
1516 4061 1707 4109 aucto-

143 4136 271 4194 ribus
293 4139 580 4195 admodum
609 4140 859 4211 antiquis,
893 4140 1018 4196 licet
1049 4141 1215 4197 tacito
1244 4142 1407 4198 libelli
1436 4143 1616 4210 titulo,
1646 4143 1704 4199 S.

143 4224 352 4285 Patricio
380 4230 736 4297 aseribantur,
768 4246 873 4286 non
904 4246 1066 4302 posse
1093 4247 1153 4287 se
1181 4247 1287 4287 non
1317 4233 1578 4304 suSpicari
1608 4235 1702 4301 ait,

143 4320 370 4376 eumdem
408 4336 532 4377 esse
572 4336 691 4377 cum
721 4321 1137 4378 Proverbiorum
1175 4338 1242 4380 eo
1292 4324 1497 4392 libello,
1544 4341 1704 4397 quem

144 4413 473 4483 mdiﬁcatione
502 4415 727 4485 plurima
751 4416 957 4487 plenum
983 4415 1257 4476 Joceliuus
1303 4415 1590 4473 Patricium
1622 4418 1710 4473 Hi-

144 4502 339 4560 bernice
359 4505 639 4576 scripsisse
658 4506 876 4574 dixerit,
897 4521 1162 4576 quemque
1184 4506 1412 4563 fortasse
1440 4508 1707 4565 Hibernus

1805 3333 1958 3396 ptum
1986 3335 2290 3394 acceperat.
2334 3322 2556 3390 Eadem,
2599 3331 2657 3376 ut
2686 3323 2926 3376 Warmus
2969 3324 3242 3392 observat,
3280 3325 3389 3392 jam

1807 3417 2071 3471 habentur
2114 3414 2165 3468 in
2216 3412 2440 3467 Joannis
2480 3412 2881 3467 Tinmutbensis
2927 3412 3283 3484 Sanctilogio,
3335 3415 3386 3468 in

1807 3506 1927 3560 Vita
1960 3504 2192 3567 Patricii,
2223 3511 2278 3558 ct
2306 3502 2357 3556 in
2381 3502 2726 3572 exscriptoris
2753 3501 2870 3569 ejus
2903 3500 3124 3556 Joannis
3156 3504 3392 3572 Capgra-

1807 3598 1878 3651 vii
1913 3594 2064 3651 Nova
2096 3594 2337 3665 Legenda
2364 3594 2586 3665 Anglice,
2612 3593 2841 3648 Londini
2864 3608 2953 3647 an.
2981 3591 3116 3647 1516
3139 3595 3276 3664 typis
3306 3610 3393 3648 ex-

1808 3703 1959 3742 cusa.
2814 3688 2825 3693 “

2525 3768 2682 3833 1639.
2908 3780 2943 3815 ⁸

1878 3870 2126 3937 Londini,
2159 3869 2339 3925 iu-l'ol.
2371 3868 2619 3940 Synodus
2645 3867 2703 3923 S.
2735 3865 2971 3937 Patricii,
2993 3871 3114 3924 item
3142 3867 3388 3939 Synodus

1811 3962 2051 4028 Patricii,
2077 3961 2277 4019 Auxilii
2305 3969 2359 4016 et
2385 3959 2640 4014 lssernini
2670 3967 2725 4014 et
2755 3967 2856 4014 tres
2886 3967 3147 4029 praeterea
3172 3975 3394 4014 canones

1807 4053 2080 4122 ejusdem;
2113 4052 2164 4106 in
2197 4051 2440 4106 Conciliis
2464 4050 2752 4105 Britannia:
2782 4049 2997 4105 Henrici
3027 4049 3390 4121 Spcelmanni,

1808 4154 1847 4200 t.
1880 4144 1921 4211 l,
1952 4156 2107 4213 pagg.
2135 4141 2226 4209 5t,
2254 4139 2338 4206 54,
2364 4139 2436 4195 55
2462 4156 2583 4210 sqq.

1880 4233 2091 4289 Priores
2112 4247 2346 4288 canones
2373 4230 2643 4300 desumpti
2672 4240 2794 4285 sunt
2822 4246 2889 4285 ex
2929 4232 3151 4299 antiquo
3180 4247 3279 4286 ms.
3311 4246 3391 4287 co-

1810 4326 1931 4380 dice
1964 4321 2354 4393 Andegaveusi,
2387 4320 2542 4390 cujus
2566 4322 2932 4392 apograpbum
2963 4321 3027 4377 ad
3060 4320 3332 4377 Usserium
3364 4339 3394 4377 ιι

1808 4416 1980 4483 Gallia
2010 4416 2231 4471 miserat
2267 4412 2607 4471 Sirmondus.

2526 4504 2684 4562 1656.

143 4597 315 4667 aliquis
335 4607 461 4668 post
489 4599 691 4653 obitum
715 4598 930 4654 Patricii
960 4600 1012 4653 in
1042 4600 1274 4669 linguam
1308 4599 1550 4656 Latinam
1583 4617 1709 4658 cou-
1739 4606 1783 4663 υ
1887 4600 2110 4655 Londini
2139 4598 2279 4671 apud
2317 4597 2575 4656 Joannem
2615 4596 2802 4665 Crook,
2860 4598 2951 4652 sub
2980 4599 3127 4669 signa
3166 4599 3307 4651 navis
3339 4599 3391 4651 in

146 4690 364 4742 verterit.
397 4688 666 4759 Utriuque
705 4689 869 4757 enim,
899 4689 953 4744 in
996 4687 1303 4745 Proverbiis
1331 4699 1387 4746 et
1413 4691 1705 4749 Sententiis

144 4781 399 4848 appositis,
428 4780 621 4837 chuli
655 4780 938 4837 Abusiones
968 4781 1188 4851 aperiri,
1220 4797 1319 4838 nec
1346 4782 1539 4854 stylum
1575 4785 1707 4839 scri-

143 4877 374 4935 pturasve
414 4886 447 4926 e
484 4870 734 4926 versione
761 4870 1071 4943 Hieronymi
1114 4872 1308 4927 citatas
1348 4874 1564 4930 obstare
1599 4889 1707 4944 quo

142 4957 301 5014 minus
328 4960 467 5015 liber
494 4960 583 5016 ille
607 4969 794 5032 partus
820 4960 888 5015 sit
915 4960 1113 5030 ingenii
1143 4959 1452 5029 Patriciani,
1483 4963 1611 5020 licet
1638 4967 1707 5020 ab

142 5045 237 5101 alio
261 5050 569 5113 translatus,

204 5135 438 5209 Denique
461 5156 648 5208 sermo,
672 5139 763 5210 qui
793 5135 1008 5201 Patricii
1032 5156 1226 5196 nomen
1256 5142 1411 5210 gerit,
1445 5145 1703 5202 contictus

140 5316 540 5395 domesticarum
571 5318 951 5395 ﬁd§m__eleves.
986 5319 1229 5395 [regenda
1259 5331 1384 5395 sunt
1424 5323 1702 5395 imprimis,

142 5404 250 5455 quae
272 5388 604 5461 Bollandiani
626 5391 688 5455 Τ.
707 5392 768 5446 lll
791 5394 990 5448 mensis
1014 5392 1189 5447 Martii
1210 5408 1261 5461 p.
1291 5392 1410 5457 519,
1434 5388 1707 5461 ᾱε’ρι·ἰιιιίε

142 5465 192 5531 ct
223 5460 607 5531 antiquioribus
640 5460 699 5519 S.
732 5461 947 5517 Patrieii
990 5464 1123 5516 actis
1152 5460 1221 5526 (e'
1257 5463 1450 5531 quibus
1478 5460 1705 5529 Probus,

142 5524 402 5610 locelimis
446 5532 639 5603 aliique
683 5532 1006 5603 hauserunt)
1057 5524 1351 5602 eorumque
1399 5524 1708 5588 auctoribus

145 5610 580 5655 CODSCTIDSCI‘IIHL

171 5736 179 5743 θ
212 5669 284 5735 (a)
314 5669 453 5743 Olirn
481 5671 693 5741 (agitato
720 5669 959 5743 scribere,
986 5672 1157 5743 inquit
1185 5672 1236 5725 in
1258 5672 1470 5728 laudata
1485 5672 1708 5729 Confes—

146 5739 303 5801 sioue,
330 5739 599 5812 seduusqne
627 5758 759 5794 nunc
797 5742 1041 5795 basiavi.
1092 5742 1258 5795 Timui
1302 5746 1435 5798 enim
1471 5762 1532 5797 ne
1574 5746 1705 5797 inri-

146 5816 304 5872 {tam
335 5811 385 5865 in
411 5810 631 5878 linguam
657 5812 947 5873 hominum;
976 5824 1023 5863 et
1051 5814 1170 5871 quia
1199 5830 1298 5865 non
1330 5817 1430 5881 [ε’ιί
1460 5817 1587 5866 sicut
1613 5831 1706 5865 rw-

1811 4695 2095 4749 coemeterio
2140 4691 2389 4757 Paulino,
2432 4690 2573 4746 iii-8.
2614 4689 2672 4745 S.
2704 4689 2958 4753 Patricio,
3001 4691 3091 4760 qui
3128 4688 3393 4744 Hibernos

1812 4784 1877 4838 ad
1909 4783 2063 4839 ﬁdem
2092 4781 2292 4837 Christi
2329 4782 2620 4850 convertit,
2650 4781 2881 4849 ascripta
2921 4780 3177 4851 opuscula
3211 4799 3222 4832 :
3255 4795 3394 4849 quo»

1812 4893 1930 4932 rum
1961 4876 2138 4946 aliqua
2169 4889 2311 4929 nunc
2338 4874 2568 4943 primum
2599 4889 2666 4928 ex
2692 4872 2924 4940 antiquis
2962 4887 3091 4926 mss.
3122 4872 3397 4929 codicibus

1814 4970 1866 5021 iu
1898 4968 2071 5021 lucem
2102 4965 2295 5020 emissa
2325 4972 2467 5028 sunt,
2510 4964 2713 5030 reliqua
2742 4962 3054 5031 recognita;
3086 4964 3267 5017 omnia
3309 4981 3396 5018 no-

1814 5060 1902 5124 tis,
1931 5057 1998 5111 ad
2027 5071 2139 5111 rem
2169 5055 2482 5110 bistoricam
2523 5063 2577 5107 et
2603 5053 2963 5123 antiquarium
3001 5055 3389 5123 spectautibm,

1811 5148 2094 5215 illustrata,
2117 5160 2283 5216 opera
2311 5152 2367 5199 et
2386 5144 2562 5200 studio
2591 5142 2779 5199 Jacobi
2800 5144 2997 5200 Warzei
3028 5144 3160 5217 Equ.
3192 5147 3392 5204 Auruti.

1813 5327 1929 5401 teri,
1962 5326 2045 5396 qui
2066 5325 2269 5401 optime
2288 5333 2473 5401 itaque
2497 5323 2619 5392 jure
2652 5328 2700 5374 et
2728 5339 2907 5376 sacras
2935 5321 3157 5401 Litteras
3184 5330 3393 5401 utroque

1814 5398 1926 5464 pari
1956 5391 2114 5448 modo
2137 5391 2504 5454 combiberunt,
2536 5400 2583 5444 et
2613 5409 2897 5464 sermonem
2948 5394 3153 5464 illorum
3198 5407 3262 5464 ex
3307 5391 3391 5442 in—

1811 5462 1977 5534 fantia
2008 5479 2267 5534 nunquam
2297 5470 2639 5534 mutaverunt,
2686 5462 2777 5515 sed
2813 5464 2978 5534 magis
3007 5462 3073 5514 ad
3112 5462 3391 5527 perfectum

1810 5530 2006 5603 Semper
2030 5530 2362 5603 addiderunt.
2392 5530 2535 5585 Nam
2555 5549 2721 5585 sermo
2742 5541 2790 5585 et
2805 5530 3202 5603 loquelanostra
3231 5538 3393 5580 trans.

1810 5600 1925 5677 (illa:
1959 5612 2037 5656 est
2079 5604 2135 5677 in
2165 5602 2393 5677 linguam
2437 5603 2680 5666 alienum,
2739 5600 2875 5677 sicut
2912 5600 3064 5669 facile
3091 5606 3252 5677 potest
3282 5615 3393 5667 prae

1811 5674 1923 5725 [νη-ἱ
1953 5690 2014 5742 er
2037 5673 2197 5725 saliva
2226 5670 2499 5742 scripturae
2528 5689 2671 5731 mea},
2697 5670 2914 5739 qualiter
2935 5686 3045 5722 sum
3072 5684 3166 5736 ego
3195 5670 3247 5721 in
3278 5684 3390 5721 sero

1812 5741 2041 5796 trionibus
2065 5744 2344 5807 instructus
2372 5752 2520 5813 atque
2542 5742 2787 5794 eruditus.
