3946 6182
540 322 648 387 ’199

1453 323 1510 376 8.
1557 320 1918 378 PATRlClUS
1957 318 2406 379 lllBEBNORUM
2446 322 2861 381 APOSTOLUS.

3649 336 3735 393 800

611 438 755 494 Ordo
783 443 1158 493 contentorum
1200 435 1339 494 idem
1376 443 1457 488 est
1485 449 1643 501 quem
1681 434 1732 487 in
1770 432 2114 487 recensendis
2145 436 2187 489 Α
2218 428 2482 500 Opusenla
2512 432 2744 490 Patricio
2786 436 3044 507 ascripta;
3078 440 3127 493 in
3157 439 3288 495 Bibl.
3333 439 3443 495 PP.
3471 453 3514 497 et
3542 444 3630 501 SS.
3657 460 3735 505 cet.

541 533 753 604 scriptis
779 529 1125 593 servavimus,
1150 528 1250 581 nisi
1278 527 1420 597 quod
1450 525 1641 579 Charta
1664 526 1727 581 dc
1749 526 1960 596 Origine
1980 529 2115 579 Ava-

544 625 712 677 lonr'ca
734 620 964 675 medium
991 616 1129 673 inter
1150 619 1404 688 Opuscula
1425 618 1488 671 de
1509 617 1693 671 Tribus
1716 616 1767 669 Η
1771 617 2044 673 abitaculis
2064 625 2118 671 et

548 714 610 764 de
642 710 978 765 Abusionibus
1021 711 1199 765 saculi
1240 712 1413 765 locum
1462 718 1707 780 occupat.
1738 710 1858 779 ipse
1888 710 2118 780 primum

544 804 716 856 enitor
738 818 885 855 ntnn.
918 802 969 869 1,
994 801 1029 854 2
1052 808 1107 856 et
1135 801 1169 853 4
1198 804 1284 873 (ex
1315 801 1502 870 majori
1528 800 1722 870 parte),
1756 801 1880 853 item
1906 800 2121 853 Prover-

543 898 626 957 bia
655 905 709 951 et
734 898 991 967 integram
1015 894 1294 965 epistolam
1316 896 1380 946 dc
1399 895 1563 964 gentis
1584 894 1878 953 Avalonicw
1907 890 2119 963 Origine

540 1002 571 1041 a
596 987 756 1053 ijecit,
796 986 1000 1054 reliqua
1029 1001 1148 1041 cum
1193 999 1319 1038 mss.
1352 985 1529 1039 denuo
1558 985 1800 1048 contulit,
1835 984 2027 1038 librum
2057 984 2120 1037 de

543 1077 725 1131 Tribus
754 1075 1078 1130 Habitaculis
1100 1091 1167 1130 ex
1190 1076 1465 1145 Augustini
1487 1077 1756 1146 operibus,
1783 1077 2119 1147 opusculum,

541 1168 605 1220 de
631 1165 972 1220 Abusionibus
1018 1166 1192 1221 saculi
1238 1181 1305 1219 ex
1334 1164 1602 1238 Cypriano
1633 1166 1854 1221 Pamelii
1896 1168 2118 1222 rescribi

540 1257 695 1323 fecit,
744 1257 1245 1328 prafationemque,
1282 1266 1468 1323 notas,
1514 1258 1568 1312 in
1596 1259 1790 1327 quibus
1819 1260 2012 1328 partim
2051 1261 2118 1315 de

539 1351 868 1413 sinceritate,
910 1350 1084 1407 :etatis
1130 1350 1337 1403 ratione
1384 1350 1628 1418 aliisque,
1674 1365 1792 1418 qua:
1838 1359 2114 1405 amtorem

539 1448 869 1495 (-oncernunt
888 1440 1191 1503 momentis,
1216 1439 1513 1506 disseritur,
1538 1441 1731 1509 partim
1761 1441 1964 1509 singula
1997 1442 2114 1497 loca

540 1533 889 1598 i‘tustrantur,
939 1542 994 1587 et
1039 1532 1265 1588 indicem
1312 1532 1535 1589 addidit.
1583 1532 1663 1586 Ad
1712 1534 1910 1591 calcem
1952 1536 2113 1590 etiam

539 1623 786 1691 apposuit
814 1622 1097 1678 Secundini
1126 1623 1382 1693 episcopi,
1401 1622 1459 1677 S.
1481 1622 1697 1679 Patricii
1726 1640 1756 1678 e
1788 1624 1988 1680 Davera
2020 1642 2114 1683 so-

538 1728 661 1767 rore
692 1715 918 1782 nepotis,
947 1714 1191 1785 hymnum
1212 1713 1588 1785 alphabeticum
1616 1717 1671 1769 in
1696 1716 1900 1770 laudem
1922 1716 1981 1772 S.
2008 1716 2117 1771 Pa-

540 1806 673 1860 tricii
704 1812 829 1861 tunc
849 1803 1092 1860 viventis.
1361 1802 1364 1805 ’

1247 1894 1404 1950 1668.

609 1987 905 2057 Antaerpia
932 1988 1070 2058 apud
1106 1987 1223 2042 Jac.
1268 1986 1580 2053 Meursium,
1628 1989 1808 2049 in—fol.
1836 1989 2115 2048 Confessio

539 2078 594 2137 S,
624 2077 835 2131 Patrit-ii
873 2078 939 2132 de
978 2077 1093 2132 Vita
1117 2086 1172 2132 et
1195 2078 1617 2135 Conversatioue
1644 2096 1761 2145 sua,
1792 2096 1954 2151 quam
1987 2082 2113 2152 (una

537 2185 656 2222 cum
679 2166 915 2239 Epistola
944 2168 1014 2223 ad
1039 2167 1355 2224 Christianos
1382 2169 1603 2225 Corotici
1630 2175 1838 2243 tyranni
1859 2174 2111 2238 subditos,

537 2262 608 2319 i:a
633 2261 775 2315 enim
804 2262 1002 2317 rectius
1031 2263 1119 2318 hic
1158 2262 1484 2332 inscribitur)
1515 2279 1583 2318 ex
1607 2267 1971 2321 vetustissimo
2008 2266 2114 2324 No-

537 2353 839 2410 biliacensis
852 2352 908 2408 S.
931 2352 1143 2409 Vedasti
1167 2355 1478 2409 monasterii
1518 2355 1700 2411 codice
1721 2358 1861 2411 eruit
1878 2358 2112 2412 Andreas

541 2444 697 2507 Denis
727 2444 974 2511 Atrebas,
1006 2460 1036 2499 e
1065 2445 1327 2500 societate
1353 2444 1507 2510 Jesu;
1535 2446 1585 2499 in
1608 2448 1747 2501 Actis
1794 2458 2110 2514 sanctorum,

537 2542 685 2590 tumo
711 2533 776 2588 Ill
794 2576 808 2600 ,
837 2536 1035 2593 mensis
1059 2534 1252 2601 Martii,
1285 2536 1351 2589 ad
1386 2536 1526 2590 diem
1552 2536 1638 2602 17,
1670 2552 1823 2607 pagg.
1852 2538 2109 2593 555-540.

608 2625 802 2681 Waraai
833 2627 997 2682 editio
1037 2626 1397 2682 Bollandianis
1443 2629 1583 2685 haud
1623 2631 1886 2697 innotuit,
1920 2642 1977 2687 ut
2002 2634 2111 2702 jam

537 2718 840 2783 observavit
859 2717 1187 2775 Gallaodius.
1208 2716 1441 2790 Epistola
1461 2720 1531 2777 ad
1551 2719 1856 2786 Corolicum,
1881 2732 1938 2777 ut
1957 2725 2113 2795 vulgo

536 2812 747 2873 dicitur,
800 2812 850 2865 in
874 2811 1089 2865 laudato
1111 2827 1209 2866 ms.
1259 2810 1599 2868 Confessioni
1630 2811 1940 2871 Patriciorum
1967 2816 2113 2872 nullo

539 2901 675 2954 tituli
699 2901 1004 2956 discrimine
1024 2902 1456 2969 subnectebalur,
1484 2905 1781 2960 diviserunt
1807 2917 1982 2961 autem
2008 2909 2116 2963 edi-

539 3003 682 3047 tores
711 3002 988 3061 utramque
1017 2992 1298 3062 epistolam
1330 2995 1383 3049 in
1423 2997 1688 3051 sccliones
1713 2998 1915 3066 aliquot
1936 3000 2112 3059 mino-

536 3100 644 3148 res,
675 3084 905 3153 priorem
935 3083 1096 3136 etiam
1144 3083 1195 3136 in
1243 3085 1417 3153 capita
1448 3082 1497 3138 5.
1548 3085 1699 3140 Nota
1728 3088 1993 3143 variantes
2021 3098 2114 3145 aut

2223 520 2368 574 Eccl.
2403 523 2627 577 Andreae
2650 524 2935 591 Gallandii,
2963 538 3093 583 tom.
3117 528 3183 594 Χ,
3208 544 3364 599 pagg.
3399 532 3631 601 i59-182,
3657 554 3739 594 una

2221 628 2341 667 cum
2372 613 2580 684 Hymno
2608 614 2915 682 Secundini,
2948 635 3101 690 pagg.
3136 620 3256 687 185,
3290 621 3409 677 184.

2290 702 2597 760 Gallandius
2625 709 2880 777 opuscula
2909 712 3084 764 omnia
3127 713 3355 780 genuina
3383 723 3437 769 et
3477 714 3645 780 dubia,
3670 727 3741 774 aut

2221 797 2440 851 omnino
2469 796 2618 863 falsa,
2651 800 2767 854 sine
2796 802 3052 869 peculiari
3080 804 3293 873 quidem
3322 806 3471 861 titulo
3487 807 3625 874 juxta
3642 808 3741 864 Wa-

2221 885 2313 939 raei
2343 885 2642 941 institutum
2669 890 2982 960 descripsit;
3014 895 3240 948 contulit
3274 903 3445 951 tamen
3484 898 3739 955 Bollandia-

2220 990 2410 1029 norum
2432 976 2720 1033 editionem
2742 988 2797 1034 et
2818 981 2868 1034 in
2891 985 3380 1041 extremis-duobus
3400 988 3580 1044 libellis
3600 991 3739 1061 Augu-

2218 1065 2343 1118 stini
2373 1073 2425 1120 et
2473 1065 2726 1138 Cypriani
2774 1070 3010 1126 editores
3055 1075 3375 1131 novissimos
3418 1088 3616 1135 secutus
3652 1094 3737 1151 est,

2219 1157 2371 1212 sicuti
2396 1158 2446 1211 in
2471 1158 2677 1229 Hymno
2698 1160 2984 1218 Secundini
3005 1164 3355 1221 Muratorium
3377 1170 3428 1222 in
3449 1169 3630 1225 Anecd.
3651 1172 3738 1231 Lat.

2219 1255 2350 1302 tom.
2384 1248 2470 1314 1V,
2504 1265 2623 1320 pag.
2660 1251 2782 1315 156,
2816 1255 2905 1308 ubi
2948 1255 2999 1309 in
3048 1255 3438 1328 Antiphonario
3480 1268 3738 1319 monasterii

2219 1335 2607 1395 Bencborensis
2651 1350 2846 1397 exstat.
2890 1343 3025 1399 Hine
3066 1346 3213 1415 larga
3252 1350 3497 1418 provenit
3519 1346 3740 1408 variarum

2218 1428 2508 1487 lectionum
2538 1442 2592 1487 et
2623 1435 3055 1490 emendationum
3084 1439 3259 1508 copia,
3291 1455 3410 1509 quae
3434 1457 3547 1497 cum
3584 1445 3740 1501 notulis

2218 1535 2282 1574 ex
2323 1520 2536 1577 Waran
2582 1531 2637 1576 et
2680 1522 2895 1580 Usserio
2941 1527 3278 1596 potissimum
3316 1530 3573 1602 decerptis
3608 1538 3740 1589 textui

2215 1610 2587 1681 subjiciuntur.
2631 1613 2865 1682 Diligens
2907 1626 3161 1686 praeterea
3210 1619 3279 1674 de
3322 1622 3527 1691 scriptis
3566 1621 3740 1679 Patricii

2215 1702 2521 1761 dissertatio
2572 1703 2769 1761 inserta
2810 1714 2892 1762 est
2939 1710 3355 1782 prolegomenis,
3405 1729 3519 1785 cap.
3559 1713 3607 1781 4,
3645 1730 3739 1787 pag.

2149 1789 2189 1848 Β
2225 1792 2342 1849 7-9.

2788 1892 2816 1965 §
2855 1893 2943 1949 IV.
2991 1893 3223 1953 Codices.

2289 1976 2488 2033 Partim
2512 1981 2650 2052 apud
2672 1982 2958 2040 Britannos
2976 1993 3031 2042 et
3059 1985 3326 2043 Hibernos
3345 1988 3607 2045 domestici
3630 1999 3739 2057 sunt,

2217 2072 2411 2139 partim
2440 2071 2718 2129 Gallicani.
2744 2073 3017 2131 Prioribus
3035 2079 3375 2148 potissimum
3397 2098 3519 2136 usus
3545 2091 3617 2136 est
3639 2082 3739 2137 Wa-

2216 2175 2371 2225 neus,
2403 2164 2670 2232 videlicet,
2704 2164 2765 2217 1⁸
2806 2183 2906 2220 uno
2952 2166 3201 2224 Ecclesia
3246 2172 3577 2226 Armachana
3602 2174 3645 2227 iu
3670 2171 3739 2226 lli-

2216 2253 2422 2318 bernia,
2452 2257 2543 2324 qui
2571 2265 2765 2326 praeter
2792 2257 3196 2316 Conlessionem
3238 2262 3300 2317 S.
3343 2261 3576 2327 Patricii,
3615 2264 3739 2318 Biblia

2215 2359 2366 2399 sacra
2397 2361 2427 2399 e
2454 2348 2700 2403 versione
2724 2348 3052 2422 Hieronymi,
3077 2360 3134 2406 et
3160 2355 3574 2425 antiquissimum
3600 2371 3740 2415 exem-

2214 2436 2334 2507 plar
2360 2435 2573 2507 Sulpitii
2602 2438 2786 2495 Severi
2807 2441 2875 2497 de
2896 2443 3013 2497 Vita
3034 2444 3092 2498 8.
3117 2444 3329 2500 Martini
3360 2448 3583 2518 episcopi
3606 2447 3740 2500 Turo-

2217 2531 2397 2585 nensis
2416 2533 2743 2587 continebat.
2770 2533 2942 2590 Tanto
2962 2537 3087 2591 olim
3109 2538 3160 2593 in
3184 2539 3361 2608 pretio
3381 2539 3601 2593 habitum
3616 2540 3741 2592 luisse

2216 2619 2357 2675 hunc
2403 2623 2644 2677 codicem
2699 2625 2949 2680 observat
2992 2627 3252 2694 Wartens,
3307 2638 3366 2685 ut
3411 2630 3593 2689 familia
3630 2630 3739 2687 liae

2216 2712 2523 2785 Moyeriana
2563 2719 2797 2772 tenuerit
2843 2728 3012 2774 terras
3056 2736 3087 2774 a
3131 2721 3259 2777 sede
3311 2723 3649 2786 Armachana,
3688 2721 3740 2776 oh

2215 2805 2414 2863 salvam
2436 2805 2578 2865 illius
2600 2807 2799 2862 codicis
2824 2811 3119 2871 custodiam
3146 2830 3157 2858 τ
3185 2827 3382 2889 nempe
3403 2829 3621 2881 magnam
3646 2812 3739 2867 huic

2216 2896 2351 2952 libro
2397 2899 2797 2959 venerationem
2826 2901 3131 2964 conciliavit
3158 2903 3394 2971 vulgaris
3421 2905 3615 2973 opinio,
3642 2918 3738 2957 eum

2215 3004 2377 3044 manu
2408 2990 2571 3060 ipsius
2599 2990 2817 3047 Patrieii
2846 2992 3011 3047 fuisse
3052 3003 3354 3050 exaratum.
3384 2995 3505 3063 Qua
3529 2995 3739 3066 quodam-

2216 3081 2375 3136 modo
2391 3083 2672 3151 adjuvatur
2690 3084 2773 3139 bis
2797 3085 2970 3139 verbis
2991 3086 3055 3139 ad
3075 3086 3275 3141 calcem
3299 3088 3495 3144 codicis
3515 3087 3736 3155 ascriptis:

536 3174 938 3228 emendationes
966 3174 1323 3243 suppeditant.
1357 3173 1611 3244 Sequitur
1641 3177 1755 3232 Vita
1798 3178 1853 3233 S.
1898 3178 2115 3237 Patricii
2140 3158 2187 3221 ε
2218 3170 2336 3227 Huc
2364 3190 2522 3244 usque
2548 3176 2802 3239 volumen.
2842 3177 2978 3247 quod
3008 3174 3267 3233 Patricius
3293 3196 3451 3233 manu
3490 3177 3736 3245 conscripsit

537 3273 754 3321 auctore
782 3261 1040 3329 Jocelino,
1076 3265 1414 3336 pramittitur
1433 3278 1612 3321 autem
1637 3265 1864 3339 amplius
1888 3267 1951 3321 de
1967 3269 2112 3340 ejus:

538 3357 657 3410 dem
706 3357 867 3411 rebus
910 3354 1377 3411 Bullandianorum
1421 3361 1854 3427 commentarius,
1902 3370 1954 3415 in
2004 3378 2113 3432 quo

537 3448 739 3518 singula
770 3448 910 3503 illius
932 3457 1201 3505 momenta
1231 3458 1480 3505 accurate
1503 3452 1895 3521 expenduntur.

1128 3579 1343 3627 δέξαιο
1374 3581 1516 3621 XVIII-

1256 3653 1414 3707 1726.

612 3766 833 3828 Uxonii,
885 3765 1031 3819 iit-8.“
1074 3764 1272 3819 Charta
1319 3763 1375 3819 S.
1429 3764 1642 3822 Patricii
1685 3767 1752 3822 de
1799 3770 2114 3839 antiquitate

539 3858 858 3920 Avaloniea;
891 3859 942 3911 in
969 3855 1188 3913 Joannis
1211 3856 1597 3917 Glastoniensis
1628 3858 1863 3914 Historia
1883 3862 1946 3915 de
1966 3863 2112 3918 rebus

537 3948 981 4005 Glastoniensibus
1010 3966 1074 4006 ex
1117 3952 1203 4006 ed.
1235 3951 1333 4008 Th.
1381 3946 1632 4025 Hearnii,
1670 3964 1814 4011 .tom.
1854 3953 1907 4017 l,
1953 3968 2108 4025 pagg.

536 4043 728 4097 65-66.

1236 4138 1395 4193 1757.

607 4225 858 4290 Londini,
903 4228 1081 4284 in-i‘ol.
1114 4229 1362 4302 Synodus
1400 4241 1455 4286 et
1500 4247 1734 4288 canones
1775 4232 1831 4289 S.
1880 4233 2112 4292 Patricio

536 4320 778 4388 ascripti;
826 4321 877 4373 in
925 4319 1057 4374 Dav.
1091 4321 1316 4376 Wilkins
1356 4320 1553 4376 Concil.
1603 4321 1679 4375 Μ.
1726 4322 2018 4379 Britannia
2062 4332 2111 4378 et

539 4406 823 4472 Hibernia,
868 4418 1000 4463 tom.
1041 4409 1081 4475 l,
1110 4424 1267 4480 pagg.
1295 4410 1414 4464 9.-7.
1465 4410 1729 4481 Subjectae
1774 4421 1897 4467 sunt
1940 4414 2111 4468 textui

537 4508 677 4554 nuta:
703 4506 758 4554 et
781 4500 940 4553 variae
968 4500 1244 4555 lectiones.

1243 4593 1396 4647 1748.

608 4680 781 4748 Luca,
814 4683 994 4737 inolol.
1021 4682 1268 4740 Canones
1295 4684 1350 4739 8.
1378 4685 1609 4741 Patricio
1638 4688 1852 4757 ascripti
1879 4704 1948 4743 ex
1978 4687 2109 4743 Wa-

537 4788 645 4827 rao
675 4775 725 4828 in
754 4772 907 4828 Joan.
931 4774 1083 4829 Dom.
1117 4774 1282 4831 Mansi
1304 4774 1500 4832 Concil.
1532 4778 1738 4849 Suppl.,
1763 4788 1894 4834 tom.
1917 4779 1958 4843 ι,
1985 4793 2104 4850 pag.

536 4861 659 4916 338.

1244 4959 1400 5013 1761.

609 5044 913 5113 Florentia,
946 5050 1125 5105 in-l’ol.
1158 5049 1406 5122 Synodus
1448 5052 1503 5107 S.
1535 5053 1769 5119 Patricii,
1814 5054 2009 5109 Auxilii
2053 5064 2109 5111 et

535 5137 803 5208 Issernini,
828 5155 948 5194 cum
970 5141 1267 5209 additione;
1291 5160 1525 5200 canones
1545 5146 1601 5201 S.
1621 5145 1850 5202 Patricio
1871 5147 2105 5217 ascripti,

533 5229 770 5301 synodus
798 5228 899 5283 alia
926 5229 983 5284 8.
1010 5228 1251 5298 Patricii;
1299 5235 1351 5288 in
1396 5233 1551 5289 Joan.
1584 5236 1735 5290 Dom.
1780 5237 1945 5292 Μειηεί
1985 5237 2105 5293 Col-

534 5324 751 5389 lectione
779 5319 1011 5389 ampliss.
1034 5322 1241 5389 concil.,
1269 5323 1489 5389 tom.Vl,
1522 5340 1675 5395 pagg.
1716 5326 1973 5380 iiIi-528.
2006 5327 2108 5382 Ca-

536 5429 695 5473 nones
719 5410 946 5466 Patricio
983 5413 1209 5478 ascripti,
1240 5418 1393 5481 quasi
1421 5417 1609 5470 omissi
1638 5417 1886 5481 fuissent,
1915 5418 2106 5472 iterum

538 5502 788 5572 exscripti
814 5513 937 5558 sunt
960 5502 1029 5559 ad
1067 5502 1267 5560 calcem
1291 5505 1418 5558 tomi
1450 5504 1554 5572 VlI,
1582 5521 1703 5576 pag.
1736 5506 1890 5561 1187.

1247 5618 1404 5674 1774.

622 5729 842 5791 Venutii:
889 5748 953 5786 ex
995 5740 1198 5804 typogr.
1240 5731 1399 5786 Joan.
1446 5730 1596 5798 Bapt.
1639 5730 1874 5797 Albritii,
1926 5731 2101 5786 in-fol.

2214 3280 2349 3318 sua:
2385 3274 2440 3319 et
2466 3265 2686 3332 deinde;
2717 3269 2931 3335 septima
2968 3268 3165 3322 decima
3195 3268 3383 3323 Martii
3408 3271 3488 3323 die
3512 3269 3736 3323 translatus

2214 3365 2292 3409 est
2311 3354 2570 3411 Patricius
2602 3357 2671 3410 ad
2688 3359 2858 3412 catos.
2892 3358 2957 3413 At
2992 3375 3056 3414 ex
3087 3359 3417 3421 characteris
3440 3374 3618 3430 genere
3639 3360 3735 3413 satis

2216 3446 2421 3517 liquere
2467 3456 2651 3503 monet
2691 3449 2933 3504 Waraus
2963 3467 3068 3506 non
3112 3452 3497 3524 autographum
3524 3467 3640 3517 esse,
3668 3449 3736 3505 sed

2217 3539 2374 3605 longe
2402 3541 2689 3609 posteriori
2713 3557 2828 3596 aevo
2859 3542 3257 3611 transcriptum.

2286 3629 2345 3685 2°
2377 3629 2491 3686 Uno
2514 3647 2580 3689 ex
2600 3632 2920 3692 bibliotheca
2947 3634 3009 3694 D.
3041 3634 3230 3693 Thom.
3260 3634 3476 3696 Cottoni
3495 3634 3735 3699 Baronetti.

2215 3721 2359 3775 circa
2387 3736 2585 3777 annum
2614 3721 2813 3779 Christi
2841 3725 3181 3780 millesimum
3213 3737 3458 3795 exarato,
3487 3727 3569 3798 qui
3586 3734 3735 3797 praeter

2215 3813 2353 3871 hanc
2388 3811 2775 3885 Confessionem
2805 3824 2859 3869 et
2882 3814 3173 3885 Epistolam
3199 3818 3270 3871 ad
3299 3818 3600 3881 Coroticum,
3625 3814 3734 3868 varia

2215 3903 2546 3973 antiquitatis
2585 3904 2649 3959 ad
2688 3904 2997 3961 Hiberniam
3041 3909 3338 3976 spectantia
3369 3915 3674 3965 monumenta
3697 3910 3735 3957 et

2218 3994 2390 4049 Vitam
2417 3993 2474 4050 S.
2498 3994 2683 4051 Fursei
2705 3996 2921 4052 Hiberni
2950 4007 3170 4053 auctore
3197 4016 3321 4055 eteo.
3347 4018 3417 4057 vn
3446 4008 3498 4056 et
3523 3999 3670 4053 Vitam
3690 3994 3734 4051 S.

2215 4084 2439 4154 Brigid-ze
2465 4087 2684 4155 virginis
2714 4096 2933 4142 auctore
2955 4086 3208 4158 Cogitoso
3229 4092 3549 4146 continebat.

2285 4176 2343 4237 5°
2372 4186 2428 4232 et
2454 4177 2510 4231 4⁸
2541 4178 2684 4234 Binis
2732 4179 2991 4236 Ecclesia:
3034 4181 3441 4239 Sarisburiensis
3484 4184 3531 4237 in
3569 4179 3735 4248 Anglia,

2213 4269 2304 4338 qui
2326 4278 2606 4340 utramque
2620 4270 3007 4345 Confessionem
3027 4282 3082 4330 et
3104 4273 3394 4347 Epistolam
3413 4278 3479 4331 ad
3496 4274 3735 4331 Corotictnu

2215 4363 2726 4431 complectebantur,
3120 4349 3135 4355 ’
3519 4375 3523 4379 ’

2287 4450 2348 4504 5°
2378 4453 2555 4508 Altero
2577 4455 2915 4513 bibliotheca
2951 4455 3275 4516 Cottoniana
3298 4450 3731 4514 Westmonasterii.

2137 4528 2268 4596 Din
2312 4558 2420 4612 quo
2466 4545 2689 4614 sparsim
2731 4543 2764 4598 9
2811 4562 3033 4600 canones
3100 4545 3331 4604 Patricio
3402 4546 3729 4602 attribuuntur.

2213 4634 2471 4699 Vetustus
2491 4636 2628 4691 liber
2649 4644 2783 4700 erat,
2821 4638 3117 4714 descriptus
3144 4639 3602 4708 Anglo-Saxonicis
3630 4642 3732 4686 tem-

2210 4726 2433 4795 poribus
2460 4734 2515 4781 et
2542 4728 2796 4797 pertinuit
2829 4729 2956 4783 olim
2991 4728 3057 4785 ad
3092 4731 3392 4796 coenobium
3420 4730 3474 4791 S.
3502 4719 3731 4794 Augustini

2212 4817 2531 4883 Cantuarize.

2283 4911 2339 4963 6⁸
2372 4908 2487 4963 Uno
2514 4908 2850 4964 bibliotheca!
2882 4912 3170 4969 secretioris
3205 4912 3406 4982 collegii
3431 4910 3487 4966 S.
3517 4897 3732 4962 Benedicti

2212 4998 2560 5073 Cantabrigia
2580 5017 2724 5055 num.
2750 5000 2870 5065 22!,
2894 5002 3094 5072 scripto
3120 5002 3312 5058 litteris
3334 4998 3634 5070 majusculiS.
3660 4988 3731 5045 δαί

2214 5092 2348 5146 adeo
2385 5094 2542 5160 agris
2570 5093 2773 5161 aliquot
2801 5093 2852 5147 in
2884 5093 3047 5157 locis,
3091 5102 3150 5148 ut
3188 5094 3304 5148 sine
3343 5094 3521 5148 critica
3556 5082 3729 5143 licentia

2213 5200 2321 5238 non
2342 5183 2605 5238 sanabiles
2624 5198 2743 5237 esse
2764 5181 2992 5237 fateatur
3013 5183 3273 5239 Warznus.
3295 5182 3597 5238 Continebat
3615 5187 3730 5245 syno-

2211 5278 2334 5330 dum
2364 5275 2597 5339 Palricii,
2618 5275 2809 5329 Auxilii
2831 5284 2878 5328 et
2902 5274 3153 5329 Issernini
3185 5291 3217 5328 a
3243 5274 3583 5345 Speelmanno
3604 5271 3727 5321 antea

2214 5369 2418 5438 (nescio
2439 5383 2506 5422 ex
2533 5382 2638 5436 quo
2666 5367 2980 5436 exemplari)
3011 5366 3213 5421 editum
3236 5376 3290 5422 et
3311 5368 3442 5422 alios
3458 5373 3661 5420 canones
3680 5352 3725 5407 S-

2212 5459 2444 5514 Patricio
2473 5459 2749 5527 ascriptos.
2787 5458 2863 5511 Ex
2900 5460 3175 5526 utriusque
3199 5457 3578 5528 comparatione
3600 5443 3725 5520 paulo

2212 5551 2579 5607 emendatiora
2606 5550 2752 5605 dedit
2778 5550 3028 5605 laudatus
3056 5551 3250 5606 editor.
3547 5634 3553 5636 Α
3624 5631 3634 5636 _
3699 5623 3710 5636 ,

2285 5644 2340 5699 7⁸
2362 5643 2522 5699 Libro
2541 5659 2642 5698 ms.
2665 5642 2928 5699 Guilielmi
2954 5642 3434 5699 Malmeshuriensis
3452 5639 3513 5694 de
3533 5631 3723 5698 Anti‘lm'

2215 5746 2323 5791 tate
2368 5734 2618 5790 Ecclesia
2663 5734 3082 5799 Glastoniensis,
3129 5742 3343 5789 servato
3380 5735 3430 5789 in
3456 5722 3717 5787 bibliothea.
