3946 6182
197 319 307 387 εῡι

1644 308 1773 367 CDN
1780 312 1817 367 F
1822 306 2029 370 E5510.

3366 315 3474 374 802

197 441 559 505 Cottoniana;
607 454 675 494 ex
719 453 827 507 quo
856 437 1119 503 integrqu
1161 431 1438 501 exemplar
1483 429 1683 484 charta:
1724 427 1792 481 de
1821 445 1863 495 Α
1893 427 2006 482 Jac.
2031 426 2318 482 Sirmondo
2339 426 2664 495 descriptam
2685 421 2850 480 edidit
2869 420 3032 479 Henr.
3057 422 3467 491 Speelmannus.

198 535 425 603 Origine
452 529 742 586 Avalonica
771 528 1119 596 descriptum.

275 625 436 680 Hisce
477 620 798 677 Britannicis
826 634 891 673 ac
916 618 1169 673 Hibernis
1206 615 1480 673 codicibus
1512 627 1545 667 a
1570 610 1785 666 Warreo
1814 680 1821 691 ι

199 715 474 784 usurpatis
502 709 978 766 annumerabimus
1002 709 1124 762 loco

274 808 333 863 8'
362 806 463 862 Ms.
504 805 718 872 collegii
745 801 1002 872 Corporis
1028 798 1225 854 Christi
1252 795 1609 864 Cantabrigiac
1647 794 1783 862 sign.

195 903 249 956 Ο
279 898 370 964 20,
401 914 467 953 ex
488 912 597 966 quo
616 894 846 966 synodus
874 891 1093 946 Patricii
1121 890 1260 960 apud
1280 888 1615 942 Wilkinsium
1638 884 1779 940 edita

198 1002 313 1050 est.

284 1084 363 1138 Ad
390 1082 694 1139 Gallicanos
721 1084 900 1132 autem
931 1074 1235 1145 pertinent:

275 1174 335 1227 ι’
356 1173 455 1229 Ms.
472 1173 606 1227 liber
623 1168 1020 1239 Andegaveusis,
1038 1180 1106 1219 ex
1120 1179 1227 1233 quo
1243 1162 1496 1233 synodum
1521 1160 1740 1214 Patricii
1758 1173 1789 1212 a

208 1322 327 1340 ...δ-ο

1886 517 2055 587 Hujus
2098 518 2261 571 etiam
2307 515 2498 587 synodi
2525 517 2581 570 in
2621 515 2805 570 codice
2835 512 3206 581 Andegaveusi
3234 520 3291 566 et
3332 513 3470 567 alius

1885 608 2185 664 Hiberniae
2212 609 2264 661 in
2293 608 2479 663 codice
2506 607 2741 677 quodam
2768 605 3097 661 Floriacensi
3135 604 3468 675 reperiuuda'.

1885 700 2128 756 meminit
2156 698 2292 753 Phil.
2327 698 2574 754 Labbeus
2602 702 2656 754 in
2695 698 2835 753 Bibl.
2868 712 3006 753 nova
3054 711 3180 750 mss.
3215 703 3469 749 monente

1886 793 2122 848 Warmo.

1955 883 2013 936 2‘
2058 881 2157 936 Ms.
2189 881 2325 936 liber
2365 878 2748 935 Nobiliacensis
2796 878 2856 934 S.
2908 878 3120 933 Vedasti
3167 877 3467 931 monasterii
3518 902 3525 907 ο

1887 974 2136 1039 Atrebati,
2159 988 2225 1028 ex
2245 987 2351 1041 quo
2372 969 2756 1043 Confessionem
2783 976 2839 1025 et
2856 967 3145 1039 Epistulam
3172 966 3243 1019 ad
3269 964 3471 1020 Ceroti-

1891 1082 2003 1119 cum
2034 1065 2316 1119 ediderunt
2344 1061 2696 1117 Bollaudiani.

329 1305 2711 1335 MM

1112 1443 1205 1524 s.
1285 1438 1801 1524 PATRICII
1875 1438 2555 1543 CONFESSIO,

1284 1615 1337 1656 IN
1375 1612 1632 1654 ΕΡιδτοιΑ
1668 1613 1736 1650 AD
1773 1611 2029 1652 HlBERNOS
2065 1612 2382 1653 EXPLICA'I'A.

274 1834 313 1894 1.
345 1834 454 1906 Ego
480 1830 738 1888 Patricius
755 1833 1028 1899 peccator,
1047 1818 1430 1879 rusticissimus
1454 1827 1510 1874 et
1530 1818 1779 1874 minimus
1811 1827 1853 1884 Β
1881 1820 2170 1887 Christum,
2186 1832 2346 1890 quem
2365 1832 2488 1876 cum
2509 1812 2667 1876 Patre
2687 1822 2891 1878 scilicet
2909 1822 3072 1878 fuisse
3085 1838 3298 1895 semper
3311 1787 3480 1881 testas-

196 1930 443 1988 onmium
470 1923 733 1986 ﬁdelium,
756 1927 811 1975 et
836 1914 1423 1986 contemptibilissimus
1463 1910 1601 1981 apud
1629 1909 1790 1980 pluri-

196 2038 346 2088 mos,
396 2025 604 2090 patrem
654 2011 818 2069 habui
863 2008 1210 2079 Calpornium
1264 2004 1563 2068 diaconem,
1622 2001 1786 2056 lilium

196 2113 471 2185 quondam
497 2106 658 2163 Potiti
684 2102 1002 2176 presbyteri,
1038 2109 1065 2137 ι
1104 2094 1196 2167 qui
1221 2096 1321 2151 fuit
1364 2096 1420 2149 in
1460 2095 1582 2150 vico
1608 2093 1790 2146 Bona-

196 2181 322 2260 rem
352 2199 628 2256 Taberniae
658 2214 672 2250 :
718 2194 748 2235 ιι
786 2193 1020 2248 villulam
1049 2188 1203 2244 Enon
1248 2200 1419 2257 prope
1464 2183 1667 2245 habuit,
1698 2181 1790 2237 ubi

197 2307 480 2368 capturam
507 2290 648 2346 dedi.
681 2288 955 2342 Annorum
1001 2296 1151 2337 eram
1204 2287 1332 2333 tunc
1378 2276 1491 2331 fere
1529 2274 1785 2330 sedecim.

203 2398 227 2431 ε
256 2367 420 2447 Deum
448 2399 633 2440 verum
660 2380 999 2451 ignorabam;
1030 2383 1087 2431 et
1114 2374 1139 2411 ά
1170 2372 1461 2428 Hiberione
1482 2370 1536 2423 in
1563 2367 1788 2438 captivi-

198 2490 313 2537 tate
339 2479 596 2535 adductus
615 2489 755 2537 sum,
776 2485 895 2526 cum
912 2476 992 2523 tot
1014 2466 1245 2520 millibus
1272 2461 1569 2525 hominum,
1595 2474 1792 2513 secun-

198 2573 328 2627 dum
355 2569 544 2624 merita
571 2572 773 2627 nostra,
800 2560 922 2630 quia
951 2574 981 2612 a
1008 2557 1121 2611 Deo
1144 2553 1460 2610 recessimus
1506 2558 1561 2605 et
1589 2563 1790 2619 prtece-

198 2672 293 2733 pta
338 2659 452 2729 ejus
481 2672 589 2712 non
632 2650 1044 2713 custodivimus,
1077 2655 1133 2701 et
1176 2642 1547 2699 sacerdotibus
1596 2639 1792 2693 nostris

200 2769 312 2809 non
339 2751 650 2807 obedientes
669 2744 883 2807 fuimus,
904 2741 995 2812 qui
1023 2746 1264 2794 nostram
1284 2736 1510 2791 salutem
1534 2733 1791 2787 admone-

200 2848 334 2901 bant
357 2862 370 2897 :
394 2851 450 2898 et
475 2840 730 2895 Dominus
759 2835 966 2890 induxit
993 2846 1153 2902 super
1178 2845 1278 2885 nos
1300 2838 1323 2867 ο
1349 2829 1482 2883 iram
1509 2826 1793 2881 animatio-

200 2937 290 2991 nis
316 2948 445 2999 suae,
492 2938 547 2986 et
574 2927 823 2999 dispersit
874 2940 974 2980 nos
1001 2924 1056 2977 in
1102 2923 1350 2990 gentibus
1397 2919 1598 2982 multis,
1628 2918 1790 2972 etiam

199 3042 371 3096 usque
399 3024 466 3079 ad
486 3023 727 3078 ultimum
756 3026 943 3082 terrm,
978 3015 1069 3071 ubi
1096 3030 1236 3069 nunc
1262 3013 1501 3084 parvitas
1525 3024 1643 3065 mea
1672 3024 1792 3063 esse

199 3119 412 3174 videtur
431 3117 569 3170 inter
594 3112 938 3180 alienigenas.
969 3108 1037 3161 Et
1063 3108 1135 3161 ibi
1158 3105 1415 3161 Dominus
1442 3102 1652 3174 aperuit
1672 3117 1792 3157 sen-

1888 1925 2025 1976 mur,
2049 1916 2174 1964 ante
2195 1911 2452 1979 originem
2474 1911 2672 1976 smculi,
2695 1912 3042 1980 spiritualiter
3064 1915 3205 1984 apud
3232 1914 3466 1981 Patrem,

1890 2001 2318 2057 inenarrabiliter
2342 2002 2579 2070 genitum
2600 2011 2725 2057 ante
2752 2019 2911 2059 omne
2931 2005 3268 2075 principium,
3299 2015 3352 2062 et
3372 2024 3468 2077 per

1888 2092 2060 2162 ipsum
2078 2091 2215 2147 facta
2230 2101 2352 2147 sunt
2365 2092 2591 2147 visibilia
2601 2100 2657 2147 et
2671 2094 2968 2157 invisibilia,
2986 2094 3255 2150 hominem
3272 2095 3469 2151 factum

1889 2181 2096 2236 devicta
2118 2191 2307 2247 morte,
2332 2183 2385 2235 in
2406 2183 2572 2237 caelos
2591 2182 2657 2236 ad
2679 2181 2893 2236 Patrem
2920 2192 3215 2253 receptum.
3240 2184 3304 2239 Et
3324 2186 3469 2240 dedit

1892 2270 1965 2324 illi
1986 2285 2201 2324 ornnem
2227 2278 2551 2339 potestatem
2571 2287 2722 2342 super
2744 2289 2891 2326 omne
2911 2290 3095 2328 nomen
3116 2274 3393 2329 caelestium
3420 2284 3468 2329 et

1892 2365 2208 2417 terrestrium
2234 2371 2283 2416 et
2310 2365 2650 2434 infernarum,
2674 2372 2729 2416 ut
2753 2366 2918 2419 omnis
2941 2366 3117 2436 lingua
3146 2369 3469 2436 conﬁteatur,

1890 2457 2009 2521 quia
2038 2454 2290 2508 Dontinus
2317 2463 2372 2509 et
2410 2455 2550 2509 Deus
2589 2465 2665 2509 est
2708 2455 2857 2509 Iesus
2888 2456 3117 2511 Christus
3158 2457 3379 2529 (Philip.
3414 2476 3469 2524 tt,

1893 2548 1978 2611 10,
2012 2547 2134 2618 ll):
2165 2562 2325 2616 quem
2351 2546 2636 2611 credimus,
2686 2559 2741 2601 et
2779 2559 3153 2618 exspectamus
3186 2552 3471 2607 adventum

1893 2638 2093 2708 ipsius;
2136 2654 2260 2692 mox
2290 2640 2497 2691 futurus
2537 2637 2700 2706 judex
2748 2640 2995 2694 vivorum
3025 2650 3081 2695 et
3115 2651 3470 2705 mortuorum,

1891 2729 1984 2798 qui
2012 2728 2198 2782 reddet
2243 2728 2529 2796 unicuique
2556 2729 2847 2783 secundum
2885 2729 3024 2786 facta
3054 2747 3168 2798 sua,
3200 2740 3255 2787 et
3284 2733 3471 2789 infudit

1892 2821 1946 2875 in
1977 2821 2130 2875 nobis
2157 2821 2366 2875 abunde
2394 2821 2623 2891 Spiritus
2650 2823 2821 2876 sancti
2849 2823 3048 2878 donum
3077 2833 3132 2879 et
3160 2828 3351 2895 pignus
3375 2828 3473 2880 im-

1892 2914 2253 2978 mortalitatis,
2275 2913 2365 2982 qui
2395 2911 2521 2967 facit
2545 2913 2827 2969 credentes
2851 2924 2906 2969 et
2933 2916 3263 2980 obedientes,
3290 2930 3348 2972 ut
3368 2919 3473 2973 sint

1893 3005 1984 3060 lilii
2014 3000 2108 3060 Dei
2136 3004 2307 3059 Patris
2331 3014 2384 3059 et
2411 3006 2718 3060 cohznredes
2733 3006 2949 3073 Christi,
2971 3023 3128 3076 quem
3158 3007 3475 3065 confitemur

1892 3104 1948 3151 et
1972 3097 2278 3163 adoramus,
2307 3112 2467 3151 unum
2496 3097 2664 3151 Deum
2694 3099 2747 3151 in
2777 3098 3036 3154 Trinitate
3060 3100 3195 3154 sacri
3224 3101 3473 3156 nominis.

200 3224 322 3266 sum
351 3204 739 3262 incredulitatis
777 3217 932 3265 metu,
964 3208 1024 3253 ut
1073 3199 1159 3253 vel
1200 3213 1321 3252 sero
1369 3209 1782 3251 rememorarem
1813 3201 1855 3259 ρ
1890 3186 2007 3257 Ipse
2030 3188 2173 3242 enim
2201 3187 2335 3241 dixit
2362 3202 2458 3258 per
2485 3188 2803 3256 prophetam
2830 3206 2842 3239 :
2878 3187 3069 3243 Invoca
3089 3206 3169 3242 me
3195 3191 3248 3243 in
3280 3190 3363 3244 die
3386 3193 3474 3244 tri-

200 3300 398 3356 delicta
427 3312 568 3360 mea,
600 3303 657 3350 et
704 3299 762 3349 ut
789 3300 1133 3348 converterer
1180 3296 1294 3343 toto
1323 3287 1485 3342 corde
1513 3285 1580 3339 ad
1607 3284 1789 3338 Βοηιί-

202 3408 333 3448 num
361 3388 531 3443 Deum
568 3400 778 3449 meum;
809 3383 897 3452 qui
926 3380 1163 3451 respexit
1210 3376 1564 3431 humilitatem
1590 3388 1790 3438 meam,

206 3492 267 3541 et
294 3481 542 3536 misertus
579 3485 663 3533 est
707 3473 1080 3530 adolescentia:
1107 3476 1160 3524 et
1188 3467 1502 3536 ignorantiae
1543 3480 1706 3530 mem,
1738 3472 1795 3520 et

203 3572 496 3633 custodivit
544 3583 631 3624 me
677 3574 960 3634 antequam
1005 3561 1196 3617 scirem
1223 3574 1366 3623 eum,
1410 3566 1465 3612 et
1504 3564 1793 3624 antequam

201 3679 448 3736 saperem
492 3662 577 3717 vel
623 3658 1002 3725 distinguerem
1042 3655 1181 3708 inter
1225 3653 1428 3707 bonum
1475 3657 1531 3704 et
1567 3648 1789 3713 malum,

203 3769 256 3815 et
291 3757 512 3811 munivit
539 3770 625 3809 me
645 3759 700 3807 et
723 3750 1029 3806 consolatus
1057 3754 1139 3801 est
1162 3760 1270 3810 me,
1299 3750 1359 3798 ut
1388 3750 1539 3812 pater
1566 3739 1749 3794 filium.

276 3848 338 3902 ll.
366 3842 516 3902 Unde
544 3851 724 3899 autem
753 3848 934 3918 tacere
963 3853 1067 3892 non
1097 3850 1336 3906 possum,
1368 3847 1543 3901 neque
1570 3830 1789 3899 expedit

203 3941 440 4011 quidem,
463 3944 608 3992 tanta
633 3932 889 3990 beneficia
918 3938 973 3984 et
1000 3937 1199 4009 tantam
1220 3926 1447 3996 gratiam
1474 3937 1634 3993 quam
1661 3921 1790 3975 mihi

205 4004 253 4104 ('f
291 4029 544 4083 Dominus
570 4021 844 4095 prznstare)
874 4004 1118 4087 dignatus
1148 4018 1273 4087 (est)
1305 4016 1358 4069 in
1387 4012 1794 4080 terracaptivi-

202 4120 335 4175 tatis
363 4132 493 4172 mea:
534 4130 547 4169 :
601 4113 727 4184 quia
773 4111 887 4165 hsce
914 4116 996 4163 est
1024 4105 1305 4162 retributio
1343 4111 1544 4166 nostra,
1584 4108 1649 4155 ut‘
1673 4108 1795 4169 post

201 4209 594 4268 correctionem
644 4204 729 4258 vel
783 4200 1111 4270 agnitionem
1164 4196 1259 4251 Dei
1311 4193 1689 4255 exaltaremur,
1738 4198 1795 4244 et

201 4300 585 4358 confiteremur
611 4294 876 4350 mirabilia
903 4291 1021 4360 ejus
1049 4303 1228 4345 coram
1254 4286 1402 4361 omni
1426 4285 1645 4338 natione
1674 4296 1793 4352 qua:

200 4399 294 4448 est
318 4390 415 4445 sub
442 4386 588 4442 omni
607 4386 744 4441 ctelo
778 4401 790 4437 :
822 4383 945 4452 quia
972 4396 1080 4435 non
1108 4385 1191 4434 est
1218 4377 1354 4431 alius
1376 4375 1532 4438 Deus,
1567 4388 1667 4428 nec
1696 4389 1793 4426 un-

201 4497 370 4554 quam
413 4479 513 4534 fuit
539 4491 637 4532 nec
663 4477 765 4531 erit
809 4483 934 4546 post
961 4475 1119 4535 hunc,
1151 4469 1346 4540 printer
1370 4467 1533 4521 Deum
1578 4464 1790 4519 Patrem

1892 3278 2168 3332 bulationis
2196 3287 2318 3342 tuae,
2346 3286 2396 3331 et
2421 3277 2646 3331 liberabo
2677 3286 2743 3342 te,
2772 3287 2822 3331 et
2845 3280 3200 3349 magni/icabis
3233 3297 3312 3334 me
3343 3280 3474 3341 (Jer.

1894 3384 2039 3433 xxxx,
2071 3366 2168 3432 1‘2;
2201 3366 2348 3421 Psal.
2381 3383 2543 3434 Lxxx,
2592 3365 2671 3435 8).
2702 3366 2771 3420 Et
2811 3368 3002 3421 iterum
3050 3369 3218 3437 inquit
3256 3388 3268 3422 :
3306 3374 3475 3440 Upera

1893 3468 2064 3511 autem
2096 3459 2187 3511 Dei
2216 3456 2438 3510 revelare
2478 3464 2525 3509 et
2554 3457 2788 3526 conﬁteri
2829 3456 3174 3527 honoriﬁcum
3218 3468 3295 3513 est
3325 3460 3473 3530 (Tob.

1893 3564 1988 3619 xu,
2019 3549 2097 3620 7):

1962 3638 2048 3696 Ill.
2081 3638 2281 3693 Tamen
2324 3638 2426 3693 etsi
2469 3637 2524 3692 in
2561 3638 2745 3693 multis
2792 3638 3136 3710 imperfectus
3176 3656 3315 3707 sum,
3348 3653 3474 3713 opto

1891 3729 2085 3785 fratres
2110 3738 2165 3784 et
2191 3736 2450 3797 cognatos
2480 3743 2630 3783 meos
2662 3729 2800 3783 scire
2828 3730 3140 3797 qualitatem
3192 3747 3386 3796 meam,
3422 3739 3473 3785 et

1891 3822 2099 3892 possint
2125 3821 2428 3890 perspicere
2457 3828 2637 3873 votum
2685 3819 2875 3873 anima:
2920 3835 3072 3874 mete.
3123 3820 3237 3877 Non
3286 3822 3474 3890 ignoro

1894 3912 2254 3966 testimonium
2302 3908 2510 3963 Domini
2548 3909 2659 3964 mei
2735 3910 2826 3978 qui
2864 3910 2915 3963 in
2964 3910 3168 3980 psalmo
3209 3919 3471 3966 testatur:

1896 4002 2087 4055 Perdes
2116 4016 2200 4053 eos
2228 4001 2311 4059 aui
2342 4000 2615 4070 loquuntur
2645 4000 2969 4054 mendacium
3017 4001 3186 4072 (Psal.
3218 4020 3268 4068 ν,
3308 4004 3375 4073 '7)
3421 4010 3474 4057 et

1895 4094 2085 4146 iterum
2120 4109 2131 4143 :
2167 4087 2238 4143 0s
2268 4091 2401 4161 quod
2453 4093 2699 4165 mentitur
2744 4093 2932 4145 occidit
2969 4094 3197 4146 animam
3237 4094 3386 4165 (Sap.
3434 4108 3469 4161 t,

1896 4185 2002 4254 ll).
2040 4182 2105 4235 Et
2134 4182 2273 4237 idem
2304 4164 2560 4236 Dominus
2586 4182 2638 4235 in
2671 4179 2957 4249 Evangelia
2988 4184 3157 4251 inquit
3189 4203 3200 4236 :
3252 4164 3471 4240 Verbum

1894 4277 2111 4329 otiosum
2136 4272 2269 4344 quod
2297 4273 2453 4326 loculi
2474 4273 2663 4343 fuerint
2686 4273 2936 4339 homines,
2960 4272 3174 4326 reddent
3192 4291 3286 4340 pro
3309 4292 3366 4329 eo
3388 4294 3472 4330 ra-

1892 4370 2082 4422 tionem
2104 4368 2157 4419 in
2180 4365 2260 4418 die
2281 4364 2465 4435 judicii
2497 4363 2709 4437 (Matth.
2744 4380 2834 4430 xu,
2859 4364 2967 4436 56).
2997 4362 3148 4420 Unde
3175 4374 3351 4421 autem
3378 4386 3469 4423 vc-

1895 4461 2173 4514 liementer
2197 4455 2529 4527 (debueram)
2559 4471 2682 4509 cum
2711 4456 2904 4511 timore
2932 4464 2987 4511 et
3014 4464 3247 4513 tremore
3277 4469 3473 4516 metue-

202 4576 501 4646 ingenitum
528 4573 643 4628 sine
663 4570 944 4642 principio,
968 4582 998 4620 a
1026 4580 1133 4636 quo
1159 4575 1241 4619 est
1262 4577 1421 4619 omne
1447 4560 1786 4630 principium,
1822 4565 1867 4621 ι)
1895 4566 1952 4606 re
1977 4552 2112 4604 hanc
2150 4548 2470 4602 sententiam
2498 4548 2551 4601 in
2580 4546 2666 4601 die
2715 4547 2826 4615 illa,
2867 4547 2958 4602 ubi
2996 4563 3153 4604 nemo
3191 4551 3386 4619 poterit
3415 4568 3474 4607 se

202 4681 229 4718 ε
260 4668 442 4723 omnia
482 4674 689 4726 tenens,
721 4668 781 4716 ut
806 4659 1035 4715 diximus
1061 4675 1074 4709 :
1104 4663 1162 4712 et
1186 4655 1343 4724 hujus
1388 4652 1578 4706 Filium
1605 4649 1787 4705 Jesum

283 4862 310 4889 ⁸
348 4847 624 4905 Bollandd.
657 4855 790 4901 tom.
814 4842 857 4897 ll
885 4836 1080 4902 Martii,
1109 4852 1231 4909 pag.
1280 4832 1402 4909 55},
1425 4836 1564 4909 hanc
1606 4831 1662 4909 S.
1690 4830 1793 4909 Pa-

195 4900 765 4980 t-~icii'c'niifessionem
807 4930 872 4968 ex
913 4900 1272 4980 vetustissimo
1307 4900 1791 4980 Nobiliacensisus.

197 4971 795 5049 Pedas'tiHu—ionasterii
836 4982 1019 5037 codice
1063 4979 1383 5049 descriptam
1422 4971 1794 5049 _edid‘ere.__l_lic

197 5039 726 5127 (6*νῖἶᾷξυῖιῖξῂρηὶ
756 5054 857 5127 fuit
880 5069 914 5127 e_
935 5052 1043 5127 ι’ἱςρ
1071 5039 1311 5127 [iuuat-im
1339 5044 1628 5127 Tabernite.
1660 5039 1789 5096 Wa—

194 5111 345 5189 Hall;
369 5111 501 5182 vero
530 5111 667 5181 htccw
693 5111 917 5189 margini
960 5120 1138 5174 allevit
1165 5135 1180 5169 :
1214 5115 1292 5170 De
1344 5111 1785 5189 vico_Bannavte_,

194 5181 493 5274 939mg
514 5195 782 5274 reqionis,
811 5181 958 5274 haud
981 5188 1179 5270 procul
1209 5204 1240 5239 a
1280 5187 1411 5240 mari
1451 5181 1789 5244 Occidentali,

199 5259 418 5327 Probus
442 5268 533 5322 lib.
566 5259 594 5320 ι’
612 5264 679 5319 de
705 5263 822 5315 Vita
854 5259 1084 5314 Patricii.

280 5339 309 5378 δ
336 5323 583 5392 Bolland.
632 5334 668 5387 1.
700 5349 750 5386 c.
782 5331 956 5385 villam
1000 5328 1154 5380 enim.
1195 5323 1354 5378 Forte
1401 5323 1576 5392 minus
1620 5326 1787 5392 recte.

198 5389 543 5463 Moxwiideni
570 5389 836 5461 Bolland.,
866 5401 921 5453 in
953 5390 1579 5468 captu_ram_decidi.nSed
1630 5389 1789 5444 lectio

194 5460 791 5544 vulgataconlirmatur
813 5460 1254 5544 iteru-Iu'inframﬁ
1285 5462 1317 5514 4
1344 5469 1401 5541 et_
1424 5460 1508 5544 lt).

285 5528 469 5601 2Ilion
488 5528 805 5613 ignorantia
836 5535 1101 5613 fidei,_sed
1130 5528 1404 5613 all‘evctuosi
1431 5537 1485 5583 et
1516 5528 1614 5609 uni.
1633 5542 1789 5613 pror-

191 5638 301 5679 sus
319 5616 484 5671 dediti
514 5600 769 5668 famulatu
803 5628 814 5661 :
847 5623 965 5675 quae
994 5607 1116 5679 licet
1141 5604 1295 5679 culpa
1324 5600 1682 5679 capys-Lirim
1712 5604 1793 5649 ta-

197 5668 538 5744 {.‘ié'n'éiiiém
562 5683 703 5751 justa
725 5668 1039 5735 htnui'liandi
1075 5674 1155 5728 sui
1190 5668 1346 5727 causa
1376 5668 1489 5721 fuit.
1524 5668 1790 5722 Bormann.

201 5762 243 5817 l.
270 5771 347 5820 c.,
369 5767 488 5824 pag.
523 5752 644 5808 554.

1893 4643 2208 4700 subtrahere
2235 4641 2320 4695 vel
2365 4639 2715 4707 abscondere,
2754 4639 2850 4693 sed
2889 4655 3075 4695 omnes
3102 4642 3319 4697 omnino
3349 4645 3470 4698 red-

1971 4828 1995 4866 ἀ
2027 4828 2104 4882 Ita
2131 4826 2293 4880 etiam
2322 4824 2619 4895 appellatur
2646 4822 2902 4895 Hibernia
2938 4823 2991 4895 in
3030 4821 3279 4895 Antonini
3308 4822 3472 4895 Itiro.

1892 4900 2038 4954 rario
2067 4906 2124 4951 ut
2160 4890 2499 4950 observatum
2531 4891 2745 4947 Usserio
2773 4892 3076 4962 injAntiqq.
3125 4890 3324 4946 Eccles.
3358 4893 3473 4947 liri-

1893 4979 2026 5030 tm.,
2051 4982 2182 5038 pag.
2191 4964 2289 5018 451
2342 4965 2467 5019 edit.
2491 4962 2777 5038 2.__Yidesis
2819 4960 3225 5029 Wesselingium
3253 4962 3319 5017 ad
3355 4963 3468 5019 γει.

1897 5030 2362 5100 Βοηιᾰη.’1ιὶηεν.,
2394 5047 2512 5104 pag.
2545 5030 2667 5086 509.

1895 5175 1940 5232 υ
1968 5118 1991 5145 ⁸
2030 5114 2135 5228 Triul
2178 5109 2329 5178 ὀργήν
2350 5096 2486 5159 ἐιῖοῖ
2507 5106 2665 5173 θυμοῦ
2696 5104 2872 5156 αὐτοῦ.
2918 5098 2963 5154 Π
2992 5096 3167 5154 Paral.
3201 5115 3349 5167 XXIX,
3381 5101 3467 5155 10.

1944 5193 2087 5231 ΞΞΕΒσ
2143 5214 2155 5227 α
2184 5189 2234 5228 C.

1944 5193 2087 5231 SSER.
2120 5189 2155 5228 Ι.
2184 5189 2234 5228 ε.

1968 5246 1986 5285 τ
2028 5246 2229 5300 Desunt
2273 5242 2327 5296 in
2365 5240 2552 5296 codice
2589 5239 2922 5295 Armachauo
2973 5239 3153 5295 omnia
3193 5240 3466 5309 sequentia

1894 5317 2031 5393 intra
2053 5313 2285 5393 uncos
2334 5312 2352 5380 )
2382 5312 2604 5393 inclusa,
2626 5325 2796 5393 usque
2821 5310 2887 5365 ad
2907 5309 3069 5365 linem
3092 5308 3463 5365 confessionis.

1895 5386 2052 5440 WAR.
2086 5414 2154 5425 —-
2183 5380 2354 5436 Aliter
2377 5381 2517 5450 apud
2544 5380 2786 5435 Bolland.

1967 5464 1993 5502 ε
2026 5453 2266 5507 Bolland.
2309 5446 2432 5520 post
2476 5451 2785 5522 principium
2818 5450 3126 5522 (exhibent,
3297 5446 3461 5514 ipsum

1893 5528 2077 5595 quippe
2112 5524 2247 5646 {acta
2292 5517 2412 5575 sunt
2451 5517 2623 5574 omnia
2644 5517 2879 5574 'risibilia
2920 5529 2970 5573 et
3011 5517 3463 5584 inrisisilia:qn.u

1895 5597 1982 5646 hic
2009 5609 2109 5646 nan
2133 5608 2167 5646 0
2199 5599 2321 5646 post
2347 5598 2652 5645 occurrunt.
2676 5590 2875 5645 Verum
2920 5588 3056 5646 anuzl
3086 5585 3462 5639 Bullandianns

1895 5585 1990 5650 l'tic'
2009 5585 2167 5661 paulo
2199 5599 2321 5660 post
2347 5598 2652 5645 occurrunt.
2676 5590 2875 5645 Verum
2920 5585 3462 5661 apuglABcgllandianns

1897 5654 2213 5719 intermedia
2238 5677 2355 5731 qum
2384 5662 2485 5715 hoc
2528 5661 2647 5715 loco
2676 5654 3345 5731 legun_tur,'vitio_librarii
3390 5656 3460 5713 ob

1896 5732 2179 5803 repetitam
2204 5725 2390 5786 vocem
2420 5725 3004 5801 principium'vidcntur
3033 5725 3250 5782 omissa.
