3946 6182
558 336 662 392 803
1497 328 1552 382 S.
1599 328 1958 382 PATilltllUS
1999 327 2446 382 lllBl’lllXORlTM
2491 324 2905 381 APOSTOLITS.
3676 333 3761 384 804

555 454 716 508 dituri
739 466 921 507 sumus
950 450 1209 504 rationem
1233 448 1394 501 etiam
1422 446 1762 498 minimorum
1793 451 2141 511 peccatorum
2178 452 2218 502 Α
2252 441 2321 509 νίς
2343 452 2462 494 mes
2491 454 2611 495 esse
2639 449 2695 495 et
2717 441 2846 507 legis
2875 441 3047 507 petiti,
3080 449 3133 492 et
3160 448 3403 507 potentes
3430 440 3477 492 in
3495 454 3707 499 summa
3722 460 3765 496 et
3888 452 3889 509 1

557 551 685 598 ante
730 542 960 596 tribunal
990 539 1185 595 Christi
1216 537 1446 592 Domini.
1491 536 1832 606 Quapropter
1884 534 2015 588 olim
2044 549 2140 587 co—

557 634 718 702 gitavi
746 632 998 695 scribere,
1029 629 1123 685 sed
1144 644 1312 699 usque
1341 641 1484 682 nunc
1518 625 1776 680 haesitavi.
1804 622 1977 679 Timui
1998 624 2143 678 enim

557 739 626 778 ne
654 723 940 778 inciderem
963 722 1015 776 in
1045 722 1277 789 linguam
1298 720 1607 774 hominum:
1641 725 1696 772 et
1721 717 1850 786 quia
1881 731 1987 770 non
2016 716 2141 783 legi,

555 814 691 867 sicut
719 813 898 868 caeteri
926 813 1018 881 qui
1056 812 1258 881 optime
1285 811 1468 879 itaque
1490 809 1610 878 jure
1635 815 1691 864 et
1715 823 1897 864 sacras
1936 807 2145 862 litteras

554 916 784 973 utroque
812 906 926 972 pari
972 904 1131 958 modo
1160 902 1553 967 combiberunt,
1596 910 1653 955 et
1689 914 1993 955 sermonem
2024 898 2144 952 illo-

555 1010 673 1048 rum
698 1011 766 1049 ex
796 994 1017 1048 infantia
1048 1008 1319 1062 nunquam
1349 999 1713 1054 mutaverunt,
1759 990 1853 1047 sed
1882 988 2051 1057 magis
2077 988 2145 1043 ad

556 1084 851 1155 perfectum
879 1098 1092 1154 semper
1121 1082 1458 1136 addiderunt.

624 1176 713 1231 IV.
745 1174 875 1229 Nam
913 1190 1090 1229 sermo
1116 1182 1172 1229 et
1200 1173 1410 1243 loquela
1450 1177 1633 1227 nostra
1675 1171 1934 1225 translata
1976 1178 2059 1225 est
2090 1171 2142 1223 in

557 1268 791 1335 linguam
817 1267 1067 1331 alienam,
1093 1266 1232 1321 sicut
1260 1264 1416 1320 facile
1445 1270 1624 1333 potest
1642 1261 1860 1332 probari
1890 1276 1956 1315 ex
1978 1260 2142 1314 saliva

556 1360 835 1426 scriptura:
876 1371 1044 1420 meae,
1097 1355 1326 1425 qualiter
1376 1368 1493 1409 sum
1541 1366 1642 1422 ego
1696 1352 1748 1405 in
1807 1350 2145 1406 sermonibus

558 1449 849 1503 instructus
906 1454 1069 1515 atque
1113 1446 1391 1507 eruditus;
1440 1444 1563 1513 quia
1620 1443 1794 1511 inquit
1848 1438 2077 1512 Sapiens
2128 1460 2141 1493 :

559 1539 662 1593 Per
682 1541 912 1610 linguam
940 1538 1256 1609 dignoscitur
1283 1546 1331 1589 et
1367 1552 1566 1600 sensus,
1607 1543 1655 1589 et
1684 1535 1919 1597 scientia,
1951 1543 1997 1586 et
2029 1534 2144 1587 doc.

554 1631 694 1682 trina
736 1629 965 1682 veritatis
1032 1626 1246 1697 (Eccli.
1296 1643 1371 1692 ιν,
1401 1624 1469 1678 ‘29
1499 1625 1540 1695 ).
1594 1623 1699 1679 Sed
1749 1622 1880 1692 quid
1930 1623 2146 1692 prodeat

554 1721 829 1775 excusatio
849 1719 1002 1788 juxta
1043 1719 1348 1784 veritatem,
1380 1716 1676 1785 prmsertim
1720 1729 1840 1769 cum
1888 1729 2145 1782 pnesum-

2248 531 2301 584 iu
2328 530 2474 585 omni
2503 544 2580 585 re.
2611 528 2678 583 Et
2704 545 2792 583 me
2812 528 3027 599 quidem
3057 527 3423 584 detestabilem
3450 528 3589 597 hujus
3619 535 3763 584 ntuud:

2245 638 2355 693 pne
2383 623 2590 678 caneris
2618 622 2918 693 inspiravit,
2949 621 2974 657 ά
3005 620 3108 675 etsi
3146 620 3266 674 talis
3295 634 3464 674 essent
3493 637 3506 672 :
3533 619 3767 675 dummodo

2246 724 2425 769 autem
2457 723 2515 771 ut
2541 730 2663 770 cum
2693 723 2839 769 metu
2864 722 2919 769 et
2946 712 3248 774 reverentia
3287 720 3341 766 et
3380 712 3492 767 sine
3516 712 3701 781 querela
3726 716 3767 764 ti.

2243 808 2436 864 deliter
2454 807 2766 879 prodessem
2786 807 2932 885 genti
2960 808 3025 860 ad
3047 820 3204 875 quam
3228 804 3421 859 caritas
3439 803 3622 858 Christi
3642 812 3765 858 tuus

2247 899 2385 963 tulit,
2434 907 2490 954 et
2538 898 2760 954 donavit
2788 912 2874 953 me
2903 898 2954 951 in
2994 897 3100 951 vita
3147 910 3287 960 mea,
3320 895 3365 951 si
3407 895 3585 963 dignus
3610 895 3761 950 fuerat:

2245 993 2495 1063 denique,
2529 1001 2587 1047 ut
2613 1007 2736 1047 cum
2784 991 3085 1045 humilitate
3113 996 3167 1043 et
3196 988 3459 1044 veraciter
3498 987 3764 1063 ἀρεᾳηὶιντιι

2247 1084 2370 1137 illis.
2391 1056 2408 1063 ’
2484 1056 2488 1057 ί
3593 1056 3607 1073 ⁸

2317 1173 2405 1229 Vl.
2444 1174 2502 1227 ln
2533 1188 2784 1228 mensura
2809 1172 2987 1243 itaque
3012 1169 3135 1226 ﬁdei
3162 1169 3439 1225 Trinitatis
3472 1176 3665 1239 Oportet
3686 1171 3762 1221 iia-

2246 1267 2491 1335 tinguere
2533 1274 2588 1319 et
2633 1265 2751 1319 sine
2792 1262 3209 1335 reprehensione
3245 1261 3469 1333 periculi
3518 1269 3676 1316 notum
3710 1265 3762 1313 la-

2245 1373 2371 1413 cere
2397 1357 2597 1411 donum
2640 1356 2731 1409 Dei
2765 1365 2821 1409 et
2846 1354 3269 1410 consolationem
3316 1361 3582 1419 aeternam,
3609 1367 3660 1406 ac
3683 1354 3763 1406 sine

2248 1451 2441 1504 timore
2479 1449 2796 1504 fulucialiter
2826 1448 2919 1502 Dei
2953 1463 3147 1502 nomen
3189 1446 3389 1514 ubique
3417 1443 3703 1515 expandere.
3728 1454 3764 1497 ut

2247 1543 2409 1596 etiam
2437 1549 2560 1612 post
2586 1542 2791 1596 obitum
2814 1555 2992 1595 meum
3023 1548 3045 1577 θ
3075 1537 3298 1594 Gallicis
3326 1538 3658 1606 relinquerem
3687 1532 3766 1587 fia-

2248 1634 2416 1689 tribus
2443 1640 2499 1687 et
2542 1629 2665 1688 filiis
2691 1632 2824 1686 meis
2851 1646 2986 1699 quos
3025 1643 3127 1697 ego
3174 1629 3227 1683 in
3274 1627 3500 1682 Domino
3537 1626 3766 1697 baptizari.

2248 1734 2329 1778 tut
2357 1723 2520 1778 millia
2541 1723 2843 1805 hominum.
2868 1720 2934 1774 Et
2963 1736 3068 1776 non
3089 1735 3239 1775 eram
3254 1718 3450 1788 dignus
3475 1732 3632 1786 neque
3662 1718 3767 1781 talis,

554 1810 775 1880 ptione?
795 1810 1047 1878 quatinus
1074 1807 1233 1862 modo
1262 1807 1376 1875 ipSe
1403 1816 1600 1875 appeto
1621 1806 1674 1858 iu
1698 1813 1976 1859 senectute
1997 1818 2138 1867 mea,
2179 1788 2214 1841 Β
2246 1828 2305 1873 ιη
2317 1788 2687 1873 δοοοοωίηξιε
2710 1815 2923 1870 servulo
2935 1829 3034 1868 suo
3053 1812 3409 1875 concederet;
3431 1819 3486 1866 ει
3504 1817 3769 1880 Mm",

554 1898 701 1966 quod
732 1899 783 1952 in
806 1898 1089 1967 juventute
1119 1905 1143 1934 ι
1170 1912 1277 1951 non
1307 1896 1635 1965 comparavi,
1665 1894 1788 1963 quia
1820 1893 2142 1948 obstiterunt

556 1989 799 2058 (peccata
829 1985 971 2057 mea)
999 1995 1059 2041 ut
1085 1984 1462 2041 confirmarem
1503 1984 1647 2052 quod
1675 1992 1802 2038 ante
1828 1998 1936 2037 non
1965 1984 2141 2053 perle-

546 2066 758 2148 geram.
789 2076 896 2133 Sed
923 2077 1043 2149 quis
1067 2075 1097 2115 ιι
1138 2091 1226 2132 me
1267 2075 1481 2132 credit?
1513 2074 1624 2129 Etsi
1652 2074 1840 2130 dixero
1868 2074 2012 2143 quod
2040 2090 2138 2127 an-

555 2181 609 2226 te
646 2169 898 2240 prtefatus
938 2185 1095 2235 sum;
1147 2168 1480 2234 adolescens,
1539 2167 1647 2223 imo
1684 2181 1821 2236 pene
1862 2181 1997 2236 puer
2042 2166 2141 2219 im-

552 2262 731 2318 berbis
759 2270 1039 2332 capturam
1068 2260 1212 2325 dedi,
1250 2267 1539 2328 antequam
1584 2256 1780 2313 scirem
1820 2256 1947 2327 quid
1985 2267 2136 2326 pete-

552 2372 697 2423 rem,
741 2357 826 2412 vel
874 2356 1002 2425 quid
1052 2356 1221 2409 vitare
1267 2353 1578 2408 debueram.
1632 2350 1785 2406 Unde
1832 2362 1933 2420 ego
1981 2351 2139 2405 hodie

551 2449 810 2504 erubesco
839 2456 894 2503 et
917 2446 1266 2501 vehementer
1292 2444 1557 2514 pertimeo
1600 2442 1874 2498 denudare
1922 2442 2137 2511 imperi-

554 2538 681 2593 tiam
710 2553 907 2605 meam,
937 2538 1059 2607 quia
1080 2537 1262 2592 diserti
1291 2536 1557 2590 brevitate
1585 2534 1847 2589 sermonis
1870 2534 2139 2604 explicare

553 2644 782 2699 nequeo,
830 2629 969 2685 sicut
1015 2629 1236 2698 spiritus
1277 2627 1440 2696 gestit
1485 2634 1540 2681 et
1585 2625 1814 2690 animus,
1849 2633 1902 2678 et
1947 2638 2137 2678 sensus

552 2729 817 2775 monstrat
844 2729 898 2774 et
926 2719 1167 2774 allectus.
1197 2717 1303 2773 Sed
1333 2717 1378 2773 si
1407 2718 1589 2785 itaque
1618 2714 1801 2769 datum
1839 2713 1968 2768 mihi
2012 2713 2140 2766 fuis-

551 2818 636 2864 set
659 2810 799 2865 sicut
833 2810 1059 2871 caateris,
1101 2816 1474 2863 verumtamen
1521 2821 1629 2861 non
1667 2805 1880 2860 silerem
1918 2814 2138 2874 propter

552 2899 982 2955 retributionem.
1026 2899 1094 2952 Et
1136 2899 1182 2953 si
1229 2897 1368 2952 forte
1415 2896 1626 2951 videtur
1652 2896 1793 2964 apud
1835 2895 2140 2964 aliquantus

551 3007 640 3047 me
678 2992 733 3045 in
781 2991 885 3046 hoc
911 3005 1230 3060 prteponere
1257 3004 1379 3044 cum
1421 3002 1553 3042 mea-
1593 2985 1803 3041 inscitia
1831 2995 1887 3041 et
1915 2988 2134 3040 tardim-i

552 3081 728 3149 lingua
770 3079 1047 3152 (scriptum
1082 3087 1165 3135 est
1183 3079 1323 3133 enim
1356 3097 1368 3131 :
1398 3076 1614 3148 Linguae
1641 3075 1974 3131 balbutientes
1994 3080 2132 3131 velo-

2243 1926 2339 1967 uas
2382 1919 2441 1965 et
2485 1917 2662 1963 tantas
2702 1908 2888 1972 moles,
2921 1914 3043 1976 post
3084 1903 3474 1974 captivitatem,
3502 1909 3614 1971 post
3635 1914 3767 1953 suum

2242 2002 2460 2062 multos,
2493 2000 2546 2054 in
2570 2006 2786 2068 gentem
2832 1997 2974 2052 illam
3002 2004 3204 2050 tantam
3233 1992 3461 2061 gratiam
3503 1988 3621 2043 mihi
3640 1987 3765 2042 deua-

2239 2100 2343 2155 ret,
2374 2090 2519 2159 quod
2545 2104 2647 2158 ego
2671 2087 2954 2159 aliquando
2985 2086 3035 2140 in
3060 2084 3344 2155 juventute
3389 2097 3505 2138 mea
3541 2094 3760 2150 nunquam

2239 2183 2450 2254 speravi
2502 2196 2676 2252 neque
2717 2180 2966 2247 cogitavi.
2997 2176 3104 2233 Sed
3149 2184 3435 2246 postquam
3481 2168 3766 2227 lliberiouem

2239 2277 2584 2342 deveneram,
2612 2273 2852 2345 quotidie
2881 2270 3083 2342 (igitur)
3113 2285 3311 2342 pecora
3338 2267 3604 2338 pascebam
3628 2272 3673 2319 et
3687 2263 3764 2315 frc-

2239 2382 2409 2437 quens
2461 2368 2515 2421 in
2555 2365 2645 2420 die
2714 2365 2954 2431 orabam,
3001 2362 3170 2429 magis
3216 2374 3281 2415 ac
3330 2358 3494 2426 magis
3532 2353 3765 2410 accedebat

2238 2472 2392 2511 amor
2416 2457 2506 2511 Dei
2537 2466 2592 2512 et
2620 2456 2783 2511 timor
2804 2455 2989 2523 ipsius,
3021 2461 3076 2507 et
3104 2451 3233 2507 fides
3263 2450 3571 2519 augebatur,
3611 2450 3658 2499 et
3681 2445 3763 2512 Spi-

2238 2546 2374 2601 ritus
2401 2544 2418 2583 ί
2453 2546 2764 2614 augebatur,
2798 2552 2857 2600 ut
2882 2545 2934 2599 in
2960 2545 3045 2598 die
3067 2559 3169 2597 una
3188 2556 3360 2610 usque
3387 2538 3451 2593 ad
3477 2546 3664 2592 centum
3682 2552 3766 2588 ura-

2243 2638 2440 2702 tioncs,
2463 2646 2518 2692 et
2539 2637 2589 2691 in
2616 2645 2774 2692 nocte
2795 2651 2963 2707 prope
2978 2634 3258 2699 similiter;
3283 2641 3343 2686 ut
3357 2631 3512 2685 etiam
3532 2629 3577 2682 in
3600 2627 3765 2681 silviset

2238 2737 2420 2782 monte
2448 2727 2748 2791 manebant,
2781 2735 2835 2780 et
2862 2734 2986 2780 ante
3013 2725 3186 2779 lucem
3227 2720 3499 2776 excitahar
3524 2717 3583 2771 ad
3607 2714 3765 2769 oralio-

2240 2832 2361 2872 nem
2391 2833 2487 2887 per
2516 2819 2713 2883 nivem,
2739 2833 2835 2888 per
2856 2816 2997 2885 gelu,
3027 2830 3125 2884 per
3152 2813 3392 2882 pluviam
3423 2828 3435 2862 ε
3460 2817 3509 2862 et
3535 2805 3646 2861 nihil
3666 2803 3762 2857 mali

2236 2909 2552 2974 sentiebam,
2576 2923 2751 2977 neque
2780 2908 2884 2961 ulla
2904 2905 3115 2976 pigritia
3141 2910 3260 2958 erat
3290 2903 3343 2957 in
3373 2917 3475 2964 me,
3497 2898 3616 2953 sicut
3640 2896 3765 2949 modo

2237 2999 2415 3065 video,
2445 3000 2569 3069 quia
2599 3007 2724 3054 tunc
2754 2999 2806 3053 in
2836 3013 2921 3052 me
2940 2997 3161 3067 spiritus
3193 2993 3458 3049 fervebat.
3489 2988 3550 3045 Et
3573 2988 3633 3043 ibi
3653 2986 3764 3041 scili-

2238 3104 2324 3149 cet
2350 3092 2579 3161 quadam
2610 3100 2797 3153 nocte,
2828 3089 2879 3143 in
2908 3103 3099 3144 somno
3124 3084 3303 3140 audivi
3333 3097 3515 3139 vocem
3550 3079 3763 3134 dicentem

552 3175 679 3228 citer
701 3175 899 3228 discent
928 3173 1067 3246 loqui
1092 3189 1273 3243 pacem
1290 3171 1440 3245 [Isai.
1471 3187 1640 3239 xxxu,
1667 3169 1721 3241 4]
1738 3181 1776 3241 ),
1798 3179 1999 3240 quanto
2019 3188 2133 3225 ma-

2241 3154 2415 3240 mihi:
2448 3183 2591 3240 Bene
2614 3183 2843 3252 jejunus,
2874 3182 2981 3236 cito
3022 3179 3190 3233 iturus
3218 3177 3288 3232 ad
3312 3176 3529 3246 patriam
3554 3180 3691 3225 luant.
3715 3164 3761 3220 Et

552 3266 632 3332 gis
652 3280 750 3319 nos
773 3272 1029 3334 appetere
1055 3264 1312 3319 debemus
1333 3263 1425 3331 qui
1446 3278 1651 3330 sumus,
1677 3262 1866 3331 inquit,
1898 3261 2136 3332 Epistolu

552 3352 762 3419 Christi,
787 3355 839 3408 in
867 3353 1093 3409 salutem
1123 3367 1291 3422 usque
1319 3352 1383 3407 ad
1416 3352 1658 3406 ultimum
1688 3360 1864 3419 teme,
1893 3351 1996 3406 etsi
2025 3366 2133 3405 non

551 3445 767 3510 diserta,
798 3441 892 3499 sed
913 3451 1027 3498 rata
1055 3451 1111 3498 et
1136 3442 1425 3509 fortissime
1462 3442 1658 3511 scripta
1684 3443 1735 3495 in
1770 3440 2010 3495 cordibus
2047 3457 2133 3493 υρ-

549 3540 692 3605 stris,
724 3555 827 3593 non
856 3544 1165 3603 atramento,
1198 3536 1290 3590 sed
1326 3534 1525 3606 Spiritu
1551 3533 1648 3588 Dei
1678 3534 1771 3587 vivi
1796 3531 1881 3604 (II
1903 3529 2023 3586 Cor.
2056 3548 2131 3597 ut,

548 3627 602 3691 ε,
634 3628 711 3700 δ).

620 3718 686 3772 V.
722 3718 789 3772 Et
838 3720 1032 3774 iterum
1081 3717 1315 3788 Spiritus
1364 3724 1592 3770 testatur
1625 3733 1637 3769 :
1669 3713 1737 3768 Et
1778 3714 2040 3768 rusticatio
2068 3714 2129 3765 ab

548 3807 811 3863 Altissimo
840 3816 1014 3862 creata
1033 3817 1109 3862 est
1133 3806 1319 3876 (Eccli.
1352 3823 1442 3871 vn,
1476 3805 1587 3877 16).
1612 3803 1765 3860 Unde
1797 3818 1898 3873 ego
1927 3805 2131 3874 primus

549 3899 777 3955 rusticus
800 3899 1042 3970 perfuga,
1092 3898 1335 3954 indoctus
1363 3898 1567 3954 scilicet
1592 3898 1684 3966 qui
1714 3898 1894 3951 nescio
1934 3897 1987 3951 in
2026 3913 2129 3967 po-

546 4000 747 4047 sterum
777 3991 1060 4062 providere
1091 4009 1104 4043 :
1136 3990 1232 4046 sed
1265 4001 1287 4030 ο
1318 3991 1432 4046 scio
1476 3989 1611 4046 illud
1658 3990 1974 4054 certissime,
2003 3991 2127 4057 quia

546 4084 731 4153 utique
779 4084 1089 4154 priusquam
1134 4082 1465 4149 humiliarer,
1502 4097 1605 4152 ego
1641 4097 1789 4138 eram
1816 4082 1967 4137 velut
1995 4082 2128 4153 lapis

545 4175 637 4244 qui
659 4173 804 4244 jacet
832 4174 887 4229 in
915 4173 1027 4230 luto
1052 4172 1352 4245 profundo:
1385 4183 1442 4230 et
1486 4174 1635 4231 venit
1672 4176 1763 4244 qui
1792 4184 1985 4245 potens
2022 4185 2123 4237 est,

545 4265 677 4320 etin
718 4281 815 4321 sua
842 4265 1203 4321 misericordia
1234 4268 1447 4322 sustulit
1489 4282 1613 4335 me;
1643 4276 1699 4322 et
1733 4266 1947 4336 quidem
1991 4268 2131 4323 scili-

545 4362 631 4408 cet
656 4369 864 4409 sursum
892 4355 1144 4411 allevavit
1186 4364 1241 4411 et
1267 4356 1555 4411 collocavit
1580 4373 1665 4411 me
1693 4357 1746 4410 in
1788 4372 1998 4411 summo
2026 4372 2124 4427 pa-

545 4445 702 4499 riete.
729 4444 797 4498 Et
832 4445 956 4500 inde
996 4444 1209 4501 fortiter
1234 4446 1521 4502 debueram
1548 4448 1869 4512 exclamare,
1920 4448 1985 4503 ad
2034 4464 2123 4503 re-

2239 3278 2431 3332 iterum
2460 3285 2582 3346 post
2611 3275 2880 3345 paululum
2908 3282 3136 3341 tempus,
3169 3269 3349 3325 audivi
3394 3278 3674 3335 responsum
3703 3259 3761 3310 (εἰς

2236 3383 2365 3423 cens
2392 3367 2523 3421 mihi
2554 3385 2565 3418 :
2618 3366 2755 3421 Ecce
2801 3365 2948 3419 navis
2978 3372 3066 3417 tua
3096 3369 3280 3432 parata
3312 3368 3414 3415 est.
3442 3354 3506 3412 Et
3546 3370 3636 3409 non
3670 3356 3758 3405 erat

2235 3472 2423 3531 prope,
2446 3457 2541 3514 sed
2569 3456 2707 3511 forte
2735 3456 2961 3509 habebat
2980 3454 3207 3508 ducenta
3230 3450 3398 3504 millia
3427 3462 3625 3520 passus:
3646 3447 3689 3496 ει
3708 3439 3759 3492 ibi

2238 3530 2508 3619 nunquam
2539 3547 2761 3611 fueram,
2787 3558 2886 3601 nec
2909 3546 2979 3599 ibi
3003 3550 3185 3599 notum
3207 3554 3526 3612 quemquam
3552 3535 3611 3592 de
3628 3530 3758 3589 homi-

2236 3639 2390 3693 nibus
2419 3636 2699 3692 habebam.

2307 3729 2412 3784 ΥΠ.
2433 3728 2499 3782 Et
2517 3726 2708 3781 deinde
2729 3725 3066 3797 postmodum
3089 3736 3383 3779 conversus
3410 3733 3521 3775 sum
3542 3718 3588 3770 in
3606 3713 3756 3780 fugam,

2233 3829 2289 3874 et
2317 3818 2574 3874 intermisi
2603 3828 2627 3866 8
2659 3817 2926 3873 hominem
2956 3830 3075 3871 cum
3101 3829 3208 3883 quo
3238 3812 3443 3867 fueram
3464 3807 3491 3846 ¹ι
3518 3821 3602 3862 sex
3624 3800 3756 3857 anuis.

2233 3910 2300 3964 Et
2329 3909 2446 3964 veni
2477 3909 2530 3962 in
2557 3906 2755 3962 virtute
2782 3904 2991 3961 Domini
3020 3903 3107 3973 qui
3139 3904 3277 3957 viam
3313 3915 3488 3956 meam
3514 3895 3573 3951 ad
3598 3894 3754 3948 bonum

2229 4000 2511 4070 dirigebat,
2532 4008 2588 4056 et
2609 3999 2738 4054 nihil
2766 3997 3065 4053 metuebam
3093 3995 3265 4050 donec
3286 3990 3501 4063 perveni
3526 3987 3585 4043 ad
3608 3996 3756 4039 navem

2229 4093 2392 4149 illam.
2425 4091 2493 4147 Et
2520 4092 2610 4147 illa
2639 4089 2768 4161 (die)
2794 4104 2897 4158 qua
2925 4086 3162 4158 perveni,
3195 4084 3433 4156 profecta
3461 4090 3538 4138 est
3562 4076 3687 4133 navis
3707 4075 3758 4125 de

2228 4186 2349 4242 loco
2376 4200 2493 4247 suo,
2517 4192 2572 4238 et
2591 4184 2799 4238 locutus
2817 4197 2953 4245 sum,
2978 4188 3035 4233 ut
3062 4178 3316 4234 haberem
3340 4176 3476 4231 unde
3503 4170 3755 4239 navigarem

2228 4292 2349 4331 cum
2376 4276 2495 4330 illis.
2525 4274 2591 4327 Et
2642 4271 2985 4342 gubernatori
3015 4268 3305 4339 displicuit,
3336 4277 3391 4323 et
3441 4263 3621 4319 acriter
3662 4270 3754 4311 cum

2228 4365 2590 4433 indignatione
2626 4360 2898 4432 respondit
2922 4377 2933 4411 :
2958 4358 3303 4428 Nequaquam
3336 4364 3390 4409 tu
3411 4351 3660 4409 nobiscum
3683 4358 3754 4433 ap-

2228 4430 2381 4527 petas
2416 4454 2431 4491 ί
2468 4455 2563 4508 ire.
2595 4450 2664 4505 Et
2706 4430 2826 4505 cum
2870 4449 2983 4503 btec
3028 4446 3312 4511 audissem,
3345 4440 3574 4514 separavi
3600 4449 3670 4489 me
3704 4430 3754 4527 ab

545 4536 883 4592 tribuendum
907 4551 1122 4605 quoque
1142 4537 1340 4607 aliquid
1369 4537 1597 4593 Domino
1633 4539 1684 4593 ei
1712 4554 1810 4608 pro
1837 4541 2000 4595 tantis
2026 4541 2123 4595 be-
2159 4526 2206 4586 Ι)
2230 4522 2352 4611 illis,
2377 4552 2435 4599 ut
2463 4544 2700 4599 venirem
2726 4540 2792 4594 ad
2823 4538 3143 4607 tuguriolum
3173 4537 3262 4592 ubi
3283 4533 3628 4605 ιιοερίωδωιις
3648 4533 3691 4579 et
3714 4522 3750 4573 in

544 4628 747 4684 neliciis
772 4627 907 4697 ejus,
938 4629 1025 4683 hic
1049 4636 1104 4684 et
1146 4629 1197 4682 in
1218 4636 1501 4698 :eternum,
1527 4644 1646 4698 qua:
1674 4645 1826 4685 mens
1846 4630 2122 4686 hominum

544 4719 806 4775 :estimare
837 4736 940 4774 non
970 4727 1167 4789 potest.
1202 4717 1351 4773 Unde
1380 4728 1557 4775 autem
1588 4720 1925 4776 admiramini
1952 4724 2145 4794 magni'

542 4820 589 4864 et
609 4813 782 4882 pusilli
804 4815 890 4885 qui
916 4814 1099 4867 timetis
1127 4813 1286 4868 Deum
1310 4814 1489 4885 (Apoc.
1516 4832 1627 4883 nx,
1660 4814 1735 4884 5),
1760 4826 1815 4872 et
1834 4834 1931 4873 vos
1956 4819 2123 4886 ignari

542 4904 751 4957 Domini
780 4905 1033 4959 rhetorici
1061 4918 1072 4956 :
1105 4904 1286 4959 audite
1315 4920 1444 4974 ergo
1468 4917 1525 4960 et
1548 4909 1858 4963 scrutantini
1889 4910 2009 4979 quis
2038 4926 2123 4963 nte

542 4994 758 5047 stultum
788 4996 1042 5050 excitavit
1079 4997 1146 5050 de
1181 4998 1358 5052 medio
1398 5013 1584 5052 eorum
1629 5000 1719 5067 qui
1750 5001 1998 5055 videntur
2036 5017 2121 5055 sa-

611 5203 636 5229 ει
678 5191 821 5260 lltec,
852 5202 910 5246 ut
955 5208 1140 5247 sensus
1170 5201 1400 5258 constet,
1444 5192 1747 5249 addidimus
1787 5208 1856 5248 ex
1894 5195 2112 5249 Bollan-

537 5263 710 5318 tlianis
741 5279 755 5315 :
788 5262 1296 5336 apud‘quosAtamen
1335 5264 1502 5336 paulo
1550 5272 1693 5336 ante,
1739 5265 1939 5320 omisso
1966 5268 2110 5336 quid,

539 5348 818 5403 perperam
847 5333 1059 5403 legitur,
1082 5332 1189 5385 Sed
1215 5334 1421 5403 prodest
1447 5335 1725 5403 excusatio.

608 5401 650 5441 1³⁷
676 5403 801 5470 Leg.
833 5418 953 5457 cum
983 5402 1190 5456 Wth1)
1216 5401 1273 5455 et
1301 5402 1544 5457 Bolland.
1570 5404 1695 5457 mihi
1718 5404 1895 5456 credit.

538 5540 551 5594 ἰ
608 5483 631 5511 ε
672 5471 822 5542 Apud
877 5472 1114 5527 Bolland.
1168 5473 1424 5527 omissum
1470 5482 1793 5542 prtepostere
1841 5472 1945 5527 hoc
1988 5489 2107 5527 ver-

556 5557 681 5594 )lllll-

556 5557 681 5595 illiil-

607 5610 630 5648 ἀ
668 5611 745 5666 ita
772 5613 1144 5681 rescripsimus
1170 5626 1291 5666 cum
1330 5610 1570 5665 Bolland.
1604 5611 1861 5670 Warmus.
1891 5613 1935 5664 si
1970 5629 1985 5664 :
2019 5612 2111 5664 tri-

537 5696 636 5733 nus
663 5691 804 5749 apte.

610 5764 631 5787 ε
674 5750 828 5806 Deest
877 5754 985 5807 lnec
1015 5768 1114 5807 vox
1149 5752 1282 5820 apud
1317 5750 1578 5813 Bollanl.,
1624 5751 1713 5817 qui
1770 5752 1929 5819 paulo
1985 5761 2104 5819 post

2231 4638 2421 4692 itinere
2441 4635 2579 4705 coepi
2607 4647 2779 4695 orare,
2812 4640 2867 4685 et
2895 4637 3181 4699 antequam
3209 4628 3502 4682 orationem
3544 4628 3750 4677 consum~

2227 4741 2451 4792 marem,
2478 4721 2654 4779 audivi
2702 4735 2865 4774 unum
2907 4733 2972 4772 ex
3019 4717 3121 4772 illis
3165 4715 3376 4771 fortiter
3414 4712 3746 4792 exclamantetn

2226 4825 2347 4888 post
2375 4789 2461 4871 me
2503 4834 2515 4868 :
2544 4812 2681 4869 Veni
2709 4812 2834 4875 cito,
2864 4810 2987 4879 quia
3015 4816 3212 4864 vocant
3241 4816 3293 4862 te
3319 4806 3556 4862 homines
3581 4797 3672 4853 isti.
3696 4789 3747 4843 Ει

2224 4887 2404 4967 statim
2432 4910 2500 4962 ad
2531 4908 2649 4963 illos
2668 4918 2911 4961 reversus
2931 4917 3076 4967 sum;
3107 4910 3161 4956 et
3189 4906 3464 4970 coeperunt
3489 4891 3606 4950 mihi

2226 5017 2284 5055 re
2316 5020 2328 5053 :
2363 5000 2493 5054 Veni
2535 4998 2659 5068 quia
2689 5011 2757 5052 ex
2786 4994 2887 5050 fide
2919 4995 2931 5045 i
2972 4994 3256 5063 recipimus
3284 5001 3365 5057 te;
3393 4991 3475 5045 fac
3514 4982 3743 5040 nobiscum

2217 5196 2421 5263 legunt,
2461 5195 2567 5263 etsi
2592 5208 2695 5263 non
2717 5207 2860 5263 erant
2896 5190 3099 5263 dignus.

2293 5247 2445 5318 {se
2470 5273 2525 5318 et
2552 5261 2791 5316 Bolland.
2823 5259 2892 5313 At
2922 5247 3168 5313 Usserius
3201 5257 3239 5311 l.
3271 5273 3347 5324 0.,
3371 5266 3486 5327 νη.
3512 5247 3744 5314 $2,158-

2221 5333 2392 5386 batur.

2287 5383 2628 5465 llmQuemdam
2662 5400 2901 5470 gentilem
2926 5398 3171 5470 immitem
3198 5412 3366 5470 negem
3388 5392 3520 5470 apud
3546 5400 3671 5461 quem
3692 5383 3731 5434 il

2213 5460 2453 5541 servitute
2478 5473 2641 5541 fuerat
2662 5460 2920 5531 detentus,
2942 5467 3184 5541 ut_bab_et
3210 5460 3443 5541 PEobus_§_
3459 5460 3600 5515 Νη.

2285 5522 2317 5577 ιὶ
2331 5522 2549 5595 pestas
2566 5522 2729 5594 habet
2755 5522 2961 5607 septem.
2994 5536 3265 5607 Jocelinus
3290 5544 3345 5591 et
3364 5535 3465 5607 alii,
3488 5546 3586 5585 m.
3614 5522 3677 5578 ιο,

2288 5614 2303 5647 ί
2338 5609 2462 5664 Siue
2482 5611 2637 5663 naulo
2665 5602 2887 5667 scilicet,
2921 5615 2979 5660 ut
3007 5607 3154 5660 addit
3177 5605 3396 5662 Probus.
3429 5602 3497 5655 In.

2285 5681 2300 5731 i
2338 5679 2603 5744 Bolland.,
2637 5681 2915 5747 reperimus
2941 5694 2956 5730 :
2988 5678 3131 5747 quod
3154 5677 3327 5731 minus
3347 5674 3528 5745 placet.
