3946 6182
213 357 331 414 805

1678 355 2064 411 CONFESSIO.

3409 365 3507 422 8M

208 466 537 533 amicitiam,
588 466 858 535 quomodo
890 468 1137 523 volueris.
1169 468 1235 520 Et
1285 470 1338 522 in
1388 470 1472 522 illa
1504 470 1589 522 die
1639 470 1817 536 itaque
1849 476 1889 528 Α
1922 471 2215 525 εἰορίιιιιθλιι
2246 474 2487 542 quotidie
2521 489 2535 526 :
2593 472 2765 529 donec
2794 484 2989 543 quarto
3019 477 3229 531 decimo
3260 479 3345 534 die
3385 498 3506 551 per-

211 558 396 628 repuli
419 557 602 625 fugere
630 564 853 627 propter
881 558 1127 613 timorem
1152 559 1266 613 Dei.
1295 559 1674 614 Verumtamen
1697 576 1820 629 spe-

213 650 337 704 ravi
368 649 436 704 ab
459 649 578 712 illis,
604 658 661 702 ut
690 648 819 703 mihi
839 648 1081 704 dicerent
1106 670 1117 701 :
1144 650 1278 705 Veni
1299 650 1350 704 in
1384 650 1486 705 tide
1512 648 1637 705 Jesu
1660 649 1815 704 Chri-

212 746 325 809 sti;
357 744 481 812 quia
525 750 713 811 gentes
739 750 915 797 erant.
944 742 1012 795 Et
1058 744 1160 799 hoc
1210 744 1417 799 obtinui
1447 759 1569 798 cum
1598 743 1700 798 illis
1742 744 1819 814 (ιιι

212 837 469 906 protinus
495 834 906 904 navigavimus).

290 926 427 983 Vill.
462 927 530 981 Et
565 936 690 999 post
740 929 973 983 triduum
1030 938 1228 985 terram
1257 929 1525 1000 cepimus,
1551 937 1604 983 et
1634 925 1816 995 viginti

211 1033 350 1079 octo
378 1020 493 1075 dies
522 1035 620 1089 per
658 1021 930 1077 desertum
962 1023 1064 1077 iter
1092 1020 1345 1090 fecimus,
1375 1030 1432 1076 et
1475 1021 1625 1075 cibus
1649 1018 1817 1074 defuit

212 1117 351 1185 illis,
381 1124 437 1171 et
480 1114 649 1170 fames
676 1112 899 1167 invaluit
926 1126 1090 1182 super
1115 1127 1229 1167 eos.
1262 1111 1330 1164 Et
1376 1112 1481 1166 alia
1519 1110 1605 1165 die
1653 1110 1817 1178 coepit

210 1208 554 1274 gubernator
591 1204 721 1258 mihi
768 1203 992 1258 dicere:
1050 1202 1211 1270 Quid,
1258 1200 1584 1269 Christiane,
1633 1201 1811 1256 dicis:

213 1297 368 1353 Deus
412 1304 537 1350 tuus
585 1308 809 1362 magnus
858 1302 914 1347 et
948 1294 1293 1363 omnipotens
1320 1295 1433 1348 est?
1461 1291 1638 1360 Quare
1685 1306 1814 1360 ergo

217 1403 330 1442 non
354 1395 510 1456 potes
553 1401 651 1455 pro
680 1383 834 1438 nobis
862 1398 1039 1449 orare,
1072 1383 1195 1453 quia
1224 1399 1326 1438 nos
1371 1383 1511 1438 lame
1539 1382 1811 1453 periclita-

214 1482 375 1532 mur?
405 1476 629 1533 Dillicile
654 1486 736 1531 est
758 1477 900 1531 enim
928 1483 988 1530 ut
1015 1476 1248 1546 aliquem
1280 1476 1547 1530 hominem
1579 1490 1812 1547 unquam

214 1570 517 1625 videmnus.
549 1567 659 1637 Ego
688 1569 831 1623 enim
882 1567 1159 1622 evidenter
1186 1567 1295 1621 dixi
1338 1568 1441 1623 illis
1484 1586 1495 1620 :
1528 1567 1811 1623 Converti—

212 1662 349 1716 mini
378 1676 445 1716 ex
471 1659 573 1715 ﬁde
603 1668 656 1714 et
681 1675 744 1715 ex
774 1666 887 1714 toto
917 1659 1081 1714 corde
1109 1659 1176 1713 ad
1204 1659 1487 1713 Dominum
1518 1660 1685 1714 Deum
1715 1675 1811 1713 no-

212 1764 413 1819 strum,
441 1752 565 1822 quia
595 1749 726 1804 nihil
756 1757 837 1805 est
865 1750 940 1805 illi
980 1750 1328 1821 impossibile,
1354 1759 1411 1803 ut
1438 1749 1600 1805 hodie
1627 1751 1805 1804 cibum

1926 562 2166 617 venimus
2213 563 2280 616 ad
2329 564 2591 618 homines.
2648 562 2799 618 Sicut
2850 566 3095 634 superius
3126 567 3507 636 insinuavi,\~t-

1921 652 2051 719 ginti
2098 660 2152 707 et
2198 662 2324 710 octo
2371 653 2488 709 dies
2537 669 2633 724 per
2660 654 2931 710 desertum
2964 656 3067 712 iter
3094 656 3338 725 fecimus,
3362 668 3414 714 et
3444 678 3504 713 ea

1922 751 2080 797 nocte
2101 759 2205 813 qua
2234 744 2575 812 pervenimus
2605 745 2670 799 ad
2696 746 2959 809 homines,
2982 746 3047 801 de
3070 748 3191 802 cibo
3221 765 3349 803 vero
3379 752 3507 804 nihil

1922 833 2223 887 habuimus.
2248 833 2315 887 Et
2347 833 2540 888 iterum
2569 842 2692 904 post
2729 851 2929 904 paucos
2958 852 3128 892 annos
3150 838 3200 892 in
3226 838 3510 895 Britanniis
3551 840 3579 877 ‘

1921 939 2070 978 eram
2099 939 2219 978 cum
2250 924 2562 994 parentibus
2591 926 2744 989 meis,
2795 927 2887 994 qui
2931 942 3015 981 me
3044 935 3102 981 ut
3131 929 3296 983 lilium
3325 946 3498 986 susce-

1918 1023 2114 1084 perunt
2140 1032 2151 1068 :
2185 1023 2240 1069 et
2269 1031 2334 1069 ex
2366 1014 2470 1070 lide
2500 1024 2822 1084 rogaverunt
2851 1032 2957 1081 me,
2992 1026 3048 1071 ut
3077 1019 3159 1072 vel
3202 1020 3363 1075 modo
3411 1038 3507 1089 egi:

1922 1106 2067 1172 (post
2092 1114 2271 1160 tantas
2318 1106 2694 1161 tribuiationes
2721 1122 2856 1176 quas
2895 1109 3110 1178 pertuli)
3141 1125 3411 1179 nunquam
3442 1116 3509 1165 al;

1920 1196 2025 1251 illis
2052 1197 2401 1253 discederem.
2436 1198 2503 1252 Et
2535 1200 2602 1253 ibi
2634 1200 2838 1255 scilicet
2874 1201 2980 1255 vidi
3011 1202 3065 1256 in
3094 1203 3211 1256 visu
3245 1215 3402 1258 nocte
3432 1208 3506 1259 vi-

1919 1306 2038 1344 rum
2067 1291 2370 1345 venientem
2411 1293 2561 1362 quasi
2591 1292 2657 1347 de
2698 1291 2985 1348 Hiberione
3032 1296 3117 1349 cui
3146 1311 3341 1351 nomen
3374 1308 3395 1333 ο
3424 1297 3506 1351 Vi-

1920 1384 2196 1447 ctorieius,
2241 1400 2362 1439 cum
2420 1385 2662 1454 epistolis
2719 1386 3235 1442 innumerabilibus:
3268 1398 3323 1443 et
3365 1391 3504 1445 dedit

1918 1475 2048 1529 mihi
2092 1491 2251 1529 unam
2294 1492 2358 1529 ex
2393 1476 2512 1541 illis,
2547 1486 2601 1530 et
2629 1478 2732 1547 legi
2763 1479 3080 1549 principium
3107 1482 3347 1550 epistolae
3374 1500 3503 1538 con--

1917 1565 2214 1619 liuentem:
2259 1565 2375 1621 Vox
2429 1567 2445 1605 ί
2482 1566 2906 1623 lliberionacum.
2941 1569 3008 1623 Et
3055 1570 3182 1624 dum
3212 1573 3502 1628 recitabam

1917 1658 2237 1728 principium
2271 1659 2530 1728 epistolae,
2564 1660 2815 1728 putabam
2850 1670 2874 1709 8
2900 1662 3015 1731 ipso
3064 1674 3360 1729 momento,
3411 1682 3501 1718 au-

1914 1749 2030 1803 dirc
2078 1765 2263 1805 vocem
2303 1751 2538 1819 ipsorum
2565 1752 2655 1819 qui
2703 1762 2850 1806 erant
2870 1751 3021 1820 juxta
3051 1755 3241 1811 silvam
3275 1755 3502 1817 Focluti,

214 1844 399 1897 mittat
429 1842 578 1897 vobis
607 1843 659 1895 in
682 1842 821 1895 viam
844 1848 1096 1907 vestram,
1130 1856 1296 1909 usque
1336 1840 1461 1893 dum
1490 1841 1757 1895 satiamini
1795 1860 1805 1892 :
1846 1836 1885 1892 Β
1916 1859 2036 1913 qure
2064 1854 2146 1898 est
2176 1860 2343 1913 prope
2373 1860 2521 1899 mare
2565 1842 2927 1900 Occidentalc.
2965 1845 3032 1899 Et
3056 1846 3135 1901 sic
3165 1848 3501 1903 exclamave-

212 1939 342 2006 qnia
375 1937 571 2005 ubique
601 1936 839 1990 abundat
884 1935 978 1989 illi.
1010 1932 1078 1988 Et
1128 1933 1415 2003 adjuvante
1445 1933 1576 1998 Deo,
1610 1933 1684 1987 ita
1734 1931 1810 1986 fa-

214 2039 363 2083 ctum
389 2036 489 2083 est.
517 2025 654 2082 Ecce
675 2040 805 2096 grex
834 2040 1121 2095 porcorum
1152 2024 1205 2079 in
1236 2024 1317 2078 via
1348 2032 1471 2079 ante
1497 2024 1683 2080 oculos
1713 2039 1809 2076 no-

211 2130 362 2176 stros
391 2119 640 2191 apparuit
666 2136 678 2171 :
706 2126 761 2171 et
789 2118 985 2172 multos
1007 2131 1072 2171 ex
1103 2116 1206 2170 illis
1226 2117 1627 2181 interiecerunt,
1659 2123 1713 2168 et
1736 2114 1805 2167 ibi

210 2213 351 2267 duas
394 2219 579 2267 noctes
606 2215 918 2264 manserunt
943 2209 1082 2263 bene
1120 2206 1338 2272 refecti;
1372 2216 1395 2242 η
1424 2214 1481 2261 et
1508 2220 1671 2261 carne
1709 2220 1805 2259 eo-

208 2320 334 2359 rum
374 2303 597 2358 relevati
625 2310 769 2368 sunt,
798 2301 920 2370 quia
950 2300 1104 2355 multi
1132 2316 1197 2355 ex
1228 2301 1333 2355 illis
1378 2299 1709 2363 defecerunt,
1753 2308 1808 2351 et

209 2410 369 2450 secus
392 2396 531 2449 viam
558 2394 796 2449 semivivi
825 2393 1067 2448 derelicti
1092 2400 1235 2448 sunt.
1270 2391 1337 2445 Et
1364 2400 1484 2463 post
1512 2392 1626 2447 haec
1655 2407 1803 2446 sum-

209 2501 331 2540 mas
371 2486 573 2553 gratias
603 2492 831 2554 egerunt
858 2483 992 2551 Deo,
1021 2491 1075 2537 et
1101 2497 1203 2552 ego
1252 2480 1634 2538 honoriﬁcatus
1684 2497 1802 2536 sum

208 2578 314 2631 sub
351 2576 523 2631 oculis
553 2592 761 2631 eorum.

282 2666 375 2722 lx.
408 2665 496 2739 (Et
524 2682 592 2721 ex
628 2667 728 2722 hac
751 2666 839 2722 die
866 2664 1203 2722 abundanter
1236 2665 1413 2721 cibum
1452 2666 1799 2733 habuerunt.)

207 2758 386 2815 Etiam
412 2760 517 2816 mel
542 2760 788 2815 silvestre
828 2761 1168 2825 invenerunt,
1201 2766 1257 2813 et.
1295 2759 1427 2813 mihi
1467 2767 1673 2828 partem
1706 2759 1801 2815 ob-

208 2852 465 2906 tulerunt.
490 2851 558 2905 Et
582 2866 716 2906 unus
736 2866 805 2905 ex
825 2850 926 2905 illis
946 2848 1080 2904 dixit
1099 2862 1113 2898 z
1129 2848 1243 2904 Hoc
1270 2848 1665 2905 immolatitium
1696 2860 1797 2903 est.

207 2943 323 2999 Deo
349 2942 768 3011 gratias,exinde
796 2941 930 2996 nihil
974 2941 1205 3010 gustavi.
1237 2939 1439 2995 Eadem
1465 2956 1596 2996 vero
1644 2950 1800 2996 nocte

204 3050 359 3089 eram
384 3034 678 3095 dormiens,
704 3040 759 3086 et
779 3032 989 3088 fortiter
1017 3033 1242 3088 tentavit
1269 3048 1356 3087 me
1384 3040 1621 3101 satanas,
1646 3033 1800 3101 cujus

207 3140 418 3180 memor
443 3139 538 3180 ero
584 3124 819 3195 quandiu
847 3123 999 3179 fuero
1050 3126 1102 3180 in
1133 3125 1240 3180 hoc
1266 3140 1515 3193 corpore.
1548 3124 1615 3179 Et
1652 3127 1786 3179 ceci-

1916 1944 2042 1989 runt
2069 1936 2225 2006 quasi
2256 1951 2323 1990 ex
2354 1952 2460 1989 uno
2511 1951 2607 1991 ore
2640 1954 2652 1988 :
2687 1936 2960 2005 Rogamus
3006 1947 3079 2002 te,
3135 1949 3320 1994 sancte
3350 1957 3500 2010 puer.

1913 2037 1972 2083 ut
2000 2029 2187 2084 venias
2215 2038 2269 2084 et
2299 2028 2479 2084 adhuc
2500 2029 2744 2084 ambules
2773 2030 2913 2084 inter
2942 2047 3058 2086 nos.
3090 2029 3158 2085 Et
3182 2032 3337 2087 valde
3364 2049 3501 2088 cmi.

1911 2128 2141 2189 punctus
2169 2135 2286 2173 sum
2334 2118 2518 2184 corde,
2550 2127 2606 2174 et
2626 2119 2855 2189 amplius
2885 2136 2991 2175 non
3015 2122 3162 2190 potui
3207 2122 3416 2190 legere,
3451 2136 3500 2179 ct

1910 2208 1987 2262 sic
2015 2207 2425 2277 expergefactus
2472 2224 2610 2261 sum.
2642 2207 2756 2262 Deo
2778 2209 2997 2276 gratias,
3031 2211 3157 2278 quia
3180 2221 3305 2280 post.
3333 2229 3500 2268 annos

1907 2299 2171 2369 plurimos
2197 2299 2447 2369 prtestitit
2476 2298 2581 2354 illis
2610 2299 2869 2355 Dominus
2899 2300 3191 2355 secundum
3215 2302 3502 2358 clamorem

1911 2404 2124 2446 eorum.

1977 2480 2068 2539 XI.
2109 2481 2177 2537 Et
2206 2483 2310 2537 alia
2341 2490 2519 2546 nocte,
2546 2484 2747 2548 nescio,
2778 2483 2921 2553 Deus
2942 2484 3061 2551 scit,
3096 2495 3275 2540 utrum
3309 2487 3359 2541 in
3391 2503 3498 2547 me,

1906 2593 1973 2633 an
1994 2577 2145 2648 juxta
2175 2593 2279 2642 me,
2310 2577 2490 2633 verbis
2535 2578 2873 2648 peritissimis
2903 2575 2930 2614 ιι
2955 2593 3076 2649 qua)
3106 2594 3207 2648 ego
3237 2580 3416 2634 audivi
3447 2590 3497 2634 et

1904 2685 2014 2724 non
2045 2670 2193 2738 potui
2227 2668 2546 2738 intelligere,
2591 2668 2693 2723 nisi
2742 2668 2807 2722 ad
2858 2677 3191 2738 postremum
3238 2670 3498 2725 orationis

1904 2761 1981 2816 sic
2010 2760 2202 2815 altatus
2227 2769 2309 2815 est
2336 2776 2347 2813 :
2384 2761 2519 2836 ί,ᾳηὶ
2538 2778 2633 2831 pro
2656 2769 2703 2813 te
2745 2762 2974 2814 animam
3021 2777 3172 2814 suam
3218 2763 3407 2832 posuit.
3438 2760 3499 2815 Et

1902 2852 1983 2907 sic
2011 2852 2418 2922 expergefactus
2446 2867 2564 2905 sum
2594 2850 2987 2918 gaudibundus.
3022 2849 3088 2904 Et
3118 2851 3310 2905 iterum
3340 2853 3354 2902 i
3396 2852 3499 2905 vidi

1903 2943 1957 2998 in
2005 2958 2091 2999 me
2123 2943 2295 3014 ipsum
2328 2951 2593 3006 orantem,
2645 2951 2700 2997 et
2744 2958 2892 2997 eram
2946 2944 3097 3012 quasi
3139 2944 3278 2998 intra
3308 2960 3497 3015 corpus

1902 3048 2081 3089 meum
2109 3053 2120 3087 :
2152 3043 2208 3089 et
2228 3034 2409 3089 audivi
2438 3049 2602 3105 super
2622 3049 2728 3100 me,
2751 3034 2855 3089 hoc
2881 3043 2982 3101 est,
3003 3052 3167 3105 super
3191 3036 3499 3093 interiorem

1901 3126 2212 3191 hominem;
2246 3133 2301 3179 et
2331 3125 2400 3182 ibi
2450 3124 2663 3181 fortiter
2701 3124 2892 3180 orabat
2920 3127 3227 3194 gemitibus.
3263 3126 3331 3181 Et
3361 3129 3495 3182 inter
3568 3122 3581 3135 “

205 3215 286 3270 dit
313 3230 474 3285 super
516 3231 601 3269 me
625 3215 789 3271 veluti
830 3231 1019 3270 saxum
1050 3217 1253 3285 ingens,
1287 3216 1313 3255 δ
1343 3225 1400 3272 et
1446 3216 1578 3270 nihil
1624 3232 1795 3271 mem-
1832 3200 1878 3256 (δ
1903 3218 2017 3273 hzec
2044 3216 2344 3286 stupebam,
2371 3223 2424 3269 et
2453 3215 2780 3278 admirabar,
2805 3223 2858 3269 et
2880 3216 3179 3284 cogitabam
3210 3218 3331 3288 quis
3359 3231 3497 3273 esset

206 3310 427 3364 brorum
467 3324 710 3364 nieorum
757 3310 1070 3379 praevalens.
1109 3310 1217 3364 Sed
1260 3308 1405 3363 unde
1447 3309 1576 3362 mihi
1626 3310 1795 3374 venit,

208 3403 415 3468 ignoro,
460 3402 512 3455 in
566 3403 814 3471 spiritum
869 3410 928 3457 ut
979 3402 1185 3458 Heliam
1239 3416 1507 3458 vacarem.
1539 3398 1605 3453 Et
1660 3401 1799 3455 inter

209 3495 327 3550 lucc
351 3494 458 3553 vidi
508 3496 557 3550 in
588 3497 729 3551 cmlo
782 3498 955 3552 solem
995 3498 1152 3562 oriri;
1184 3506 1239 3553 et
1285 3497 1412 3551 dum
1462 3498 1791 3552 clamarem:

207 3584 442 3640 Heliam!
476 3586 709 3641 Heliam!
747 3599 768 3626 ε
802 3590 927 3642 totis
954 3588 1154 3642 viribus
1181 3588 1348 3654 meis,
1390 3602 1515 3644 ecce
1543 3589 1798 3658 splendor

207 3675 339 3730 solis
364 3675 565 3732 decidit
592 3693 755 3748 super
782 3694 889 3742 me,
922 3688 978 3733 et
1002 3680 1185 3734 statim
1225 3679 1476 3734 discussit
1504 3694 1534 3733 a
1564 3696 1650 3735 me
1679 3696 1796 3735 om-

210 3783 334 3822 nem
358 3769 769 3837 gravitudinem.
803 3769 872 3824 Et
901 3771 1061 3827 credo
1089 3772 1230 3841 quod
1260 3788 1291 3827 a
1317 3772 1534 3829 Christo
1566 3773 1795 3829 Domino

212 3875 333 3917 meo
362 3862 676 3933 (subventus
704 3873 844 3931 sum,
876 3872 931 3919 et
957 3862 1189 3934 Spiritus
1218 3863 1334 3934 ejus
1357 3863 1468 3934 jam
1501 3864 1648 3934 tunc)
1680 3865 1790 3919 cla-

208 3946 390 4007 inabat
417 3969 516 4024 pro
540 3970 647 4020 me,
677 3962 732 4010 et
760 3971 922 4027 spero
949 3957 1091 4026 quod
1120 3958 1198 4013 sic
1226 3959 1330 4013 erit
1360 3959 1411 4012 in
1433 3959 1520 4012 die
1537 3974 1795 4027 pressum:

209 4060 365 4109 me'c,
395 4047 534 4101 sicut
561 4048 613 4101 in
646 4047 934 4117 Evangelio
964 4050 1134 4117 inquit
1164 4049 1241 4119 (ln
1282 4051 1368 4105 illa
1392 4050 1500 4121 die)
1537 4049 1794 4105 Damiutts

209 4141 481 4209 (testatur)
517 4156 529 4192 :
568 4138 687 4194 Non
718 4157 805 4195 vos
847 4142 972 4195 estis
1001 4142 1086 4213 qui
1114 4142 1401 4212 loquimini,
1444 4143 1536 4197 sed
1566 4142 1793 4208 Spiritus

209 4228 387 4283 Patris
413 4230 567 4284 vestri
594 4234 678 4303 qui
707 4232 929 4302 loquitur
954 4233 1007 4286 in
1031 4233 1169 4287 vobis
1193 4232 1404 4304 (Matth.
1434 4250 1483 4295 χ,
1510 4232 1622 4305 20).

282 4318 344 4372 Χ.
388 4319 451 4374 Ει
497 4322 690 4375 iterum
720 4331 842 4393 post
870 4339 1038 4378 annos
1071 4324 1223 4396 (non)
1264 4325 1460 4381 multos
1489 4327 1663 4382 adhuc
1702 4342 1792 4379 ra-

203 4415 415 4480 pturam
443 4411 586 4466 dedi.
622 4410 694 4466 Ea
724 4423 882 4468 nocte
903 4414 1074 4483 prima
1098 4414 1279 4486 itaque
1307 4417 1479 4471 mansi
1508 4432 1627 4472 cum
1666 4417 1785 4470 illis.

209 4499 542 4570 Responsum
574 4511 752 4557 autem
783 4502 1020 4559 divinum
1044 4505 1221 4561 audivi
1242 4506 1426 4563 dicens
1447 4508 1576 4563 mihi
1607 4527 1620 4560 :
1647 4508 1789 4563 Duos

1904 3310 1995 3379 qui
2025 3310 2079 3363 in
2109 3324 2195 3363 me
2224 3309 2434 3363 orabat.
2469 3306 2576 3361 Sed
2615 3307 2682 3361 ad
2730 3315 3063 3377 postremum
3110 3311 3374 3366 orationis
3422 3315 3497 3367 sic

1901 3399 2092 3455 effatus
2121 3408 2222 3463 est,
2256 3407 2313 3452 ut
2335 3399 2406 3451 sit
2434 3397 2671 3467 spiritus.
2706 3396 2773 3451 Et
2802 3398 2879 3451 sic
2899 3408 3246 3467 experrectus
3274 3417 3413 3468 sum,
3447 3414 3494 3455 et

1901 3491 2214 3548 recordatus
2262 3505 2401 3552 sum,
2436 3488 2698 3559 Apostolo
2736 3489 2988 3543 dicente:
3022 3488 3256 3560 Spiritus
3284 3494 3495 3564 adjuvat

1898 3584 2262 3654 inﬁrmitatem
2294 3589 2491 3634 nostra:
2520 3580 2801 3634 orationis.
2833 3577 2973 3633 Nam
3001 3580 3123 3650 quid
3147 3598 3349 3636 oremus
3368 3584 3459 3637 sic:
3482 3598 3495 3637 t

1899 3682 2115 3745 oportet,
2147 3673 2438 3736 nescimus;
2469 3671 2561 3725 sed
2587 3672 2696 3741 ipse
2728 3669 2956 3742 Spiritus
2979 3670 3206 3742 postulat
3235 3690 3329 3742 pro
3354 3675 3497 3728 not-is

1900 3764 2172 3838 gemitibus
2199 3761 2640 3817 inenarrabitibus
2673 3759 2853 3829 (Rom.
2885 3777 2993 3823 vm,
3026 3758 3140 3832 26),
3172 3777 3290 3832 qum
3321 3764 3496 3818 verbis

1899 3855 2129 3927 exprimi
2155 3871 2259 3909 non
2292 3861 2532 3924 possunt.
2561 3850 2627 3905 Et
2650 3851 2845 3905 iterum
2880 3869 2892 3904 :
2928 3850 3183 3905 Dominus
3213 3853 3495 3908 advocatus

1898 3958 2075 4004 noster
2095 3948 2322 4018 postulat
2349 3962 2442 4015 pro
2473 3944 2621 3999 nobis
2648 3942 2837 4015 (Ibit,
2861 3942 2974 4012 54).
2999 3943 3067 3998 Ει
3088 3944 3306 4013 quando
3330 3955 3493 4001 teut-.1»

1899 4049 1983 4093 tus
2015 4054 2131 4091 sum
2162 4038 2229 4091 ab
2259 4036 2546 4107 aliquantis
2568 4036 2871 4090 senioribus
2892 4036 3024 4091 meis
3040 4033 3064 4072 ¹ι
3086 4037 3178 4104 qui
3203 4048 3490 4102 venerunt,

1896 4132 1967 4186 ob
2020 4138 2240 4201 peccata
2299 4143 2437 4191 mea,
2498 4136 2686 4183 contra
2736 4126 3070 4181 laboriosum
3127 4127 3493 4197 episcopatum

1895 4236 2074 4277 meum
2104 4239 2114 4273 :
2148 4220 2333 4288 utique
2356 4219 2406 4271 in
2432 4218 2523 4273 illo
2545 4218 2631 4271 die
2654 4218 2867 4272 fortiter
2895 4215 3157 4286 impulsus
3183 4232 3299 4271 sum
3330 4228 3389 4271 ut
3410 4234 3489 4272 ea-

1894 4314 2079 4370 derem
2135 4312 2224 4367 hic
2264 4320 2319 4365 et
2374 4310 2425 4364 in
2480 4318 2764 4364 aeternum.
2817 4307 2924 4364 Sed
2955 4308 3210 4365 Dominus
3248 4312 3489 4381 pepercit

1892 4406 2167 4477 proselyto
2195 4410 2251 4458 et
2268 4399 2555 4472 peregrino
2583 4408 2805 4470 propter
2827 4413 3023 4454 nomen
3048 4415 3201 4455 suum
3223 4400 3489 4469 benigne;

1895 4508 1949 4552 et
1975 4495 2139 4550 valde
2169 4493 2300 4547 mihi
2329 4490 2578 4547 subvenit
2598 4489 2651 4543 in
2674 4489 2778 4544 hac
2804 4488 3231 4550 conculcatione,
3264 4490 3408 4558 quod
3432 4490 3483 4542 in

209 4606 417 4648 menses
444 4593 551 4648 eris
580 4610 701 4649 cum
731 4595 864 4662 illis;
895 4597 1036 4665 quod
1059 4597 1131 4652 ita
1163 4599 1359 4655 factum
1387 4606 1488 4653 est.
1518 4598 1793 4654 Nocteilia

1914 4587 2068 4642 abem
2086 4593 2141 4640 et
2168 4585 2222 4639 in
2251 4581 2600 4653 opprobrium
2631 4596 2738 4635 non
2768 4579 2909 4635 male
2937 4578 3150 4635 deveni.
3181 4578 3350 4634 Deum
3380 4594 3483 4634 oro

210 4685 532 4752 sexagesima
564 4686 808 4740 liberavit
838 4703 923 4742 me
952 4688 1209 4745 Dominus
1234 4691 1301 4745 de
1316 4689 1562 4745 manibus
1578 4689 1785 4744 eorum.

208 4775 229 4814 δ
270 4775 398 4831 Ecce
445 4778 497 4831 in
546 4777 737 4833 itinere
783 4780 1013 4849 providit
1044 4783 1197 4837 nobis
1219 4784 1397 4839 cibum
1422 4793 1477 4839 et
1506 4784 1701 4854 ignem,
1732 4791 1786 4836 et

280 4922 304 4950 ι
329 4913 417 4968 Sic
444 4914 667 4984 optime,
690 4923 751 4969 nt
778 4914 1007 4980 videtur,
1033 4914 1296 4971 Warmus.
1326 4916 1395 4969 At
1423 4914 1777 4971 Bollandiani.

207 4983 277 5038 Et
305 5001 452 5037 canes
480 4983 657 5037 eorum
680 4986 889 5039 revelati
919 4995 1057 5040 sunt.
1090 4988 1344 5042 Mcndose
1372 4988 1611 5041 omnino.

282 5053 306 5091 δ
347 5054 530 5119 Recte,
564 5063 621 5108 ut
651 5056 879 5117 videtur,
927 5072 985 5109 se
1036 5057 1197 5111 habet
1226 5058 1338 5112 haec
1383 5056 1577 5111 War-{ei
1602 5058 1774 5111 lectio.

204 5124 557 5190 Bollandiani,
581 5134 631 5178 et
658 5127 884 5180 omnium
900 5126 1240 5182 membrorum
1267 5143 1492 5181 meorum
1516 5129 1644 5181 vires
1666 5127 1782 5181 abs-

205 5194 323 5266 tulit
348 5212 364 5247 :
393 5197 481 5265 qui
532 5208 709 5253 tamen
732 5196 1010 5261 adnotant,
1044 5212 1145 5250 ms.
1177 5199 1446 5266 praeferre,
1480 5197 1612 5250 nihil
1637 5214 1785 5250 mem.

205 5265 410 5319 brorum
449 5283 685 5337 puteorum
736 5267 1001 5337 prtevnhti,
1062 5265 1315 5337 addentes
1357 5282 1421 5321 es
1452 5265 1780 5333 conjectura,

208 5351 420 5408 morere.
448 5335 572 5393 Mox
602 5335 761 5391 iidem
794 5356 806 5391 :
838 5347 894 5391 ut
921 5338 1108 5408 spiritu
1136 5335 1312 5391 Etiam
1331 5339 1640 5392 invocarem.

285 5418 305 5443 ε
340 5405 450 5460 Vox
473 5411 593 5464 totis
622 5407 919 5463 addidimus
946 5405 1012 5464 ex
1044 5408 1284 5463 Bolland.

281 5473 307 5513 *³
338 5477 488 5546 Apud
535 5479 912 5535 Bollandianos
962 5480 1076 5535 lucc
1124 5479 1284 5533 verba
1320 5480 1482 5548 paulo
1513 5487 1636 5532 ante
1665 5487 1787 5547 po-t

212 5546 430 5602 Hatthei
482 5558 686 5605 textum
737 5548 1112 5616 subjiciuntur.
1147 5546 1363 5604 Rectius
1393 5546 1677 5619 profecto,
1705 5549 1790 5602 hic

213 5621 352 5675 Enim
376 5620 676 5689 importuna
703 5619 967 5673 videntur.

287 5701 307 5727 ε
337 5690 429 5743 Sic
452 5688 506 5745 et
536 5688 782 5745 Usserius
810 5689 844 5741 Ι.
893 5703 964 5750 c.,
993 5704 1114 5758 pag.
1150 5690 1268 5743 455.
1304 5688 1406 5741 Sed
1431 5688 1786 5753 Bnllandiani,

220 5763 489 5815 t'iitricius
513 5778 529 5814 :
555 5762 644 5829 qui
686 5767 905 5813 monent
934 5760 1073 5829 apud
1102 5760 1237 5813 alios
1263 5761 1363 5827 legi
1395 5760 1702 5813 Victoriam:
1738 5776 1790 5814 «ιι

227 5832 506 5895 Victorem;
555 5841 608 5886 et
644 5832 745 5888 hoc
774 5845 998 5901 nomen,
1024 5832 1288 5898 inquiunt,
1322 5840 1566 5885 auctores
1597 5834 1790 5896 passim

1893 4689 1953 4734 ut
2002 4695 2111 4733 non
2167 4676 2270 4731 illis
2300 4675 2353 4730 in
2401 4680 2682 4744 peccatum
2709 4669 3036 4741 reputeturl
3074 4670 3325 4726 occasio:
3359 4685 3493 4724 nam“

1889 4779 2010 4844 post
2074 4784 2246 4825 annos
2306 4767 2522 4835 triginta
2563 4765 2885 4819 invenerunt
2948 4778 3053 4828 me,
3121 4769 3175 4816 et
3222 4761 3491 4817 adversus-

1888 4923 2128 4977 tribuunt
2151 4919 2342 4988 angelo
2371 4916 2464 4988 qui
2495 4915 2657 4988 toties
2686 4912 2921 4988 Patrici_o
2950 4914 3263 4988 apparebat.

1968 4932 2128 4977 buunt
2151 4932 2342 4988 angelo
2370 4932 2464 5040 3m
2495 4932 2657 4993 tones
2689 4932 2921 4970 ratrtcm
2950 4932 3263 5038 alpparc'Dat.

1968 4992 1984 5031 ε
2021 4993 2095 5046 lta
2124 5004 2339 5059 quoque
2416 4984 2743 5059 sseri_ns_l._c.
2779 4984 2844 5059 At
2873 4983 2968 5039 Bol
2993 4984 3138 5049 and.,
3170 4985 3489 5040 [liberioris-

1885 5076 2019 5118 rnm.
2050 5054 2319 5114 locelintts
2348 5072 2465 5125 cap.
2496 5054 3087 5125 2|,Hibernigenarum.

1962 5143 1985 5180 ε
2014 5132 2097 5184 Al.
2127 5128 2263 5198 apud
2295 5125 2587 5198 Usserium,
2621 5126 2730 5198 ipse
2760 5126 2815 5198 in
2840 5133 3026 5198 mente.

1962 5200 1988 5240 ιι
2018 5193 2317 5280 Bolland..“
2337 5196 2499 5279 verbis
2553 5193 2896 5266 peritissimis,
2928 5193 3196 5280 audiebam
3225 5203 3485 5280 quost'rm‘

1887 5290 1952 5328 ea:
1973 5273 2156 5342 spiritu
2184 5268 2458 5342 psallentes
2479 5268 2619 5320 intra
2646 5281 2745 5331 me,
2777 5273 2827 5319 et
2849 5267 3133 5321 nesciebant
3163 5267 3249 5339 qui
3274 5278 3474 5326 essent;

1892 5338 2018 5416 quos
2036 5358 2131 5416 ego
2162 5338 2354 5416 audiri,
2382 5344 2491 5416 etc.

1969 5424 1984 5451 ι
2023 5403 2124 5475 Qui
2145 5410 2285 5463 dedit
2307 5403 2532 5461 animam
2554 5423 2647 5477 pro
2671 5414 2738 5470 te,
2767 5406 2879 5474 ipse
2898 5414 2973 5460 est
2994 5408 3073 5472 qui
3090 5406 3311 5475 loquitur
3329 5403 3380 5457 in
3403 5414 3480 5457 lc.-

1894 5482 2010 5537 Lib.
2039 5479 2289 5535 Armach.
2318 5478 2476 5532 WAR.

1965 5554 1979 5603 i
2022 5549 2285 5610 liolland.,
2319 5549 2583 5602 audiri...
2614 5557 2661 5601 et
2680 5555 2791 5601 erat
2820 5546 2990 5618 quasi.

1963 5623 1988 5660 ι
2011 5622 2098 5675 Sic
2127 5621 2351 5687 legimus
2379 5634 2499 5673 cum
2533 5617 2798 5681 Bolland.,
2826 5610 2918 5670 ubi
2941 5613 3178 5669 Warzeus
3206 5610 3364 5666 habet
3384 5612 3479 5683 qu?

1892 5702 2133 5747 venierunt
2170 5700 2216 5743 et
2246 5700 2474 5756 peccata.

1976 5767 1990 5800 ι
2026 5764 2111 5815 Sir.
2141 5750 2332 5814 iterum
2354 5776 2473 5812 rum
2503 5758 2742 5811 Bolland.
2778 5756 2958 5819 Neque
2981 5754 3123 5808 enim
3147 5750 3268 5809 ferri
3293 5758 3476 5824 pou-st

1901 5835 2007 5889 httc
2033 5832 2223 5888 Warztti
2260 5831 2435 5891 lectio,
2470 5830 2814 5882 o.'(.tsionum.
2847 5825 2968 5879 I'ost
2993 5843 3115 5879 amt.
