3946 6182
381 807 418 851 Ι

388 3088 432 3112 υ

481 293 579 350 £07

1391 286 1446 343 S.
1495 283 1858 341 PATRICIUS
1899 280 2348 336 [UBERNORUM
2391 280 2807 336 APOSTOLITS.

3651 280 3745 334 808

480 407 700 465 verbum
743 403 890 478 quod
936 403 1212 460 confessus
1252 399 1456 456 fueram
1489 408 1514 438 λ
1562 408 1850 471 antequam
1897 412 2072 452 essem
2106 405 2149 456 Λ
2182 399 2303 451 veni
2329 398 2499 461 illum,
2531 366 2586 452 et
2615 399 2848 453 servavit
2894 413 2982 452 me
3009 397 3076 451 ab
3105 395 3372 451 omnibus
3396 395 3746 464 iniquitatibus.

482 500 761 555 diaconus.

548 588 661 644 XII.
705 588 934 658 Propter
973 585 1325 647 anxietatem,
1358 593 1549 639 mmsto
1577 583 1761 637 animo
1807 580 2072 635 insinuavi

483 678 814 735 amicissimo
860 690 1000 741 nec,
1047 690 1167 745 quas
1198 675 1250 728 in
1280 674 1512 743 pueritia
1544 687 1683 736 mea,
1711 687 1814 725 una
1843 671 1929 724 die
1952 683 2074 737 ges-

482 786 687 833 seram,
721 770 828 823 imo
858 768 909 822 in
951 782 1055 821 una
1094 766 1249 830 hora,
1283 765 1408 834 quia
1437 762 1665 819 necdum
1691 762 2072 832 pratvalehaai.

484 861 694 926 Nescio,
744 859 886 914 Deus
917 858 1040 920 scit,
1070 855 1098 894 ιι
1129 857 1175 910 si
1205 855 1469 910 habebam
1496 862 1621 907 tunc
1649 868 1821 907 annos
1848 851 2070 921 quinde-

484 952 606 1016 t-iin,
633 958 689 1006 et
710 946 878 1005 Deum
902 949 1079 1002 vivum
1104 956 1212 1002 nun
1236 946 1541 1010 credebam,
1567 958 1742 1013 neque
1766 958 1833 998 ex
1857 943 2079 997 infantia

490 1058 644 1106 mea;
695 1040 789 1096 sed
820 1040 872 1093 in
901 1048 1076 1094 morte
1105 1046 1160 1093 et
1186 1039 1239 1092 in
1288 1036 1662 1092 incredulitate
1692 1034 1885 1100 mansi,
1908 1035 2082 1089 donec

491 1133 647 1187 valde
668 1132 961 1200 castigatus
990 1146 1128 1194 sum,
1162 1139 1216 1184 et
1245 1130 1297 1184 in
1321 1129 1550 1184 veritate
1573 1127 1883 1182 humiliatus
1910 1142 2027 1181 sum
2050 1141 2081 1180 a

488 1223 627 1278 fame
656 1232 712 1279 et
741 1225 1012 1288 nuditate;
1038 1230 1092 1277 et
1118 1221 1359 1291 quotidie
1387 1226 1574 1275 contra
1606 1218 1952 1273 lliberionem
1974 1233 2081 1272 non

489 1325 682 1386 sponte
711 1315 1020 1385 pergebam,
1071 1312 1245 1367 donec
1273 1326 1441 1381 prope
1479 1309 1814 1366 deﬁciebam.
1846 1308 1951 1364 Sed
1981 1309 2085 1364 hoc

490 1407 669 1477 potius
718 1407 857 1461 bene
890 1404 1020 1458 mihi
1043 1403 1163 1470 fuit,
1194 1402 1320 1473 quia
1343 1417 1409 1456 ex
1438 1401 1543 1456 hoc
1562 1400 1877 1455 emendatus
1905 1415 2023 1453 sum
2053 1415 2084 1452 a

494 1497 738 1561 Domino,
755 1504 808 1549 et
823 1494 1027 1564 aptavit
1047 1507 1133 1547 me
1162 1500 1220 1546 ut
1242 1491 1401 1545 hodie
1422 1506 1597 1545 essem
1624 1489 1768 1559 quod
1794 1489 2084 1558 aliquando

493 1588 648 1655 longe
669 1602 700 1640 a
725 1601 812 1639 me
840 1593 976 1650 erat,
994 1591 1051 1638 ut
1072 1597 1172 1652 ego
1199 1597 1354 1637 curas
1383 1582 1638 1635 haberem
1665 1589 1756 1634 aut
1781 1591 2085 1647 satagerem

492 1696 591 1751 pro
638 1679 810 1734 salute
866 1677 1124 1741 aliorum;
1176 1673 1394 1744 quando
1445 1682 1571 1728 tunc
1596 1674 1759 1728 etiam
1781 1672 1847 1727 de
1876 1672 2085 1741 meipso

2184 484 2208 525 ιι
2237 489 2325 544 Sic
2355 489 2536 555 credo,
2562 496 2784 558 propter
2812 488 3202 542 inhabilantem
3231 486 3498 555 Spiritum
3527 485 3650 552 ejus,
3675 490 3752 555 qui

2176 589 2435 652 operatus
2484 591 2568 636 est
2606 596 2775 650 usque
2824 582 2876 635 in
2926 582 3065 635 hanc
3100 581 3252 635 diem
3314 579 3369 634 in
3415 595 3502 634 me
3528 580 3756 635 audenter

2177 692 2383 731 rursus.
2431 676 2534 730 Sed
2588 677 2692 732 scit
2722 676 2882 741 Deus,
2913 676 2958 730 si
2997 676 3127 730 mihi
3153 674 3333 729 homo
3355 671 3550 728 effatus
3573 672 3752 735 fuisset,

2186 766 2409 823 forsitan
2440 768 2748 833 tacuissem,
2779 775 3002 838 propter
3022 768 3318 822 caritatem
3348 763 3570 819 Christi.

2251 860 2388 914 XIV.
2416 860 2567 914 Unde
2587 874 2716 929 ergo
2734 860 3053 915 indefessam
3073 860 3313 928 gratiam
3330 872 3489 926 agam
3512 857 3617 912 Deo
3637 873 3755 924 meo,

2180 954 2271 1022 qui
2302 969 2389 1008 me
2422 952 2631 1007 fidelem
2663 954 2900 1008 servavit
2931 953 2982 1006 in
3014 952 3101 1006 die
3132 949 3463 1005 tentationis
3514 964 3659 1014 mea',
3702 952 3754 1006 ita

2182 1052 2241 1098 ut
2269 1043 2432 1098 hodie
2479 1042 2819 1099 confidenter
2846 1042 3070 1098 offeram
3123 1043 3197 1096 illi
3228 1042 3581 1103 sacrificium,
3609 1050 3659 1094 ut
3683 1042 3758 1094 ho-

2183 1134 2340 1188 stiam
2370 1134 2640 1188 viventem
2667 1134 2904 1188 animam
2934 1149 3114 1187 meam
3142 1131 3374 1186 Christo
3397 1131 3624 1187 Domino
3642 1148 3754 1195 meo,

2182 1224 2275 1292 qui
2304 1240 2390 1278 me
2420 1224 2655 1278 servavit
2683 1224 2751 1278 ab
2778 1224 3025 1279 omnibus
3055 1224 3328 1293 angustiis
3356 1223 3496 1278 meis
3525 1241 3539 1275 :
3565 1229 3619 1276 ut
3640 1232 3687 1277 et
3705 1224 3757 1275 di-

2184 1330 2303 1371 cam
2335 1334 2346 1368 :
2381 1316 2511 1383 Quis
2538 1331 2640 1383 ego
2669 1333 2807 1381 sum,
2841 1316 3089 1383 Domine,
3139 1316 3229 1371 vel
3284 1332 3415 1385 quae
3458 1324 3540 1371 est
3586 1318 3757 1383 vocati.

2185 1422 2328 1473 mea,
2359 1408 2452 1476 qui
2499 1409 2631 1462 mihi
2656 1416 2861 1462 tantam
2884 1408 3226 1464 divinitatem
3262 1408 3278 1446 ί
3319 1410 3679 1483 cooperuisti?
3704 1411 3757 1462 ita

2187 1506 2246 1551 ut
2292 1497 2456 1552 hodie
2486 1498 2538 1552 in
2567 1500 2820 1567 gentibus
2861 1508 3174 1554 constanter
3217 1500 3568 1555 exsultarem
3595 1509 3645 1555 et
3669 1516 3760 1554 ma-

2189 1588 2503 1659 gniﬁcarem
2534 1607 2733 1646 nomen
2764 1600 2933 1655 tuum,
2984 1592 3300 1662 ubicunque
3328 1592 3518 1655 fuero;
3550 1607 3639 1646 nec
3678 1609 3759 1645 non

2191 1682 2241 1737 in
2264 1681 2531 1748 secundis,
2562 1682 2654 1737 sed
2678 1683 2841 1737 etiam
2872 1682 2923 1737 itt
2955 1684 3223 1753 pressaris
3252 1702 3266 1736 :
3305 1692 3365 1737 ut
3394 1683 3639 1751 quidquid
3661 1683 3761 1736 ιιιῖῇιί

495 1778 599 1824 non
631 1770 951 1838 cogitabam.
982 1766 1151 1836 Igitur
1181 1766 1233 1819 in
1265 1765 1356 1820 illo
1380 1765 1466 1819 die
1495 1780 1602 1834 quo
1624 1764 1945 1833 reprobatus
1966 1776 2085 1818 sum

2197 1773 2451 1836 evenerit,
2482 1774 2595 1826 sive
2626 1773 2824 1827 bonum
2877 1774 2991 1828 sive
3032 1773 3264 1836 malum,
3313 1774 3596 1842 :cqualiter
3621 1773 3761 1825 dele.

493 1850 523 1912 εἰ
556 1858 865 1913 memoratis
894 1854 1216 1926 supradictis
1246 1854 1336 1925 (ad
1366 1862 1580 1909 noctem
1611 1852 1800 1922 illam),
1841 1864 1861 1891 ο
1897 1852 1999 1907 vidi
2034 1853 2087 1906 in

496 1950 611 2004 visu
660 1949 830 2003 noctis
878 1948 1136 2017 scriptum
1183 1952 1373 2000 contra
1401 1944 1591 1999 faciem
1622 1960 1815 2008 meam,
1847 1944 1962 1998 sine
1990 1944 2091 1999 ho-

496 2048 649 2094 nore.
680 2038 746 2093 Et
776 2040 915 2093 inter
943 2039 1076 2103 hinc,
1106 2037 1285 2091 audivi
1319 2052 1639 2106 responsum
1687 2036 1973 2108 (divinum)
2003 2037 2087 2091 di-

495 2149 623 2188 cens
678 2130 851 2188 mihi:
898 2129 1037 2185 Male
1083 2130 1315 2185 vidimus
1353 2129 1544 2184 faciem
1568 2128 1834 2195 designati
1888 2129 2090 2183 nudato

498 2227 732 2282 nomine.
784 2225 895 2279 Nec
942 2223 1019 2278 sic
1049 2222 1297 2293 pnedixit
1329 2240 1341 2275 :
1374 2220 1512 2277 Male
1539 2221 1750 2287 vidisti;
1782 2222 1875 2276 sed
1908 2239 1921 2273 :
1955 2220 2091 2275 Male

500 2320 749 2381 vidimus,
780 2318 932 2389 quasi
963 2317 1033 2371 ibi
1064 2313 1333 2385 se'jtmxit,
1362 2315 1503 2370 sicut
1521 2314 1655 2369 dixit
1689 2331 1701 2367 :
1737 2312 1839 2378 Qui
1860 2330 1946 2367 ros
1968 2324 2090 2366 tan-

498 2414 595 2484 git,
625 2410 775 2483 quasi
804 2410 972 2481 tangit
1000 2408 1254 2479 pupillam
1283 2407 1418 2462 oculi
1448 2408 1548 2461 mei
1578 2405 1761 2477 (Zach.
1807 2422 1863 2469 tt,
1896 2405 1973 2475 8),
2006 2403 2092 2458 ld-

497 2506 643 2559 circo
670 2503 871 2573 gratias
897 2516 999 2569 ago
1023 2502 1072 2556 ei
1098 2501 1191 2570 qui
1212 2517 1300 2555 me
1321 2500 1374 2555 in
1395 2499 1647 2555 omnibus
1670 2497 2014 2562 confortavit,
2035 2504 2095 2551 ut

503 2612 609 2651 non
660 2610 749 2650 me
778 2594 1064 2664 impediret
1088 2608 1118 2646 a
1139 2592 1475 2662 profectione
1502 2607 1665 2662 quam
1694 2598 2009 2656 statueram,
2038 2597 2097 2645 et

499 2687 564 2743 de
593 2704 716 2744 meo
745 2701 961 2756 quoque
982 2700 1149 2755 opere
1177 2683 1321 2753 quod
1351 2700 1381 2738 a
1401 2683 1617 2737 Christo
1638 2683 1933 2739 didiceram
1963 2701 1976 2736 :
2001 2682 2095 2738 sed

499 2777 669 2846 magis
697 2792 765 2832 ex
793 2791 860 2830 eo
888 2776 1031 2831 sensi
1080 2774 1132 2827 in
1165 2789 1253 2827 me
1293 2773 1546 2827 virtutem
1597 2789 1704 2828 non
1746 2788 1968 2843 parvam
1991 2814 2005 2838 ,
2039 2780 2096 2826 et

500 2866 631 2922 ltdes
662 2881 783 2921 mea
805 2865 1031 2935 probata
1060 2871 1144 2918 est
1171 2877 1355 2917 coram
1383 2862 1493 2917 Deo
1515 2871 1568 2916 et
1593 2862 1919 2917 hominibus.

571 2956 709 3012 Xlll.
750 2942 1115 3012 Unde-autem
1142 2954 1405 3009 audenter
1446 2952 1567 3007 dico
1601 2971 1613 3006 :
1646 2951 1763 3007 Non
1792 2968 1881 3008 me
1910 2968 2096 3023 repre-

502 3052 687 3108 hendit
741 3049 1070 3106 conscientia
1097 3063 1220 3104 mea
1243 3044 1270 3085 ά
1298 3049 1387 3103 hic
1413 3054 1468 3103 et
1496 3048 1552 3102 in
1581 3047 1841 3102 futurum.
1876 3046 2093 3103 Testem

2190 1863 2467 1932 suscipere
2512 1870 2566 1916 et
2598 1864 2709 1917 Deo
2738 1864 2941 1931 gratias
2968 1879 3189 1933 semper
3217 1878 3413 1932 agere,
3448 1864 3537 1933 qui
3564 1864 3678 1917 mihi
3698 1880 3770 1917 rs-

2191 1954 2362 2009 tendit
2397 1962 2456 2009 ut
2504 1954 2911 2010 indulzitabilem
2965 1972 3088 2011 eum
3126 1957 3248 2011 sine
3283 1954 3396 2011 fine
3424 1956 3764 2017 crederem,et

2190 2046 2282 2115 qui
2314 2062 2401 2101 me
2429 2045 2701 2101 audierit:
2738 2056 2795 2101 ut
2821 2055 2878 2101 et
2924 2061 3025 2116 ego
3060 2047 3073 2097 i
3110 2049 3318 2103 inscius
3359 2049 3463 2103 sim
3496 2048 3547 2101 in
3573 2048 3761 2101 novissi-

2191 2135 2292 2188 mis
2306 2134 2494 2189 diebus
2509 2135 2613 2190 hoc
2634 2150 2768 2205 Opus
2793 2144 2903 2191 tam
2932 2137 3080 2206 pium
3111 2145 3166 2191 et
3187 2146 3303 2192 tam
3337 2138 3618 2193 mirificum
3645 2139 3757 2190 adimi

2193 2227 2535 2296 aggrederer,
2566 2229 2636 2282 ita
2670 2236 2727 2281 ut
2775 2228 3020 2284 imitarer
3047 2231 3341 2300 quospiam
3372 2230 3493 2283 illos
3519 2244 3646 2299 quos
3666 2238 3760 2281 ante

2193 2319 2453 2374 Dominus
2467 2320 2582 2388 jam
2603 2320 2729 2373 olim
2752 2320 3075 2390 praedixerat
3097 2318 3119 2357 ¹ε
3144 2321 3605 2391 prmnutitiaturos
3627 2318 3759 2371 Evar-

2192 2410 2394 2479 gelium
2424 2426 2602 2471 suum,
2635 2412 2691 2463 in
2721 2413 3075 2465 testimonium
3103 2412 3354 2465 omnibus
3391 2410 3635 2484 gentibus,
3663 2418 3760 2461 arta

2196 2501 2359 2558 finem
2388 2502 2595 2558 mundi.
2628 2502 2785 2569 Quod
2816 2504 2888 2557 ita
2917 2518 3047 2572 ergo
3079 2504 3158 2574 (ut
3189 2504 3432 2560 vidimus
3453 2503 3643 2574 itaque)
3664 2518 3757 2569 sup

2195 2595 2399 2665 pletum
2422 2602 2525 2649 est.
2552 2592 2691 2649 Ecce
2717 2601 2880 2648 testes
2908 2609 3114 2659 sumus,
3145 2596 3274 2664 quia
3300 2594 3639 2663 Evangelium
3656 2603 3760 2663 pnn-

2192 2685 2429 2741 dicatum
2457 2695 2540 2740 est
2568 2700 2738 2755 usque
2760 2686 2849 2740 ubi
2879 2700 3042 2741 nemo
3073 2688 3212 2742 ultra
3241 2696 3348 2742 est.

2266 2775 2382 2831 XV.
2425 2776 2668 2846 Longum
2697 2785 2781 2832 est
2807 2775 2988 2831 autem
3018 2785 3193 2832 totum
3246 2794 3351 2848 per
3378 2778 3577 2847 singula
3619 2791 3754 2832 enar-

2193 2883 2316 2923 rare
2347 2868 2587 2923 laborem
2618 2882 2817 2929 meum,
2850 2868 2936 2923 vel
2965 2882 3062 2938 per
3109 2877 3319 2938 partes.
3349 2868 3584 2923 Breviter
3606 2866 3751 2921 dicam

2194 2960 2425 3030 qualiter
2443 2959 2714 3029 piissimus
2735 2957 2876 3014 Deus
2898 2959 2965 3013 de
2988 2959 3252 3014 servitute
3273 2975 3423 3030 smpe
3450 2959 3671 3013 liberavit
3704 2970 3754 3008 ex

2195 3052 2476 3109 duodecim
2500 3051 2769 3121 periculis,
2793 3052 2989 3121 quibus
3018 3051 3325 3122 periclitata
3348 3059 3432 3106 est
3457 3050 3619 3105 anima
3640 3062 3749 3107 mea.

503 3146 673 3200 Deum
703 3143 879 3197 habeo
908 3142 1035 3211 quia
1075 3156 1182 3195 non
1229 3155 1349 3194 sum
1389 3140 1646 3196 mentitus
1674 3139 1727 3194 in
1756 3139 2096 3194 sermonibus
2122 3131 2163 3192 (ἶ
2198 3150 2398 3216 praeter
2426 3143 2646 3199 insidias
2674 3143 2891 3209 multas,
2922 3150 2977 3197 et
2997 3157 3114 3211 qua:
3142 3142 3329 3198 verbis
3357 3142 3644 3211 exprimere
3667 3154 3750 3191 non

504 3251 639 3307 quos
682 3249 782 3304 ego
802 3233 961 3288 retuli
1002 3242 1023 3268 ε
1047 3231 1221 3287 vobis.
1255 3229 1360 3286 Sed
1391 3231 1562 3301 magis
1584 3230 1749 3286 doleo
1784 3229 1801 3267 τ
1829 3246 1927 3301 pro
1958 3232 2093 3285 ami-

505 3328 719 3383 cissimo
749 3339 892 3387 meo,
935 3340 1031 3379 cur
1059 3323 1164 3377 hoc
1192 3322 1490 3376 meruimus
1523 3321 1708 3376 audire
1739 3320 1846 3377 tale
1868 3336 2095 3390 respon-

504 3435 643 3487 sum,
686 3417 772 3473 cui
799 3431 900 3486 ego
929 3415 1130 3471 credidi
1161 3419 1323 3470 etiam
1372 3415 1627 3469 animam.
1669 3412 1734 3469 Et
1757 3416 1997 3486 compezi
2027 3414 2094 3470 ab

506 3507 791 3577 aliquantis
832 3506 1105 3571 fratribus,
1158 3513 1283 3558 ante
1329 3503 1701 3558 defensionem
1748 3504 1915 3568 illam,
1947 3504 2094 3574 quod

507 3616 605 3669 ego
654 3615 761 3654 non
810 3596 1044 3660 interfui,
1078 3611 1177 3651 nec
1204 3596 1259 3649 in
1288 3593 1579 3650 Britanniis
1604 3611 1775 3658 eram,
1820 3610 1918 3651 nec
1949 3612 1979 3649 a
2010 3612 2096 3652 me

508 3692 809 3756 orietut',ut
830 3696 884 3743 et
910 3688 998 3742 ille
1025 3688 1078 3741 in
1103 3702 1222 3741 mea
1245 3685 1509 3751 absentia,
1538 3700 1639 3755 pro
1669 3701 1758 3739 me
1781 3695 1806 3732 Β
1833 3687 2095 3755 pulsetur.

509 3781 685 3836 Etiam
724 3780 854 3834 mihi
884 3779 999 3848 ipse
1026 3793 1121 3832 ore
1148 3793 1246 3831 suo
1274 3777 1484 3831 dixerat
1508 3794 1520 3827 :
1551 3774 1688 3830 Ecce
1715 3775 1924 3830 dandus
1953 3792 2012 3830 es
2041 3786 2099 3831 tu

504 3875 573 3930 ad
600 3873 826 3943 gradum
854 3871 1215 3941 episcopatus,
1273 3884 1383 3940 quo
1423 3884 1530 3923 non
1561 3882 1713 3922 eram
1752 3868 1964 3937 dignus.
1992 3867 2100 3923 Sed

509 3966 648 4021 unde
677 3966 823 4020 venit
852 3965 928 4019 illi
949 3961 1317 4034 postmodum,
1347 3969 1405 4017 ut
1425 3977 1609 4017 coram
1639 3964 1846 4017 cunctis
1869 3963 2026 4017 bonis
2046 3970 2103 4018 et

512 4058 665 4113 malis
694 4058 744 4111 in
775 4072 863 4111 me
892 4055 1102 4125 publice
1130 4054 1535 4119 dehonestaret,
1567 4052 1713 4124 quod
1741 4062 1865 4109 ante
1905 4064 2099 4125 sponte

505 4159 563 4206 et
586 4150 735 4205 laetus
765 4148 1095 4203 indulserat?
1126 4146 1221 4202 Est
1256 4147 1535 4211 Dominus,
1582 4147 1676 4216 qui
1721 4146 1897 4216 major
1919 4147 2096 4202 omni-

514 4240 609 4296 bus
635 4251 736 4297 est.
768 4241 911 4296 Satis
938 4240 1060 4295 dico
1087 4257 1099 4292 :
1126 4239 1217 4293 sed
1247 4247 1427 4293 tamen
1453 4254 1561 4293 non
1578 4238 1749 4293 debeo
1765 4238 2099 4294 abscondere

510 4332 708 4387 donum
739 4332 833 4387 Dei
860 4331 1004 4403 quod
1028 4330 1253 4398 largitus
1276 4338 1360 4384 est
1388 4330 1544 4385 nobis
1572 4330 1626 4383 in
1656 4339 1800 4384 terra
1822 4331 2103 4399 captivita-

515 4425 580 4478 tis
608 4440 742 4479 mea:
767 4442 779 4477 :
810 4424 934 4493 quia
981 4429 1107 4476 tunc
1148 4421 1359 4475 fortiter
1389 4420 1644 4489 inquisivi
1670 4434 1812 4481 eum.
1838 4429 1894 4474 et
1921 4422 1993 4476 ibi
2016 4424 2099 4478 in-

2200 3236 2357 3292 valeo
2388 3254 2401 3289 :
2438 3236 2451 3273 ι
2482 3250 2581 3290 nec
2610 3243 2665 3291 et
2694 3234 2941 3305 injuriam
2974 3234 3273 3303 legentibus
3300 3221 3519 3290 faciam.
3545 3230 3750 3287 Seddum

2199 3338 2477 3385 auctorem
2506 3329 2700 3393 habeo,
2731 3328 2823 3399 qui
2854 3327 3006 3383 novit
3057 3328 3263 3392 omnia,
3316 3328 3480 3382 etiam
3509 3334 3749 3392 antequam

2201 3423 2332 3477 fiant
2356 3423 2438 3492 (ut
2457 3437 2547 3477 me
2570 3421 2962 3493 pauperculum
2992 3419 3299 3490 pupillum).
3348 3420 3475 3474 Ideo
3502 3427 3659 3471 tamen
3684 3430 3747 3465 rr-

2198 3529 2457 3586 sponsum
2485 3513 2723 3567 divinum
2751 3512 3080 3568 creberrime
3126 3512 3436 3576 admonuit,
3480 3509 3610 3566 unde
3648 3504 3748 3560 mihi

2203 3606 2316 3661 hzec
2337 3604 2598 3675 sapientia
2625 3618 2745 3673 quae
2773 3604 2825 3658 in
2849 3619 2938 3658 me
2960 3619 3067 3657 non
3089 3611 3227 3666 erat,
3257 3603 3357 3672 qui
3389 3617 3490 3656 nec
3515 3610 3747 3655 numerum

2203 3699 2416 3755 dierum
2447 3712 2724 3763 neveram,
2748 3712 2924 3766 neque
2954 3695 3121 3751 Deum
3151 3696 3435 3765 sapiebam
3461 3713 3473 3747 :
3506 3692 3628 3748 unde
3648 3686 3744 3743 milli

2202 3787 2550 3859 postmodum
2604 3786 2804 3841 donum
2863 3793 2973 3839 tam
3033 3799 3325 3853 magnum,
3386 3793 3495 3839 tam
3545 3780 3743 3835 salubre.

2206 3889 2243 3916 ιιι
2274 3879 2443 3934 Deum
2491 3891 2817 3946 agnoscere,
2848 3876 2933 3931 vel
2961 3874 3185 3943 diligere
3210 3893 3222 3927 :
3255 3876 3354 3930 sed
3387 3885 3442 3930 ut
3465 3872 3680 3944 patriam,
3705 3871 3743 3918 et

2205 3976 2458 4040 parentes
2499 3968 2841 4032 amitterem;
2887 3976 2940 4021 et
2969 3981 3191 4020 munera
3240 3967 3413 4021 multa
3442 3963 3564 4018 mihi
3587 3957 3746 4014 offere-

2204 4062 2426 4127 bantur,
2459 4076 2581 4117 cum
2613 4059 2741 4115 fletu
2768 4070 2824 4113 et
2854 4058 3104 4129 lacrymis
3130 4076 3142 4111 :
3169 4062 3197 4090 ιι
3226 4066 3283 4113 et
3309 4055 3506 4113 offendi
3531 4053 3744 4118 illusum

2202 4169 2307 4208 non
2329 4161 2521 4208 contra
2546 4159 2751 4219 votum,
2775 4150 3068 4219 aliquantis
3089 4150 3155 4204 de
3175 4148 3481 4205 senioribus
3494 4144 3630 4201 meis.
3643 4138 3743 4199 Sed.

2199 4249 2534 4317 gubernante
2586 4245 2719 4309 Deo,
2781 4244 2929 4299 nullo
2982 4242 3147 4299 modo
3191 4242 3461 4306 consensi,
3494 4251 3645 4308 neque
3667 4248 3739 4286 α’

2200 4338 2377 4407 quievi
2402 4336 2526 4398 illis,
2556 4351 2663 4389 non
2687 4349 2808 4389 mea
2835 4334 3029 4403 gratia,
3059 4332 3155 4387 sed
3180 4331 3323 4387 Deus
3347 4334 3438 4404 qui
3460 4330 3576 4385 vicit
3597 4327 3640 4380 in
3658 4335 3740 4379 me.

2200 4435 2257 4482 et
2283 4427 2482 4482 restitit
2511 4425 2615 4480 illis
2643 4425 2914 4491 omnibus,
2946 4432 3007 4478 ut
3033 4437 3135 4491 ego
3164 4423 3407 4479 venirem
3436 4421 3499 4476 ad
3526 4417 3743 4501 Hibernas

587 4571 611 4598 ι
642 4560 841 4641 Supple
860 4561 1270 4622 insurrexertmt,
1289 4556 1516 4627 autqnid
1545 4556 1751 4622 simile;
1781 4573 1905 4612 nam
1927 4557 2102 4617 hiulca
2134 4590 2183 4650 ο
2206 4574 2326 4644 qua:
2356 4562 2582 4631 ipsemet
2610 4557 2910 4650 Germ‘anus
2941 4557 3137 4611 ibidem
3174 4563 3330 4610 antea
3359 4553 3596 4611 adversus
3622 4543 3739 4598 Pela-

514 4647 545 4687 e
563 4641 597 4685 .t
616 4633 807 4686 oratio.
1998 4680 2001 4683 λ

590 4707 613 4741 ι»
643 4701 733 4756 Sic
767 4699 1030 4762 Bolland.,
1055 4700 1144 4767 qui
1176 4715 1297 4754 mox
1328 4698 1530 4753 habent
1557 4696 1729 4751 Deum
1752 4715 1928 4753 unum.
1966 4700 2098 4755 Wa-

519 4789 671 4833 nens,
704 4775 748 4826 si
778 4772 993 4826 habeam
1024 4786 1041 4823 :
1073 4770 1230 4824 male.
1680 4824 1689 4833 ,

593 4858 612 4880 τ
645 4843 930 4911 Sequimur
950 4840 1464 4911 Bollandianos,qui
1487 4845 1541 4911 et
1583 4838 1747 4911 paulo
1768 4847 1890 4911 post
1918 4840 2104 4909 legunt

521 4914 704 4996 [aciem
729 4908 983 4996 designati
1004 4911 1199 4996 nudato
1222 4908 1645 4996 nominenétque
1666 4909 1808 4996 hunc
1827 4910 2003 4992 locum
2025 4911 2103 4967 sic

521 4979 938 5051 interpretantur
953 4999 964 5033 :
980 4980 1231 5035 tVidetur
1245 4980 1465 5035 indicari
1480 4980 1689 5034 libellus
1700 4979 1897 5051 aliquis
1912 4990 2101 5037 contra

522 5054 577 5107 S.
605 5050 819 5105 Patricii
844 5052 1229 5121 apostolatum,
1260 5052 1311 5105 in
1341 5065 1448 5120 quo
1477 5050 1767 5121 ipsenulla
1797 5051 1974 5105 addita
2008 5053 2104 5107 ho-

523 5122 669 5178 noris
699 5122 782 5176 vel
808 5120 948 5175 tituli
991 5121 1309 5191 episcopalis
1363 5120 1741 5244 appellatione,
1788 5121 2105 5192 simpliciter

525 5192 716 5244 nudato
746 5191 951 5244 nomine
978 5190 1356 5244 designabatur
1448 5191 1679 5244 atricius.
1714 5210 1733 5242 ι
1770 5188 2006 5244 Pessime
2045 5209 2104 5244 se

525 5192 716 5248 nudato
746 5191 951 5246 nomine
978 5188 1356 5258 designabatur
1398 5188 1679 5245 Patricius.
1714 5210 1733 5242 ι
1770 5188 2006 5247 Pessime
2045 5209 2104 5246 se

526 5264 688 5318 habet
717 5262 875 5318 lectio
906 5260 1099 5314 Warmi
1131 5260 1235 5316 hoc
1271 5261 1435 5315 modo
1467 5278 1480 5313 :
1519 5259 1638 5315 Vidi
1667 5263 1721 5316 in
1746 5262 1856 5315 uisu
1890 5263 2053 5320 noctis
2082 5283 2098 5320 :

527 5334 788 5405 Scriptum
824 5338 939 5405 erat
973 5340 1156 5405 contra
1178 5399 1189 5405 _
1209 5333 1392 5400 faciem
1417 5346 1673 5405 meum...
1718 5329 1862 5386 Male
1888 5333 2104 5387 vidimus

522 5397 711 5472 faciem
743 5402 833 5457 Dei
862 5397 1277 5472 signatignuduto
1307 5403 1530 5455 nomine.

599 5471 627 5512 δ
654 5474 757 5530 lsta
786 5470 1042 5526 omittunt
1063 5470 1415 5525 Bollandiani.

604 5556 627 5583 ο
659 5542 818 5599 Deest
844 5545 959 5598 hinc
986 5540 1176 5595 vocula
1206 5541 1345 5610 apud
1375 5541 1772 5597 llollandianos.

608 5613 627 5651 τ
658 5614 999 5683 Suspicatnur
1052 5613 1222 5683 ipsum
1270 5610 1327 5664 S.
1376 5610 1698 5683 Germanum
1756 5613 1933 5675 fuisse,
1968 5612 2107 5683 apud

533 5700 690 5753 quem
718 5681 1111 5753 delntttsfum'it
1142 5681 1422 5742 Patricius.
1471 5682 1523 5736 ιιι
1581 5682 1882 5737 Britannica
1933 5681 2109 5753 aliqua

538 5752 757 5811 fortasse
788 5752 989 5817 synodo
1018 5754 1189 5819 egisse
1212 5755 1292 5808 vel
1315 5754 1565 5809 statuisse
1590 5753 1787 5821 aliquid
1815 5764 2001 5809 contra
2026 5752 2114 5807 ea

2206 4628 2394 4702 gianos
2421 4638 2704 4702 statuerat.
2737 4628 3008 4702 Bott._lt_tvn.

2279 4684 2439 4757 {Sic
2459 4684 2703 4755 Bolland.
2737 4699 2829 4753 ubi
2857 4697 3117 4760 Warmus,
3150 4696 3406 4767 pulsaret,
3436 4693 3520 4764 qui
3544 4703 3648 4744 mox
3670 4684 3736 4737 113°

2204 4775 2315 4836 bet,
2344 4781 2392 4827 et
2421 4787 2514 4842 me
2529 4771 2730 4842 publice
2757 4765 3207 4842 deftoltes_taret....
3234 4765 3302 4819 Et
3328 4766 3579 4821 Dominus.

2278 4842 2307 4882 ιι
2336 4842 2461 4897 Hmc
2488 4837 2683 4897 desunt
2704 4840 2846 4910 apud
2876 4837 3121 4910 Boﬂand.

2287 4918 2298 4952 ¹
2337 4912 2606 4977 Bollantl.,
2625 4906 2919 4965 denudasti.
2954 4906 3020 4961 Et
3048 4923 3207 4977 mox,
3225 4910 3519 4977 exultarent.

2283 4989 2297 5039 i
2338 4982 2461 5037 Haec
2485 4968 2606 5049 jure
2628 4982 2878 5036 omittere
2907 4978 3155 5049 videntur
3180 4968 3529 5049 #Bollandiani.
3593 5047 3600 5049 _

2279 5033 2302 5090 ί
2338 5033 2458 5109 ἒῖἷ
2481 5033 2832 5109 ἱιῦιῑυὶιὶι.’”έι
2858 5033 2950 5104 sic
3006 5047 3288 5117 legendum
3327 5045 3606 5116 conjeceral
3628 5033 3730 5089 W3‘

2206 5140 2362 5180 I‘IBUS.

2285 5174 2603 5255 Γιὶοιιειηιιη
2634 5209 2699 5247 ne
2726 5187 3006 5263 injuriam;
3038 5187 3179 5259 apud
3208 5204 3344 5263 quos
3376 5202 3493 5243 ωοι
3519 5201 3529 5235 ε
3558 5174 3727 5263 δεέἷῐῗΐέζ

2206 5245 2817 5331 ειονεῆ--δὸῖιιέηιὶιπζί,
2862 5271 2917 5314 ιιι
2946 5245 3025 5314 ιιιέ
3053 5245 3420 5331 pauperculam
3457 5265 3505 5331 e_l_
3535 5245 3729 5331 ppl‘mfl’f‘

2203 5326 2507 5406 responsum
2537 5335 2764 5388 div'num
2784 5322 3090 5406 creberrime
3124 5322 3437 5384 admoueret.
3465 5322 3594 5381 Unde
3616 5322 3727 5370 mihi.

2208 5404 2337 5468 etc},
2367 5420 2487 5458 cum
2521 5404 2961 5473 interrogatione.

2281 5464 2334 5511 ω’
2353 5474 2621 5542 Bolland.,
2645 5464 2839 5528 donum
2868 5472 2963 5525 Dei
2991 5490 3271 5543 agnoscere
3294 5480 3340 5523 et
3362 5467 3570 5539 diligere,
3589 5464 3632 5510 ιιι
3653 5470 3724 5521 P‘“

2210 5545 2382 5606 trium,
2403 5554 2507 5600 etc.

2220 5685 2257 5738 ά
2284 5624 2310 5650 ’³
2342 5600 2610 5693 Bolland.,
2643 5626 2690 5671 et
2718 5615 2908 5684 offendi
2935 5612 3040 5666 illic
3078 5623 3257 5667 contra
3306 5622 3464 5665 rat-tm
3491 5600 3717 5667 alfqﬂaﬁm

2253 5701 2279 5737 ι’
2298 5701 2488 5738 senior.

2253 5701 2279 5737 ι’
2298 5701 2488 5740 senior.
