3920 6176
1599 172 1687 217 ‘.,

284 277 389 333 809
1678 270 2043 331 CONFESSIO
3448 275 3554 329 810

282 396 473 460 gentes
499 386 843 457 Evangelium
874 387 1184 458 praedicare,
1233 395 1287 445 et
1332 389 1399 443 ab
1420 388 1707 451 incredulis
1725 402 1858 444 con-
1887 394 1935 448 Α
1971 376 2257 443 plietabunt
2277 376 2433 439 (Jocl.
2462 393 2522 441 ιι,
2550 378 2644 446 28,
2671 379 2780 453 9.9).
2806 382 2871 437 Et
2896 382 2948 438 in
2978 382 3116 441 Osca
3145 387 3275 441 dicit
3302 404 3315 440 :
3348 388 3553 444 I'ocabo

280 478 534 536 tumelias
551 479 809 550 perferre,
836 488 895 534 ut
926 487 949 515 ³
975 478 1250 535 haurirem
1305 480 1653 551 opprobrium
1699 476 1858 551 pere;

281 570 600 638 grinationis
627 584 782 637 mete,
828 577 883 625 et
918 572 1321 641 persecutiones
1347 573 1566 643 multas,
1595 588 1765 644 usque
1793 574 1861 628 ad

282 663 513 726 vincula,
567 668 622 716 et
643 673 701 716 ut
727 660 910 717 darem
940 663 1324 731 ingenuitatem
1352 678 1531 719 meam
1584 680 1682 734 pro
1712 665 1858 719 utili-

282 762 396 809 tate
416 755 664 809 aliorum.

350 843 491 899 XVI.
529 844 600 899 Et
653 845 699 899 si
726 844 917 914 dignus
942 842 1114 911 fuero,
1158 853 1583 917 promptussum
1613 850 1671 902 ut
1696 847 1861 902 etiam

280 936 518 991 animam
556 950 733 991 meam
762 935 1140 993 incunctanter
1190 944 1247 991 et
1274 937 1623 993 libentissime
1644 953 1745 1007 pro
1763 952 1863 994 no-

280 1025 430 1079 mine
458 1026 593 1091 ejus,
623 1032 680 1078 et
708 1024 781 1079 ibi
803 1032 932 1095 opto
961 1024 1276 1096 impendere
1295 1040 1415 1081 eam
1434 1042 1603 1096 usque
1631 1029 1697 1081 ad
1726 1043 1865 1083 mor-

278 1124 416 1178 tem,
446 1115 492 1169 si
520 1115 777 1170 Dominus
794 1115 923 1170 mihi
954 1116 1251 1185 indulgeret
1275 1134 1287 1169 :
1319 1118 1443 1186 quia
1470 1117 1627 1173 valde
1648 1118 1863 1174 debitor

279 1222 402 1263 sum
426 1205 556 1272 Deo,
584 1208 677 1277 qui
706 1208 836 1262 mihi
857 1215 1059 1263 tantam
1081 1194 1307 1275 gratiam
1327 1208 1564 1274 donavit,
1595 1218 1653 1263 ut
1679 1211 1862 1280 populi

281 1298 437 1353 multi
467 1315 562 1369 per
583 1314 667 1353 me
696 1299 750 1353 in
779 1298 946 1353 Deum
974 1306 1405 1365 renascerentur,
1438 1307 1494 1354 et
1520 1301 1862 1369 postmodum

1972 484 2075 523 non
2107 469 2310 539 plebem
2356 488 2547 537 meam,
2579 473 2779 541 plebem
2808 492 2998 543 meam,
3028 487 3082 533 et
3116 496 3219 534 non
3254 482 3552 537 misericor-

1970 566 2114 620 diam
2151 577 2513 632 consecutam,
2557 570 2972 625 misericordiam
3014 581 3347 627 consecutam
3381 573 3554 651 (Osca!

1972 672 2033 719 ιι,
2062 658 2165 724 24;
2190 659 2341 715 Rom.
2376 677 2454 725 ix,
2486 662 2587 724 9.3;
2621 662 2648 715 1
2683 663 2828 717 Pctr.
2871 679 2932 725 ιι,
2968 664 3079 730 10).
3115 664 3179 717 Et
3214 669 3315 719 erit
3351 668 3405 720 in
3437 667 3550 721 loco

1968 748 2058 802 ubi
2093 752 2289 806 dictum
2320 764 2396 808 est
2431 770 2449 807 :
2490 753 2613 808 Non
2646 754 2789 824 plebs
2828 771 2945 809 mea
2977 771 3085 817 vos,
3117 757 3189 809 ibi
3222 758 3551 823 vocabuntur

1967 842 2071 909 ﬁlii
2106 841 2202 897 Dei
2234 844 2333 899 viri
2369 845 2543 914 (Osca:
2576 862 2614 911 ι,
2643 847 2739 911 10;
2774 845 2922 900 Rom.
2951 862 3027 911 Ix,
3058 846 3171 917 26).

2038 926 2221 983 XVIII.
2262 931 2416 988 Unde
2444 942 2626 989 autem
2668 933 2979 990 Iliberionae
3010 936 3107 1005 qui
3138 952 3419 1008 nunquam
3450 956 3549 994 ηε-

1964 1019 2139 1074 titiam
2172 1020 2268 1076 Dei
2301 1022 2635 1089 habuerunt,
2667 1024 2775 1079 nisi
2807 1025 2952 1080 idola
2982 1034 3036 1080 et
3067 1027 3343 1083 immunda
3374 1045 3547 1098 usque

1962 1125 2109 1167 nunc
2140 1128 2358 1183 semper
2397 1115 2720 1183 coluerunt;
2757 1118 3032 1186 quomodo
3066 1134 3239 1187 nuper
3279 1118 3419 1173 facta
3461 1134 3543 1173 est

1962 1206 2115 1275 plebs
2136 1207 2373 1273 Domini,
2408 1219 2461 1264 et
2485 1209 2581 1263 lilii
2609 1208 2701 1283 Dei
2732 1209 3151 1278 nuncupantur?
3178 1210 3297 1265 Filii
3331 1213 3542 1267 Scotto-

1959 1314 2079 1353 rum
2102 1310 2153 1355 et
2182 1300 2304 1356 lilia:
2328 1303 2642 1372 regulorum
2662 1342 2677 1368 ,
2712 1304 2965 1365 monachi
2993 1313 3047 1359 et
3078 1305 3317 1374 virgines
3342 1305 3537 1360 Christi

280 1395 817 1453 consUmmarentur;
849 1395 902 1444 et
925 1397 984 1442 ut
1003 1389 1187 1444 clerici
1213 1390 1408 1458 ubique
1437 1389 1540 1444 illis
1559 1390 1869 1445 ordinaren-
1956 1405 2080 1446 esse
2104 1391 2376 1446 videntur.
2407 1391 2470 1447 Et
2493 1394 2655 1448 etiam
2682 1410 2790 1449 una
2818 1395 3100 1451 benedicta
3133 1395 3316 1451 Scotta
3346 1407 3367 1434 ε
3391 1396 3539 1464 geni-

292 1480 385 1533 tur
436 1479 503 1533 ad
570 1478 785 1549 plebem
839 1481 1312 1549 nupervenientem
1368 1480 1434 1534 ad
1491 1482 1862 1537 credulitatem
1957 1482 2070 1536 tiva
2092 1482 2312 1548 nobilis,
2342 1484 2733 1554 pulcherrima,
2761 1486 2947 1541 adulta
2965 1497 3105 1551 erat,
3133 1502 3294 1557 quam
3321 1503 3421 1557 ego
3447 1488 3537 1541 ba-

282 1585 451 1641 quam
495 1570 723 1640 sumpsit
767 1568 1025 1625 Dominus
1079 1571 1146 1625 ab
1198 1572 1454 1626 extremis
1499 1582 1685 1636 teme,
1729 1573 1865 1629 sicut

284 1658 421 1716 olim
448 1661 769 1730 promiserat
797 1675 894 1730 per
918 1659 1229 1730 prophetas.
1260 1661 1341 1714 Ad
1369 1668 1418 1716 te
1446 1669 1623 1733 gentes
1665 1666 1864 1717 venient

1967 1562 2179 1629 ptizavi.
2212 1562 2277 1614 Et
2304 1573 2425 1633 post
2453 1582 2653 1634 paucos
2673 1567 2805 1630 dies,
2829 1585 2933 1621 una
2959 1585 3116 1623 causa
3142 1573 3285 1625 venit
3313 1576 3378 1627 ad
3403 1590 3500 1627 nos
3523 1593 3536 1626 :

1966 1646 2254 1705 insinuavit
2297 1652 2449 1708 nobis
2475 1670 2790 1723 responsum
2838 1659 3106 1728 accepisse
3132 1676 3160 1712 ιι
3195 1663 3379 1717 nuntio
3424 1663 3538 1727 Dei,

283 1750 354 1804 ab
381 1751 624 1806 extremi;
650 1761 818 1818 term,
864 1759 914 1804 ει
939 1750 1111 1804 dicent
1139 1766 1158 1803 ε
1190 1749 1336 1805 Sicut
1365 1748 1503 1824 falsa
1533 1768 1864 1821 comparare-
1900 1757 1944 1816 Β
1968 1738 1995 1778 ἀ
2025 1750 2081 1797 et
2112 1738 2325 1796 monuit
2345 1743 2505 1797 etiam
2536 1756 2595 1798 ut
2623 1755 2767 1800 esset
2792 1747 2943 1815 virgo
2972 1748 3168 1804 Christi
3203 1759 3257 1805 et
3287 1752 3396 1822 ipsa
3432 1752 3541 1811 Deo

284 1855 409 1898 runt
436 1855 607 1916 patres
642 1846 804 1899 nostri
819 1842 1043 1908 idola,et
1068 1861 1171 1898 non
1200 1853 1277 1898 est
1303 1844 1501 1898 utilitas
1522 1844 1576 1899 in
1614 1845 1687 1899 eis
1721 1844 1851 1916 (Jer.

285 1952 400 2002 xvr,
430 1934 541 2007 19).
572 1934 638 1989 Et
662 1936 853 1990 iterum
878 1953 891 1988 :
924 1934 1083 1991 Posui
1106 1946 1152 1989 te
1172 1930 1341 1990 lumen
1365 1938 1420 1990 in
1445 1938 1702 2008 gentibus,
1726 1948 1781 1991 ut
1796 1941 1868 1993 sis

284 2029 345 2085 in
395 2030 613 2085 salutem
659 2047 816 2102 usque
845 2030 914 2084 ad
939 2040 1223 2084 extremum
1254 2040 1403 2083 terrm
1429 2029 1583 2101 (Isai.
1618 2046 1762 2092 χιιι,
1789 2030 1864 2102 6).

285 2119 361 2175 Et
398 2121 471 2175 ibi
517 2119 642 2174 volo
670 2127 984 2190 exspectare
1010 2119 1334 2190 promissum
1365 2119 1550 2189 ipsius,
1573 2119 1663 2187 qui
1686 2120 1869 2187 utique

285 2227 564 2281 nunquam
610 2210 776 2276 fallit,
824 2211 964 2265 sicut
988 2209 1041 2263 in
1086 2206 1375 2278 Evangelio
1401 2208 1730 2278 pollicetur:
1772 2207 1870 2261 l'e-

286 2303 431 2357 nient
458 2300 521 2356 ab
553 2300 761 2355 Oriente
780 2310 831 2354 et
860 2296 1161 2360 Occidente.
1185 2309 1233 2353 et
1257 2298 1548 2353 recumbent
1567 2314 1682 2351 cum
1713 2297 1874 2350 Abra-

288 2393 432 2457 ham,
468 2401 519 2445 et
540 2389 713 2457 Isaac,
738 2399 789 2445 et
826 2382 987 2447 Iacob
1018 2387 1231 2462 (Matth.
1263 2404 1373 2454 vui,
1398 2388 1507 2461 Il),
1536 2384 1564 2425 δ
1597 2388 1736 2443 sicut
1758 2401 1873 2443 cre-

289 2483 488 2549 dimus,
520 2483 589 2537 ab
617 2480 763 2537 omni
790 2479 990 2535 mundo
1020 2479 1231 2535 venturi
1269 2485 1394 2534 sunt
1422 2476 1725 2534 credentes.

366 2570 525 2628 XVII.
563 2567 771 2627 Idcirco
820 2576 1035 2640 oportet
1075 2568 1289 2640 quidem
1337 2568 1474 2622 bene
1501 2574 1558 2622 et
1584 2566 1873 2636 diligenter

291 2665 525 2736 piscari,
575 2665 714 2719 sicut
755 2662 1014 2719 Dominus
1061 2667 1382 2732 praemonet,
1432 2658 1654 2714 dicens:
1693 2658 1874 2712 Venite

292 2767 411 2828 post
429 2774 526 2819 me,
558 2764 606 2809 et
621 2756 811 2827 faciam
825 2771 910 2809 vos
923 2754 1039 2824 ﬁeri
1063 2754 1345 2824 piscatores
1373 2751 1633 2805 hominum
1657 2747 1870 2818 (Matth.

296 2863 371 2911 Iv,
432 2846 538 2915 I9).
589 2844 658 2899 Et
711 2845 905 2900 iterum
950 2843 1079 2898 dicit
1130 2858 1231 2913 per
1249 2842 1542 2913 prophetas
1573 2860 1586 2894 :
1620 2840 1753 2895 Ecce
1780 2857 1874 2914 ego

292 2937 442 2989 mitto
488 2936 767 3005 piscatores
813 2941 862 2987 et
912 2942 1176 2988 venatores
1203 2932 1423 2998 multos,
1467 2932 1593 3001 dicit
1624 2930 1874 2986 Dominus

291 3024 433 3097 (Ier.
457 3038 564 3089 xvi,
589 3024 699 3095 16),
733 3031 838 3078 etc.
862 3020 1015 3078 Unde
1038 3031 1218 3078 autem
1246 3022 1401 3079 valde
1429 3022 1714 3094 oportebat
1742 3021 1875 3076 retia

1972 1833 2322 1905 proximaret.
2354 1830 2464 1889 Deo
2494 1832 2692 1904 gratias
2716 1854 2727 1889 :
2761 1845 2912 1892 sexta
2937 1840 3004 1894 ab
3032 1840 3134 1895 hac
3155 1840 3242 1896 die
3271 1844 3471 1912 Optime
3493 1854 3540 1899 et

1971 1920 2274 1979 avidissime
2301 1926 2525 1996 arripuit
2552 1922 2700 1991 illud,
2732 1927 2875 1997 quod
2901 1930 3061 1984 etiam
3092 1946 3277 1987 omnes
3317 1933 3548 2005 virgines

1970 2015 2065 2071 Dei
2095 2017 2169 2071 ita
2198 2018 2300 2073 hoc
2343 2017 2562 2080 faciunt,
2596 2035 2702 2074 non
2748 2028 2941 2089 sponte
2968 2029 3179 2091 patrum
3219 2039 3423 2087 earum,
3454 2027 3549 2081 sed

1969 2108 2397 2177 persecutionem
2443 2111 2736 2179 patiuntur,
2768 2119 2824 2166 et
2849 2112 3171 2182 improperia
3204 2114 3332 2169 falsa
3378 2131 3407 2169 a
3449 2132 3548 2187 pa-

1971 2196 2210 2254 rentibus
2236 2198 2347 2252 suis
2378 2217 2391 2250 :
2422 2208 2476 2252 et
2505 2198 2849 2255 nihilominus
2873 2200 2993 2271 plus
3018 2211 3243 2271 augetur
3271 2216 3544 2272 numerus,

1970 2296 2026 2341 et
2051 2288 2117 2342 de
2146 2302 2341 2357 genere
2371 2296 2556 2343 nostro
2586 2299 2609 2324 ε
2637 2291 2728 2359 qui
2759 2290 2830 2344 ibi
2860 2292 2971 2346 nati
2994 2300 3136 2357 sunt,
3164 2295 3427 2351 nescimus
3448 2313 3549 2350 nu-

1970 2394 2176 2434 merum
2206 2394 2410 2444 eorum,
2441 2392 2635 2451 printer
2662 2381 2849 2437 viduas
2888 2391 2941 2436 et
2967 2383 3318 2440 continentes.
3350 2384 3454 2441 Sed
3493 2399 3549 2441 et

1972 2469 2075 2523 illa:
2097 2470 2328 2524 maxime
2356 2470 2619 2537 laborant,
2643 2486 2761 2541 qute
2782 2474 3004 2527 servitio
3031 2473 3356 2542 detinentur,
3382 2492 3552 2546 usque

1972 2559 2039 2614 ad
2069 2567 2303 2614 terrores
2331 2569 2386 2615 et
2434 2558 2606 2616 minas
2633 2562 2843 2617 assidue
2891 2572 3255 2632 perseverant.
3289 2566 3393 2620 Sed
3441 2565 3547 2622 Do-

1973 2648 2149 2704 minus
2174 2649 2400 2719 gratiam
2444 2651 2590 2705 dedit
2618 2649 2799 2706 multis
2840 2666 2907 2707 ex
2942 2648 2962 2690 τ
3010 2654 3216 2710 ancillis
3253 2655 3394 2722 suis;
3426 2672 3548 2710 nam

1974 2734 2075 2795 etsi
2102 2745 2372 2807 vetantur,
2405 2746 2582 2798 tamen
2625 2742 2834 2799 fortiter
2862 2744 3155 2801 imitantur.

2046 2826 2185 2883 XIX.
2229 2828 2382 2887 Unde
2410 2839 2589 2886 autem
2618 2835 2719 2888 etsi
2748 2833 2969 2890 voluero
2990 2845 3016 2883 ε
3042 2837 3288 2893 amittere
3316 2838 3451 2904 illas,
3494 2850 3554 2896 et

1976 2930 2035 2976 ut
2060 2929 2287 2993 pergens
2314 2923 2367 2977 in
2386 2916 2685 2981 Britannias
2705 2931 2760 2980 et
2779 2924 3126 2982 libentissime
3145 2937 3362 2998 paratus
3383 2945 3551 2991 eram,

1976 3014 2129 3083 quasi
2167 3015 2235 3070 ad
2273 3016 2499 3087 patriam
2541 3022 2597 3071 et
2625 3024 2877 3087 parentes
2926 3034 2940 3071 :
2991 3036 3097 3075 non
3143 3018 3195 3077 id
3223 3020 3415 3097 solum,
3460 3023 3556 3079 sed

292 3125 479 3172 nostra
508 3114 750 3182 tendere,
778 3114 851 3167 ita
883 3120 940 3167 ut
965 3113 1248 3169 multitudo
1272 3108 1485 3185 copiosa
1507 3120 1563 3169 et,
1586 3113 1742 3168 turba
1759 3110 1874 3168 Deo
1900 3117 1947 3181 ρ
1977 3120 2124 3160 eram
2152 3121 2322 3177 usque
2348 3103 2548 3163 Gallias
2570 3107 2787 3163 visitare
2814 3106 3024 3176 fratres,
3048 3112 3104 3165 et
3131 3118 3191 3165 ut
3218 3106 3450 3168 viderem
3474 3111 3547 3166 fu-

294 3212 602 3276 eaperetur,
628 3212 687 3258 ut
709 3203 906 3273 ubique
927 3208 1107 3259 essent
1130 3201 1312 3258 clerici
1338 3202 1431 3272 qui
1457 3202 1792 3271 baptizarent
1819 3209 1876 3255 et

297 3297 716 3350 exhortarentur
741 3292 995 3363 populum
1026 3291 1351 3362 indigentem
1377 3300 1433 3346 et
1451 3290 1870 3356 desiderantem,

295 3386 436 3441 sicut
474 3384 733 3439 Dominus
780 3384 834 3438 in
879 3382 1170 3453 Evangelio
1198 3382 1446 3438 admonet
1484 3390 1538 3437 et
1561 3381 1754 3447 docet,
1794 3381 1875 3436 di-

297 3490 428 3532 cens
460 3494 474 3530 :
517 3473 713 3530 Euntes
753 3492 875 3548 ergo
904 3470 1091 3529 docete
1105 3490 1279 3529 omnes
1317 3471 1512 3546 gentes,
1557 3471 1875 3544 baptizantes

295 3586 382 3623 eos
401 3568 457 3622 in
476 3567 683 3622 nomine
706 3565 900 3632 Patris,
932 3572 981 3619 et
1005 3564 1154 3631 Filii,
1196 3573 1245 3619 et
1274 3552 1501 3636 Spiritus
1527 3565 1697 3618 sancti
1726 3581 1745 3629 ;
1779 3563 1876 3619 do-

296 3667 466 3712 centes
515 3673 601 3711 eos
628 3656 899 3711 observare
918 3655 1092 3710 omnia
1114 3664 1426 3726 qumCunque
1452 3653 1695 3708 mandavi
1714 3648 1875 3708 vobis.

298 3745 370 3801 Et
389 3762 506 3801 ecce
523 3762 615 3818 ego
636 3744 892 3801 vobiscum
912 3760 1026 3800 sum
1046 3743 1283 3799 omnibus
1304 3744 1478 3799 diebus
1498 3762 1656 3817 usque
1677 3745 1746 3800 ad
1764 3762 1882 3801 con-

303 3838 696 3891 summationem
718 3836 893 3892 smculi
914 3835 1125 3908 (Matth.
1150 3834 1336 3902 xm“,
1357 3835 1445 3905 19,
1459 3835 1573 3905 ‘20).
1598 3835 1665 3893 Et
1684 3838 1880 3893 iterum

301 3927 477 3982 dicit:
529 3925 724 3981 Euntes
774 3943 897 4000 ergo
942 3929 998 3981 in
1051 3924 1298 3981 mundum
1349 3922 1641 3980 universum
1684 3927 1880 3997 prmdi—

301 4027 415 4073 cate
447 4017 786 4091 Evangelium
813 4019 950 4073 omni
988 4026 1256 4072 creaturm.
1292 4015 1393 4080 Qui
1420 4017 1693 4072 crediderit
1720 4027 1769 4072 et
1798 4017 1885 4071 ba-

297 4115 522 4185 ptizatus
562 4114 751 4185 fuerit,
793 4113 962 4166 salvus
995 4111 1111 4165 erit.
1161 4108 1263 4174 Qui
1304 4114 1421 4165 vero
1470 4127 1573 4164 non
1606 4110 1881 4165 crediderit

297 4201 725 4258 condemnabitur
754 4202 945 4275 (Marc.
970 4218 1081 4270 xvi,
1100 4199 1314 4272 15,16).
1335 4200 1404 4255 Et
1428 4202 1656 4269 iterum:
1682 4200 1884 4256 Prmdi-

300 4295 502 4350 cabitur
527 4296 623 4349 hoc
642 4294 977 4368 Evangelium
1003 4295 1149 4367 regni
1176 4295 1410 4349 universo
1431 4294 1642 4359 mundo,
1665 4295 1720 4348 in
1750 4295 1885 4348 testi-

298 4387 531 4441 monium
559 4384 790 4441 omnibus
820 4385 1084 4457 gentibus,
1110 4395 1160 4440 et
1181 4394 1298 4441 tunc
1325 4387 1489 4441 veniet
1519 4386 1641 4456 ﬁnis
1664 4376 1878 4457 (Matth.

1975 3198 2115 3253 ciem
2158 3205 2465 3254 sanctorum
2511 3198 2724 3256 Domini
2768 3202 2894 3256 mei.
2943 3202 3056 3258 Scit
3082 3202 3222 3260 Deus
3263 3206 3407 3277 quod
3454 3222 3557 3276 ego

1975 3289 2129 3345 valde
2155 3290 2435 3361 optabam;
2466 3289 2566 3346 sed
2594 3292 2842 3361 alligatus
2882 3292 3104 3364 Spiritu,
3145 3290 3235 3366 qui
3265 3298 3393 3353 mihi
3423 3314 3553 3370 pro-

1977 3385 2205 3435 testatur
2227 3381 2273 3436 si
2298 3382 2403 3436 hoe
2422 3380 2620 3446 fecero,
2645 3390 2703 3439 ut
2734 3383 2966 3438 futurum
3006 3400 3157 3440 reum
3187 3400 3273 3442 me
3310 3401 3430 3443 esse
3456 3388 3554 3443 de.

1976 3464 2180 3541 signat;
2211 3475 2268 3527 et
2295 3473 2458 3528 timeo
2486 3472 2712 3543 perdere
2736 3474 2974 3530 laborem
2998 3490 3158 3546 quem
3188 3474 3455 3534 inchoavi.
3488 3480 3556 3533 Et

1979 3574 2085 3617 non
2107 3575 2238 3633 ego,
2253 3561 2347 3618 sed
2374 3556 2617 3618 Christus
2634 3563 2891 3620 Deminus
2911 3567 3002 3635 qui
3032 3564 3059 3603 ιι
3083 3582 3167 3623 me
3197 3564 3478 3640 imperavit
3498 3583 3556 3628 ut

1977 3652 2237 3719 venirem,
2269 3669 2387 3711 esse
2414 3670 2536 3711 eum
2565 3650 2668 3711 illis
2696 3653 2966 3712 residuum
2990 3660 3163 3716 anatis
3182 3676 3347 3727 meae;
3376 3662 3421 3717 si
3450 3662 3553 3716 Do-

1951 3745 2155 3800 -minus
2182 3746 2411 3802 voluerit
2436 3754 2492 3802 et
2516 3746 2829 3803 custodierit
2873 3764 2962 3805 me
3006 3746 3073 3805 ab
3102 3752 3248 3807 omni
3274 3754 3359 3808 via
3387 3755 3548 3820 mala,

1981 3840 2041 3891 ut
2066 3851 2174 3891 non
2201 3849 2419 3908 peccem
2456 3853 2639 3893 coram
2684 3837 2795 3895 illo.
2832 3836 2848 3877 ί
2884 3838 3053 3913 Spero
3097 3846 3274 3903 autem
3317 3843 3423 3901 hoc
3455 3846 3555 3901 de-

1981 3925 2222 3993 bueram,
2251 3927 2345 3983 sed
2364 3933 2562 3984 memet
2591 3929 2760 4001 ipsum
2783 3947 2893 3988 non
2930 3933 3113 3997 credo,
3139 3935 3375 4005 quandiu
3405 3936 3554 3993 fuero

1980 4017 2035 4071 in
2063 4016 2167 4071 hoc
2205 4024 2432 4087 corpore
2459 4020 2670 4085 mortis,
2697 4022 2824 4091 quia
2864 4018 3021 4078 fortis
3065 4030 3148 4079 est
3181 4025 3275 4095 qui
3316 4026 3555 4095 quotidie

1981 4106 2170 4161 nititur
2214 4105 2526 4162 subvertere
2569 4122 2656 4164 me
2684 4124 2713 4162 a
2745 4109 2847 4165 fide
2880 4117 2935 4166 et
2973 4126 3003 4166 a
3033 4114 3305 4183 proposita
3339 4117 3352 4166 l
3393 4118 3554 4173 casti-

1982 4203 2110 4262 tate,
2138 4210 2308 4265 usque
2335 4197 2388 4251 in
2410 4196 2566 4252 linem
2590 4199 2709 4253 vitae
2736 4215 2886 4265 mete,
2910 4199 3122 4256 Christo
3142 4201 3370 4260 Domino
3390 4221 3511 4262 meo
3537 4225 3550 4259 :

1982 4285 2078 4342 sed
2102 4302 2227 4342 caro
2256 4286 2468 4342 inimica
2495 4298 2707 4357 semper
2728 4287 2889 4343 trahit
2916 4290 2983 4344 ad
3003 4299 3253 4359 mortem,
3287 4292 3336 4348 id
3365 4306 3464 4361 est,
3488 4297 3553 4351 ad

1984 4378 2261 4435 illecebras
2301 4375 2328 4417 ι
2377 4376 2558 4434 illicite
2603 4376 2985 4450 perﬁciendam,
3021 4378 3088 4439 Et
3132 4386 3246 4449 scio
3283 4402 3351 4443 ex
3378 4401 3551 4459 parte,

298 4492 446 4541 xxxv,
481 4476 591 4546 ιι).
625 4476 691 4531 Et
713 4478 839 4533 item
866 4478 1124 4533 Dominus
1155 4492 1254 4547 per
1278 4478 1597 4547 prophetam
1624 4491 1875 4548 praenun-
1912 4497 1956 4553 ι)
1981 4485 2151 4542 quare
2177 4472 2340 4527 vitam
2377 4470 2669 4542 perfectam
2696 4486 2799 4542 ego
2826 4488 2937 4532 non
2962 4476 3086 4545 egi,
3114 4477 3256 4533 sicut
3293 4486 3348 4535 et
3373 4484 3553 4537 cteteri

300 4568 462 4633 tians,
488 4567 659 4637 inquit
684 4586 697 4621 :
722 4567 792 4622 Et
816 4570 913 4623 erit
929 4571 985 4623 in
1007 4569 1295 4624 notissimis
1319 4568 1518 4636 diebus,
1546 4569 1671 4624 dicit
1705 4567 1883 4624 Domi-

297 4675 396 4715 nus
426 4675 444 4713 :
477 4656 754 4728 Effundam
775 4659 838 4713 de
865 4660 1064 4731 Spiritu
1091 4676 1202 4715 meo
1230 4677 1383 4729 super
1410 4675 1611 4716 omnem
1648 4677 1876 4723 carnem,

295 4760 349 4805 et
375 4749 749 4821 prophetabunt
769 4751 869 4819 filii
888 4752 1043 4805 vestri
1064 4760 1115 4806 et
1140 4751 1267 4823 ﬁlim
1285 4760 1486 4819 vestrm,
1514 4760 1563 4806 et
1601 4751 1700 4822 ﬁlii
1726 4751 1880 4805 vestri

295 4842 520 4897 visiones
556 4841 813 4907 ridebunt,
860 4851 911 4896 et
950 4842 1179 4897 seniores
1223 4844 1378 4897 vestri
1420 4843 1625 4898 somnia
1647 4843 1876 4896 somnia-

297 4931 447 4987 bunt.
492 4931 557 4986 Et
581 4934 784 5004 quidem
806 4950 959 5007 super
978 4950 1149 4990 servos
1171 4950 1327 4999 meos,
1360 4942 1410 4989 et
1461 4951 1614 5005 super
1660 4933 1878 4987 ancillas

297 5040 464 5092 meas,
489 5024 542 5077 in
571 5023 749 5079 diebus
775 5023 876 5078 illis
905 5021 1169 5095 e/fundam
1196 5025 1259 5078 de
1288 5024 1488 5108 Spiritu
1516 5042 1646 5088 meo,
1670 5033 1721 5079 et
1753 5042 1879 5095 pro-

371 5200 690 5284 fADollandn
743 5195 996 5258 audirem.
1045 5201 1192 5272 Mox,
1234 5209 1292 5258 ut
1328 5201 1503 5260 darem
1531 5221 1610 5260 me
1648 5212 1698 5259 et
1727 5205 1872 5276 inge-

300 5280 707 5404 "ith‘ctiI'landu
749 5344 881 5396 sicut
917 5345 1173 5400 credimur
1191 5342 1255 5398 ab
1278 5346 1418 5399 omni
1442 5345 1627 5399 mundo
1652 5345 1867 5399 venturi-

375 5422 401 5485 f
440 5410 605 5485 Pegst
626 5428 731 5485 vox
761 5414 983 5483 genitivo
1003 5416 1141 5485 apud
1169 5413 1411 5468 Bolland.

370 5478 396 5518 ⁸
437 5480 705 5554 _Bo_liand.,
848 5478 1061 5538 monuit.

372 5560 395 5624 ς
437 5550 705 5624 βοηξιηάη
739 5550 867 5616 Qum
891 5553 960 5608 ibi
988 5553 1232 5624 (Christo)
1256 5562 1391 5609 natm
1416 5562 1553 5608 sunt.

372 5621 395 5659 τ
437 5620 530 5676 Sic
556 5622 777 5694 legimus
817 5639 937 5677 cum
980 5620 1244 5685 Bolland.;
1286 5640 1408 5678 nam
1443 5631 1694 5694 corrupte
1734 5622 1874 5693 apud

304 5690 592 5752 Warmum.
623 5693 824 5745 ancillis
851 5695 994 5754 meis,
1021 5711 1139 5748 nam
1170 5697 1273 5747 sive
1302 5705 1517 5747 tantum.
1598 5716 1601 5719 ·

588 5787 855 5844 ΡΑτιιοι..
908 5786 1063 5845 LIII.

1985 4561 2284 4617 credentes.
2313 4558 2420 4617 Sed
2465 4560 2726 4617 confiteor
2752 4562 2979 4619 Domino
3019 4580 3159 4631 meo,
3191 4575 3247 4623 et
3288 4582 3395 4624 non
3434 4569 3554 4626 eni-

1986 4654 2147 4710 besco
2177 4655 2229 4709 in
2257 4661 2550 4724 conspectu
2570 4654 2753 4724 ipsius,
2774 4656 2900 4724 quia
2930 4672 3035 4712 non
3058 4659 3287 4714 mentior
3311 4677 3323 4713 :
3356 4676 3425 4717 ex
3450 4678 3554 4731 quo

1985 4748 2213 4817 cognovi
2242 4762 2365 4802 eum
2396 4762 2426 4800 a
2444 4744 2724 4815 iuventute
2752 4763 2871 4804 mea
2899 4749 3067 4804 crevit
3087 4750 3143 4804 in
3170 4766 3256 4805 me
3283 4766 3436 4808 amor
3464 4755 3555 4811 Dei
3588 4799 3594 4805 .

1985 4850 2043 4897 et
2070 4843 2229 4898 timor
2255 4840 2441 4912 ipsius,
2469 4846 2524 4893 et
2548 4851 2717 4907 usque
2746 4836 2885 4895 nunc
2911 4838 3124 4899 favente
3151 4842 3379 4902 Domino
3403 4844 3557 4905 (idem

1985 4949 2211 4989 SCI‘VﬂVl.

2058 5021 2175 5076 XX.
2215 5020 2409 5076 Rideat
2430 5027 2611 5077 autem
2657 5027 2714 5074 et
2755 5019 2975 5077 insultet
2998 5022 3093 5092 qui
3115 5024 3348 5082 voluerit
3392 5044 3409 5083 :
3458 5038 3558 5099 ego

2051 5206 2079 5275 ι
2114 5199 2384 5275 Bolland.,
2412 5199 2666 5273 dimittere
2684 5198 2825 5268 illas,
2854 5208 2904 5255 et
2923 5219 3135 5275 pergere
3159 5193 3211 5259 in
3232 5203 3554 5272 Britannias,

1987 5274 2084 5326 etsi
2111 5272 2462 5325 libentissime.
2558 5272 2565 5273 7
2926 5272 2931 5273 7
2968 5320 2975 5333 .

1982 5340 2085 5464 mf!
2123 5341 2386 5408 Bolland.,
2409 5339 2533 5395 mihi
2551 5340 2824 5412 imperavit
2842 5348 2898 5395 ut
2925 5344 3145 5397 venirem
3170 5358 3423 5410 essentque
3441 5359 3554 5396 cum

2043 5429 2105 5464 ω.

2060 5482 2074 5552 _i
2121 5479 2387 5552 Bolland.,
2420 5478 2661 5552 Sperare.

2053 5546 2068 5595 Ι
2120 5549 2387 5624 Bolland.,
2439 5546 2675 5605 castitate
2721 5553 2986 5624 religionis
3030 5567 3131 5605 non
3169 5550 3308 5621 ﬁcta:
3361 5551 3549 5622 (qum

1979 5618 2418 5692 scrvaltolqusque,
2450 5629 2553 5676 etc.

2054 5689 2078 5727 ι
2120 5688 2388 5754 Bolland.,
2419 5692 2471 5744 in
2495 5692 2797 5761 infelicitate
2819 5689 3174 5763 perfruendas.

2573 5774 2583 5803 ἱ

3217 5776 3292 5837 ‘26

3732 5560 3749 5597 \
