3920 6176
483 302 577 359 811

1417 308 1472 365 S.
1522 310 1881 368 PATRICIUS
1920 311 2372 370 IIIBERNORUM
2414 315 2828 374 APOSTOIJIS.
3069 281 3105 375 ,⁸
3595 330 3680 383 lil't

480 437 585 477 non
617 416 804 487 silebo,
838 436 1010 494 neque
1039 422 1366 479 abscondam
1394 425 1546 495 signa
1566 433 1621 480 et
1650 424 1912 481 mirabilia
1941 440 2063 497 qua:
2092 433 2139 493 Α
2167 426 2469 494 rennitatis,
2502 435 2559 482 ut
2589 443 2674 482 me
2719 427 2775 483 in
2822 428 3069 484 omnibus
3113 439 3270 487 caute
3297 441 3551 503 propterea
3577 452 3685 494 con-

479 512 606 567 mihi
637 527 667 566 a
698 511 928 568 Domino
959 523 983 549 ἰ
1010 514 1312 569 ministrata
1341 525 1466 571 sunt
1493 525 1620 571 ante
1648 516 1847 571 multos
1889 532 2063 573 annos

476 618 637 673 quam
664 602 872 668 tierent,
893 604 1044 673 quasi
1064 604 1155 674 qui
1186 605 1335 661 novit
1362 607 1563 673 omnia,
1594 607 1755 662 etiam
1777 616 1901 663 ante
1922 614 2060 663 tem-

478 709 609 763 pora
635 694 929 748 saecularia.
965 691 1120 750 Unde
1166 703 1346 751 autem
1393 695 1686 752 debueram
1731 697 1848 752 sine
1884 712 2063 753 cessa-

477 784 623 839 tione
648 783 762 839 Deo
789 785 987 853 gratias
1015 799 1193 855 agere,
1218 787 1308 856 qui
1334 801 1478 858 smpe
1506 772 2061 858 indulsit'insipientim

475 888 695 929 mete...
730 872 797 929 Et
819 874 887 930 de
914 874 1037 931 loco
1066 891 1173 931 non
1200 876 1254 932 in
1283 891 1627 948 unoquoque,
1669 884 1730 932 ut
1772 893 1880 932 non
1928 878 2060 932 mihi

477 965 821 1022 vehementer
850 966 1190 1034 irasceretur,
1221 969 1312 1039 qui
1334 968 1547 1038 adjutor
1564 967 1721 1024 datus
1739 984 1857 1024 sum
1878 976 1933 1023 et
1949 985 2059 1024 non

474 1057 583 1112 cito
611 1057 873 1126 acquievi,
897 1058 1191 1113 secundum
1219 1060 1362 1130 quod
1392 1059 1524 1114 mihi
1555 1067 1829 1116 ostensum
1858 1059 2059 1128 fuerat,

479 1146 506 1185 ι’
535 1153 593 1202 et
617 1147 757 1202 sicut
783 1146 1014 1219 Spiritus
1059 1150 1399 1219 suggerebat.
1431 1149 1501 1205 Et
1529 1151 1779 1207 misertus
1817 1159 1900 1207 est
1927 1152 2059 1207 mihi

474 1240 734 1297 Dominus
778 1242 833 1296 in
862 1242 1025 1297 millia
1073 1244 1316 1310 millium,
1347 1244 1470 1315 quia
1500 1244 1633 1299 vidit
1680 1244 1732 1299 in
1780 1260 1868 1300 me
1914 1243 2059 1316 quod

473 1340 690 1402 paratus
717 1348 886 1400 eram,
918 1334 1010 1389 sed
1030 1334 1176 1404 quod
1211 1346 1232 1373 ο
1259 1335 1389 1390 mihi
1417 1349 1515 1406 pro
1544 1334 1627 1391 his
1655 1334 1961 1390 nesciebam
1988 1333 2058 1390 de

2165 528 2456 584 servarem,
2507 518 2579 573 ita
2607 526 2667 573 ut
2696 535 2782 575 me
2823 519 2878 573 in
2921 519 3099 589 aliquo
3130 522 3285 577 titulo
3308 520 3333 559 ³
3364 522 3578 579 inﬁdeles
3602 543 3687 582 non
3720 568 3723 571 η

2164 615 2449 677 carperent
2473 608 2560 663 vel
2589 608 2945 663 ministerium
2974 611 3244 666 servitutis
3270 627 3415 677 mete,
3447 631 3536 670 nec
3556 620 3688 672 etiam

2164 695 2218 749 in
2247 696 2468 753 minimo
2498 696 2786 753 incredulis
2814 698 2993 754 locum
3022 697 3204 756 darem
3232 701 3481 759 infamare
3498 705 3597 760 sive
3620 706 3691 763 de-

2163 796 2411 850 trectare,

2234 878 2398 935 XXII.
2444 880 2609 936 Forte
2653 890 2871 951 autem,
2914 884 3128 953 quando
3149 885 3408 957 baptizavi
3441 895 3517 944 tot
3557 893 3691 948 millia

2161 970 2462 1035 hominum,
2512 972 2838 1042 speraverim
2887 974 2955 1028 ab
2994 975 3175 1046 aliquo
3216 977 3419 1033 illorum
3448 980 3525 1034 vel
3559 982 3691 1038 dimi-

2159 1061 2306 1117 dium
2337 1059 2351 1099 ί
2386 1061 2692 1132 scriptulazt
2718 1062 2890 1119 Dicite
2928 1065 3058 1119 mihi
3086 1074 3143 1121 et
3189 1067 3399 1127 reddam
3423 1072 3561 1125 vobis
3588 1082 3693 1128 :aut

2159 1152 2375 1221 quando
2402 1153 2674 1208 ordinavit
2700 1154 2955 1209 Dominus
2983 1156 3212 1212 clericos
3239 1172 3333 1228 per
3371 1160 3691 1218 modicitatetu

2158 1257 2334 1297 meam
2356 1252 2411 1299 et
2436 1244 2813 1310 ministerium,
2839 1247 3005 1315 gratis
3026 1247 3273 1305 distribui
3296 1250 3415 1305 illis.
3438 1250 3490 1306 Si
3511 1255 3690 1324 poposci

2156 1334 2225 1388 ab
2253 1334 2434 1406 aliquo
2463 1335 2677 1391 illorum
2705 1337 2791 1392 vel
2820 1337 3051 1407 pretium
3078 1339 3426 1396 calceamenti
3465 1343 3559 1397 mei
3580 1382 3594 1406 ,
3628 1345 3692 1399 di-

472 1432 614 1481 statu
642 1439 763 1481 meo
791 1426 918 1495 quid
943 1427 1194 1490 facerem,
1220 1426 1346 1498 quia
1374 1427 1528 1483 multi
1564 1427 1709 1482 hanc
1732 1427 2055 1497 legationem
2150 1423 2292 1490 cite;
2322 1424 2484 1480 dicite
2511 1425 2767 1481 adversus
2798 1440 2905 1493 me,
2931 1437 2986 1482 et
3007 1429 3227 1484 reddam
3249 1431 3417 1486 vobis.
3447 1431 3595 1503 Magis
3612 1449 3691 1505 ego

470 1516 845 1586 prohibebant,
876 1524 933 1572 et
956 1517 1068 1587 jam
1097 1517 1238 1573 inter
1263 1517 1472 1589 seipsos
1497 1524 1624 1589 post
1651 1524 1858 1587 tergum
1877 1531 2055 1571 meum
2156 1515 2393 1584 impendi
2428 1532 2527 1587 pro
2555 1517 2729 1585 vobis,
2779 1525 2837 1573 ut
2881 1534 2969 1575 me
2997 1530 3219 1591 caperet
3249 1540 3262 1576 :
3293 1530 3349 1579 et
3385 1524 3515 1579 inter
3537 1541 3620 1581 vos
3649 1537 3691 1581 et

471 1606 760 1663 narrabant
788 1615 845 1663 et
886 1607 1136 1664 dicebant
1169 1627 1181 1662 :
1213 1607 1319 1664 Iste
1356 1622 1524 1679 quare
1550 1623 1610 1663 se
1637 1607 1800 1662 mittit
1826 1608 1881 1662 in
1908 1606 2055 1678 peri-
2156 1606 2357 1677 ubique
2397 1611 2683 1679 pergebam
2728 1626 2893 1667 causa
2940 1619 3116 1667 vestra
3163 1614 3219 1668 in
3252 1616 3428 1670 multis
3462 1617 3689 1687 periculis,

470 1700 646 1755 culum
676 1700 817 1755 inter
843 1700 1027 1756 hostes
1055 1700 1147 1770 qui
1177 1700 1461 1756 Dominum
1484 1716 1593 1756 non
1614 1700 1912 1755 noverunt?
1938 1698 2055 1755 Non
2156 1699 2320 1753 etiam
2348 1716 2519 1773 usque
2539 1700 2608 1756 ad
2637 1703 2654 1752 l
2685 1710 2900 1757 exteras
2919 1713 3119 1775 partes,
3137 1706 3228 1760 ubi
3258 1722 3411 1763 nemo
3438 1708 3559 1762 ultra
3579 1719 3688 1773 erat,

469 1807 630 1848 causa
654 1793 903 1859 malitize;
934 1793 1029 1847 sed
1070 1808 1180 1848 non
1225 1793 1468 1864 sapiebat
1514 1792 1635 1858 illis,
1683 1792 1823 1847 sicut
1863 1800 1918 1847 et
1954 1804 2055 1860 ego
2090 1796 2211 1862 κει
2238 1787 2329 1844 ubi
2378 1805 2652 1859 nunquam
2698 1792 2891 1861 aliquis
2920 1803 3244 1863 pervenerat
3283 1799 3372 1867 qui
3415 1798 3688 1869 baptizaret.

472 1884 584 1954 ipse
615 1891 804 1947 testor,
837 1880 862 1920 ά
895 1884 1173 1951 intellexi,
1211 1892 1431 1954 pr0pter
1458 1884 1817 1940 rusticitatem
1857 1898 2054 1938 meam.

471 1973 537 2027 Et
574 1990 682 2029 non
726 1975 834 2030 cito
876 1975 1067 2045 agnovi
1108 1974 1335 2043 gratiam
1374 1988 1494 2045 quae
1525 1980 1651 2028 tunc
1678 1980 1795 2028 erat
1836 1973 1890 2027 in
1920 1988 2006 2029 me
2036 1991 2052 2026 :

469 2078 610 2119 nunc
638 2063 768 2118 mihi
789 2064 927 2134 sapit
956 2063 1099 2134 quod
1128 2071 1254 2137 ante
1281 2062 1591 2117 debueram.

538 2153 678 2209 XXI.
720 2154 872 2210 Nunc
900 2168 1029 2223 ergo
1058 2154 1372 2225 simpliciter
1397 2154 1665 2209 insinuavi
1716 2152 1972 2211 fratribus
2001 2163 2057 2210 et

466 2248 741 2305 conservis
785 2249 919 2303 meis
948 2247 1039 2316 qui
1087 2246 1216 2302 mibi
1245 2247 1608 2303 crediderunt.
1654 2245 1884 2319 Propter
1910 2247 2055 2317 quod

465 2340 691 2411 praedixi
720 2347 776 2395 et
801 2338 1037 2410 praedico
1063 2337 1133 2394 ad
1162 2339 1522 2394 roborandam
1551 2347 1606 2393 et
1630 2337 2054 2394 continuandam

468 2433 626 2490 ﬁdem
652 2443 905 2489 vestram.
934 2430 1152 2487 Utinam
1199 2440 1255 2486 et
1282 2446 1379 2486 vos
1417 2430 1696 2486 imitemini
1744 2430 1970 2500 majora,
2000 2437 2056 2486 et

465 2526 675 2597 potiora
706 2524 931 2581 faciatis.
959 2522 1076 2579 lloc
1101 2524 1205 2579 erit
1232 2523 1403 2594 gloria
1431 2538 1586 2589 mea;
1635 2524 1760 2594 quia
1797 2523 1938 2595 filius
1967 2540 2055 2577 sa-

462 2621 612 2691 piens
638 2619 807 2690 gloria
826 2619 992 2690 patris
1029 2627 1107 2672 est
1137 2615 1320 2689 (Prov.
1353 2631 1388 2671 x
1413 2656 1428 2682 ,
1459 2616 1519 2684 l;
1550 2633 1637 2681 xv,
1668 2614 1782 2686 20).
1814 2616 1921 2671 Vos
1948 2618 2055 2672 sci-

464 2711 533 2767 tis
561 2719 615 2766 et
642 2710 801 2775 Deus,
834 2709 1067 2780 qualiter
1094 2706 1243 2779 apud.
1255 2722 1351 2762 vos
1379 2714 1733 2763 conversatus
1761 2722 1879 2762 sum
1909 2722 1939 2761 a
1959 2706 2052 2777 ju-

461 2809 683 2856 vcntntc
710 2816 851 2866 mea,
886 2809 909 2836 θ
934 2800 986 2853 in
1018 2797 1121 2853 ﬁde
1151 2798 1393 2853 veritatis
1421 2805 1478 2853 et
1505 2798 1558 2852 in
1588 2798 1896 2853 sinceritate
1923 2815 2051 2854 eor-

462 2891 545 2945 dis
578 2907 591 2940 :
623 2891 785 2945 etiam
816 2887 881 2942 ad
908 2897 1096 2958 gentes
1125 2887 1243 2943 illas
1270 2887 1411 2942 inter
1446 2903 1583 2960 quas
1610 2887 1813 2954 habito,
1856 2901 1957 2955 ego
1987 2885 2052 2940 li-

462 2971 586 3037 dém
617 2981 720 3036 illis
748 2980 995 3052 pncstavi
1025 2987 1080 3051 et
1119 2979 1407 3049 przestabo.
1461 2978 1601 3034 Deus
1637 2980 1740 3034 scit
1778 2979 2048 3034 neminem

463 3074 676 3130 illorum
703 3072 1052 3139 circumvehi,
1085 3086 1185 3127 nec
1211 3072 1389 3142 cogito
1417 3080 1638 3143 propter
1664 3070 1834 3127 Deum
1862 3081 1918 3127 et
1943 3070 2046 3128 Ec-

2150 1887 2253 1935 aut
2272 1880 2506 1937 clericos
2533 1881 2826 1947 ordinaret,
2859 1892 2951 1938 aut
2980 1885 3243 1956 populum
3266 1886 3291 1925 ιι
3321 1899 3687 1949 consummaret.

2157 1970 2392 2028 donante
2421 1971 2677 2039 Domino,
2709 1972 2995 2042 diligenter
3022 1983 3080 2030 et
3125 1976 3468 2033 libentissime
3503 1993 3589 2048 pro
3622 1994 3688 2032 sa-

2152 2061 2268 2117 lute
2295 2071 2472 2117 vestra
2503 2062 2682 2117 omnia
2709 2061 2729 2101 1
2761 2064 3031 2133 generari.
3062 2065 3283 2122 Interim
3312 2068 3514 2140 prmmia
3534 2068 3688 2123 dabam

2154 2153 2389 2223 regibus,
2407 2161 2630 2223 propter
2648 2154 2793 2225 quod
2814 2154 3007 2210 dabam
3028 2156 3332 2213 mercedem
3362 2157 3476 2214 ﬁliis
3493 2159 3687 2229 ipsorum

2156 2245 2248 2316 qui
2285 2260 2496 2320 mecum
2544 2245 2843 2310 ambulant,
2889 2255 2949 2301 et
2976 2255 3017 2284 ιιι
3050 2248 3188 2304 nihil
3224 2249 3687 2320 comprehenderunt

2156 2349 2244 2390 me
2283 2351 2405 2390 cum
2432 2315 2722 2391 comitibus
2750 2337 2902 2391 meis.
2941 2336 3012 2392 Et
3055 2338 3147 2395 illa
3195 2340 3284 2395 die
3311 2342 3588 2397 avidissime
3611 2358 3686 2396 cu-

2156 2429 2374 2500 piebant
2398 2427 2704 2485 interﬁcere
2731 2445 2816 2484 me
2858 2448 2873 2484 :
2922 2430 3019 2486 sed
3046 2440 3265 2504 tempus
3313 2432 3529 2489 nondum
3557 2446 3687 2486 rent--

2155 2526 2260 2574 rat.
2288 2517 2355 2573 Et
2378 2519 2558 2575 omnia
2598 2534 2932 2590 quascunque
2977 2522 3136 2577 nobis
3179 2524 3503 2586 invenerunt.
3530 2537 3686 2593 rapue-

2154 2619 2281 2665 runt
2320 2611 2427 2676 illa,
2473 2620 2529 2667 et
2575 2626 2661 2667 me
2700 2613 2875 2683 ipsum
2918 2612 3062 2668 ferro
3086 2613 3415 2670 vinxerunt:
3446 2624 3495 2668 et
3527 2624 3683 2684 quarto

2154 2705 2365 2761 decimo
2385 2706 2473 2762 die
2500 2706 2729 2762 absolvit
2751 2723 2835 2762 me
2859 2707 3119 2765 Dominus
3141 2708 3210 2763 de
3231 2714 3486 2778 potestate
3503 2721 3680 2765 eorum;

2158 2806 2215 2855 et
2242 2799 2499 2869 quidquid
2527 2808 2767 2855 nostrum
2808 2801 2925 2868 fuit,
2969 2801 3243 2858 redditum
3272 2809 3353 2857 est
3398 2801 3558 2863 nobis,
3583 2813 3681 2868 pro-

2151 2898 2273 2962 pter
2297 2891 2463 2947 Deum
2488 2900 2544 2948 et
2573 2893 2910 2948 necessarios
2955 2894 3164 2949 amicos
3210 2907 3345 2964 quos
3386 2902 3500 2947 ante
3534 2891 3680 2962 provi-

2152 2982 2343 3039 dimus.

2221 3074 2408 3132 XXIII.
2454 3077 2561 3133 Vos
2588 3086 2769 3134 autem
2792 3078 3003 3149 experti
3037 3078 3174 3135 estis
3198 3086 3449 3150 quantum
3476 3090 3561 3146 ego
3583 3089 3680 3130 cro-

460 3165 681 3223 clesiam
710 3165 876 3236 ipsius
899 3207 916 3234 ,
964 3180 1033 3221 ne
1060 3164 1291 3220 excitem
1333 3164 1436 3219 illis
1470 3162 1488 3203 τ
1530 3172 1585 3220 et
1612 3164 1768 3220 nobis
1797 3165 2045 3221 omnibus
2072 3176 2117 3238 (ζ
2148 3167 2268 3236 gavi
2292 3167 2416 3233 illis,
2444 3169 2535 3238 qui
2561 3176 2588 3205 ’³
2612 3167 2926 3238 judicabant
2954 3184 3050 3239 per
3087 3184 3281 3224 omnes
3320 3169 3546 3236 regiones
3573 3179 3678 3236 quas

460 3258 904 3329 persecutionem,
931 3265 985 3312 et
1013 3272 1081 3312 ne
1108 3271 1207 3327 per
1241 3271 1329 3312 me
1353 3255 1819 3329 blasphemaretur
1845 3272 2040 3312 nomen

461 3348 691 3415 Domini,
716 3349 842 3420 quia
868 3348 1126 3420 scriptum
1149 3356 1231 3405 est
1263 3366 1276 3402 :
1315 3347 1407 3404 Vw
1435 3348 1632 3421 homini
1657 3366 1750 3422 per
1773 3366 1920 3421 quem
1944 3366 2040 3405 no-

458 3457 572 3497 men
607 3438 815 3496 Domini
838 3438 1221 3511 blasphematur
1251 3437 1399 3513 (Leu.
1450 3455 1592 3507 xxiv,
1636 3438 1745 3509 I6).
1778 3437 1911 3494 Nam
1939 3439 2042 3494 etsi

458 3531 738 3602 imperitus
764 3545 884 3587 sum
933 3531 987 3585 in
1021 3530 1303 3596 om'nibus,
1352 3540 1530 3585 tamen
1562 3538 1587 3579 ε
1654 3537 1879 3585 conatus
1923 3545 2041 3585 sum

382 3654 397 3669 κ
457 3621 723 3692 quispiam
762 3636 980 3677 servare
1007 3635 1095 3676 me
1123 3621 1286 3676 etiam
1323 3628 1378 3675 et
1405 3619 1657 3675 fratribus
1685 3619 2035 3687 Christianis,

457 3722 513 3768 et
539 3713 835 3787 virginibus
879 3711 1111 3778 Christi,
1161 3718 1217 3766 et
1261 3709 1575 3795 mulieribtts
1602 3710 1893 3779 religiosis,
1921 3725 2041 3780 qua:

456 3805 587 3860 mihi
622 3804 869 3860 ultronea
914 3800 1230 3858 munuscula
1270 3801 1545 3857 donabant
1572 3808 1628 3857 et
1670 3814 1834 3872 super
1872 3800 2042 3857 altare

454 3897 771 3963 reddebant,
804 3911 874 3952 ex
901 3895 1232 3953 ornamentis
1258 3894 1389 3957 suis,
1421 3901 1478 3950 et
1506 3895 1700 3950 iterum
1745 3893 2036 3950 reddebam

457 3990 577 4046 illis.
611 3986 675 4043 Et
702 3988 959 4044 adversus
985 4002 1072 4045 me
1098 3985 1633 4055 scandalizabantu‘r.
1679 4002 1779 4046 cur
1804 3987 1910 4045 hoc
1954 3985 2037 4044 fa-

459 4083 683 4139 ciebam.
713 4078 823 4138 Sed
870 4095 971 4152 ego
1001 4080 1147 4148 (boc
1173 4078 1479 4154 faciebam)
1507 4088 1733 4154 propter
1757 4094 1910 4152 spem
1938 4096 2040 4153 pe-

531 4284 556 4311 η
596 4272 863 4335 Bolland.,
912 4264 1226 4338 monstrata,
1257 4286 1385 4329 mox
1429 4287 1583 4345 quam
1620 4271 1834 4342 ﬁerent;
1877 4280 2043 4397 naue

531 4360 598 4397 ne
626 4345 913 4397 lectionem
955 4343 1285 4397 onetulimus
1316 4360 1329 4395 :
1360 4343 1538 4397 minus
1564 4342 1709 4397 enim
1736 4349 1885 4397 recte
1982 4357 2041 4397 a-

455 4347 598 4401 banc
626 4345 913 4426 lectionem
955 4343 1285 4426 pnetulimus
1316 4360 1329 4395 :
1360 4343 1538 4426 minus
1558 4343 1709 4425 enim
1736 4349 1885 4397 recte
1911 4343 2041 4426 wa-

454 4430 598 4543 ῗιῖιῖῗ
610 4411 1388 4555 ὥιέτὼέξῖἷτῗιεξινσεεὲιῗ
1402 4411 2038 4555 sacrantes:

2146 3256 2477 3328 frequentius
2502 3258 2802 3314 visitabam.
2848 3257 3058 3314 Censeo
3086 3259 3234 3314 enim
3266 3271 3291 3294 α
3314 3274 3418 3315 non
3442 3256 3673 3312 minimum

2146 3349 2375 3420 pretium
2405 3348 2706 3418 quindecim
2736 3347 3013 3403 hominum
3041 3347 3291 3405 distribui
3317 3348 3433 3403 illis.
3461 3345 3529 3402 Ita
3548 3352 3596 3400 ut
3610 3357 3677 3396 ine

2146 3439 2414 3505 lruamini,
2463 3448 2518 3495 et
2540 3454 2639 3512 ego
2665 3439 2817 3495 vobis
2864 3455 3078 3512 semper
3114 3438 3267 3495 fruar
3292 3441 3347 3511 in
3390 3438 3565 3500 Deum.
3592 3451 3673 3489 υυη

2146 3546 2234 3587 me
2270 3532 2626 3603 paenitetnec
2672 3530 2807 3587 satis
2852 3539 2936 3586 est
2980 3531 3130 3598 mihi,
3182 3530 3355 3588 adhuc
3381 3527 3601 3600 impendo
3636 3534 3675 3578 et

2145 3636 2308 3692 super
2350 3620 2654 3693 impendam
2689 3639 2700 3675 :
2733 3628 2926 3692 potens
2952 3630 3036 3676 est
3063 3621 3326 3678 Dominus
3363 3628 3419 3677 ut
3454 3620 3535 3675 det
3573 3615 3672 3671 mihi

2145 3714 2487 3787 postmodum
2511 3723 2570 3770 ut
2597 3714 2861 3784 meipsum
2884 3714 3186 3786 impendam
3226 3730 3319 3786 pro
3343 3708 3581 3767 animabus
3609 3721 3666 3759 se-

2142 3805 2265 3859 stris
2289 3801 2375 3876 (11
2401 3802 2520 3860 Cor.
2553 3820 2647 3870 xu,
2676 3801 2786 3876 15).
2820 3802 2958 3859 Ecce
2986 3813 3186 3860 testem
3229 3802 3393 3860 Deum
3430 3802 3598 3857 invoco
3631 3799 3672 3848 in

2143 3895 2378 3951 animam
2405 3910 2601 3962 meam,
2632 3895 2757 3965 quia
2785 3911 2892 3951 non
2926 3896 3183 3963 mentior,
3210 3906 3237 3947 ι»
3258 3895 3399 3967 quod
3424 3903 3605 3960 neque,
3628 3893 3671 3937 ιιι

2144 3980 2220 4054 ﬁt,
2250 4001 2413 4043 causa
2458 3985 2780 4043 adulationis
2810 3984 2894 4043 vel
2922 3987 3162 4043 avaritia:
3210 3983 3498 4057 scripserim
3533 3979 3668 4035 vobis.

2141 4094 2318 4153 neque
2350 4088 2410 4138 ut
2435 4080 2699 4141 honorem
2742 4080 3022 4152 sperarem
3048 4087 3309 4137 vestrum.
3352 4072 3539 4131 Sulﬁcit
3559 4068 3669 4126 etaim

2218 4270 2247 4349 ξι
2280 4268 2374 4349 §ic
2401 4270 3075 4349 Bolland.,_nbi_War:eus,
3100 4276 3319 4349 inﬁdeli-
3331 4289 3427 4328 non
3453 4271 3667 4349 eam:

2221 4341 2238 4426 ξ
2280 4340 2443 4426 Forte
2476 4333 2733 4426 scripluli.
2784 4333 3436 4426 Bolland.,"script.uluntﬂ;

2144 4412 2380 4486 habent:
2424 4432 2443 4486 ς
2476 4401 2757 4484 Sosipater
2783 4416 2923 4486 apud
2950 4401 3359 4472 .Io.'Gerai-dum
3388 4401 3602 4486 vossinm
3625 4401 3663 4486 ia

2143 4480 2514 4561 Εργιιιοιρείςο
2552 4502 2569 4561 ξ
2605 4480 2932 4561 δούρων*
2951 4487 3176 4561 nam,
3201 4500 3336 4561 me
3373 4480 3509 4561 "‘9"

463 4523 2040 4632 ζ’ΐῦἑιῖὲἱίἷέῗῑίίὶτξὶίῧῖιᾙῗςὲὁῖτὶιῖἱ”ιὶὲὶιιῗᾶξιῖἰῖὲζ’ξίῖιῖεζ
2143 4523 2936 4677 ἷίέᾶδῖ’ᾇῖἦὲυῖυῦυὲὶῗῖὼᾝ
2951 4523 3151 4613 ’γέἕέ
3160 4523 3528 4629 ίηἬῖιαὶοὲιεο
3544 4542 3648 4598 aa:

463 4636 553 4677 tun
572 4627 640 4677 de
662 4623 1183 4677 peregrinationibus
1204 4620 1423 4676 Patricii
1449 4622 1701 4677 habuisse
1722 4622 2030 4677 nonnulla.»
2064 4616 2116 4677 D
2140 4622 2208 4677 Et
2247 4622 2373 4677 alibi
2408 4642 2420 4676 :
2456 4665 2473 4677 .
2512 4641 2741 4677 nmmum
2785 4636 3081 4677 argenteum
3118 4627 3396 4677 conﬂatam
3431 4626 3648 4677 νηπῑαπιί

458 4636 553 4680 tuo
572 4627 640 4681 de
662 4616 1188 4697 peregrinationibus
1204 4620 1423 4697 Patricii
1449 4616 1701 4697 habuisse
1722 4616 2030 4697 norinullaa
2064 4616 2116 4677 D
2140 4622 2208 4697 Iit
2247 4616 2420 4697 alibi_:

458 4697 594 4751 Cum
620 4691 816 4765 iisdem
837 4696 995 4765 paulo
1024 4701 1148 4749 ante
1176 4693 1402 4762 legimus
1435 4691 1728 4758 debueram,
1773 4692 1864 4748 ubi
1908 4691 2038 4747 Wa—

458 4781 597 4822 mus
622 4764 864 4821 debuero.

531 4838 558 4876 δ
598 4836 865 4907 Bolland.,
898 4844 949 4907 et
966 4836 1179 4907 spiritus
1208 4832 1551 4907 nihilomian
1569 4834 1889 4907 suggerebat.

533 4918 556 4945 ε
598 4905 862 4972 Bolland.,
894 4903 1056 4961 nihilo
1088 4906 1205 4976 plus
1231 4904 1473 4959 sciebam.
1521 4903 1768 4971 Rectius,
1801 4913 1858 4960 ut
1883 4905 2027 4961 vide-

459 4986 565 5031 tur.

529 5046 556 5085 δ
594 5044 696 5119 Ms.
725 5045 868 5119 apud
889 5043 1546 5119 Bollandianos,gintemgi
1562 5062 1594 5119 ξ
1622 5059 1723 5119 ΡιΪο
1749 5059 1859 5115 εἰυο
1887 5061 2039 5119 νὲἓο·

457 5087 1546 5185 ειιειιὲἆὶῗῗᾶᾶάῗὸἒῖὸὶῖἐἶόἱῗᾶίέὶῖῧὸἒῗῖ
1559 5087 1727 5172 tam;
1751 5087 2037 5172 EEIe'WS.

458 5203 616 5254 mus,
639 5202 746 5242 non
771 5195 828 5257 ut
854 5201 1010 5240 causa
1037 5187 1267 5243 malitiae.
1290 5185 1356 5241 Et
1376 5199 1525 5257 mox_,
1548 5202 1703 5257 nunc
1722 5186 1849 5241 mihi
1873 5188 2033 5257 capit.

462 5257 769 5329 Utrumque
787 5256 963 5329 locum
992 5258 1320 5329 t'estitginius
1339 5271 1462 5311 eum
1489 5254 1731 5329 Bolland.

531 5339 556 5367 ⁸
595 5324 687 5385 Sié
741 5325 985 5383 Bolland.
1033 5327 1105 5399 At
1139 5325 1484 5399 War;ens,__et
1527 5326 1651 5399 ﬁde.
1697 5324 1862 5399 Iidem
1900 5340 2035 5399 mox

520 5401 675 5454 mstiti
704 5413 802 5469 pro
829 5396 1112 5468 prazstavi:
1140 5397 1284 5465 quod
1311 5404 1366 5451 et
1400 5395 1642 5451 War‘mus
1687 5395 1913 5463 margini
1951 5397 2033 5450 al-

476 5472 604 5526 evit.

534 5540 551 5578 π
594 5537 865 5599 Bolland.,
898 5545 946 5592 et
973 5535 1130 5591 vobis.
1170 5534 1236 5590 Et
1264 5536 1425 5606 paulo
1458 5544 1597 5606 post,
1631 5535 2031 5606 blasphematur.

528 5618 555 5659 ι
594 5609 768 5666 Locus
798 5612 1028 5673 luxatus,
1071 5606 1210 5661 forte
1250 5605 1328 5661 sic
1367 5605 1729 5661 restituendus
1761 5627 1773 5659 ι
1806 5605 2034 5661 Conatus

456 5695 567 5735 sum
596 5684 848 5749 integrum
870 5694 1079 5749 servare
1104 5694 1205 5749 me,
1235 5693 1340 5733 non
1358 5677 1656 5748 accipiendo
1679 5675 1943 5747 φιεάμίαηι
1970 5675 2033 5730 ab

456 5752 576 5811 ulla,
614 5747 766 5805 etiam
794 5769 824 5803 a
844 5748 1118 5815 fratribus.
1154 5747 1419 5804 Bonum.

2512 4641 2741 4699 nmmum
2785 4618 3081 4698 argenteum
3118 4627 3396 4699 conﬂatum
3431 4618 3657 4699 P’immf

2145 4692 2326 4748 Seruio
2358 4692 2524 4768 Tullio
2566 4712 2583 4749 :
2614 4697 2657 4750 is
2687 4692 2907 4768 quatuor
2930 4699 3193 4767 scriptulis
3218 4692 3400 4766 ’Μαίον’
3421 4692 3510 4768 [ειη
3543 4696 3660 4768 ‘l'ff‘

2144 4780 2279 4838 nunc
2306 4772 2402 4817 est.
2436 4763 2530 4820 Est
2551 4758 3099 4838 autemgscriptulum,
3124 4768 3237 4823 sive
3262 4758 3659 4838 scrupulum.

2146 4835 2287 4907 nima
2321 4848 2446 4907 pars
2476 4820 2667 4891 unciae.
2695 4820 2713 4888 ’.
2742 4820 3165 4907 ViiderCangium
3186 4820 3249 4893 Vin
3268 4820 3537 4892 ’Glo'ssario
3565 4820 3647 4874 Lat

2143 4906 2293 4960 verb.
2324 4906 2673 4961 SCRIPTULUS.
3034 4906 3039 4907 ί
3578 4966 3604 4973 ..
3634 4963 3644 4973 .

2219 4974 2234 5024 i
2282 4973 2373 5030 Sic
2398 4982 2454 5029 et
2490 4974 2732 5031 Bolland.
2763 4973 2869 5031 Sed
2895 4974 3139 5034 Warmus
3179 4974 3449 5047 legendum
3488 4966 3655 5036 conjici:

2141 5052 2416 5098 extremas.

2215 5113 2242 5188 ξι
2281 5113 2544 5188 Dolland.,
2576 5115 2629 5169 in
2658 5116 3139 5188 ﬁdefonﬁrmarel.

2216 5183 2235 5222 ι
2264 5183 2546 5259 liolland"
2577 5182 2731 5259 gessi.
2763 5186 2832 5241 Et
2856 5182 3003 5259 mox,
3030 5196 3215 5259 prater
3239 5182 3610 5259 quod_da_batH-_,

2209 5252 2267 5328 εξ
2290 5252 2851 5328 Εξὶεῐίιῃξζῖνεικιξιιε
2887 5252 3169 5328 legendum
3206 5252 3328 5313 non.
3374 5252 3470 5308 Sed
3502 5252 3655 5303 rectis»

2139 5323 2408 5390 Bolland.,
2436 5325 2789 5382 nihilominus.

2208 5402 2236 5431 ιι
2275 5394 2365 5468 Sic
2391 5387 2447 5449 et
2468 5397 2733 5468 ms._apud
2762 5394 3154 5462 Bollandianos,
3176 5396 3265 5468 qui
3288 5404 3455 5450 tamen
3472 5389 3517 5442 in
3539 5387 3663 5447 textu.

2136 5466 2463 5537 rescripsere
2483 5465 2804 5537 indigebant.

2210 5545 2234 5570 ο
2274 5534 2543 5609 Doll_an_t_l.,
2574 5534 2874 5609 aeginium
2902 5553 3059 5609 quam
3084 5537 3316 5608 pretium.

2209 5614 2236 5655 Ρ
2274 5603 2356 5658 Ita
2379 5594 2633 5677 Bolland.
2656 5594 3058 5677 Warzcus,'quia
3084 5594 3186 5662 non
3212 5604 3436 5669 mentior,
3456 5605 3590 5665 ’³⁸9³⁸
3610 5594 3648 5638 ⁸³⁸

2135 5675 2204 5730 sit
2230 5674 2450 5729 occasio.
2484 5673 2754 5733 Mendose.
