3946 6182
303 278 410 338 Ri?)

1487 280 1576 338 AD
1611 277 2004 338 COROTICUM
2046 279 2399 337 EPISTOLA.

3470 283 3566 340 8H

303 399 434 456 mihi
463 394 637 453 honor
649 395 755 467 "qui
785 411 892 453 non
919 395 1150 462 videtur,
1181 395 1276 455 sed
1307 395 1474 452 corde
1513 397 1789 465 creditur;
1816 395 1882 450 ἢ-
1910 401 1964 462 Α
1988 410 2135 451 ream
2162 395 2463 465 sepultura,
2490 400 2584 448 aut
2622 391 2919 448 miserrime
2966 393 3204 448 cadaver
3239 409 3336 465 per
3360 394 3567 464 singula

301 491 438 546 delis
456 497 636 544 autem
655 488 745 558 qui
772 488 1039 558 promisit,
1063 502 1339 559 nunquam
1366 488 1641 544 mentitur.
1676 488 1783 544 Sed
1804 488 1883 543 vi-

299 582 405 636 deo
428 579 538 648 jam
568 578 620 633 in
649 578 903 650 praesenti
948 578 1146 634 saeculo
1184 593 1272 632 me
1301 584 1468 648 supra'
1491 578 1708 632 modum
1737 578 1887 633 exal-

302 678 472 723 tatum
502 685 532 723 a
562 669 810 723 Domino.
843 667 912 722 Et
932 684 1042 724 non
1064 683 1212 723 eram
1240 667 1430 736 dignus
1457 683 1634 738 neque
1664 669 1803 734 talis,
1827 676 1888 723 ut

303 761 408 814 hoc
434 759 560 812 mihi
583 766 868 828 praestaret
901 777 912 812 :
952 758 1078 813 dum
1111 759 1223 812 scio
1251 758 1548 812 certissime
1571 758 1715 828 quod
1754 758 1886 812 mihi

302 853 495 908 melius
522 852 775 908 convenit
803 859 1096 921 paupertas
1123 858 1179 905 et
1206 851 1486 906 calamitas
1507 889 1521 916 ,
1565 865 1728 920 quam
1753 849 1888 905 deli-

301 945 399 1000 cia:
426 952 481 998 et
508 943 724 997 divitize.
767 941 874 997 Sed
904 953 958 997 et
986 941 1230 998 Christus
1269 941 1530 997 Dominus
1556 957 1764 1012 pauper
1789 942 1890 997 fuit

301 1051 403 1106 pro
432 1035 604 1088 nobis.
636 1033 750 1103 Ego
781 1048 910 1087 vero
940 1033 1106 1087 miser
1140 1041 1196 1088 et
1222 1031 1426 1096 infelix,
1474 1041 1530 1086 et
1552 1033 1600 1087 si
1627 1047 1758 1102 apes
1785 1046 1886 1088 vo-

304 1127 475 1187 luero,
503 1124 615 1192 jam
642 1140 751 1178 non
779 1123 974 1191 habeo,
999 1138 1174 1194 neque
1219 1123 1481 1193 meipsum
1514 1122 1774 1194 (dignum)
1796 1121 1888 1192 ju-

302 1217 446 1282 dico,
480 1217 602 1288 quia
632 1216 874 1286 quotidie
902 1226 927 1252 ἰ
986 1229 1146 1285 spero
1185 1224 1278 1269 aut
1324 1214 1766 1279 internecionem,
1796 1223 1890 1270 aut

301 1310 698 1373 circumveniri,
729 1315 820 1363 aut
848 1308 1017 1376 redigi
1065 1309 1117 1362 in
1148 1308 1486 1370 servitutem,
1523 1307 1548 1346 δ
1579 1307 1693 1362 sive
1725 1321 1888 1362 oeca-

300 1402 511 1456 sionem
542 1401 848 1470 cujuslibet.
900 1398 1006 1454 Sed
1037 1399 1169 1454 nihil
1213 1399 1408 1454 horum
1435 1413 1630 1454 vereor
1667 1406 1890 1469 propter

307 1495 569 1564 promissa
597 1493 877 1553 cmlorum,
918 1493 1043 1560 quia
1081 1491 1277 1562 jactavi
1307 1491 1571 1560 meipsum
1601 1491 1655 1544 in
1699 1505 1890 1545 manus

308 1585 404 1638 Dei
427 1583 809 1652 omnipotentis
849 1583 941 1651 qui
981 1583 1179 1650 ubique
1224 1581 1566 1648 dominatur,
1594 1580 1732 1635 sicut
1757 1593 1890 1649 pro-

306 1674 474 1745 pheta
495 1673 625 1730 dicit
659 1689 670 1726 :
699 1672 852 1726 Jacta
897 1673 1180 1743 cogitatum
1205 1680 1349 1727 tuum
1383 1671 1441 1725 in
1467 1669 1658 1738 Deum,
1693 1679 1744 1724 et
1777 1671 1887 1741 ipse

305 1774 357 1820 te
385 1765 605 1819 enutriet
629 1762 798 1836 (Psal.
825 1779 928 1830 LIV,
948 1762 1062 1833 25).

379 1853 569 1908 XXIV.
608 1853 748 1910 Ecce
776 1869 919 1908 nunc
939 1849 1258 1907 commendo
1293 1850 1526 1906 animam
1557 1863 1731 1904 meam
1758 1847 1891 1904 lide-

307 1947 514 2003 lissimo
541 1946 654 2001 Deo
683 1960 832 2010 meo,
874 1959 972 2014 pro
1000 1958 1106 2012 quo
1137 1941 1407 2010 legatione
1435 1941 1624 2010 iungor
1655 1941 1712 1995 in
1738 1940 1891 2010 igno-

306 2039 662 2094 bilitatemea
691 2034 779 2108 (11
805 2035 924 2091 Cor.
955 2051 1008 2100 v,
1038 2033 1150 2103 20).
1181 2033 1290 2089 Sed
1313 2033 1439 2103 quia
1464 2041 1749 2103 personam
1781 2046 1888 2086 non

305 2131 524 2200 accipit,
554 2136 610 2184 et
642 2127 805 2196 elegit
831 2142 918 2182 me
945 2125 1012 2180 ad
1039 2125 1146 2180 hoc
1173 2123 1432 2190 ofﬁcium,
1462 2131 1522 2178 ut
1552 2139 1690 2177 unus
1716 2137 1890 2177 essem

305 2221 376 2276 de
403 2222 514 2276 suis
549 2219 784 2274 minimis
808 2218 1051 2272 minister
1084 2235 1097 2271 :
1131 2215 1278 2270 Unde
1305 2225 1475 2269 autem
1503 2212 1785 2269 retribuam
1814 2213 1893 2268 illi

306 2329 402 2384 pro
432 2309 664 2367 omnibus
693 2327 806 2381 qua:
821 2309 1058 2364 retribuit
1091 2308 1218 2361 mihi
1243 2306 1414 2376 (Psal.
1438 2321 1558 2368 cxv,
1583 2303 1706 2374 12)?
1731 2315 1752 2342 ο
1784 2301 1892 2358 Seu

308 2403 438 2473 quid
469 2402 666 2462 dicam,
698 2401 781 2456 vel
811 2399 940 2470 quid
971 2399 1286 2470 promittam
1311 2396 1538 2452 Domino
1565 2395 1724 2449 meo?
1755 2393 1892 2462 Quia

313 2496 444 2550 nihil
470 2494 655 2557 valeo,
699 2493 801 2546 nisi
848 2492 964 2561 ipse
995 2490 1125 2545 mihi
1165 2488 1402 2554 dederit;
1433 2486 1526 2542 sed
1555 2483 1602 2534 δ.
1623 2493 1893 2541 scrutatur

308 2588 473 2643 corda
495 2596 551 2641 et
575 2600 752 2650 renes,
777 2585 901 2654 quia
933 2583 1066 2638 satis
1111 2589 1162 2637 et
1192 2581 1353 2635 nimis
1383 2579 1562 2650 cupio,
1588 2586 1644 2633 et
1671 2583 1892 2647 paratus

310 2695 460 2736 eram
490 2687 549 2733 ut
583 2677 809 2733 donaret
839 2675 969 2730 mihi
1006 2675 1192 2729 bibere
1238 2672 1458 2728 calicem
1480 2670 1614 2740 ejus,
1642 2669 1781 2724 sicut
1805 2668 1892 2722 iu-

310 2771 474 2826 dulsit
497 2769 704 2824 eazteris
732 2765 1034 2822 amantibus
1061 2779 1139 2819 se.
1165 2762 1507 2832 Quapropter
1533 2774 1640 2814 non
1676 2758 1890 2814 contin-

309 2870 403 2931 gat
430 2862 561 2916 mihi
601 2876 630 2914 a
674 2860 785 2914 Deo
826 2874 970 2925 meo,
1020 2868 1078 2910 ut
1117 2869 1351 2924 unquam
1398 2852 1642 2906 amittam
1678 2849 1891 2920 plebem

311 2969 465 3010 suam
492 2967 654 3022 quam
680 2962 702 2988 °
731 2950 991 3019 aequisivi
1015 2949 1067 3003 in
1096 2948 1298 3002 ultimis
1320 2954 1492 3000 terrae.
1510 2943 1617 2999 Oro
1639 2943 1806 2998 Deum
1833 2950 1893 2997 ut

313 3047 406 3100 det
431 3045 559 3098 mihi
591 3042 1066 3113 perseverantiam,
1091 3047 1146 3095 et
1191 3040 1437 3108 dignetur
1464 3045 1524 3092 ut
1550 3037 1768 3093 reddam
1815 3037 1890 3091 illi

1986 485 2227 541 membra
2275 483 2543 539 dividatur
2582 483 2806 539 canibus
2851 493 2945 539 aut
2983 484 3170 540 bestiis
3212 485 3434 556 asperis,
3477 494 3568 542 aut

1985 575 2230 630 volucres
2258 573 2734 630 etelieomederint
2772 573 2923 629 illud.
2973 573 3285 631 Certissime
3333 591 3476 642 reor,
3521 575 3566 632 si

1986 665 2117 720 mihi
2158 666 2262 720 hoc
2294 663 2314 702 ί
2349 664 2678 730 incurrisset,
2727 665 2964 721 lucratus
3009 683 3126 722 sum
3168 668 3400 722 animam
3444 684 3566 724 cum

1985 768 2214 822 corpore
2235 768 2398 808 meo:
2431 754 2554 822 quia
2598 753 2713 808 sine
2742 755 2848 809 ulla
2875 755 3213 813 dubitatione
3253 759 3306 812 in
3348 759 3435 815 die
3475 759 3562 815 illa

1985 857 2322 912 resurgemus
2365 843 2420 897 in
2471 843 2716 900 claritate
2763 846 2910 912 solis,
2955 847 3059 903 hoc
3099 857 3198 913 est,
3244 858 3269 897 8
3302 851 3352 904 in
3392 851 3565 919 gloria

1985 933 2182 989 Christi
2220 933 2348 990 Jesu
2395 933 2753 1005 redemptoris
2793 939 3006 1005 nostri,
3056 938 3172 993 Filii
3215 940 3307 995 Dei
3338 941 3464 1008 vivi,
3514 950 3567 995 et

1985 1025 2273 1081 cohaeredes
2292 1023 2486 1080 Christi
2517 1026 2692 1096 (Rom.
2716 1043 2828 1092 vm,
2858 1029 2945 1100 17)
2973 1037 3029 1084 et
3063 1032 3348 1103 conformes
3379 1033 3566 1103 futura:

1982 1118 2226 1188 imaginis
2262 1118 2423 1188 ipsius
2451 1117 2648 1188 (Ibid.,
2681 1117 2772 1190 29)
2807 1137 2820 1172 :
2853 1121 3108 1189 quoniam
3131 1136 3197 1176 ex
3220 1122 3356 1191 ipso,
3389 1130 3444 1176 et
3472 1137 3566 1192 per

1985 1208 2178 1278 ipsum,
2203 1217 2259 1263 et
2286 1209 2338 1262 in
2368 1209 2506 1280 ipso,
2537 1212 2811 1280 regnaturi
2839 1227 3044 1268 sumus.

2053 1299 2218 1355 XXV.
2260 1300 2395 1356 Nam
2430 1301 2512 1357 sol
2543 1301 2642 1359 iste
2669 1319 2830 1372 quem
2857 1305 3119 1371 videmus,
3168 1308 3280 1364 Deo
3320 1307 3563 1378 jubente.

1982 1399 2206 1461 propter
2235 1409 2334 1450 nos
2361 1394 2602 1463 quotidie
2634 1397 2822 1462 oritur,
2853 1397 2949 1452 sed
2995 1413 3266 1469 nunquam
3297 1403 3562 1470 regnabit.

1985 1497 2159 1552 neque
2185 1484 2521 1554 permanebit
2548 1487 2806 1556 splendor
2833 1489 2969 1558 ejus.
3005 1489 3110 1544 Sed
3141 1499 3195 1545 et
3241 1508 3432 1547 omnes
3469 1495 3561 1562 qui

1985 1575 2215 1630 adorant
2239 1592 2384 1646 eum,
2408 1577 2460 1632 in
2492 1593 2707 1648 pmnam
2736 1581 2917 1635 miseri
2941 1583 3082 1637 male
3108 1583 3414 1638 devenient.
3459 1586 3566 1642 Nos

1985 1671 2163 1720 autem
2204 1667 2470 1721 credimus
2515 1675 2572 1722 et
2613 1668 2898 1724 adoramus
2947 1671 3128 1726 Solem
3154 1689 3360 1738 verum,
3409 1675 3566 1730 Chri-

1914 1761 1962 1822 Β
1988 1763 2130 1810 stum
2157 1757 2251 1827 qui
2280 1771 2552 1826 nunquam
2593 1759 2858 1826 interibit;
2884 1775 3058 1830 neque
3086 1763 3177 1830 qui
3223 1763 3350 1819 facit
3373 1767 3564 1821 volun-

1984 1857 2151 1904 tatem
2189 1849 2374 1920 ipsius,
2407 1851 2502 1906 sed
2531 1853 2770 1907 manebit
2807 1854 2861 1907 in
2899 1863 3181 1924 aeternum,
3212 1860 3484 1928 quomodo
3513 1871 3567 1916 ct

1980 1939 2226 1996 Christus
2254 1942 2494 1998 manebit
2541 1944 2594 1999 in
2638 1953 2920 2013 aeternum,
2964 1949 3056 2018 qui
3086 1958 3273 2018 regnat
3301 1966 3424 2006 eum
3457 1952 3566 2006 Deo

1982 2031 2143 2088 Patre
2185 2035 2556 2106 omnipotente
2603 2043 2658 2092 et
2704 2055 2827 2094 cum
2878 2039 3079 2110 Spiritu
3142 2051 3330 2098 sancto
3357 2085 3371 2108 ,
3440 2055 3566 2099 ante

1980 2125 2196 2191 smeula,
2248 2133 2303 2180 et
2331 2142 2491 2193 nunc,
2524 2134 2580 2182 et
2623 2143 2722 2198 per
2759 2130 2938 2183 omnia
2980 2132 3172 2185 saecula
3218 2131 3560 2188 seculorum.

1983 2215 2180 2272 Amen.
2238 2216 2380 2273 Ecce
2430 2220 2620 2274 iterum
2671 2221 2971 2292 iterumque
3015 2223 3252 2283 breviter
3297 2242 3562 2296 exponam

1985 2308 2150 2363 verba
2199 2311 2540 2382 confessionis
2586 2325 2733 2366 meae.
2766 2311 3046 2369 Tcstiiicor
3082 2315 3132 2368 in
3173 2317 3400 2372 veritate
3431 2327 3486 2373 et
3516 2320 3566 2372 in

1984 2400 2344 2457 exsultatione
2373 2401 2570 2469 cordis,
2615 2419 2798 2458 coram
2840 2404 2951 2460 Deo
3005 2415 3061 2460 et
3114 2408 3314 2474 sanctis
3366 2412 3569 2479 angelis

1984 2490 2136 2560 ejus,
2187 2493 2312 2561 quia
2362 2509 2633 2563 nunquam
2691 2496 2854 2550 habui
2900 2497 3133 2567 aliquam
3189 2500 3563 2566 occasionem,

1987 2589 2180 2650 prtcter
2210 2581 2552 2652 Evangelium
2605 2592 2662 2640 et
2701 2585 2965 2655 promissa
3015 2587 3174 2654 illius,
3226 2597 3286 2643 ut
3335 2606 3569 2659 unquam

1987 2672 2014 2710 ³³
2057 2674 2289 2729 redirem
2334 2677 2399 2731 ad
2447 2687 2660 2744 gentem
2700 2681 2843 2734 illam
2900 2682 3041 2738 unde
3077 2691 3256 2739 autem
3283 2685 3431 2755 prius
3482 2687 3570 2740 vix

1985 2780 2280 2821 evaseram.
2321 2765 2426 2822 Sed
2471 2784 2663 2838 precor
2704 2773 3048 2829 credentibus
3108 2773 3124 2812 ί
3158 2783 3214 2830 et
3257 2777 3572 2831 timentibus

1986 2855 2195 2926 Deum,
2256 2857 2561 2928 quicunque
2627 2860 2876 2929 dignatus
2933 2863 3094 2919 fuerit
3164 2866 3430 2936 inspicere
3488 2870 3573 2924 vel

1986 2948 2229 3018 recipere
2290 2949 2430 3004 hanc
2494 2952 2816 3020 scripturam
2851 2996 2867 3019 ,
2914 2970 3077 3024 quam
3127 2954 3391 3013 Patricius
3441 2975 3572 3029 pec-

1987 3047 2156 3103 cator,
2189 3040 2435 3096 indoctus
2491 3043 2725 3109 scilicet,
2773 3043 3064 3101 Hiberione
3104 3049 3459 3120 conscripsit,
3516 3060 3574 3104 ut

315 3144 506 3190 testem
549 3132 761 3188 ﬁdelem
806 3147 976 3200 usque
1017 3130 1086 3186 ad
1131 3130 1412 3185 transitum
1458 3143 1639 3183 meum
1670 3133 1960 3198 propterC
1990 3144 2149 3184 nemo
2195 3145 2431 3199 unquam
2486 3132 2630 3187 dicat
2691 3135 2836 3204 quod
2901 3139 2914 3186 t
2981 3152 3102 3192 mea
3158 3139 3491 3208 ignorantia,
3523 3144 3570 3198 si

215 3233 222 3237 '
316 3227 485 3280 Deum
515 3240 713 3280 meum.
734 3223 798 3278 Et
825 3224 869 3278 si
893 3223 1091 3293 aliquid
1117 3222 1244 3276 boni
1265 3236 1499 3290 unquam
1523 3220 1760 3276 imitatus
1778 3235 1898 3275 sum

315 3324 538 3389 propter
579 3316 747 3370 Deum
785 3329 964 3369 meum
1010 3327 1173 3382 quem
1221 3312 1408 3380 diligo,
1450 3319 1580 3382 peto
1619 3313 1770 3366 illum
1808 3312 1901 3368 det

315 3408 448 3464 mihi
487 3414 546 3462 ut
590 3421 710 3461 cum
746 3405 850 3459 illis
892 3403 1178 3474 proselylis
1225 3413 1280 3457 et
1306 3402 1534 3472 captivis
1556 3417 1654 3472 pro
1680 3403 1899 3458 nomine

314 3517 416 3555 suo
455 3497 722 3554 eﬁ'undam
750 3496 1064 3565 sanguinem
1092 3509 1268 3549 meum
1289 3535 1304 3560 ,
1335 3495 1437 3550 etsi
1465 3495 1579 3564 ipse
1605 3495 1769 3550 etiam
1801 3509 1898 3549 ca-

391 3643 416 3671 ι
455 3631 544 3687 Sic
568 3629 814 3685 Bolland.
836 3627 1098 3691 Warmus,
1123 3643 1331 3700 sperno.

396 3714 419 3742 ο
459 3701 723 3764 Bolland.,
755 3701 869 3754 sine
892 3700 1184 3754 occasione.

353 3847 365 3858 .
394 3785 418 3858 ξ
459 3772 744 3842 Sequimur
773 3769 1017 3824 Bolland.
1045 3769 1286 3824 Warmus
1317 3787 1333 3823 :
1358 3769 1578 3825 Sed.....
1615 3769 1748 3837 Quia
1767 3768 1900 3823 nihil

318 3847 528 3969 "itaita
577 3913 755 3982 legere
795 3910 1062 3982 malumus
1106 3928 1231 3970 cum
1276 3909 1525 3982 Bolland.
1563 3924 1728 3980 quam
1771 3923 1896 3982 cum

318 3986 530 4068 \Yaraao
554 3980 840 4039 scrittabor.
857 3981 979 4040 Mox
1000 3983 1142 4055 apud
1161 3982 1427 4049 Bolland.,
1444 3980 1674 4045 calicem,
1696 3981 1897 4036 omisso

317 4073 722 4205 ejufsopplland.2
749 4124 1038 4205 acquisivit.
1103 4191 1144 4205 ὴ
1181 4192 1215 4205 η
1311 4193 1324 4205 _
1626 4191 1662 4205 μ
1846 4191 1860 4205 ⁸

393 4193 411 4234 τ
455 4195 622 4264 Magis
671 4191 848 4265 placet
891 4209 1052 4264 quam
1103 4191 1369 4254 Bolland.,
1418 4207 1557 4248 cura:
1595 4191 1802 4246 sitm...
1841 4191 1898 4246 in

314 4281 720 4400 co’spgglland"
750 4335 804 4388 in
836 4333 1004 4403 gloria
1028 4331 1155 4386 Iesu
1197 4329 1390 4386 Christi
1431 4331 1682 4405 redempti
1719 4345 1896 4386 omnes

1987 3219 2184 3290 aliquid
2213 3222 2461 3290 pusillum
2520 3221 2547 3260 ιι
2596 3224 2680 3291 egi
2703 3225 2788 3278 vel
2843 3225 3348 3297 demonstraverim,
3380 3248 3574 3289 secun-

1985 3311 2112 3367 dum
2150 3312 2244 3367 Dei
2293 3313 2568 3387 placitum.
2615 3314 2742 3386 Sed.
2775 3317 3109 3374 arbitramini
3133 3362 3149 3386 ,
3197 3330 3254 3376 et
3289 3325 3570 3380 verissime

1986 3403 2256 3469 credatur,
2307 3402 2325 3441 ι
2379 3405 2524 3475 quod
2565 3405 2766 3461 donum
2812 3407 2907 3464 Dei
2957 3409 3163 3466 fuisset.
3214 3411 3284 3468 Et
3331 3414 3446 3471 haec
3492 3428 3572 3472 est

1985 3493 2250 3551 confessio
2277 3510 2399 3551 mea
2428 3505 2718 3567 antequam
2742 3502 2961 3556 moriar.

1995 3631 2186 3718 erimns
2213 3633 2362 3718 φξαεὶ
2395 3632 2494 3715 filii
2521 3633 2630 3718 Dei.
2649 3646 2703 3718 et
2726 3638 3018 3718 colueredes
3044 3639 3344 3718 Christi,“
3373 3645 3579 3716 confor-

1997 3717 2102 3782 rnes
2131 3708 2654 3786 creaturwjmaginis
2683 3709 2885 3786 ipsius:
2906 3712 3152 3786 quoniam
3177 3708 3398 3786 ex'ipso,
3416 3708 3578 3786 et'per

1995 3772 2183 3850 ipsum,
2224 3780 2274 3825 et
2300 3774 2354 3826 in
2385 3775 2498 3850 ipso
2521 3772 2648 3850 sunt
2691 3772 2869 3850 omnia
2902 3772 3048 3850 {ipsi
3083 3781 3254 3850 gloria
3289 3772 3348 3838 in
3387 3772 3579 3840 swc'ula

1995 3842 2321 3908 surculorum,
2362 3842 2544 3925 Arnen.
2578 3845 2644 3901 Et
2669 3849 2851 3904 statim
2885 3868 2896 3902 :
2933 3842 2998 3904 In
3026 3842 3117 3906 ilio
3146 3855 3287 3907 enim
3315 3857 3579 3925 regnaturi

1995 3926 2170 3980 sumit!
2191 3927 2208 3963 :
2232 3927 2355 3965 nam
2380 3915 2461 3968 sol
2488 3917 2602 3980 iste,
2635 3928 2739 3972 etc.

2067 3977 2094 4063 ξ
2125 3977 2366 4063 ξθεξίςιιε
2397 3977 2656 4051 Warmus,
2686 3989 2950 4063 redderent
2977 4002 3214 4063 agentern
3234 3993 3397 4048 illam.

2074 4049 2090 4135 ξ
2125 4048 2253 4135 Eos}
2279 4051 2419 4135 hanc
2447 4048 2869 4135 vocem-addunt
2901 4048 3170 4135 Bolland.,
3191 4073 3241 4117 et
3267 4066 3576 4135 petentibus.

2069 4119 2090 4202 ξ
2125 4119 2392 4202 Deliam!“
2423 4127 2880 4202 megignorantiw
2902 4129 2918 4199 (
2941 4132 3146 4202 fuerit).

2067 4188 2092 4272 ξι
2125 4187 2472 4272 Lta‘iiolland.
2501 4187 2642 4272 Male
2660 4187 2918 4272 Wancus,
2941 4187 3060 4272 'ego.

2068 4258 2088 4297 ι
2131 4258 2398 4331 Bolland.,
2429 4265 2566 4338 quod
2601 4263 2742 4320 Deus
2777 4258 2975 4339 fuisset.

614 4549 642 4579 ⁸
713 4553 862 4664 8-
940 4547 1791 4664 ΡΔΤΒῙΟῙῙ
1857 4548 2122 4660 ΔΙ)
2199 4548 3253 4669 αοιιοτιουυι

1425 4732 2381 4884 EPISTULA
2412 4840 2451 4878 .

390 5075 431 5132 Ι.
463 5073 726 5132 Patricius
763 5080 1041 5145 peccator,
1081 5071 1330 5130 indoctus
1355 5068 1581 5134 scilicet,
1611 5068 1902 5126 Hiberione
1933 5071 1982 5132 D
2007 5071 2142 5128 dure
2166 5082 2221 5128 et
2255 5081 2362 5128 tam
2393 5089 2582 5146 aspere
2609 5075 2638 5116 ι’
2667 5093 2733 5134 ex
2762 5096 2856 5137 ore
2885 5097 3008 5142 meo
3035 5089 3344 5161 ell'undere,
3375 5096 3466 5153 sed
3494 5115 3584 5156 eo.

315 5171 671 5226 constitutum
715 5167 1028 5237 episcopum
1071 5178 1158 5219 me
1199 5178 1322 5220 esse
1367 5163 1560 5218 fateor.
1591 5161 1902 5218 Certissime

316 5278 463 5328 reor,
496 5276 527 5315 a
555 5261 668 5316 Deo
698 5259 882 5330 accepi
909 5258 962 5312 id
991 5255 1134 5328 quod
1166 5271 1305 5312 sum.
1337 5253 1483 5312 Inter
1509 5255 1770 5310 barbaros
1797 5253 1904 5307 ita-

319 5369 424 5422 que
454 5353 637 5408 habito
668 5352 968 5422 proselytus
1008 5356 1062 5403 et
1097 5346 1322 5418 profuga
1349 5387 1364 5412 ,
1409 5345 1482 5403 ob
1520 5359 1760 5400 amorem
1782 5340 1911 5405 Dei,

320 5444 497 5500 Testis
537 5452 623 5500 est
663 5443 752 5498 ille
774 5481 788 5507 ,
820 5442 864 5495 si
902 5441 976 5494 ita
1008 5447 1090 5494 est
1137 5456 1150 5491 :
1183 5453 1289 5494 non
1317 5436 1462 5509 quod
1505 5441 1758 5506 optabam
1787 5441 1897 5486 tam

393 5591 417 5618 ι
451 5581 625 5652 Apud_
652 5576 897 5652 Bglland.
941 5577 1021 5652 sic
1058 5591 1124 5652 _s_e
1160 5576 1334 5652 habet
1363 5574 1548 5652 isthcec
1571 5573 1851 5652 inscriptio
1877 5581 1896 5652 ξ

327 5643 563 5720 Epistula
589 5649 648 5720 δ.
684 5649 898 5702 Patricii
928 5646 1008 5720 ad
1049 5645 1370 5700 Christianas
1423 5643 1646 5720 Corotift'
1683 5643 1890 5712 tyranni

324 5711 574 5775 subditos.
597 5719 827 5797 Etrecte
849 5717 1087 5791 quidem,
1115 5726 1174 5772 ut
1201 5731 1270 5772 ex
1296 5721 1554 5771 contextu
1592 5711 1774 5782 liquet.

2006 5175 2106 5230 gor
2147 5162 2264 5251 zelo
2291 5163 2385 5218 Dei
2413 5173 2469 5220 et
2508 5167 2747 5224 veritatis
2775 5170 3024 5241 Christi,
3058 5179 3188 5251 (qui)
3217 5185 3472 5240 excitavit
3499 5204 3584 5246 ιιιο

2005 5266 2106 5346 pro
2141 5250 2427 5346 dilectione
2455 5256 2826 5324 proximorum
2855 5272 3016 5333 atque
3047 5250 3296 5338 ﬁliorum,
3329 5289 3425 5343 pro
3465 5280 3582 5346 qui-

2002 5340 2106 5397 bus
2143 5343 2336 5398 tradidi
2382 5346 2609 5414 patriam
2657 5358 2714 5403 et
2764 5365 3018 5421 parentes
3045 5366 3102 5411 et
3130 5340 3364 5421 animam
3408 5340 3582 5424 meam

2009 5451 2181 5508 usque
2207 5437 2275 5492 ad
2302 5445 2548 5505 mortem,
2579 5442 2624 5495 si
2653 5441 2845 5513 dignus
2873 5463 3007 5502 sum.
3036 5449 3169 5507 νονί
3200 5454 3312 5512 Deo
3342 5474 3462 5514 meo
3487 5461 3584 5516 do~

2079 5571 2405 5660 :Eollap'dv
2446 5574 2641 5657 aliquid
2666 5593 2866 5660 emere
2910 5596 3047 5660 meo.
3077 5582 3241 5641 Paulo
3269 5596 3395 5643 ante
3441 5593 3580 5660 apud

1997 5639 2249 5759 313mm,
2279 5639 2562 5700 Hiberion'e
2607 5650 2913 5704 constitutus
2963 5639 3580 5727 epempui,"Manilii;

2059 5720 2136 5759 cr.

2059 5720 2136 5766 UT.
