3946 6182
489 291 586 375 ιιις

1418 281 1475 339 S.
1514 281 1879 339 PATRlClUS
1913 274 2363 349 HIBERNORUM
2386 282 2820 343 ,APOSTOLUS.

3607 280 3695 339 διε

486 422 613 464 cere
653 412 870 474 gentes,
901 400 1005 458 etsi
1047 405 1364 455 contemnor
1393 404 1418 432 ι
1461 410 1493 450 a
1520 395 1715 466 quibus
1754 410 1920 450 manu
1948 410 2071 467 mea
2098 400 2145 457 Α
2179 412 2272 463 xx,
2304 397 2393 467 15,
2428 399 2528 479 ιιι).
2559 398 2819 455 Comedet
2844 406 3023 455 autem
3050 413 3173 455 eum
3190 398 3327 467 ignis
3348 398 3701 468 incastingniu.

488 496 679 566 sei-ipsi
707 501 870 566 atque
905 488 1118 567 condidi
1161 488 1327 542 verba
1374 486 1478 541 ista
1509 485 1685 541 danda
1729 494 1784 540 et
1813 485 2073 541 tradenda

493 589 749 644 militibus
778 583 1036 641 mittenda
1062 580 1341 648 Corotico,
1382 595 1491 634 non
1518 579 1641 635 dico
1680 578 1888 634 civibus
1916 578 2067 642 meis,

490 693 664 749 neque
704 675 909 732 civibus
945 679 1251 728 sanctorum
1282 668 1652 725 Romanorum
1676 710 1695 736 ,
1736 667 1831 723 sed
1867 668 2073 721 civibus

488 767 876 823 dmmouiorum
896 803 911 828 ,
945 764 1017 819 ob
1051 762 1191 821 mala
1220 775 1385 832 Opera
1415 760 1654 829 ipsorum
1678 800 1694 826 ,
1735 759 1845 813 ritu
1867 757 2068 813 hostili.

487 859 546 917 lu
596 864 772 913 morte
817 855 1004 909 vivunt
1050 852 1183 907 socii
1226 850 1538 907 Scottorum
1590 856 1753 918 atque
1800 848 2071 903 Pictorum

488 956 857 1022 apostatarum
882 984 897 1011 ,
930 944 956 982 ι)
985 944 1139 1013 quasi
1167 942 1425 1011 sanguine
1454 941 1697 996 volentes
1724 940 1958 1007 saginari
1986 938 2070 992 in-

441 1104 451 1108 _
488 1040 798 1096 nocentium
827 1036 1276 1098 Christianorum,
1321 1047 1460 1103 quos
1489 1045 1590 1101 ego
1620 1030 1931 1086 innumeros
1957 1030 2070 1085 Deo

487 1130 649 1201 genui
679 1140 840 1198 atque
865 1128 917 1181 in
940 1126 1154 1181 Christo
1177 1121 1509 1179 conﬁrmavi.

558 1221 621 1275 ll.
668 1218 887 1273 Postera
930 1217 1016 1273 die
1042 1232 1149 1286 qua
1184 1227 1204 1253 ο
1248 1214 1525 1270 chrismati
1551 1212 1810 1284 neophyti
1836 1212 1888 1267 in
1917 1220 2071 1267 veste

489 1310 715 1367 candida
740 1351 754 1376 ,
800 1310 925 1364 dum
960 1306 1134 1378 (fides)
1184 1306 1447 1375 ﬂagrabat
1475 1306 1528 1358 in
1568 1304 1747 1359 fronte
1791 1304 2066 1373 ipsorum,

488 1403 773 1459 crudeliter
803 1400 1051 1457 trucidati
1078 1407 1244 1468 atque
1271 1398 1486 1452 mactati
1513 1396 1681 1469 (sunt)
1714 1397 1897 1465 gladio
1927 1411 1958 1450 a
1980 1411 2072 1450 su-

487 1495 740 1566 pradictis
768 1536 783 1563 ,
828 1493 948 1547 misi
987 1492 1269 1562 epistolam
1315 1506 1438 1545 cum
1477 1497 1666 1544 sancto
1712 1489 2028 1558 presbytero
2052 1528 2068 1554 ,

485 1602 647 1657 quem
672 1600 773 1655 ego
802 1601 870 1640 ex
898 1584 1120 1639 infantia
1143 1583 1301 1638 docui
1325 1598 1446 1638 cum
1469 1580 1695 1648 clericis,
1724 1587 1777 1633 ut
1802 1580 1956 1635 nobis
1980 1579 2104 1632 ali-~

486 1679 618 1749 quid
663 1678 1000 1746 iudulgerent
1048 1675 1120 1730 .de
1167 1674 1344 1747 przeda
1382 1673 1467 1727 vel
1513 1671 1580 1727 de
1627 1672 1856 1742 captivis
1888 1670 2068 1739 bapti-

2174 490 2259 545 lis.
2291 490 2529 560 ideoque
2573 506 2651 546 va:
2680 491 2775 559 qui
2818 489 3031 560 replent
3076 505 3132 544 se
3160 489 3291 560 (bis)
3335 504 3451 557 quae
3475 505 3569 542 non
3600 500 3703 545 sum

2174 596 2289 634 sua.
2317 579 2435 645 Vel,
2471 581 2593 651 quid
2625 582 2833 652 prodest
2863 581 3087 644 homini,
3118 588 3174 634 ut
3206 589 3367 638 totum
3394 580 3614 633 mundam
3636 584 3705 636 lu—

2172 682 2343 726 cretur
2363 714 2378 737 ,
2419 683 2471 727 et
2498 674 2688 728 animle
2716 688 2825 728 sua
2866 672 3228 727 detrimentum
3266 674 3491 742 patiatur
3524 672 3705 733 (Matth.

2173 777 2282 829 xvi,
2313 761 2446 833 26)?
2476 762 2716 828 Longum
2756 775 2839 819 est
2864 780 2962 833 per
2990 764 3193 832 singula
3220 763 3483 817 discutere
3504 764 3580 816 vel
3604 766 3705 817 iusi-

2176 870 2346 910 nuare
2366 893 2381 917 ,
2427 870 2525 924 per
2554 864 2723 910 totam
2754 856 2926 922 legem
2969 870 3189 925 carpere
3219 854 3515 909 testimonia
3536 855 3596 908 de
3636 856 3707 910 tali

2170 946 2480 1015 cupiditate.
2527 948 2766 1003 Avaritia
2811 948 3037 1002 mortale
3077 946 3303 1002 crimen.
3337 942 3456 998 Non
3498 948 3706 1014 (campi-

2167 1056 2279 1094 sces
2300 1056 2408 1094 rem
2424 1041 2649 1109 proximi
2675 1041 2766 1092 tui.
2793 1037 2916 1093 Non
2939 1038 3143 1094 occides
3166 1036 3365 1106 (Exod.
3398 1052 3481 1094 xx.
3516 1035 3591 1099 Π,
3621 1037 3705 1101 t3).

2170 1129 2449 1185 Homicida
2481 1147 2587 1186 non
2618 1138 2797 1199 potest
2823 1145 2944 1184 esse
2969 1145 3090 1184 cum
3118 1127 3354 1182 Christo.
3386 1125 3479 1190 Qui
3508 1127 3605 1179 odit
3630 1128 3709 1195 [τοι

2172 1230 2302 1275 trem
2324 1238 2511 1288 suum,
2542 1221 2799 1277 homicida
2829 1218 3139 1282 ascribitur;
3178 1218 3295 1283 vel,
3322 1219 3407 1288 qui
3442 1233 3537 1271 non
3570 1217 3710 1283 diligit

2170 1314 2390 1383 fratrem
2438 1329 2585 1367 suum
2611 1314 2664 1365 in
2709 1320 2871 1365 morte
2903 1309 3149 1379 manet(l
3192 1308 3354 1362 Joan.
3386 1323 3459 1369 ιιι,
3502 1308 3584 1373 Η,
3621 1306 3707 1360 15).

2170 1401 2381 1468 Quanto
2424 1404 2593 1470 magis
2621 1418 2746 1457 reus
2779 1409 2864 1457 est
2889 1402 2981 1469 qui
3012 1416 3202 1455 manus
3240 1414 3369 1454 suas
3393 1397 3709 1466 coinquinant

2172 1494 2225 1549 in
2256 1495 2513 1561 sanguine
2542 1493 2772 1548 ﬁliorum
2812 1491 2947 1556 Dei,
2996 1507 3132 1561 quos
3177 1487 3354 1559 nuper
3390 1488 3647 1555 acquisivit
3671 1488 3711 1540 in

2176 1585 2377 1638 ultimis
2411 1594 2585 1646 terrae,
2618 1599 2716 1653 per
2744 1582 3176 1637 exhortationem
3207 1579 3487 1649 parvitatis
3519 1575 3712 1630 nostra!

2250 1676 2308 1729 V.
2352 1676 2598 1744 Nunquid
2629 1677 2745 1730 sine
2796 1675 2907 1730 Deo
2942 1674 3025 1728 vel
3070 1673 3366 1727 secundum
3403 1685 3601 1725 carnem
3634 1668 3712 1722 lli-

486 1771 620 1826 zatis
646 1785 782 1840 quos
814 1775 1073 1840 ceperunt
1105 1786 1116 1820 :
1153 1766 1285 1838 (sed)
1318 1766 1609 1821 cachinnos
1635 1765 1876 1819 fecerunt
1905 1764 1972 1818 de
1999 1764 2068 1817 il-

2172 1770 2392 1824 berione
2420 1770 2580 1822 veni?
2610 1767 2739 1834 Quis
2769 1782 2854 1821 me
2894 1766 3187 1834 compulit?
3216 1764 3465 1830 alligatus
3490 1778 3594 1815 sum
3623 1760 3712 1828 sii-

489 1860 571 1914 lis.
604 1859 807 1915 idcirco
838 1859 1019 1913 nescio
1048 1873 1184 1928 quos
1212 1856 1380 1924 magis
1409 1856 1618 1925 lugeam
1638 1896 1651 1919 ,
1692 1870 1760 1908 an
1788 1854 1882 1923 qui
1912 1854 2075 1908 inter-

489 1954 651 2020 fecti,
682 1950 766 2006 vel
794 1965 931 2020 quos
961 1956 1219 2019 ceperunt
1244 1988 1257 2009 ,
1290 1945 1377 2000 vel
1423 1960 1559 2015 quos
1587 1945 1822 2013 graviter
1850 1942 2072 1997 zabulus

490 2041 821 2111 illaqucavit,
852 2038 986 2111 (qui)
1016 2037 1238 2107 perenni
1265 2050 1423 2107 pmna
1445 2035 1703 2103 gehennae
1722 2033 1928 2103 pariter
1950 2048 2070 2087 cum

491 2133 608 2203 ipso
651 2131 1115 2200 maneipabuntur.
1148 2128 1281 2196 Quia
1311 2125 1335 2163 ἀ
1366 2128 1548 2197 utique
1568 2126 1796 2197 peccati,
1824 2126 1914 2199 qui
1946 2125 2071 2181 facit

488 2234 800 2296 peccatum,
831 2240 1016 2279 servus
1045 2233 1122 2280 est
1156 2224 1340 2296 (Joan.
1365 2238 1474 2290 vni,
1494 2222 1609 2295 δι),
1646 2230 1699 2277 ct
1730 2222 1867 2276 filius
1896 2222 2070 2277 zabuli

490 2324 848 2387 nuncupatur.
1901 2354 1911 2365 .

556 2406 643 2462 lli.
700 2405 1042 2478 Quapropter
1084 2408 1218 2461 sciat
1255 2406 1428 2460 omnis
1463 2406 1627 2461 homo
1668 2405 1862 2461 timens
1900 2405 2071 2459 Deum

487 2500 629 2570 quod
660 2515 688 2553 a
721 2515 807 2555 me
836 2499 997 2554 alieni
1026 2507 1153 2553 sunt
1180 2505 1293 2557 et,a
1320 2494 1535 2551 Christo
1567 2495 1791 2550 Domino
1820 2509 1943 2549 meo
1972 2508 2071 2563 pro

488 2609 597 2662 quo
627 2593 894 2660 legatione
921 2590 1134 2658 fungor,
1164 2588 1457 2659 patricidtc,
1491 2586 1793 2661 fratricida',
1828 2586 1938 2656 lupi
1978 2601 2069 2639 ra-

488 2701 686 2756 paces,
719 2684 1021 2738 derorontes
1068 2679 1263 2752 plebem
1312 2678 1565 2745 Domini,
1611 2686 1667 2730 ut
1712 2676 1879 2731 cibum
1920 2676 2072 2747 panis

490 2775 663 2847 (f’sal.
698 2791 808 2837 xm,
841 2773 929 2841 4),
960 2776 1096 2828 sicut
1125 2772 1236 2833 ait;
1288 2770 1460 2842 Iniqui
1503 2769 1537 2821 d
1558 2770 1882 2839 ssipaverunt
1911 2767 2071 2837 legem

491 2881 661 2929 (2mm,
695 2864 911 2919 Domine
942 2864 1111 2935 (Psal.
1151 2878 1309 2917 cxvm
1335 2903 1348 2927 ,
1392 2860 1536 2931 1‘26),
1581 2876 1685 2929 qua
1726 2860 1777 2914 in
1807 2860 2073 2929 supremis

490 2958 822 3029 temporlbus
872 2955 1161 3009 Hiberione
1210 2953 1413 3022 optime
1459 2960 1514 3005 et
1557 2950 1787 3018 benigne
1830 2951 2070 3019 plautata

490 3061 653 3124 atque
682 3052 943 3106 instructa
978 3055 1099 3102 erat
1125 3044 1340 3101 favente
1373 3044 1504 3099 Deo.
1542 3041 1659 3097 Non
1682 3057 1883 3112 usurpo
1906 3040 2069 3112 (alie-

2172 1860 2306 1924 ritu,
2359 1868 2418 1913 ut
2456 1875 2563 1915 non
2612 1858 2823 1913 videam
2867 1858 3101 1925 aliquem
3139 1856 3207 1910 de
3242 1854 3558 1922 cognatione
3599 1866 3711 1905 mea.

2175 1961 2197 1988 ο
2226 1950 2477 2021 Nunquid
2516 1950 2659 2019 piam
2691 1948 3113 2004 misericordiam
3149 1960 3252 2015 ago
3289 1959 3415 2013 erga
3442 1952 3636 2011 geriteiu
3660 1942 3714 1994 il-

2170 2042 2278 2097 lam
2324 2056 2446 2111 quae
2489 2056 2574 2096 me
2601 2038 2889 2110 aliquando
2928 2045 3222 2108 ceperunt,
3255 2043 3314 2091 et
3340 2035 3713 2088 devastat-erunt

2171 2147 2358 2188 servos
2400 2140 2456 2186 et
2495 2131 2719 2187 ancillas
2759 2130 2951 2187 domus
2990 2129 3159 2199 patris
3198 2129 3347 2183 mei?
3386 2126 3631 2193 lugrnuus
3657 2122 3713 2178 fui

2171 2224 2463 2279 secundum
2490 2237 2708 2277 carnem
2738 2240 2751 2274 :
2801 2220 2820 2259 τ
2853 2221 3142 2276 decurione
3170 2226 3328 2288 patre
3369 2231 3568 2271 naseor.
3598 2214 3713 2268 Ven-

2170 2314 2282 2370 didi
2312 2314 2456 2369 enim
2498 2312 2832 2368 nobilitatem
2863 2326 3040 2367 meam
3070 2310 3204 2379 (non
3244 2309 3543 2370 erubesco,
3572 2317 3716 2367 neque

2171 2418 2259 2459 me
2290 2402 2535 2473 prenitct)
2565 2418 2665 2474 pro
2692 2402 2925 2457 utilitate
2960 2401 3208 2456 aliorum.
3244 2407 3274 2447 ι
3305 2398 3537 2467 Denique
3561 2410 3715 2449 servus

2171 2510 2288 2551 sum
2316 2494 2371 2549 in
2390 2493 2603 2549 Christo
2622 2491 2749 2549 Jesu
2778 2492 3005 2547 Domino
3027 2500 3236 2555 nostro,
3272 2490 3379 2546 etsi
3409 2488 3507 2543 mei
3527 2500 3607 2540 me
3629 2499 3716 2537 non

2172 2594 2521 2656 cognoscunt.
2551 2584 2814 2654 Propheta
2846 2585 2903 2638 in
2934 2584 3106 2653 patria
3133 2599 3227 2636 sua
3261 2582 3503 2636 honorem
3533 2593 3623 2632 non
3642 2576 3716 2628 ha-

2168 2678 2253 2733 bet
2279 2678 2480 2750 (Marc.
2506 2695 2577 2743 vi,
2611 2676 2687 2748 4).
2714 2677 2878 2732 Forte
2907 2690 3013 2731 non
3039 2690 3219 2730 sumus
3248 2691 3323 2729 ex
3348 2689 3454 2728 uno
3481 2670 3611 2733 ovili,
3638 2684 3716 2723 ne-

2169 2789 2277 2843 que
2296 2789 2459 2828 unum
2487 2773 2654 2828 Deum
2685 2780 2889 2842 patrem
2918 2771 3199 2834 habemus,
3220 2770 3372 2824 sicut
3399 2769 3503 2823 ait:
3528 2764 3615 2830 Qui
3632 2780 3714 2818 non

2168 2876 2250 2920 est
2278 2882 2475 2919 mecum
2497 2874 2680 2920 contra
2712 2882 2796 2919 me
2814 2874 2911 2933 est,
2936 2874 2985 2918 et
3003 2863 3100 2935 qui
3121 2880 3223 2917 non
3251 2868 3529 2931 congregat
3552 2871 3715 2913 metus!

2166 2959 2369 3028 spargit
2385 2955 2532 3027 (Luc.
2561 2973 2631 3022 xl,
2655 2956 2768 3025 25).
2790 2954 3186 3017 Nonconvenit,
3210 2953 3361 3007 Unus
3376 2952 3592 3012 destruit,
3608 2946 3716 3002 alter

2173 3050 2401 3121 adi/icat
2426 3048 2613 3121 (Eccli.
2635 3065 2818 3113 XXUV,
2846 3047 2959 3119 28).
2980 3048 3100 3103 Non
3123 3062 3312 3115 quaero
3335 3060 3452 3115 qua:
3472 3058 3577 3098 mea
3595 3046 3713 3095 sunt.

490 3159 560 3199 na
593 3162 605 3197 ε
634 3141 750 3210 sed)
782 3148 990 3211 Panem
1031 3138 1205 3192 habeo
1241 3151 1363 3192 cum
1401 3134 1486 3190 his
1512 3148 1648 3203 quos
1683 3132 1986 3200 adVoca‘lil,
2017 3138 2072 3185 οι
2094 3135 2142 3197 C
2220 3139 2330 3196 γνι.
2364 3141 2481 3196 Νοιι
2509 3157 2629 3196 mea
2657 3141 2858 3210 gratia;
2890 3139 2983 3195 sed
3012 3139 3160 3194 Deus
3185 3137 3410 3206 «pridem
3434 3135 3569 3190 hanc
3592 3129 3715 3185 solli-

491 3230 888 3303 prccdestinavit
911 3226 1261 3297 Evangelium
1285 3224 1574 3297 praedicare
1598 3225 1649 3280 in
1680 3222 2071 3295 persecutioni—

492 3325 591 3379 bus
620 3340 726 3379 non
755 3323 933 3393 parvis
958 3335 1127 3390 usque
1156 3318 1225 3374 ad
1253 3327 1554 3374 extremum
1590 3326 1764 3372 terr-te.
1790 3314 1904 3371 Etsi
1933 3314 2071 3370 invi-

493 3416 583 3477 det
610 3414 857 3470 inimicus
876 3428 973 3482 per
1004 3409 1342 3484 tyrannidem
1371 3408 1629 3477 Corotici,
1654 3406 1747 3477 qui
1774 3407 1941 3462 Deum
1963 3420 2073 3460 non

494 3514 725 3572 veretur,
742 3520 842 3560 nec
852 3502 1162 3559 sacerdotes
1177 3501 1342 3571 ipsius
1351 3515 1488 3569 quos
1501 3499 1661 3568 elegit
1672 3506 1728 3554 et
1742 3498 1958 3553 indulsit
1971 3496 2075 3551 illis

493 3612 775 3661 summam,
787 3594 1044 3659 divinam,
1062 3592 1343 3647 sublimem
1361 3596 1703 3660 potestatem,
1714 3604 1839 3659 quos
1852 3588 2075 3658 ligarent

493 3706 646 3759 super
668 3698 879 3750 terram,
904 3686 1093 3756 ligatos
1116 3700 1227 3738 esse
1246 3690 1296 3736 et
1322 3683 1377 3735 in
1399 3681 1538 3735 caelis
1561 3677 1773 3750 (Matth.
1792 3692 1938 3741 xvm,
1959 3675 2069 3746 18).

565 3778 652 3834 IV.
678 3776 839 3832 Unde
867 3790 995 3845 ergo
1016 3790 1197 3844 quaeso
1224 3774 1533 3845 plurimum,
1563 3771 1736 3825 sancti
1764 3777 1820 3825 et
1849 3769 2074 3823 humiles

493 3870 660 3928 corde
680 3912 697 3939 ,
737 3868 941 3927 adulari
965 3867 1166 3921 talibus
1196 3882 1304 3921 non
1332 3865 1484 3929 licet,
1518 3878 1617 3918 nec
1638 3862 1816 3917 cibum
1846 3875 1946 3916 nec
1972 3875 2071 3930 po-

495 3969 609 4016 tum
651 3972 866 4013 sumere
903 3971 1027 4013 cum
1062 3955 1191 4025 ipsis
1216 3996 1231 4020 ,
1273 3968 1375 4010 nec
1420 3952 1788 4022 eleemosynas
1834 3951 2072 4021 ipsorum

495 4053 733 4123 recipere
762 4050 977 4116 debere,
1000 4048 1173 4103 donec
1197 4044 1485 4102 crudeliter
1513 4044 1690 4099 effusis
1717 4036 1966 4115 lacrymis
1994 4057 2074 4097 sa.

496 4145 563 4199 tis
604 4143 715 4197 Deo
764 4141 960 4196 faciant
1003 4147 1057 4194 et
1101 4139 1331 4194 liberent
1376 4152 1562 4192 servos
1609 4135 1704 4190 Dei
1750 4141 1806 4190 et
1851 4133 2073 4188 ancillas

493 4234 692 4290 Christi
733 4234 1053 4303 baptizatas,
1082 4246 1183 4301 pro
1210 4229 1405 4299 quibus
1433 4236 1676 4282 mortuus
1704 4233 1785 4281 est
1815 4234 1870 4280 et
1893 4225 2068 4280 cruci-

494 4327 654 4383 fixus.
686 4326 837 4382 Dona
856 4326 1152 4394 iniquorum
1180 4321 1425 4392 reprobat
1446 4319 1759 4374 Altissimus.
1790 4316 1892 4382 Qui
1919 4316 2072 4385 olfert

490 4416 807 4487 sacriﬁcium
834 4432 899 4469 ea:
930 4414 1216 4469 substantia
1237 4426 1535 4482 pauperum,
1563 4410 1712 4480 quasi
1739 4410 1824 4480 qui
1846 4408 2070 4460 victima!

2172 3233 2467 3289 citudinem
2497 3231 2691 3305 (dedit)
2735 3233 2787 3286 in
2817 3231 2981 3286 corde
3024 3245 3147 3285 meo
3168 3269 3184 3293 ,
3228 3235 3293 3282 ut.
3321 3244 3458 3283 unus
3483 3239 3637 3281 essent
3661 3220 3714 3274 dc

2173 3323 2521 3379 venatoribus
2547 3323 2662 3378 sive
2690 3321 3049 3393 piscatoribus
3083 3335 3221 3389 quos
3246 3320 3384 3374 oliui
3415 3319 3546 3372 Deus
3569 3316 3613 3369 in
3633 3327 3715 3366 no-

2174 3415 2407 3470 vissimis
2452 3413 2640 3469 diebus
2681 3419 2809 3468 ante
2853 3411 3232 3482 praenuntiavit
3281 3408 3416 3480 (Jer.
3449 3422 3589 3467 xm,
3624 3401 3710 3468 16).

2173 3504 2447 3560 lnvidetur
2475 3503 2605 3558 mihi
2640 3521 2653 3556 :
2685 3502 2821 3569 Quid
2855 3502 3044 3557 faciam
3087 3500 3353 3556 Domine?
3387 3498 3545 3553 Valde
3571 3491 3733 3562 despi-.

2175 3596 2308 3649 cior.
2332 3593 2473 3649 Ecce
2500 3609 2630 3649 oves
2652 3601 2754 3647 tua:
2780 3593 2923 3648 circa
2952 3607 3039 3646 me
3069 3591 3345 3645 lauiantur
3373 3599 3526 3657 atque
3549 3586 3716 3653 ἀβριθὲς

2175 3686 2373 3740 dantur
2400 3701 2428 3740 a
2470 3684 2789 3755 supradictis
2828 3683 3142 3738 latrunculis
3163 3724 3180 3746 ,
3216 3680 3445 3750 jubente
3469 3676 3714 3734 Corotico.

2174 3774 2358 3830 hostili
2383 3782 2563 3830 mente
2588 3774 2776 3847 (longe
2800 3781 2883 3829 est
2911 3790 2940 3826 a
2969 3774 3193 3828 caritate
3220 3772 3320 3825 Dei
3344 3770 3563 3825 traditur
3585 3764 3714 3818 Chri-

2174 3866 2493 3938 stianorum)
2519 3906 2534 3932 ,
2585 3858 2636 3920 in
2679 3882 2868 3921 manus
2904 3864 3212 3921 Scottorum
3253 3872 3418 3933 atque
3462 3859 3712 3914 Pictorum.

2158 3957 2308 4029 'Lupi
2353 3972 2578 4029 rapaces
2607 3956 2971 4026 deglutierunt
2997 3970 3212 4024 gregem
3234 3952 3490 4016 ‘Domini,
3529 3949 3609 4020 qui
3630 3945 3713 3999 uti-

2173 4065 2280 4119 que
2309 4048 2598 4104 lliberionc
2626 4064 2747 4103 eum
2776 4061 2979 4101 summa
3014 4045 3287 4113 diligentia
3319 4044 3515 4114 optime
3538 4049 3715 4093 cresce-

2173 4140 2297 4203 bat;
2346 4148 2401 4195 et
2431 4139 2523 4193 lilii
2562 4138 2869 4194 Scottorum
2912 4145 2967 4191 et
3009 4134 3128 4189 ﬁliae
3158 4135 3463 4203 regulorum
3502 4123 3714 4185 monachi

2174 4227 2375 4284 ﬁebant
2401 4235 2456 4283 et
2482 4229 2715 4296 virgines
2738 4226 2972 4293 Christi;
3002 4241 3139 4296 quos
3168 4238 3488 4279 enumerare
3515 4229 3711 4286 nequeo.

2173 4316 2201 4355 δ
2222 4319 2581 4387 Quamobrem
2600 4318 2791 4387 injuria
2807 4318 3075 4387 iustorum
3086 4332 3199 4371 non
3219 4315 3315 4370 tibi
3338 4315 3561 4386 placeat,
3579 4308 3714 4365 etiam

2170 4426 2343 4480 usque
2372 4412 2438 4466 ad
2472 4412 2669 4466 inferos
2691 4425 2799 4466 non
2826 4410 3076 4480 placebit.

491 4484 657 4581 ﬁlium
684 4508 738 4559 in
779 4513 1050 4576 conspectu
1089 4503 1252 4574 patris
1280 4500 1361 4555 sui
1397 4488 1584 4571 (Eécll.
1613 4513 1790 4562 xxxrv,
1824 4497 1910 4561 25,
1950 4496 2063 4569 24).
2100 4513 2149 4574 ι)
2243 4499 2352 4556 VII.
2398 4499 2528 4567 Quis
2556 4509 2864 4555 sanctorum
2912 4516 3017 4555 non
3067 4499 3287 4575 horreat
3327 4493 3609 4565 jocundare
3645 4484 3712 4540 vel

492 4595 720 4662 Dititite,
753 4595 944 4665 inquit,
974 4609 1102 4666 quas
1132 4589 1746 4663 congregabitinjustus,
1781 4595 2071 4644 crementur

491 4692 555 4744 de
580 4699 752 4745 matre
779 4689 892 4755 ejus
918 4705 935 4753 ;
967 4685 1124 4739 trahit
1155 4684 1301 4738 illum
1327 4681 1541 4753 angelus
1569 4684 1749 4735 mortis
1784 4698 1801 4735 :
1830 4684 1912 4736 ira
1940 4682 2069 4736 dra-

492 4798 673 4837 conum
700 4777 1037 4835 multabitur:
1058 4773 1495 4846 interﬁcietillum
1530 4771 1707 4845 lingua
1722 4770 1922 4827 colubri
1945 4768 2091 4844 (Job'

564 4903 592 4931 ι
617 4889 887 4955 Bolland.,
916 4905 948 4942 a

561 4964 587 5002 δ
616 4962 695 5016 lta
724 4952 962 5014 Bolland.
983 4952 1259 5026 'Corrupte
1287 4953 1546 5019 Waneus,
1569 4969 1683 5027 qua:
1704 4952 2069 5025 sanguinolen-

491 5044 569 5091 tas
597 5032 912 5102 sanguinare
939 5027 1004 5082 de
1032 5027 1302 5102 sanguine.

566 5116 586 5142 ο
613 5092 771 5157 Huic
795 5099 972 5167 locum
997 5092 1364 5167 rescripsimus
1390 5104 1553 5165 prout
1579 5103 1757 5167 exstat
1774 5092 1916 5164 apud
1943 5094 2066 5167 Bol-

488 5171 788 5228 landianos.
839 5165 971 5222 Nam
1015 5162 1240 5222 male'se
1269 5162 1431 5223 habet
1473 5162 1617 5235 apud
1642 5162 1908 5235 Waneum
1947 5165 2062 5220 sic:

488 5244 765 5299 chrismate
790 5237 1033 5310 neophyti
1059 5239 1113 5310 in
1135 5244 1269 5292 ueste
1294 5233 1524 5310 candida
1544 5233 1799 5306 ﬂagrabat
1819 5236 1873 5310 in
1896 5237 2066 5310 fronte

486 5316 747 5385 ipsorum,
757 5305 1182 5385 dam'qudeliter
1208 5306 1452 5385 trucidati
1478 5305 1629 5385 atque
1648 5305 1860 5359 mactati
1889 5305 2064 5375 gladio

486 5377 518 5438 ἁ
555 5380 886 5446 supradictis.
916 5377 985 5433 Et
1012 5379 1137 5433 mihi
1165 5378 1457 5446 epistolam,
1489 5377 1597 5446 etc.

557 5451 583 5492 δ
614 5444 692 5508 Ex
724 5449 967 5505 Bolland.
1015 5450 1154 5504 hanc
1180 5444 1367 5501 vocem
1419 5444 1733 5509 addidimus,
1765 5460 1885 5513 «pne
1913 5444 2065 5513 deest

485 5523 625 5606 {apud
653 5521 960 5577 Wamum:
995 5519 1084 5573 ubi
1104 5525 1159 5573 et
1186 5517 1347 5587 paulo
1368 5525 1492 5571 ante
1518 5516 1656 5571 male
1693 5512 2064 5582 mancipabunt

486 5596 882 5732 lcgenillldllandq
907 5658 1138 5732 nunquid
1162 5675 1279 5713 amo
1307 5658 1448 5730 piam
1470 5644 1899 5721 misericordium,
1931 5656 2067 5727 quod

484 5733 607 5800 ἕεις)
639 5748 752 5801 ago.

970 4882 1387 4959 quibusdant.__lj:l
1416 4900 1570 4939 manu
1595 4874 1725 4937 mea.

2173 4593 2422 4649 convivio
2449 4590 2554 4647 frui
2601 4607 2722 4649 cum
2771 4591 2999 4646 talibus?
3032 4589 3118 4646 De
3164 4588 3354 4662 spoliis
3382 4587 3712 4643 defunctorum

2173 4683 2601 4741 Christianorum
2646 4685 2989 4754 repleverunt
3032 4684 3223 4739 domos
3258 4698 3414 4747 snas;
3456 4681 3520 4735 de
3546 4670 3713 4745 rapinii

2174 4776 2387 4843 vivunt,
2410 4770 2415 4775 ’
2438 4776 2683 4831 nesciunt
2708 4775 2909 4831 miseri.
2948 4772 2965 4812 ί
2999 4773 3277 4830 Venenum
3320 4773 3533 4834 bibunt,
3572 4762 3715 4820 lethao

2252 4887 2272 4924 τ
2299 4884 2426 4954 Leg.
2452 4900 2572 4939 cum
2596 4884 2816 4939 Waneo
2845 4895 2897 4939 et
2925 4885 3193 4954 Bolland.,
3225 4885 3514 4939 decurtane.

2138 5022 2145 5029 1
2243 4965 2270 5005 s
2299 4940 2578 5029 Bolla_nd.,
2603 4954 2834 5029 Denique
2858 4957 3051 5029 suntin
3080 4940 3575 5029 Christoq(traditus)

2172 5035 2363 5082 extera:
2401 5024 2463 5080 ob
2479 5019 2712 5148 Jgloriam
2750 5019 3067 5095 ineffabilem
3102 5019 3340 5096 perennis
3368 5025 3503 5090 vitae,
3530 5033 3631 5091 qua:
3653 5019 3713 5067 εει

2172 5099 2225 5148 in
2253 5096 2453 5148 Christo
2514 5110 2604 5148 esu
2643 5094 2867 5148 Domino
2895 5104 3074 5148 nostro
3105 5111 3123 5148 :
3151 5096 3247 5148 etsi
3269 5096 3397 5148 mei.
3419 5100 3520 5147 etc.
3563 5078 3710 5141 luter-

2168 5078 2229 5151 iii
2244 5078 2453 5150 Christo
2479 5078 2604 5149 Iesu
2643 5078 2867 5150 Dominii
2895 5088 3074 5150 nostro
3102 5078 3249 5149 ietsi
3269 5096 3397 5153 mei,
3419 5078 3520 5147 etc.
3542 5078 3710 5163 ’ῘηίῗΫ

2170 5167 2348 5222 media
2373 5167 2567 5221 desunt
2593 5167 2731 5233 apud
2765 5164 3055 5234 Warmum,
3078 5164 3219 5221 forte
3254 5164 3580 5220 librariorum
3604 5158 3712 5208 Vitio

2172 5236 2241 5292 ob
2271 5236 2526 5292 repetitas
2548 5251 2710 5290 voces
2734 5236 2787 5289 in
2812 5234 3032 5290 Christo.

2242 5303 2274 5343 ¹³
2301 5290 2425 5376 H199
2455 5303 2647 5359 Warmi
2673 5306 2831 5360 lectio
2878 5305 3046 5373 magis
3090 5304 3265 5374 placet
3292 5317 3449 5376 qmm
3478 5300 3569 5353 ista
3604 5290 3709 5376 lini:

2172 5376 2351 5459 μιλιάηο
2374 5374 2474 5459 Qui
2501 5384 2709 5457 propter
2760 5365 3010 5459 injuriarit
3050 5365 3461 5459 jzistolrum:_non
3491 5379 3534 5422 te
3567 5365 3711 5435 ριαεαῐ

2174 5444 2625 5569 (υῗηιξηεὲεὲἰπιη
2639 5444 2996 5528 apudinferos
3024 5444 3130 5500 non
3150 5444 3391 5516 placabit.
3600 5520 3610 5531 .
3698 5497 3707 5508 ,

2300 5516 2389 5572 Sic
2462 5515 2658 5570 olland.
2713 5515 2872 5571 Dee:t
2918 5515 3095 5571 bibunt
3140 5514 3284 5585 apud
3335 5511 3709 5585 Wanenmhqtn

2173 5602 2301 5641 mox
2316 5570 2494 5657 edidit
2518 5594 2734 5641 mortem
2755 5570 3029 5657 perennem
3063 5570 3265 5657 pcn'am
3293 5589 3575 5655 operantur.
3604 5570 3701 5626 llia-

2173 5664 2288 5713 tum
2316 5656 2678 5729 supplevimus
2705 5656 2776 5712 ex
2794 5656 3034 5712 Bolland.
