3946 6182
253 369 349 431 8&7

1586 390 1589 395 -
1666 356 1673 361 “
1705 355 2024 425 εγκοοαει

3385 361 3485 416 818

251 484 353 536 lem
382 479 557 535 cibum
596 478 872 548 porrigunt
900 472 966 531 ad
996 466 1196 532 amicos
1221 484 1275 532 et
1318 469 1457 529 ﬁlios
1483 486 1629 529 suos.
1658 470 1810 529 Sicut
1842 483 1885 537 Α
1914 492 1984 531 no
2019 494 2031 528 :
2080 491 2178 530 vos
2215 477 2443 544 migrare
2490 474 2729 547 coepistis
2767 476 2857 533 ubi
2909 494 3014 532 nor
3051 493 3152 531 non
3184 475 3279 529 erit
3332 490 3488 539 neque

251 574 357 631 Eva
398 588 506 627 non
550 571 811 627 intellexit
839 570 981 640 quod
1029 579 1259 623 mortem
1289 566 1505 621 tradidit
1529 566 1651 620 viro
1674 579 1810 631 suo;

247 666 325 721 sic
351 671 475 719 sunt
512 677 698 717 omnes
725 662 816 732 qui
854 658 995 715 male
1024 668 1218 727 agunt,
1250 668 1480 711 mortem
1522 670 1815 724 perennem

247 760 569 828 primamque
612 759 924 824 perpetuam
969 759 1279 821 operantur.
1324 746 1667 803 Consuetudo
1706 744 1818 800 Ro-

249 862 529 905 manorum
559 855 613 902 et
638 844 913 900 Gallorum
944 843 1362 898 Christianorum
1393 838 1518 911 (est)
1553 857 1568 891 :
1598 838 1817 892 mittunt

250 942 393 996 viros
420 947 637 993 sanctos
666 937 887 991 idoneos
914 934 980 988 ad
1008 933 1244 987 Francos
1269 939 1323 986 et
1343 942 1366 966 ἰ
1383 939 1605 986 caeteras
1630 936 1817 998 gentes

248 1048 373 1088 cum
412 1036 496 1085 tot
523 1029 753 1083 millibus
780 1025 1071 1081 solidorum
1115 1023 1183 1077 ad
1211 1021 1551 1077 redimendos
1575 1019 1830 1089 captivos-

247 1122 568 1191 baptizato‘s.
598 1120 680 1173 Tu
706 1132 891 1171 omnes
920 1113 1195 1179 interficis,
1228 1119 1285 1166 et
1311 1111 1497 1166 vendis
1526 1110 1648 1164 illos
1672 1109 1828 1178 genti

248 1223 450 1270 extera:
504 1209 769 1281 ignoranti
810 1207 975 1261 Deum
1027 1224 1039 1258 :
1088 1204 1255 1275 quasi,
1292 1204 1345 1257 in
1389 1202 1612 1271 lupanar
1652 1199 1819 1255 tradis

249 1307 487 1362 membra
513 1302 728 1358 Christi.
760 1298 983 1366 Qualem
1011 1312 1163 1366 spem
1191 1295 1357 1349 habes
1391 1294 1443 1346 in
1473 1293 1678 1346 Deum?

322 1396 455 1452 Vili.
488 1395 514 1433 δ
538 1393 638 1460 Qui
668 1402 844 1446 tecum
871 1389 1052 1453 sentit,
1081 1395 1173 1441 aut
1199 1386 1289 1454 qui
1314 1383 1672 1439 communicat
1698 1393 1821 1435 ver-

246 1490 332 1547 bis
370 1487 555 1543 alienis
583 1492 636 1539 et
678 1481 1030 1548 adulationis,
1066 1478 1207 1532 Deus
1243 1475 1520 1549 iudicabit.
1551 1474 1821 1544 Scriptum

247 1588 333 1635 est
361 1577 502 1633 enim
534 1594 547 1630 :
582 1572 700 1628 Non
735 1573 901 1627 solum
930 1572 1178 1641 facientes
1205 1567 1365 1632 mala,
1397 1566 1490 1620 sed
1508 1567 1663 1620 etiam
1690 1580 1824 1619 con-

248 1672 528 1726 sentientes
566 1664 852 1720 damnandi
893 1669 1012 1717 sunt
1042 1659 1217 1730 (Rom.
1253 1675 1293 1727 ι,
1322 1657 1435 1726 52).
1466 1656 1658 1711 Nescio
1694 1654 1839 1724 quid!

246 1764 426 1817 dicam
453 1762 544 1814 aut
571 1755 698 1827 quid
721 1756 912 1824 loquar
932 1752 1158 1822 amplius
1203 1750 1271 1805 de
1306 1748 1566 1815 defunctis
1594 1748 1839 1802 filiorum

1919 569 2103 633 luctus,
2134 585 2293 641 neque
2314 584 2453 624 mors
2478 572 2698 642 ualidius
2728 572 2909 644 (Apoc.
2933 587 3043 637 xxr,
3070 570 3126 641 4)
3148 587 3162 636 ;
3184 567 3279 623 sed
3307 567 3488 621 exsul-

1917 656 2099 711 tabitis
2122 658 2263 713 sicut
2287 659 2441 714 vituli
2471 675 2545 715 exi
2572 660 2799 716 vinculis
2827 661 3088 727 resoluti,
3118 668 3174 715 et
3198 656 3487 715 conculca-

1914 746 2041 803 bitis
2067 747 2299 815 iniquos,
2329 757 2386 804 et
2413 759 2569 805 erunt
2595 752 2730 807 cinis
2754 752 3102 822 suh'pedihus
3129 752 3340 808 vestris.

1986 834 2054 889 X.
2078 835 2186 892 Vos
2211 850 2339 905 ergo
2367 840 2658 907 regnabitis
2696 856 2818 896 cum
2846 842 3106 911 apostolis
3133 849 3190 895 et
3213 839 3490 911 prophetis

1918 934 2081 997 atque
2124 929 2479 1000 martyribus,
2511 939 2567 985 et
2610 941 2809 986 aitet-na
2856 946 3020 1000 regna
3068 933 3315 1002 capietis,
3354 933 3491 988 sicut

1918 1019 2033 1090 ipse
2057 1026 2288 1074 testatur
2315 1020 2427 1091 (qui
2454 1022 2653 1092 inquit)
2685 1041 2697 1076 :
2739 1023 2959 1078 Veniant
2978 1025 3042 1077 ab
3072 1021 3282 1078 Oriente
3310 1034 3359 1076 et
3386 1024 3489 1077 0c-

1918 1112 2138 1176 cidente,
2169 1120 2220 1167 et
2246 1112 2541 1167 recumbent
2574 1131 2688 1168 cum
2712 1114 2974 1170 Abraham
3000 1125 3049 1171 et
3073 1116 3229 1171 Isaac
3254 1117 3491 1171 etJacob

1916 1203 1973 1282 in
2004 1216 2163 1273 regno
2211 1202 2454 1257 certorum
2506 1202 2721 1273 (Matth.
2756 1222 2863 1270 vni,
2896 1206 3008 1277 li).
3039 1204 3195 1261 Foris
3239 1216 3413 1269 canes,
3444 1214 3492 1259 et

1918 1294 2147 1363 veneﬁci,
2178 1301 2228 1346 et
2258 1293 2545 1359 homicidae,
2576 1305 2626 1349 et
2650 1296 2923 1352 mendaces
2953 1298 3152 1368 (Apoc.
3187 1313 3315 1363 xxn,
3345 1295 3444 1367 15)
3471 1338 3488 1362 ,

1920 1383 2119 1453 perjuri
2144 1401 2158 1436 :
2186 1383 2323 1438 Pars
2345 1402 2520 1440 eorum
2545 1387 2600 1441 in
2622 1394 2865 1459 stagnum
2880 1388 3018 1459 ignis
3041 1397 3285 1441 internum
3306 1386 3490 1457 (Apoc.

1921 1488 2032 1537 xxi,
2055 1470 2132 1540 8).
2161 1471 2280 1527 Non
2304 1474 2574 1529 immerito
2604 1475 2680 1529 ait
2705 1476 2994 1545 Apostolus
3025 1494 3038 1529 :
3073 1475 3172 1531 Ubi
3200 1476 3377 1549 justus
3406 1477 3493 1530 via:

1921 1562 2093 1616 salvus
2121 1563 2239 1629 erit,
2269 1574 2506 1633 peccator
2531 1572 2581 1620 et
2616 1568 2807 1636 impius
2849 1576 3202 1638 transgressor
3228 1568 3374 1639 tegis,
3407 1566 3496 1620 ubi

1920 1671 1976 1708 se
2003 1656 2315 1725 recognoscit
2338 1655 2393 1726 (Ι
2445 1656 2591 1711 Petr.
2621 1675 2691 1723 1v,
2716 1656 2835 1729 18)?
2865 1669 2891 1708 ις
2923 1660 3022 1715 Ubi
3049 1660 3189 1714 enim
3215 1658 3496 1714 Coroticus

1924 1760 2044 1798 cum
2069 1746 2181 1801 suis
2201 1746 2627 1804 sceleratissimis
2647 1750 3053 1806 rebellatoribus
3071 1749 3272 1806 Christi
3292 1752 3315 1804 ?
3344 1747 3373 1787 ιι
3394 1748 3497 1805 Ubi

246 1852 387 1918 Dei,
416 1864 552 1919 quos
578 1845 783 1916 gladius
810 1856 970 1911 supra
1009 1839 1228 1895 modum
1264 1838 1397 1892 dure
1436 1837 1626 1906 tetigit.
1676 1835 1821 1892 Seri-
1850 1842 1897 1900 Β
1922 1850 1982 1891 se
2028 1836 2311 1903 videbunt,
2353 1841 2444 1908 qui
2488 1841 2829 1898 mulierculas
2878 1843 3173 1912 baptizatus
3200 1854 3255 1898 et
3298 1842 3498 1912 pmdia

245 1951 402 2015 ptum
429 1949 509 1995 est
537 1939 676 1993 enim
719 1953 732 1988 :
763 1932 919 1988 Flere
946 1947 1059 1985 cum
1085 1927 1323 1999 ﬂentibus
1348 1924 1522 2015 (Rom.
1561 1943 1651 1991 xu,
1692 1925 1775 1996 l5)
1801 1944 1816 1992 ;

245 2014 304 2088 et
328 2034 549 2087 iterum:
571 2028 629 2082 Si
659 2026 794 2080 dolet
821 2039 980 2077 unum
1002 2018 1300 2082 membrum,
1320 2014 1627 2070 condoleant
1644 2016 1818 2068 omnia

246 2120 479 2177 membra
507 2117 563 2190 (Ι
590 2117 711 2172 Cor.
740 2132 835 2176 χιι,
864 2112 977 2184 26).
1008 2111 1348 2180 Quapropter
1376 2106 1616 2161 Ecclesia
1648 2102 1825 2174 plorat

245 2221 304 2268 et
327 2211 533 2283 plangit
557 2208 694 2262 filios
720 2213 789 2261 et-
805 2203 1083 2259 tiliassuas
1101 2216 1236 2270 quas
1254 2197 1431 2254 adhuc
1456 2197 1663 2265 gladius
1691 2211 1826 2250 non-

245 2305 381 2359 dum
419 2298 707 2363 interfecit,
737 2297 829 2353 sed
859 2292 1160 2367 prolongati
1200 2300 1255 2347 et
1279 2289 1546 2361 exportati
1579 2286 1744 2359 (sunt)
1773 2289 1827 2343 in

246 2395 412 2464 longa
456 2402 720 2448 terrarum
764 2389 1002 2460 spatia...
1039 2399 1062 2426 ο
1103 2384 1172 2441 Ut
1220 2391 1503 2454 peccatum
1549 2379 1829 2435 manifeste

246 2498 508 2557 gravetur
542 2482 905 2555 impudentius,
947 2477 1227 2549 impudens
1254 2475 1327 2529 ibi
1354 2473 1560 2527 habitat
1581 2479 1635 2527 et
1661 2470 1830 2525 abun-

250 2577 367 2631 dat.
400 2575 477 2629 lbi
498 2571 787 2629 venundati
808 2569 1024 2648 ingenui
1056 2567 1300 2623 homines
1328 2561 1618 2643 Christiani
1648 2561 1833 2615 inser-

249 2668 483 2722 vitutem
522 2664 725 2719 redacti
767 2670 929 2727 sunt,
969 2658 1263 2732 praesertim
1301 2653 1789 2725 indiguissimorum
1811 2694 1829 2722 ,

252 2759 632 2828 pessimorum,
664 2760 1133 2824 apostatarumque
1154 2751 1444 2806 Pictorum.

330 2844 422 2900 IX.
451 2844 653 2900 idcirco
689 2858 812 2898 cum
838 2842 1054 2897 tristitia
1091 2850 1149 2895 et
1189 2855 1427 2897 mmrore
1450 2840 1784 2896 vociferabor
1814 2859 1829 2895 :

253 2940 300 2994 0
328 2937 708 3008 speciosissimi
727 2945 889 3007 atque
916 2934 1268 2990 amantissimi
1295 2935 1488 2989 fratres
1507 2943 1562 2989 et
1584 2932 1676 2989 lilii
1697 2950 1834 3004 quos

255 3030 314 3083 in
346 3026 560 3083 Christo
580 3026 761 3095 genui,
790 3039 1110 3080 enumerare
1134 3038 1344 3092 nequeo
1372 3024 1499 3094 quid
1522 3023 1714 3079 faciam
1740 3040 1835 3080 vo-

254 3121 376 3178 bis!
423 3121 536 3175 Non
573 3135 692 3173 sum
732 3117 923 3187 dignus
956 3114 983 3154 ά
1017 3117 1130 3172 Deo
1155 3131 1330 3186 neque
1372 3116 1678 3171 hominibus
1702 3116 1832 3170 sub-

1922 1929 2283 2003 orphanorum
2311 1933 2670 2001 spurcissimis
2694 1934 3014 1989 satellitibus
3040 1935 3150 1989 suis
3175 1933 3499 1989 distribuunt

1922 2019 1993 2073 ob
2033 2019 2288 2075 miserum
2317 2036 2541 2090 regnum
2572 2024 2886 2094 temporale,
2914 2024 3057 2094 quod
3082 2025 3265 2094 utique
3293 2025 3348 2080 in
3376 2040 3496 2079 mo—

1923 2118 2106 2166 mento
2134 2120 2401 2180 transeat,
2431 2115 2569 2170 sicut
2606 2116 2805 2181 nubes,
2833 2116 2920 2170 vel
2956 2115 3134 2171 fumus
3175 2115 3271 2184 qui
3314 2116 3499 2185 utique

1923 2213 2084 2256 vento
2106 2202 2465 2273 dispergitur?
2491 2203 2907 2274 Itapeccatores
2926 2213 2978 2261 et
3009 2206 3328 2261 fraudulenli
3357 2221 3387 2259 a
3414 2204 3497 2259 fa-

1925 2292 2008 2347 cie
2061 2291 2272 2347 Domini
2324 2295 2621 2364 peribunt:
2654 2294 2784 2364 justi
2834 2304 3029 2352 autem.
3057 2298 3416 2367 epulabuntur
3443 2298 3499 2352 in

1926 2397 2119 2453 magna
2145 2385 2447 2439 constantia
2477 2400 2603 2441 cum
2624 2385 2840 2445 Christo
2872 2404 2886 2439 :
2907 2385 3227 2455 judicabant
3250 2388 3501 2443 nationes

1929 2480 1986 2528 et
2028 2475 2245 2543 regibus
2280 2475 2477 2544 iniquis
2505 2475 2924 2535 dominabuntur
2949 2478 3003 2533 in
3032 2478 3253 2547 sazcula,
3272 2477 3527 2549 saeculo-_

1928 2580 2069 2621 rum.
2098 2564 2290 2641 Amen.

2001 2656 2279 2714 Testificor
2304 2675 2489 2718 coram
2515 2661 2625 2718 Deo
2653 2670 2710 2718 et
2730 2663 2934 2732 angelis
2960 2663 3092 2729 suis,
3111 2662 3254 2732 quod
3282 2663 3356 2717 ita
3376 2663 3503 2726 erit,

1931 2748 2073 2805 sicut
2096 2748 2364 2810 intimavit
2396 2752 2413 2791 ί
2439 2753 2706 2823 imperitia
2745 2769 2886 2810 mea.
2916 2754 3037 2826 Non
3050 2769 3173 2817 mea
3196 2754 3376 2820 verba,
3407 2753 3505 2809 sed

1932 2842 2049 2909 Dei,
2071 2851 2127 2898 et
2156 2845 2524 2915 apostolorum
2571 2854 2733 2914 atque
2768 2847 3149 2918 prophetarum
3190 2844 3356 2919 (quod
3403 2860 3503 2915 ego

1932 2932 1988 2987 in
2010 2932 2258 2990 Latinum
2280 2935 2549 3007 exposui),
2566 2938 2657 3006 qui
2679 2953 2950 3008 nunquam
2970 2938 3115 2994 enim
3135 2937 3343 2991 mentiti
3358 2945 3503 2991 sunt.

1937 3023 2041 3090 Qui
2085 3027 2388 3095 crediderit,
2419 3029 2588 3084 salvus
2634 3031 2761 3096 erit;
2789 3031 2875 3102 qui
2915 3047 3035 3086 vero
3076 3046 3185 3084 non
3209 3028 3505 3099 crediderit,

1935 3117 2358 3175 condemnabitur
2408 3118 2601 3191 (Marc.
2652 3137 2760 3183 xvi,
2807 3119 2915 3190 i6).
2963 3120 3107 3175 Deus
3150 3120 3360 3175 locutus
3404 3126 3503 3174 est.

257 3214 472 3268 venire.
523 3211 809 3266 Praevaluit
850 3209 1107 3279 iniquitas
1157 3208 1461 3276 iniquorum
1506 3223 1668 3278 super
1713 3223 1828 3262 nos.
1861 3211 1907 3274 C
1936 3206 2147 3274 Quaeso,
2173 3209 2490 3278 plurimum,
2539 3218 2599 3264 ut
2642 3211 2948 3279 quicunque
2999 3209 3253 3269 famulus.
3283 3210 3401 3278 Dei,
3452 3218 3508 3262 ut

256 3304 430 3372 Quasi
475 3303 717 3358 extranei
768 3300 893 3356 facti
944 3315 1149 3355 sumus.
1208 3297 1377 3355 Forte
1440 3313 1549 3353 non
1613 3296 1839 3353 credunt

259 3393 458 3467 (quod)
508 3409 671 3448 unum
717 3391 1044 3461 baptismum
1090 3388 1413 3457 percipimus
1438 3428 1454 3454 ,
1502 3388 1626 3453 vel,
1672 3403 1838 3442 unum

260 3484 437 3540 Deum
463 3491 669 3553 patrem
695 3481 974 3536 habemus.
996 3477 1275 3546 indignum
1295 3484 1380 3534 est
1407 3478 1541 3543 illis;
1570 3487 1592 3515 ο
1621 3477 1839 3534 Hiberia

262 3574 382 3630 nati
416 3590 629 3638 sumus,
661 3574 798 3627 sicut
830 3572 906 3627 ait
938 3588 952 3624 :
983 3585 1163 3627 nonne
1195 3586 1359 3624 unum
1387 3570 1557 3629 Deum
1589 3570 1837 3624 habetis?

263 3664 406 3732 Quid
430 3664 789 3732 dereliquistis
808 3649 1169 3730 unusquisque
1203 3661 1504 3730 proximum
1530 3662 1721 3729 suum?
1748 3660 1835 3716 Id-

262 3736 414 3812 circo
441 3755 599 3810 doleo
614 3769 712 3824 pro
731 3754 904 3820 vobis,
932 3752 1090 3807 doleo
1106 3751 1414 3815 ,.carissimi
1435 3751 1600 3817 mihi;
1629 3752 1721 3823 sed
1746 3740 1840 3817 ite?

264 3862 387 3901 rum
415 3845 624 3914 gaudeo
652 3845 791 3899 intra
818 3844 1107 3912 meipsnm;
1138 3841 1433 3909 non-gratis
1460 3841 1719 3907 laboravi,
1754 3843 1836 3898 vel

265 3936 628 4007 peregrinatio
650 3950 769 3989 mea
795 3936 850 3990 in
870 3949 1092 3989 vacuum
1113 3948 1222 3988 non
1249 3931 1377 3998 ﬂuit;
1402 3939 1457 3987 et
1485 3933 1710 4001 contigit
1732 3946 1847 3987 sce-

266 4028 355 4081 lus
382 4025 400 4065 ί
425 4034 533 4080 tam
566 4024 911 4089 horrendum,
947 4022 1235 4079 ineffabile.
1258 4022 1369 4077 Deo
1387 4023 1588 4090 gratias
1602 4013 1843 4090 ,,creduli

265 4116 525 4186 baptizati
570 4115 638 4170 de
664 4115 863 4171 saeculo
903 4114 1201 4172 recessistis
1230 4112 1297 4167 ad
1342 4113 1679 4183 paradisum.
1709 4110 1845 4169 Cer.

343 4237 368 4264 ι
395 4226 662 4291 Bolland.,
690 4235 914 4280 exteras.
944 4224 1065 4280 Mox
1091 4239 1212 4280 cum
1248 4223 1434 4281 iisdem
1479 4223 1707 4291 legimus
1729 4243 1849 4283 om-

265 4314 360 4352 nes
387 4297 655 4366 interﬁcis,
680 4296 768 4366 ubi
793 4295 1028 4366 Warteus
1054 4308 1333 4366 perperam
1358 4295 1501 4348 toties
1529 4297 1795 4366 interﬁcis.

341 4367 369 4405 ιι
400 4365 489 4420 Sic
522 4362 777 4418 'Bolland.
813 4366 882 4418 At
931 4362 1173 4418 Wartcus
1201 4403 1217 4428 ,
1247 4364 1324 4417 vel
1365 4367 1450 4435 qui
1480 4372 1528 4419 te
1556 4362 1853 4422 consentit?

345 4436 472 4485 tnui
493 4445 539 4485 te
563 4435 906 4485 communicat
933 4431 1097 4485 verbis
1123 4432 1457 4485 adulationis.

950 4450 960 4475 1

267 4447 362 4491 aut
382 4442 472 4505 qui
493 4445 539 4488 te
563 4442 906 4488 communicat
933 4442 1097 4487 verbis
1123 4442 1457 4487 adulationis.

346 4518 368 4544 ο
401 4505 476 4559 Ita
507 4504 748 4557 Bolland.
771 4504 925 4573 Apud
951 4500 1222 4573 Warreum
1242 4519 1371 4558 vero
1391 4511 1568 4558 exstat
1584 4504 1674 4561 hic
1695 4508 1846 4564 lacus

268 4576 346 4629 ita
393 4581 683 4639 corruptus
723 4580 778 4645 et
821 4571 1036 4645 mutilus
1062 4590 1081 4645 :_
1116 4571 1215 4626 Ubi
1260 4582 1525 4644 peccatum
1567 4579 1845 4645 manifeste

270 4653 533 4715 gravetur,
563 4643 889 4715 impudenter
909 4642 1158 4715 abundat.

345 4714 369 4749 ⁴
402 4714 563 4768 Deest
594 4710 706 4767 hcce
733 4728 840 4782 vox
884 4713 1023 4782 apud
1074 4710 1315 4782 Bolland.
1364 4710 1433 4767 Et
1476 4730 1605 4769 mox
1654 4714 1846 4770 desunt

270 4782 433 4837 etiam
477 4783 618 4856 apud
655 4781 874 4856 eosdem
901 4778 1181 4856 sequentia
1213 4799 1228 4835 :
1261 4778 1424 4856 Quasi
1447 4786 1681 4856 extranei
1721 4788 1847 4856 facti

271 4799 433 4837 etiam
477 4799 505 4835 a
585 4799 618 4836 (ι
655 4799 874 4845 θοεᾳωιι
901 4799 1181 4850 sequentia
1213 4799 1228 4835 ἶ
1261 4799 1424 4844 una“
1447 4799 1681 4838 extranei
1721 4799 1844 4856 {acti

271 4868 468 4924 sums.
503 4799 603 4917 iiii:
644 4852 806 4920 paulo
832 4859 965 4924 post
982 4852 1276 4924 exhibent;
1313 4851 1484 4924 Unum
1536 4852 1844 4924 baptismum

270 4919 894 4994 percepimus,_et_hunum
926 4919 1091 4994 Deum
1134 4922 1407 4976 credimus.
1443 4919 1723 4994 Indignum
1767 4935 1844 4979 est

270 4988 399 5060 illis,
421 4988 563 5061 quod
584 4988 646 5044 de
665 4988 918 5045 Hibernia
939 4992 1048 5044 nati
1077 5007 1248 5046 sumus
1271 5008 1288 5046 :
1319 4996 1394 5046 sic
1413 4994 1547 5047 enim
1569 4988 1734 5049 aiunt.

1244 5120 2671 5145 MM

1940 3308 2218 3369 promptus
2245 3299 2424 3365 fuerit,
2448 3309 2509 3354 ut
2550 3301 2619 3355 sit
2645 3301 2861 3368 gerulus
2886 3302 3183 3356 litterarum
3208 3302 3418 3365 harum,
3451 3308 3508 3355 ut

1941 3390 2267 3457 neutiquam
2296 3390 2640 3446 subtrahatur
2664 3408 2694 3444 a
2724 3392 2967 3460 nemine,
2996 3391 3089 3446 sed
3118 3392 3288 3461 magis
3332 3390 3511 3460 potius

1880 3514 1913 3561 ὶι
1939 3478 2147 3546 legatur
2169 3493 2351 3535 coram
2372 3480 2577 3534 cunctis
2599 3480 2863 3549 plebibus,
2894 3490 2950 3536 et
2970 3496 3152 3536 coram
3176 3481 3305 3551 ipso
3334 3481 3508 3536 Coro-

1942 3573 2068 3627 tico.
2100 3570 2257 3638 Quod
2281 3572 2326 3628 si
2363 3571 2507 3627 Deus
2546 3572 2772 3643 inspirat
2812 3572 2932 3627 illos
2969 3580 3025 3627 ut
3053 3571 3371 3641 quandoque
3399 3572 3512 3627 Deo

1939 3664 2280 3734 resipiscant,
2304 3671 2360 3719 et
2386 3665 2471 3720 vel
2516 3679 2649 3731 sero,
2674 3665 2970 3734 pmttiteant
3016 3654 3161 3732 quod
3208 3672 3312 3717 tam
3355 3663 3515 3731 impie

1941 3762 2219 3824 gesserunt
2244 3754 2531 3821 homicidre
2573 3768 2702 3824 erga
2729 3754 2921 3810 fratres
2949 3753 3178 3818 Domini,
3210 3760 3265 3808 et
3290 3753 3515 3808 liberant

1943 3847 2181 3916 captivas
2233 3845 2535 3916 haptizatas
2560 3860 2692 3914 quas
2732 3853 2857 3900 ante
2882 3853 3160 3921 ceperunt,
3193 3845 3264 3900 ita
3293 3852 3354 3899 ut
3395 3860 3514 3901 ntc—
3592 3898 3603 3908 ,

1942 3944 2162 3998 reantur
2181 3936 2294 3992 Deo
2322 3922 2598 4007 vivere,'et
2620 3934 3062 4009 sanielﬁciantur
3088 3935 3176 3992 hic
3203 3942 3256 3992 et
3276 3936 3333 3989 in
3360 3943 3521 3989 teter—

1946 4044 2092 4087 mnu.
2124 4026 2237 4082 Pax
2265 4026 2433 4094 Patri,
2463 4037 2520 4084 et
2541 4027 2699 4098 Filio,
2727 4035 2783 4083 et
2802 4027 3025 4101 Spiritui
3053 4037 3257 4085 sancto.
3290 4028 3477 4084 Amen.

2022 4242 2045 4271 ε
2076 4232 2327 4289 Hibernia
2354 4248 2477 4303 qua)
2511 4249 2673 4304 supra
2717 4233 3000 4290 Hiberione
3044 4235 3432 4301 appellabatur.
3463 4236 3519 4290 in

1947 4304 2192 4375 om_ni_hus
2215 4303 2608 4375 exemplaribus
2635 4305 2726 4360 hic
2749 4306 3063 4375 appellatur_
3092 4303 3326 4375 "deria.
3357 4304 3513 4359 Νη.

2021 4370 2042 4409 ί
2072 4371 2197 4428 Post
2224 4370 2609 4458 _l.ianc:‘vocem
2667 4370 2992 4458 interserunt
3038 4373 3416 4458 Dolland.,illo
3464 4376 3522 4427 in

1948 4449 2191 4509 tempore.
2224 4443 2345 4499 Mox
2378 4444 2539 4500 iidem
2561 4443 2827 4499 credentes
2855 4454 2905 4499 et
2932 4444 3193 4514 baptizati.

1950 4506 2537 4635 Πέὀξίίἇξῗὲῗνεὶωυε
2556 4530 2677 4571 cum
2698 4515 2969 4580 Bolland.,
2984 4512 3317 4582 nequeenim
3341 4512 3520 4583 placet

1999 4581 2099 4636 nde
2125 4581 2352 4638 Warmif
3072 4581 3085 4582 ’
3343 4581 3358 4583 ί

2002 4646 2043 4720 κδ
2072 4650 2146 4705 Ita
2177 4652 2419 4709 Bolland.
2470 4652 2595 4709 Htec
2623 4671 2753 4709 vero
2798 4654 2973 4710 hiulca
3006 4664 3059 4709 et
3097 4652 3350 4708 mendosa
3382 4650 3521 4720 apud

1946 4719 2215 4793 Warmnm
2236 4722 2325 4779 hic
2357 4743 2370 4777 ε
2406 4723 2503 4778 Ubi
2525 4740 2579 4778 se
2604 4725 2861 4793 videbunt,
2893 4741 3008 4779 cum
3028 4726 3164 4779 inter
3196 4719 3524 4778 mulierculas

1949 4787 2242 4866 baptizath
2263 4796 2484 4866 praemia
2511 4787 2905 4866 distribuuntur.

2027 4860 2042 4897 ί
2075 4860 2151 4914 Ita
2182 4861 2446 4934 Bolland.,
2477 4865 2568 4918 ubi
2600 4863 2882 4934 (Waneus,
2913 4864 3181 4934 imperitia:
3214 4880 3344 4918 mea:
3373 4880 3389 4917 :
3422 4879 3522 4917 non

1948 4946 2063 5053 mea
2099 4929 2268 5014 verba,
2300 4933 2409 4992 sed.
2441 4941 2546 4988 etc.
2595 4933 2720 4989 Mox
2744 4929 2994 4988 Latinum
3042 4935 3242 5003 absque
3269 4934 3522 5005 praeposi-

1973 5015 2096 5053 ione
2119 5018 2192 5053 ιη.

1973 5015 2096 5055 10118
2119 5018 2192 5055 ιη.

2676 5132 3528 5147 m—

1268 5226 1753 5301 SYNODUS
1806 5231 1889 5302 S.
1958 5237 2092 5305 PA
2109 5239 2448 5310 TRICII

1733 5349 2069 5364 ———

784 5398 1007 5457 CAPUT
1041 5399 1329 5457 PRIMUM.

453 5493 535 5550 De
552 5494 865 5550 habitatione
884 5511 999 5550 cum
1028 5496 1273 5569 fratribus
1299 5490 1668 5569 peccatoribus.

348 5583 425 5642 De
451 5601 518 5641 eo
544 5585 686 5656 quod
713 5586 1021 5652 mandastis,
1052 5586 1119 5641 de
1157 5587 1490 5644 habitatione
1514 5605 1634 5645 cum
1664 5590 1845 5673 fratri-

283 5677 381 5734 bus
407 5682 793 5749 peccatoribus,
825 5680 1003 5747 audite
1031 5678 1349 5752 Apostolum
1376 5681 1641 5739 dicentem
1676 5702 1689 5737 :
1719 5684 1845 5740 Cum

289 5769 573 5839 hujasmodi
612 5789 675 5829 ne
712 5773 876 5828 cibum
905 5772 1105 5845 quidem
1147 5790 1341 5831 sumere
1384 5771 1437 5848 (Ι
1471 5772 1590 5832 Cor.
1639 5792 1692 5847 v,
1726 5776 1841 5851 il);

1945 5425 2055 5467 non
2084 5413 2198 5481 ejus
2227 5429 2377 5471 escas
2409 5432 2590 5473 sumas
2627 5432 2751 5474 cum
2777 5434 2864 5476 eo.
2891 5418 3156 5476 Caeterum
3184 5421 3229 5477 si
3254 5420 3342 5476 bos
3368 5423 3443 5478 sis
3474 5432 3527 5478 et

1948 5506 2179 5572 trituras,
2204 5506 2308 5564 hoc
2332 5517 2434 5574 est,
2465 5508 2511 5563 si
2538 5509 2727 5566 doctor
2752 5526 2811 5567 es
2838 5519 2895 5569 et
2917 5510 3101 5577 doces,
3128 5529 3232 5568 non
3257 5513 3525 5569 obturatur

1951 5595 2043 5649 tibi
2070 5613 2130 5651 as
2164 5596 2218 5669 (1
2245 5596 2365 5654 Cor.
2396 5614 2469 5666 ix,
2501 5597 2577 5669 9),
2618 5610 2671 5654 et
2696 5602 2883 5673 dignus
2908 5618 2963 5656 es
2990 5603 3223 5656 mercede
3255 5611 3343 5657 tua
3368 5603 3518 5673 (Luc.

1953 5701 2006 5749 χ,
2035 5686 2109 5756 7).
2137 5686 2243 5743 Sed
2269 5690 2435 5744 oleum
2462 5693 2739 5758 peccatoris
2760 5708 2862 5747 non
2892 5691 3173 5764 impinguet
3200 5703 3352 5766 caput
3381 5704 3520 5752 tuum

1954 5778 2124 5850 (Ρεαι.
2148 5795 2266 5849 cxt,
2293 5778 2345 5851 5)
2382 5800 2394 5835 :
2425 5781 2517 5842 sed
2546 5782 2755 5853 corripe
2775 5783 2946 5840 adhuc
2972 5793 3029 5842 et
3049 5800 3267 5856 argum,
3325 5837 3329 5842 .
