3946 6182
469 264 500 319 ε
511 262 576 318 l9
1391 275 1451 322 Β.
1489 265 1851 321 νλτωωυε
1889 262 2037 319 HIBE

2134 263 2340 351 ποιων
2380 263 2798 324 Αροδτοιυε.
2854 242 2864 256 ’
3581 277 3666 330 tm

1098 378 1327 436 CAPUT
1361 379 1424 435 II.
2078 378 2129 436 Α
2157 384 2236 430 tat
2256 375 2630 442 ministerium,
2653 377 2756 430 nisi
2778 376 2872 446 qui
2897 385 3100 432 tantum
3138 394 3168 433 a
3201 390 3472 450 conspectu
3494 383 3665 444 Domini

2153 481 2384 537 peccans
2402 483 2512 524 non
2537 469 2782 526 recessit.

2763 561 2992 618 CAPUT
3029 563 3117 619 XI.

2399 651 2482 706 De
2506 654 2833 723 separatione
2859 671 3070 708 sexuum
3104 665 3218 727 post
3250 656 3457 728 lapsum.

2219 741 2540 798 Considerct
2566 746 2928 815 unusquisque
2957 746 3009 800 in
3038 747 3357 802 conscientia
3383 765 3470 803 sua
3493 751 3532 804 si
3551 767 3672 809 amor

2152 841 2205 888 et
2231 833 2552 888 desiderium
2575 836 2806 889 cessavit
2834 837 3071 905 peccati;
3092 837 3215 905 quia
3235 853 3422 908 corpus
3445 851 3672 897 mortuum

2154 941 2257 981 non
2303 926 2468 982 inlicit
2515 942 2712 997 corpus
2749 927 2970 984 alterius
3007 930 3224 985 mortui.
3262 928 3354 986 Sin
3385 947 3524 1000 vero,
3546 949 3672 1004 sepa-

2147 1025 2354 1072 rentur.

935 469 1012 526 De
1029 469 1375 533 oblationibus
1394 488 1590 526 eorum.

541 574 565 602 ι
594 562 872 619 Contentus
911 571 1167 635 tegmenta
1193 572 1243 619 et
1277 564 1520 619 climata
1550 572 1654 626 tuo,
1687 569 1882 617 uetera
1912 559 2051 614 dona

467 657 754 725 iniquorum
780 652 998 722 reproba
1027 653 1213 726 (Eccli.
1260 669 1441 721 xxsiv,
1467 652 1582 724 25),
1608 653 1732 724 quia
1757 666 1867 708 non
1889 649 2052 706 sumit

467 747 684 801 lucerna
711 745 814 801 nisi
838 745 984 817 quod
1011 747 1192 801 alitur.

1073 835 1302 892 CAPUT
1340 837 1427 892 III.

881 927 962 983 De
985 930 1280 999 pernitentia
1301 938 1418 1000 post
1442 930 1643 984 ruinas.

535 1019 804 1076 Statuitur
836 1029 894 1075 ut
921 1021 1088 1076 abbas
1122 1021 1301 1076 videat
1327 1021 1414 1077 cui
1441 1020 1764 1076 attribuetur
1805 1026 2048 1089 potestas

465 1111 717 1180 alligandi
741 1119 796 1166 et
816 1111 1088 1178 solvendi;
1129 1111 1226 1169 sed
1254 1113 1431 1183 aptior
1455 1119 1554 1176 est,
1574 1111 1727 1180 juxta
1757 1110 2047 1179 Scriptura:

464 1204 732 1273 exempla,
760 1203 788 1242 ιι
818 1205 1050 1259 veniam.
1089 1202 1153 1259 Si.
1178 1217 1305 1258 vero
1342 1217 1462 1258 cum
1509 1199 1636 1256 ﬁetu
1681 1207 1738 1255 et
1782 1199 2046 1254 lamenta-

466 1293 610 1350 tione
637 1303 692 1350 et
718 1294 928 1365 lugubri
956 1310 1080 1351 cum
1110 1305 1278 1360 veste,
1307 1293 1407 1349 sub
1444 1291 1687 1349 custodia
1730 1289 2046 1360 pmnitentia

463 1382 658 1452 brevis,
689 1401 852 1456 quam
880 1387 1039 1456 longa
1063 1395 1118 1441 et
1143 1386 1368 1441 remissa
1396 1400 1518 1441 cum
1549 1381 2004 1456 temperamentis.

2746 1111 2975 1167 CAPUT
3013 1112 3123 1167 XII.

2548 1201 2629 1257 De
2652 1201 2912 1258 oblatione
2935 1221 3028 1275 pro
3054 1205 3328 1277 defunctis.

2217 1293 2356 1348 Audi
2385 1292 2704 1364 Apostolum
2726 1293 2995 1350 dicentem
3020 1313 3032 1348 :
3057 1296 3155 1350 Est
3182 1305 3348 1350 autem
3372 1301 3673 1368 peccatumst

2147 1395 2380 1452 mortem,
2399 1402 2503 1440 non
2521 1403 2616 1458 pro
2636 1386 2728 1441 illo
2749 1387 2886 1450 dico,
2909 1395 2966 1440 ut
2993 1397 3134 1458 roget
3161 1389 3276 1458 quis
3291 1385 3342 1458 (I
3362 1385 3508 1440 Joan.
3522 1402 3568 1451 ν,
3585 1385 3673 1458 l6).

1077 1478 1307 1536 CAPUT
1346 1478 1436 1532 IV.
2146 1482 2214 1536 Et
2248 1481 2543 1535 Dominus:
2578 1477 2756 1534 Nolite
2787 1478 2982 1534 donare
3002 1489 3238 1535 sanctum
3266 1481 3468 1533 canibus
3497 1477 3672 1548 (Matth.

808 1571 886 1626 De
911 1570 1352 1626 excommunicato
1381 1567 1696 1640 repellendo-
2145 1591 2235 1639 vn,
2267 1572 2345 1644 6).
2376 1572 2477 1640 Qui
2506 1573 2648 1628 enim
2679 1573 2732 1627 in
2763 1573 2870 1626 vita
2891 1587 2987 1626 sua
3015 1568 3334 1627 sacriﬁcium
3360 1587 3461 1624 non
3487 1569 3675 1624 merebi-

531 1663 667 1718 Αυόί
702 1663 987 1718 Dominum
1021 1662 1290 1718 dicentem
1320 1679 1332 1714 ε
1358 1659 1420 1715 δί
1453 1660 1542 1714 tibi
1567 1675 1672 1715 ηοη
1706 1659 1947 1723 MM!»
1975 1659 2045 1712 ιὶι
2145 1679 2232 1724 tur
2259 1668 2524 1738 accipere,
2555 1664 2825 1736 quomodo
2863 1672 2986 1735 post
3019 1672 3248 1719 mortem
3288 1662 3360 1718 illi
3395 1662 3573 1733 poterit
3601 1661 3674 1715 ad-

462 1753 551 1807 tibi
579 1753 713 1807 velut
742 1753 949 1824 gentilis
967 1761 1016 1806 et
1038 1751 1342 1823 publicanus
1373 1749 1586 1822 (Matt/2.
1617 1764 1762 1815 XVIII,
1792 1747 1901 1818 l7).
1925 1748 2042 1803 Non
2139 1760 2364 1831 juvare?

460 1841 768 1908 maledices,
797 1843 892 1899 sed
929 1843 1160 1913 repellas
1187 1843 1708 1899 escommunicatum
1734 1857 1764 1896 a
1797 1856 2038 1896 commu-

460 1935 621 1990 nione
642 1943 697 1998 et
723 1949 928 1999 mensa,
954 1943 1008 1990 et
1035 1935 1197 1989 missa
1223 1942 1278 1988 et
1305 1948 1458 2004 pace.
1483 1932 1548 1987 Et
1576 1934 1621 1988 si
1652 1933 1920 1988 htereticus
1942 1941 2036 1998 est,

457 2031 572 2094 post
599 2039 758 2078 unam
777 2025 1150 2096 corrcptionem
1177 2024 1348 2079 devita
1372 2022 1496 2095 (Tit.
1527 2039 1603 2090 tu,
1628 2021 1740 2095 10).

1079 2115 1308 2173 CAPUT
1347 2117 1412 2173 V.

2729 1847 2956 1904 CAPUT
2995 1846 3129 1901 Xlll.

2737 1939 2815 1995 De
2841 1941 3122 2010 sacriﬁcio.

2067 2043 2114 2102 Β
2212 2033 2270 2090 In
2299 2016 2459 2090 nocte
2484 2033 2714 2105 paschae,
2743 2033 2788 2087 si
2828 2032 2910 2087 tas
2945 2039 3029 2087 est
3056 2030 3199 2085 ferre
3238 2030 3400 2084 foras.
3429 2027 3534 2081 Non
3560 2025 3674 2080 foras

2139 2125 2331 2190 l‘crlur,
2360 2125 2455 2181 sed
2485 2123 2728 2180 ﬁdelibus
2752 2123 3044 2180 deferatur.
3077 2119 3214 2188 Quid
3252 2117 3394 2174 aliud
3433 2115 3675 2185 signiﬁcat.

753 2249 782 2264 κ
952 2211 1032 2267 De
1060 2211 1310 2283 δωρεαί⁸
1345 2211 1535 2264 enim.“
2139 2217 2282 2287 quod
2307 2219 2362 2271 in
2391 2233 2495 2270 una
2523 2215 2673 2270 domo
2702 2215 2931 2270 sumitur
2957 2226 3143 2280 agnus,
3169 2227 3332 2280 quam
3351 2210 3446 2265 sub
3467 2224 3561 2262 uno
3579 2207 3673 2261 ﬁdei

528 2309 665 2365 Audi
700 2308 984 2364 Dominum
1013 2305 1279 2362 dicentem
1310 2321 1324 2357 :
1356 2303 1528 2359 Sinite
1560 2310 1777 2374 utraque
1812 2316 2037 2355 crescere

2139 2309 2369 2366 culmine
2395 2308 2632 2364 creditur
2658 2315 2715 2363 et
2739 2306 3166 2363 communicatur
3191 2302 3470 2360 Christus?

455 2420 612 2476 usque
638 2403 708 2457 ad
730 2417 946 2457 messem
963 2397 1179 2472 (Hattlt.
1213 2414 1325 2464 xm,
1347 2397 1436 2467 '50)
1456 2433 1471 2460 ,
1499 2397 1604 2452 hoc
1622 2403 1726 2461 cst,
1754 2393 1927 2449 donec
1947 2408 2038 2448 ve-
2724 2397 2953 2454 CAPUT
2991 2396 3128 2451 XIV.

456 2497 566 2552 niet
591 2494 684 2564 qui
717 2491 1069 2565 tnanifestabit
1103 2491 1322 2546 consilia
1356 2488 1587 2543 cordium
1627 2486 1670 2558 (ι
1699 2485 1818 2541 Cor.
1851 2502 1922 2550 tv,
1954 2483 2033 2554 5),

2503 2493 2584 2548 De
2623 2491 2919 2547 abstinenti.
2946 2531 2959 2544 .
2986 2529 3001 2544 .
3028 2530 3042 2544 .
3069 2528 3084 2542 .
3112 2528 3126 2544 .
3158 2506 3190 2541 α
3217 2489 3366 2565 cibis.

388 2627 392 2631 .
456 2601 522 2640 ne
545 2563 802 2653 judicium
829 2563 955 2637 ante
991 2580 1134 2636 diem
1157 2579 1344 2651 judicii
1371 2576 1557 2633 facias.
1585 2576 1722 2632 Vide
1747 2575 1940 2631 ludam
1967 2574 2036 2630 ad
2209 2596 2235 2634 κ
2265 2586 2535 2642 διειυιυω
2558 2593 2616 2640 ιιι
2641 2583 2840 2639 Christi
2861 2583 3146 2654 adventum
3178 2563 3365 2651 sponsi
3385 2577 3542 2632 nullas
3557 2582 3674 2629 ratas

456 2691 694 2734 υὶεηείιῐη
719 2675 957 2743 Domini.
979 2683 1034 2729 θῑ
1061 2673 1327 2727 latronem
1357 2671 1411 2726 in
1441 2669 1713 2742 Ρδΐίιάίδο·
2136 2679 2282 2748 leges
2309 2677 2548 2732 inveniat»
2566 2675 2774 2745 jejunli.
2805 2673 2942 2741 Quid
2971 2681 3152 2728 autem
3179 2673 3327 2726 inter
3364 2667 3672 2724 Novatianum

1065 2762 1295 2818 CAPUT
1331 2762 1420 2818 Ἧι
2135 2779 2191 2827 et
2216 2769 2581 2825 Christianum
2611 2768 2856 2835 interest,
2885 2765 2987 2820 nisi
3013 2763 3160 2834 quod
3197 2762 3516 2818 Novatianus
3547 2756 3672 2810 inde-

923 2857 1000 2913 υθ
1034 2858 1272 2912 "indictis
1297 2851 1566 2911 Εεειθδίωο
2134 2865 2394 2928 sitienter,
2427 2860 2764 2918 Christianus
2803 2876 2932 2916 vero
2970 2874 3069 2931 per
3099 2868 3317 2927 tempus
3339 2853 3606 2910 abstineat?
3631 2858 3673 2902 ut

525 2953 661 3009 Audi
704 2953 833 3007 item
863 2950 1148 3006 Dominum
1175 2948 1442 3004 dicentem
1469 2965 1481 3000 :
1516 2945 1616 3011 Qui
1643 2943 1884 3015 effuderit
1909 2961 2034 2998 san-

2135 2955 2305 3023 locus,
2336 2962 2392 3010 et
2419 2960 2650 3024 tempus,
2679 2960 2734 3008 et
2757 2966 2989 3023 persona
3010 2965 3110 3021 per
3133 2949 3319 3004 omnia
3348 2947 3647 3003 observetur.

454 3045 658 3117 guinem
691 3055 711 3080 ι·
745 3043 1108 3106 innocentem,
1135 3039 1347 3110 sanguis
1374 3039 1536 3109 ipsius
1564 3035 1856 3106 e/fundetur
1877 3032 2029 3106 (Gen.

454 3151 528 3200 ut,
569 3131 648 3203 6),
684 3132 779 3188 sed
812 3133 879 3188 ab
907 3146 975 3187 eo
1000 3131 1091 3200 qni
1119 3136 1300 3201 portat
1336 3128 1568 3198 gladium
1597 3127 1844 3193 dictetur,
1880 3125 1910 3164 τι
1939 3133 2034 3180 aut
2425 3140 2500 3195 De
2529 3139 2863 3212 relinquenda
2890 3138 2969 3192 νει
2997 3135 3229 3191 docenda
3249 3135 3442 3204 ρσιτία,

453 3230 697 3287 vindicta:
725 3227 982 3282 innocens
1007 3225 1253 3279 habetur.
1284 3223 1358 3278 Dc
1384 3222 1594 3278 czcteris
1626 3232 1805 3276 autem
1834 3235 1933 3291 per
1955 3218 2033 3274 le-
2208 3232 2460 3289 pocenda
2498 3231 2673 3302 pan-ia
2720 3229 2870 3300 prius
2914 3243 3013 3299 per
3057 3226 3368 3296 exemplum
3401 3218 3607 3281 Domini,
3632 3222 3673 3269 et

451 3335 572 3391 gem
601 3317 985 3388 evangelicam,
1017 3315 1084 3371 ab
1103 3329 1170 3370 eo
1199 3315 1320 3370 loco
1342 3315 1395 3368 in
1416 3329 1525 3384 quo
1554 3313 1628 3366 ait
1661 3330 1673 3364 :
1705 3311 1916 3366 Etcum
1945 3311 2036 3382 qui

2135 3321 2552 3390 derelinquenda
2581 3328 2792 3390 postca,
2821 3319 2868 3372 si
2896 3331 3002 3372 non
3032 3315 3302 3387 proﬁciat,
3343 3312 3488 3383 juxta
3522 3319 3674 3362 exem-

452 3414 622 3482 sufert
648 3408 846 3482 aliquid
872 3426 905 3462 a
934 3417 998 3473 te,
1022 3423 1088 3462 ne
1107 3415 1305 3494 repetas
1333 3404 1487 3477 (Luc.
1514 3420 1583 3470 vr,
1609 3402 1722 3471 50),
1750 3402 1846 3458 sed
1870 3401 2034 3458 liben-

2135 3416 2280 3487 plum
2308 3413 2573 3484 Apustoli.
2594 3411 2704 3466 Sed
2730 3411 2823 3480 qui
2849 3415 3029 3480 potest
3054 3405 3342 3478 proﬁcere,
3367 3405 3484 3494 licet
3507 3394 3675 3470 pericli-

453 3514 563 3573 δοτὶ
591 3503 639 3560 εί
667 3503 781 3575 ipse
804 3501 933 3574 qum
957 3498 1180 3562 ῖθῖετθῑν
1206 3493 1482 3554 humiliter
1499 3496 1748 3566 ΐθοίρίδεο
2139 3513 2299 3570 tatur,
2326 3504 2522 3572 ubique
2550 3502 2763 3567 doceat,
2796 3507 2852 3554 et
2893 3513 2952 3553 se
2991 3496 3272 3560 ostendat;
3303 3493 3394 3564 qui
3433 3503 3552 3545 vero
3589 3498 3675 3575 non

1049 3589 1280 3645 CAPUT
1305 3589 1417 3646 Vu-
2133 3603 2336 3669 potest,
2370 3603 2544 3672 taceat
2570 3601 2627 3648 et
2661 3591 2956 3647 abscondat
2987 3589 3164 3644 :alius
3183 3587 3387 3656 quippe
3413 3585 3478 3639 ab
3502 3573 3673 3668 ιεωίῃ

899 3682 981 3738 De
1005 3681 1325 3753 baptismatis
1352 3681 1582 3736 incertis.

2134 3689 2352 3746 domum
2370 3701 2528 3742 suam
2545 3685 2793 3747 mittitur,
2819 3682 2959 3736 alius
2976 3679 3130 3748 sequi
3150 3678 3397 3748 iubetur.

517 3778 774 3833 Statuunt
801 3790 870 3830 ne
898 3773 1215 3844 rebaptizati
1241 3773 1392 3846 (sint)
1421 3772 1512 3842 qui
1553 3770 1781 3842 symboli
1815 3779 1837 3807 θ
1865 3768 2032 3824 tradi-
2711 3773 2942 3830 CAPUT
2979 3771 3116 3827 XVI.

449 3870 596 3926 tiOne
619 3884 649 3922 a
677 3881 1000 3938 quocunque
1022 3872 1362 3935 acceperunt,
1389 3865 1513 3934 quia
1534 3879 1641 3918 non
1664 3862 1828 3918 inﬁcit
1848 3876 2034 3917 semen
2653 3869 2732 3924 De
2753 3869 2902 3941 falsis
2923 3867 3196 3938 episcopis.

449 3959 766 4016 seminantis
806 3958 1076 4028 iniquitas.
1117 3956 1211 4012 Sin
1242 3972 1392 4023 vero,
1427 3972 1533 4011 non
1563 3963 1644 4010 est
1671 3955 2028 4025 rebaptizare,
2203 3967 2307 4034 Qui
2341 3978 2448 4020 ηοη
2496 3960 2789 4019 secundum
2836 3957 3152 4030 Αροειοισπ,
3181 3955 3394 4011 eiectus
3418 3959 3496 4005 εει
3525 3947 3584 4001 ab
3607 3943 3674 3997 at.

447 4050 542 4105 sal
579 4049 875 4120 baptizare.
920 4048 1036 4104 Non
1072 4047 1433 4104 absolvendos
1465 4055 1642 4102 autem
1672 4046 1852 4118 lapsos
1874 4061 1906 4100 a
1928 4043 2037 4102 lide-

2134 4065 2250 4113 tero
2275 4056 2552 4127 episcopo,
2573 4061 2658 4108 est
2685 4049 3047 4116 damnandus;
3069 4055 3125 4102 et
3149 4045 3344 4102 deinde
3363 4043 3430 4099 ad
3453 4041 3676 4108 reliquam

448 4140 752 4206 credamus,
776 4140 882 4196 nisi
906 4155 1006 4211 per
1032 4140 1429 4211 impositionem
1451 4155 1644 4194 manus
1667 4138 1685 4176 ί
1709 4139 1919 4209 accepi.

2134 4150 2343 4222 plebem
2370 4143 2716 4203 declinandus
2740 4151 2795 4198 et
2821 4138 3214 4209 degradandus.

1045 4230 1274 4287 CAPUT
1309 4231 1446 4286 VIII.
2707 4229 2936 4288 CAPUT
2975 4227 3136 4285 XVII.

2740 3041 2968 3104 CAPUT
3007 3043 3116 3099 XV.

701 4323 775 4378 De
798 4326 904 4379 reis
926 4331 1098 4379 autem
1129 4325 1402 4380 abstractis
1431 4324 1492 4377 ab
1520 4321 1781 4380 Ecclesia.
2518 4325 2598 4381 De
2624 4325 2886 4397 proposito
2922 4320 3310 4376 monachorum.
3505 4397 3508 4400 ἢ

519 4416 638 4472 Non
683 4415 752 4470 ad
795 4431 1016 4472 reorum
1051 4415 1420 4471 defensionem
1455 4416 1596 4471 facta
1634 4424 1718 4470 est
1762 4409 2032 4482 Eccbsia,
2203 4418 2450 4476 monachi
2473 4425 2599 4472 sunt
2626 4416 2723 4486 qui
2749 4413 2978 4470 solitarii
3004 4414 3121 4467 sine
3142 4408 3376 4465 terrenis
3402 4398 3578 4475 opibus
3598 4398 3675 4452 bs—

450 4510 544 4567 scd
560 4509 828 4581 iudicibus
847 4508 1276 4580 persuadendum
1298 4515 1397 4574 est,
1423 4517 1481 4562 ut
1501 4509 1725 4578 apiritali
1746 4516 1920 4563 morte
1939 4523 2033 4564 eos

2134 4513 2304 4570 bitant
2329 4511 2428 4567 sub
2457 4515 2726 4581 potestate
2751 4505 2989 4577 episcopi
3015 4503 3099 4557 vel
3127 4500 3354 4556 abbatis.
3385 4497 3496 4552 Non
3522 4500 3672 4581 autent

450 4601 778 4670 occiderent,
799 4601 889 4672 qui
912 4601 979 4657 ad
1007 4602 1182 4657 sinuin
1210 4602 1396 4655 matris
1424 4597 1674 4655 Ecclesia:
1695 4599 2028 4669 confugiunt.
2132 4605 2399 4670 monachi,
2416 4577 2510 4659 56d
2533 4601 2722 4656 Vacua
2743 4597 2923 4670 periti,
2942 4597 3047 4650 huc
3067 4600 3169 4657 est,
3191 4594 3576 4656 contemptores
3592 4577 3676 4633 sol-

1056 4691 1283 4748 (ῙΑΡΠΤ
1321 4691 1410 4746 ῙΧ·
2133 4700 2264 4755 liciti
2285 4697 2353 4752 ad
2381 4696 2542 4751 vitam
2569 4691 2863 4764 perfectam
2893 4690 2948 4743 in
2985 4693 3146 4742 aetate
3175 4680 3433 4753 perfecta.
3467 4675 3572 4730 Hoc
3594 4675 3676 4764 est.

1032 4784 1446 4856 (Desideratum)
1587 4846 1592 4850 ι
2055 4783 2108 4844 D
2135 4806 2165 4845 a
2192 4787 2378 4859 viginti
2408 4785 2561 4841 annis
2578 4763 2748 4838 debet
2774 4779 3137 4848 unusquisque
3164 4768 3454 4837 constriniii
3482 4779 3579 4859 "°_'_'
3610 4763 3678 4810 ³ί⁴

1079 4873 1307 4931 CAPUT
1343 4852 1434 4932 Χ.⁷
2139 4852 2404 4943 testando,
2429 4877 2523 4932 sed
2554 4881 2688 4944 voto
2729 4868 3076 4945 perﬁciendo,
3106 4876 3166 4921 ut
3203 4873 3285 4919 est
3317 4860 3444 4917 illud
3472 4873 3487 4910 :

2135 4976 2343 5049 quisque
2369 4942 2500 5026 sicut
2527 4942 2792 5038 proposuit
2809 4963 2961 5018 corde
2981 4979 3072 5016 suo
3095 4957 3148 5030 (Ι
3172 4957 3289 5012 Cor.
3308 4971 3394 5049 vn,
3527 4942 3677 5049 ﬁtfit“:

2137 5028 2278 5122 Stal
2310 5062 2443 5116 Vota
2483 5028 2598 5112 mea
2623 5028 2849 5110 reddam
2890 5055 2946 5107 in
2991 5028 3264 5121 conspectu
3304 5040 3506 5100 Domini
3535 5028 3678 5122 (PsaL

2141 5120 2262 5222 ειν,
2288 5152 2380 5220 14,
2407 5149 2518 5222 18),
2547 5157 2602 5204 ct
2644 5147 2851 5216 reliqua
2885 5163 2897 5196 :
2926 5159 3033 5214 quo
3055 5151 3184 5197 voto
3213 5138 3429 5202 vivitur,
3460 5130 3584 5186 situs
3615 5120 3678 5173 10~

905 4966 983 5022 De
1009 4968 1168 5038 lapsis
1196 4978 1308 5040 post
1329 4970 1572 5042 gradum.

524 5058 662 5116 Audi
701 5062 960 5114 canonica
999 5061 1275 5126 instituta:
1307 5061 1408 5128 Qui
1455 5077 1576 5116 cum
1603 5060 1772 5130 gradu
1814 5059 2029 5129 cecidit,

450 5154 568 5211 sine
594 5150 762 5220 gradu
789 5157 973 5219 surgat
1006 5169 1018 5206 :
1048 5160 1332 5208 contentus
1369 5153 1587 5208 nomine
1616 5161 1842 5222 tantum,
1875 5155 2033 5212 amit-

2209 5291 2235 5328 α
2267 5287 2447 5350 Forte,
2478 5280 2715 5335 Dictator
2734 5285 2925 5350 autem.
2955 5273 3116 5329 Win.

522 5295 550 5326 ι
591 5283 672 5341 Ad
715 5285 859 5340 hunc
903 5283 1080 5340 locum
1121 5284 1316 5342 videsis
1343 5284 1671 5342 Cotelerium
1711 5288 1776 5344 ad
1806 5290 2026 5348 Constit.

2212 5370 2236 5397 ο
2265 5357 2392 5425 Leg.
2423 5345 2772 5425 traditionem.
2804 5345 2879 5401 In.

447 5362 630 5431 Apost.
653 5354 746 5410 lib.
771 5371 842 5420 tv,
872 5369 992 5424 cap.
1024 5354 1077 5420 8,
1111 5364 1225 5410 not.
1255 5353 1310 5410 5.

520 5433 548 5472 ι’
569 5423 1334 5518 ,ἿῩΞΞ,Ῑ’Ἶ⁷⁸.ίέ⁸;.Ῠῖἑ¹Ϊῖ----ηε.
1384 5499 1407 5518 ,.
1702 5503 1780 5518 ε..
1845 5505 1879 5518 ,.

2212 5370 2236 5397 ο
2265 5357 2392 5425 Leg.
2423 5353 2772 5434 traditionem.
2804 5353 2879 5401 In.

2212 5427 2834 5518 {Eligf‘fffP'mmm
2893 5483 3014 5518 πη,
3075 5483 3148 5518 (2..
3210 5485 3333 5518 ιηιη·
3367 5474 3401 5518 ιγ
3431 5485 3545 5518 ηπ,
3576 5459 3667 5518 812

522 5515 545 5542 ο
688 5474 1356 5569 b'unc'testqmsuggessit,
1381 5499 1519 5556 forte
1538 5501 1747 5569 legebat
1767 5503 1820 5556 in
1841 5505 2030 5560 Gut-co
2211 5509 2236 5548 It
2259 5474 2578 5569 dilaniant,
2620 5488 2854 5569 Monum.
2888 5483 3036 5569 Eget.
3075 5483 3168 5569 Cr.
3210 5474 3545 5569 tornilllgis;

524 5537 545 5542 '
569 5537 670 5566 κω
688 5537 832 5554 ⁸⁵¹⁸³¹ν
852 5537 1058 5552 ’ν⁴“’“⁵⁵“
1077 5537 1356 5564 συοονυυισν
1381 5537 1453 5555 ιν·
1467 5537 1519 5556 ἰν
1538 5537 1747 5569 ιιοῠναι
1767 5537 1820 5556 ul
1842 5537 1903 5560 υι
1916 5537 2030 5560 ωιυ

451 5573 578 5651 stipa
603 5571 795 5651 4&950‘),
821 5583 926 5649 pro
955 5564 1079 5640 αἷμα
1107 5571 1393 5651 ἀνθρώπουρ
1426 5587 1541 5651 non?
1563 5571 1701 5628 bene
1716 5575 2031 5651 percipiens

2137 5537 2580 5651 1ιυῖιέ
2867 5537 3498 5651 ,εὶς
3509 5537 3681 5592 adten-

450 5626 794 5712 sc'ripturam'
819 5626 872 5692 in
911 5626 1313 5712 compendium
1354 5626 2029 5712 deductam."Corsi—ad
2141 5651 2239 5709 tus,
2267 5636 2462 5709 sponsi,
2495 5634 2661 5687 mittas
2694 5639 2832 5684 ratas
2863 5626 2999 5698 leges
3028 5626 3253 5680 inveniat
3273 5626 3476 5693 jejuna.

453 5708 665 5770 Constit.
697 5710 876 5776 Apost.
909 5708 1000 5763 lib.
1027 5725 1082 5774 υ,
1109 5725 1222 5778 cap.
1253 5709 1338 5776 42,
1370 5718 1480 5765 not.
1512 5711 1544 5765 ϐ
