3946 6182
288 323 380 390 331
1751 302 1869 358 5Y5

1989 299 2082 355 US.

3435 283 3537 338 82'}

289 446 473 488 eorum
512 433 752 484 coarctat
792 407 886 480 :si
937 418 1416 493 superabundantxs
1441 457 1454 476 ,
1509 416 1558 469 in
1616 415 1863 469 omnibus
1890 417 1938 474 Α
1967 428 2126 482 quam
2156 413 2532 478 communicet,
2563 420 2791 468 testatur
2816 411 2941 482 quid
2971 410 3247 482 probatur,
3276 417 3327 462 et
3355 406 3545 462 deinde

289 522 552 577 devitctnr
598 520 650 574 in
697 517 834 582 vita;
861 513 983 584 quia
1012 509 1095 582 (Il
1125 509 1244 565 Cor.
1285 525 1354 574 xi,
1385 506 1474 578 27)
1506 507 1557 560 in
1589 505 1785 574 frigore
1810 511 1867 580 ct

289 614 549 677 nuditate,
581 613 634 666 in
666 609 803 665 fame
833 616 887 664 et
913 607 1020 672 siti,
1053 607 1106 661 in
1137 603 1328 672 vigiliis
1363 610 1418 656 et
1444 600 1659 670 jejuniis
1687 597 1881 653 vocati-

287 713 434 759 sunt.

855 784 1082 844 CAPUT
1113 785 1291 842 XVIII.

573 883 648 938 De
670 883 828 938 tribus
856 879 1134 935 seminibus
1162 875 1576 948 anngeliorunt‘.

358 975 722 1034 Centesimum
740 967 954 1046 (Matth.
985 986 1096 1037 xm,
1120 969 1172 1035 8,
1197 968 1288 1036 9.5)
1316 966 1552 1037 episc0pi
1584 971 1639 1019 et
1672 964 1862 1018 docto-

282 1085 394 1143 res,
417 1068 508 1138 qui
531 1067 778 1121 omnibus
799 1063 977 1119 omnia
1004 1066 1154 1126 sunt;
1178 1058 1586 1126 sexagesimum,
1610 1054 1787 1109 clerici
1809 1061 1866 1107 et

287 1159 458 1213 vidua:
505 1157 594 1226 qui
639 1156 974 1210 continentes
1025 1157 1176 1214 sunt;
1221 1147 1570 1216 trigesimum,
1613 1145 1734 1198 laici
1771 1144 1863 1213 qui

288 1247 475 1304 fideles
518 1255 662 1313 sunt,
712 1245 802 1314 qui
848 1242 1085 1315 perfecte
1133 1238 1448 1294 Trinitatem
1496 1234 1738 1290 credunt.
1771 1233 1862 1289 liis

286 1339 514 1408 amplius
542 1354 648 1394 non
675 1325 756 1392 est
782 1336 835 1390 in
865 1348 1038 1389 messe
1067 1329 1310 1395 Domini;
1338 1327 1631 1382 monachos
1660 1339 1787 1380 vero
1809 1333 1864 1380 et

286 1428 519 1499 virgines
547 1445 666 1484 cum
695 1426 1003 1483 centesimis
1036 1423 1326 1492 jungimus.

873 1513 1101 1571 CAPUT
1139 1512 1274 1567 XIX.

764 1605 879 1672 Qua
903 1614 1054 1662 wtate
1074 1604 1393 1675 baptizandi.

360 1701 560 1758 Octavo
589 1700 676 1755 die
705 1698 1075 1755 catechumeni
1104 1703 1246 1762 sunt,
1283 1702 1470 1765 postea
1509 1691 1866 1750 solemnitati-

1967 501 2066 556 sub
2089 501 2268 571 judice
2295 500 2434 556 fama
2460 503 2808 571 relinquatur.

2553 611 2782 668 CAPUT
2816 612 2976 668 XXV.

2385 723 2464 777 De
2494 732 2604 778 toro
2652 725 2831 795 fratris
2869 723 3117 796 defuncti.

2035 831 2170 888 A'udi
2198 834 2415 889 decreta
2444 832 2633 906 synodi
2663 850 2823 904 super
2849 835 2982 890 istis.
3013 834 3201 888 Frater
3230 842 3405 889 torum
3451 830 3547 890 dc-

1963 922 2130 978 functi
2160 923 2336 978 fratris
2366 939 2473 978 non
2507 924 2796 991 ascendat,
2831 925 3056 980 Domino
3098 924 3309 979 dicente
3337 943 3350 976 :
3379 923 3544 978 Erunt

1964 1013 2063 1069 duo
2087 1016 2322 1068 in'carne
2347 1032 2452 1070 una
2479 1014 2644 1086 (Gen.
2679 1033 2734 1080 ιι,
2758 1015 2880 1086 24).
2912 1014 3052 1086 Ergo
3080 1032 3216 1072 uxor
3246 1013 3366 1070 fratr
3379 1015 3424 1071 is
3451 1031 3546 1070 so—

1963 1120 2053 1159 I‘Ol'
2081 1113 2168 1160 tua
2197 1113 2297 1160 εει.

2525 1196 2752 1254 CAPUT
2787 1197 2951 1254 XXVI

2429 1311 2507 1367 De
2543 1315 2806 1369 meretrice
2843 1316 3077 1386 conjuge.

2034 1424 2169 1478 Audi
2194 1425 2480 1480 Dominum
2509 1425 2774 1480 dicentem
2813 1445 2825 1480 :
2862 1424 2961 1491 Qui
2991 1427 3222 1481 adliceret
3272 1428 3543 1493 meretrici,

1963 1530 2123 1568 unum
2143 1531 2324 1585 corpus
2353 1517 2566 1586 elﬁcitur
2609 1514 2676 1586 (1
2705 1514 2824 1570 Cor.
2879 1533 2962 1584 γι,
3009 1515 3132 1585 16).
3181 1515 3313 1570 Item
3343 1515 3546 1569 :Adul-

1966 1616 2073 1660 tera
2101 1606 2356 1677 lapidatur
2378 1591 2529 1679 (Leo.
2558 1624 2648 1674 xx,
2681 1607 2776 1674 10;
2809 1607 2962 1661 Deut.
2990 1623 3117 1675 χιιι,
3162 1605 3298 1676 23);
3348 1605 3399 1660 id
3444 1616 3552 1666 est.

1966 1697 2090 1753 huic
2121 1699 2248 1752 vitio
2295 1700 2577 1768 moriatur,
2628 1708 2688 1754 ut
2732 1700 2937 1754 desinat
2983 1714 3226 1754 crescere
3273 1713 3390 1766 quae
3440 1715 3547 1752 non

287 1791 392 1848 bus
419 1792 629 1847 Domini
656 1792 1018 1861 baptizantur,
1056 1787 1111 1843 id
1151 1795 1251 1852 est,
1294 1785 1518 1851 Pascha,
1549 1777 1940 1840 Pentecoste‘B
1968 1788 2164 1843 desinit
2192 1791 2470 1845 mmebari.
2498 1790 2626 1845 Item
2659 1809 2671 1844 :
2703 1791 2764 1847 Si
2805 1791 3095 1845 adulterata
3138 1792 3292 1861 fuerit
3341 1791 3548 1858 mulier,

285 1893 344 1939 et
370 1881 691 1954 Epiphania.

879 1969 1106 2028 CAPUT
1146 1969 1256 2025 XX.

878 2064 958 2118 De
986 2064 1264 2134 parochiis.

359 2159 496 2216 Cum
540 2158 820 2214 monachis
852 2159 960 2212 nOn
998 2164 1079 2211 est
1109 2155 1388 2211 dicendum
1418 2148 1646 2222 quorum
1669 2153 1863 2209 malum

283 2260 372 2306 est
403 2249 716 2315 inauditum,
746 2250 838 2318 qui
870 2249 1130 2304 unitatem
1162 2262 1288 2302 vero
1329 2246 1498 2316 plebis
1536 2263 1644 2301 non
1684 2246 1866 2303 incon-

284 2356 424 2410 grue
451 2341 798 2412 suscepimus.

829 2453 836 2460 ’
877 2424 1105 2485 CAPUT
1145 2429 1276 2485 XXI.

507 2523 585 2579 De
614 2523 892 2579 retinendis
921 2523 998 2577 vel
1027 2523 1341 2577 dimittendis
1370 2523 1650 2575 monachis.

367 2612 743 2685 Unusquisque
766 2615 996 2669 fructum
1025 2628 1181 2668 suum
1209 2614 1263 2668 in
1293 2612 1528 2668 Ecclesia
1560 2611 1612 2666 in
1637 2627 1742 2680 qua
1767 2612 1868 2666 im-

284 2710 454 2764 butus
481 2713 561 2761 est
584 2706 906 2776 perfruatur,
939 2703 1042 2759 nisi
1070 2719 1230 2760 causa
1259 2703 1479 2773 majoris
1508 2702 1778 2772 profectus
1804 2703 1871 2757 ad

288 2805 319 2831 "
349 2795 534 2850 ultoris
574 2794 713 2850 ferre
742 2793 1007 2865 permisso
1037 2793 1244 2848 abbatis
1271 2803 1445 2861 cogat.
1481 2791 1537 2848 Si
1565 2808 1692 2848 vero
1721 2794 1871 2849 exie-

281 2887 392 2949 rit,
435 2901 597 2941 causa
644 2885 822 2940 utilior
864 2901 985 2940 cum
1032 2884 1405 2940 benedictione
1450 2884 1688 2950 dicatur,
1737 2884 1874 2940 Ecce

283 2972 470 3044 Agnus
497 2973 615 3038 Dei,
646 2989 752 3028 non
779 2989 898 3042 qua:
922 2991 1018 3029 sua
1043 2982 1167 3030 sunt
1199 2975 1393 3042 singuli
1421 2985 1738 3044 quaerentes,
1777 2973 1874 3030 sed

280 3078 414 3132 qum
450 3064 574 3119 Iesu
613 3064 805 3122 Christi
841 3065 1095 3139 (Philipp.
1128 3085 1182 3131 ιι,
1214 3065 1326 3138 2i).
1360 3063 1670 3123 Vocationis
1695 3077 1885 3159 autem.

280 3169 504 3210 causam
536 3171 642 3212 non
672 3159 984 3228 permittant
1013 3158 1256 3214 subditos
1279 3158 1306 3196 δ
1339 3157 1659 3215 discurrere.

856 3248 1082 3304 CAPUT
1120 3248 1276 3304 XXII.

511 3339 585 3395 De
619 3341 868 3396 sumenda
899 3340 1235 3395 Eucharistia
1275 3351 1392 3412 post
1433 3344 1651 3414 lapsum.

362 3429 494 3486 Post
514 3423 962 3487 examinatibnem
983 3433 1214 3487 carceris
1241 3433 1500 3488 sumenda
1517 3441 1618 3499 est,
1641 3435 1867 3491 maxime

282 3533 470 3578 autem
509 3523 562 3578 in
598 3533 754 3578 nocte
783 3521 1020 3588 Paschzc,
1044 3524 1097 3578 in
1118 3539 1221 3594 qua
1246 3525 1336 3595 qui
1355 3541 1463 3579 non
1489 3525 1861 3593 communicat,

283 3613 466 3668 ﬁdelis
495 3629 602 3668 non
641 3620 742 3668 est.
788 3612 914 3668 Ideo
941 3613 1127 3669 brevia
1154 3624 1279 3670 sunt
1307 3625 1362 3672 et
1385 3617 1568 3672 stricta
1609 3617 1749 3688 apud
1778 3633 1872 3674 eos

251 3706 485 3774 ‘spatia,
509 3719 577 3760 ne
598 3706 775 3760 anima
805 3705 976 3761 ﬁdelis
1005 3706 1233 3763 intereat
1256 3717 1404 3764 tanto
1427 3718 1666 3780 tempore
1690 3710 1871 3780 jejuna

283 3793 572 3851 medicina:
588 3836 604 3861 ,
634 3793 858 3850 Domino
883 3795 1094 3852 dicente
1119 3816 1132 3850 :
1159 3798 1280 3854 Nisi
1306 3801 1736 3856 manducaueritis
1756 3817 1874 3857 car-

285 3903 410 3939 nem
440 3883 564 3940 Filii
593 3883 834 3952 hominis,
861 3902 964 3942 non
992 3883 1240 3943 habebitis
1269 3891 1424 3945 vitam
1449 3890 1503 3944 in
1531 3889 1669 3946 vobis
1692 3892 1868 3962 (Joan.

285 3990 367 4042 η’
397 3973 510 4046 δὴ
861 4047 1085 4104 CAPUT
1122 4048 1305 4104 χχιιι.

879 4141 957 4195 De
970 4143 1284 4212 juramento.
1558 4169 1587 4210 ι

367 4226 488 4284 Non
503 4231 687 4300 jurare
714 4234 922 4286 omnino
945 4230 1171 4301 (Matth.
1202 4249 1253 4297 v,
1279 4231 1396 4303 δι).
1429 4231 1506 4287 De
1531 4234 1636 4288 hoc
1677 4250 1872 4290 conse-

284 4330 492 4390 quente
520 4323 766 4380 lectionis
784 4325 949 4380 series
967 4325 1146 4393 docet,
1195 4340 1304 4379 non
1356 4325 1704 4394 adjurandam
1754 4342 1873 4382 esse

285 4420 592 4466 creaturam
622 4414 800 4478 aliam,
833 4416 934 4470 nisi
959 4422 1259 4471 creatorem
1291 4433 1303 4468 :
1330 4424 1387 4470 ut
1424 4417 1705 4486 prophetis
1753 4434 1872 4475 mos

285 4509 412 4557 est:
451 4501 584 4557 Vivit
607 4503 857 4559 Dominus
878 4514 926 4560 et
946 4506 1061 4559 vivit
1103 4507 1280 4560 anima
1327 4524 1441 4561 mea
1472 4506 1589 4578 (ιγ
1642 4507 1768 4580 Reg.
1814 4525 1870 4577 ιι,
1902 4519 1950 4583 ι)

287 4589 366 4654 2,
420 4589 490 4656 4,
542 4591 646 4661 6);
701 4601 755 4648 et
801 4612 813 4647 ε
877 4593 1009 4648 Vivit
1046 4593 1300 4650 Dominus
1353 4599 1437 4650 cui
1488 4599 1674 4653 assiste
1720 4598 1872 4653 hodie

288 4681 304 4744 (
328 4677 425 4732 III
459 4679 584 4753 Reg.
618 4699 761 4748 xvm,
791 4682 912 4752 15).
945 4683 1090 4739 Finis
1118 4692 1296 4740 autem
1325 4687 1768 4743 contradictionis
1789 4697 1872 4744 est

289 4771 395 4825 nisi
425 4771 672 4830 Domino.
702 4772 872 4829 Omne
898 4775 1039 4830 enim
1071 4776 1216 4846 quod
1243 4785 1387 4831 amat
1431 4778 1612 4843 homo,
1661 4779 1764 4835 hoc
1817 4789 1874 4835 et

290 4869 523 4927 juratur.

865 4954 1091 5012 CAPUT
1119 4955 1304 5023 XXIV.

514 5045 587 5100 De
613 5047 936 5102 contentione
963 5049 1179 5103 duorum
1217 5047 1406 5120 absque
1427 5049 1654 5105 testibus.

365 5134 618 5190 Statuunt
664 5145 719 5192 ut
748 5152 845 5208 per
889 5146 1118 5206 quatuor
1158 5146 1340 5193 sancta
1395 5137 1719 5210 Evangelia,
1747 5150 1870 5196 ante

369 5300 390 5325 ι
425 5289 584 5344 Forte
617 5291 847 5345 ulterius.
884 5291 1037 5348 Win.

366 5358 392 5395 ι’
423 5360 500 5414 An
540 5360 828 5414 discutere?

372 5441 390 5466 ε
425 5427 582 5485 Forte
611 5439 684 5484 ut.
717 5430 873 5487 ὶνιιι.

1968 1881 2196 1952 nunquid
2225 1885 2490 1936 revertitur
2509 1883 2578 1936 ad
2598 1885 2760 1937 virum
2779 1900 2927 1937 suum
2949 1884 3170 1954 priorem
3195 1882 3248 1954 (Ι
3253 1899 3328 1936 er.
3361 1899 3435 1948 ιιι,
3457 1883 3549 1953 l)?

1969 1969 2144 2025 Item:
2177 1971 2295 2026 Non
2335 1971 2461 2027 licet
2507 1973 2622 2026 viro
2675 1973 2946 2028 dimittere
3005 1989 3259 2038 uxorem,
3325 1973 3428 2027 nisi
3487 1971 3551 2027 ob

1969 2078 2178 2116 causam
2197 2065 2558 2134 fornicationis
2585 2063 2806 2134 (Matth.
2861 2081 2912 2133 v,
2972 2064 3069 2130 52;
3112 2079 3223 2130 xxx,
3253 2062 3362 2134 9):
3395 2080 3459 2118 ac
3503 2066 3550 2120 si

1968 2151 2131 2221 dicat,
2161 2152 2230 2208 ob
2258 2154 2395 2209 hanc
2425 2170 2661 2209 causam.
2695 2153 2846 2210 Unde
2875 2157 2921 2209 si
2946 2153 3110 2210 ducat
3155 2155 3376 2208 alteram
3409 2154 3550 2208 velut

1968 2251 2090 2314 post
2119 2253 2346 2300 mortem
2367 2245 2582 2316 prioris,
2611 2261 2717 2301 non
2751 2233 2954 2301 v’etunt.

2511 2355 2739 2412 CAPUT
2769 2354 2976 2412 XXVII.

2116 2468 2193 2523 De
2225 2470 2480 2523 voluntate
2511 2471 2724 2541 virginis
2755 2469 2831 2524 rei
2853 2471 3039 2541 patris,
3063 2471 3116 2523 in
3139 2470 3399 2540 conjugio.

2043 2580 2194 2647 Quod
2225 2579 2334 2634 vult
2367 2587 2548 2648 pater,
2581 2578 2742 2634 faciat
2780 2581 2960 2648 virgo,
2989 2581 3112 2649 quia
3137 2589 3289 2650 caput
3323 2581 3549 2634 mulieris

1970 2674 2046 2726 uir
2077 2670 2132 2741 (Ι
2150 2670 2272 2726 Cor.
2305 2688 2376 2736 x1,
2410 2671 2487 2741 '5).
2518 2669 2626 2726 Sed
2649 2669 2972 2740 requirenda
3002 2679 3084 2725 est
3122 2686 3152 2725 a
3182 2680 3334 2740 patre
3363 2671 3550 2725 volun-

1973 2770 2054 2817 tas
2081 2763 2324 2831 virginis,
2357 2762 2485 2816 dum
2516 2761 2655 2817 Deus
2679 2763 2920 2834 relinquit
2949 2762 3204 2817 hominem
3233 2764 3283 2816 in
3316 2761 3547 2817 manibus

1972 2855 2173 2910 consilii
2203 2856 2283 2909 sui
2312 2854 2503 2926 (Eccli.
2527 2871 2615 2922 xv,
2653 2854 2762 2925 14).

2509 2965 2737 3024 CAPUT
2767 2967 2996 3024 XXVIII.

2350 3083 2427 3138 De
2445 3085 2623 3156 primis
2645 3084 2721 3139 sel
2749 3083 2986 3138 secundis
3017 3083 3165 3138 votis.

2042 3195 2248 3250 Eadem
2298 3197 2508 3252 ratione
2557 3195 2894 3252 observanda
2944 3203 3068 3251 sunt
3097 3196 3267 3266 prima
3318 3203 3463 3261 vota,
3494 3204 3547 3249 et

1972 3287 2142 3355 prima
2171 3287 2442 3356 coniugia,
2479 3299 2500 3325 ο
2531 3295 2624 3342 aut
2646 3289 2896 3343 secundis
2923 3289 3096 3358 prima
3115 3303 3220 3342 non
3242 3288 3350 3343 sint
3379 3288 3548 3351 irrita.

1973 3376 2073 3430 nisi
2097 3374 2294 3430 fuerint
2322 3374 2644 3431 adulterata.

2543 3465 2770 3522 CAPUT
2799 3465 2986 3521 XXIX.

2279 3558 2357 3613 De
2387 3559 2831 3630 consanguinitate
2874 3559 2926 3610 in
2955 3555 3220 3635 conjugio.

2044 3659 2328 3729 Intelligite
2355 3661 2484 3729 quid
2512 3660 2600 3715 lex
2629 3659 2896 3730 loquitur,
2930 3673 3035 3713 non
3069 3659 3242 3712 minus
3281 3673 3380 3713 nec
3409 3658 3545 3726 plus.

1974 3751 2128 3819 Quod
2157 3761 2333 3808 autem
2360 3752 2673 3808 observatur
2699 3750 2841 3821 apud
2868 3765 2985 3815 nos,
3010 3757 3069 3804 ut
3097 3757 3326 3817 quatuor
3351 3759 3548 3816 genera

1975 3839 2298 3909 dividantur,
2332 3857 2433 3898 nec
2459 3841 2659 3897 vidisse
2688 3839 2874 3896 dicunt
2896 3853 2999 3896 nec
3026 3838 3238 3908 legisse.

2535 3954 2761 4011 CAPUT
2802 3953 2970 4008 XXX.

2430 4046 2507 4102 De
2533 4046 2853 4128 vindicandis
2881 4049 3118 4102 assuetis.

2046 4159 2331 4228 Nunquam
2361 4157 2387 4195 ἀ
2412 4159 2607 4212 vetitus
2631 4158 2757 4212 licet
2787 4174 2801 4210 :
2829 4171 3018 4212 verum
3054 4156 3403 4212 observanda:
3430 4165 3551 4212 sunt

1975 4252 2120 4321 leges
2134 4249 2356 4319 jubilaei,
2384 4249 2491 4305 hoc
2510 4257 2593 4304 est
2617 4249 3002 4317 quinquaginta
3031 4249 3156 4302 anni
3187 4256 3245 4318 ut
3266 4263 3372 4304 non
3399 4247 3548 4302 allir-

1973 4350 2189 4397 mentur
2208 4341 2410 4396 incerta
2437 4347 2680 4395 veterato
2723 4339 3000 4408 temporis.
3032 4337 3100 4393 Et
3153 4338 3277 4394 ideo
3308 4349 3332 4377 ο
3366 4355 3551 4395 onmes

1975 4435 2187 4505 negotia
2215 4434 2604 4505 subscriptione
2634 4433 3003 4487 Romanorum
3034 4429 3402 4488 confirmanda
3445 4442 3548 4486 est.

2534 4544 2761 4602 CAPUT
2792 4544 2982 4599 XXXI.

1977 4639 2053 4696 De
2075 4639 2348 4714 gentilibus
2377 4640 2461 4710 qui
2490 4645 2612 4714 ante
2643 4637 2954 4714 baptismum
2994 4637 3236 4701 credunt,
3264 4651 3417 4706 quam
3442 4649 3549 4704 pa:-

2485 4710 2758 4762 nitentiam
2787 4708 3030 4761 habeant.

2046 4823 2410 4880 “emittuntur
2437 4821 2655 4894 quidem
2677 4823 2916 4878 omnium
2944 4831 3164 4893 peccata
3182 4821 3233 4876 in
3256 4819 3550 4892 baptisnm;

1974 4912 2068 4968 sed
2095 4913 2220 4983 quia
2249 4929 2370 4970 cum
2396 4911 2536 4967 ﬁdeli
2564 4912 2896 4968 conscientia
2917 4911 2937 4952 ι
2961 4911 3228 4968 infidelem
3252 4919 3549 4984 tempor....

1977 5005 2128 5071 vixit,
2153 5012 2212 5060 ut
2237 5003 2411 5060 ﬁdelis
2439 5011 2692 5075 peccator
2717 5002 3040 5074 iudicandus
3069 5016 3167 5060 est.

2426 5139 2573 5194 Finit
2601 5140 2821 5196 Patricii
2853 5142 3097 5213 synodus.

2045 5295 2068 5334 δ
2093 5296 2252 5352 Forte
2282 5298 2506 5352 vetitum.
2536 5297 2612 5353 In.

2049 5376 2070 5440 εξ
2103 5367 2276 5440 ὲοοιιε
2297 5379 2600 5440 corruptus.
2635 5369 2708 5426 In.
2733 5402 2804 5412 —-
2824 5369 2984 5426 Forte
3014 5374 3177 5426 omnis
3203 5369 3505 5440 negotiatio.

2054 5435 2070 5475 ί
2103 5436 2260 5491 Forte
2289 5435 2514 5508 inﬁdelis
2543 5443 2906 5514 temporarius.
2944 5442 3096 5497 Win.-

1458 5635 2380 5665 W-M
