3946 6182
429 322 532 376 825
1345 316 1400 373 S.
1441 317 1802 374 PATRICIUS
1840 316 2282 372 lllBERNORUM
2323 315 2744 402 APOSTOLUS.
3559 324 3640 380 894

951 597 1779 694 CANONES,ALII
1839 600 1923 680 S.
1979 594 2535 679 PATRICIO
2599 593 3171 680 ASCRIPTI.

1213 868 1253 923 Ι.
2037 867 2084 923 Λ
2112 862 2366 932 suscipiet
2398 877 2538 929 eam,
2574 874 2628 919 et
2659 869 2857 923 serviet
2884 870 2932 924 ei
2963 871 3014 924 in
3045 871 3217 926 vicem
3256 867 3476 935 ancillae,
3505 879 3554 927 et
3578 888 3660 926 au-

430 971 504 1028 De
531 967 732 1040 judicio
759 965 1081 1029 clericorum,
1121 970 1200 1040 ηρ.
1231 977 1333 1040 "non
1352 1030 1361 1040 ι
1382 961 1451 1014 sit
1488 957 1628 1028 apud
1673 959 1896 1027 iniquos,
1922 964 2014 1009 aut
2117 967 2244 1006 num
2273 952 2536 1019 integrum
2569 955 2621 1008 in
2651 972 2788 1025 pane
2818 968 2872 1014 et
2900 976 3038 1028 aqua
3068 977 3166 1031 per
3193 978 3491 1016 mensuram
3518 966 3662 1034 pinni-

963 1120 965 1122 .
1025 1032 1162 1103 apud
1184 1030 1435 1101 inﬁdeles.
2113 1049 2244 1106 teat,
2275 1055 2375 1097 nec
2402 1041 2455 1096 in
2483 1059 2587 1099 uno
2616 1045 2756 1102 lecto
2785 1030 3156 1118 permaneant.

506 1149 690 1204 Omnis
718 1145 1008 1202 mundialis
1034 1144 1249 1214 sapiens
1268 1185 1284 1212 ,
1314 1153 1338 1178 α
1362 1143 1407 1196 si
1435 1142 1647 1212 sapiens
1675 1141 1764 1208 sit,
1796 1155 1904 1195 non
1924 1139 2010 1208 ju—
2859 1139 2946 1196 VI,

439 1243 577 1300 dicet
596 1241 794 1313 judicia
820 1239 1092 1314 Ecclesim.
1175 1306 1216 1314 __
2362 1225 2445 1280 De
2487 1228 2670 1284 alienis
2717 1230 2966 1286 adeundis
3001 1233 3070 1285 ad
3086 1233 3447 1303 judicandum.

1172 1306 1217 1361 ll
2183 1315 2242 1372 Si
2268 1332 2386 1386 qua:
2412 1319 2738 1386 qumstiones
2767 1323 2821 1376 in
2841 1323 2944 1378 hac
2959 1324 3131 1379 insula
3151 1326 3416 1390 oriantur,
3430 1324 3493 1379 ad
3511 1323 3665 1380 sedem

782 1403 863 1458 De
886 1403 1202 1474 subjectione
1227 1402 1405 1472 populi
1427 1401 1669 1471 principi.
2115 1407 2466 1478 apostolicam
2492 1408 2812 1466 referantur.

507 1497 733 1552 Ministri
763 1510 859 1550 vos
886 1494 1043 1559 estis,
1078 1501 1133 1548 et
1159 1491 1524 1561 unusquisque
1548 1499 1787 1547 vestrum
1815 1487 2015 1560 princi-
2855 1504 2968 1560 vn.

438 1604 559 1659 pem
591 1602 742 1643 suum
768 1585 854 1640 cui
880 1584 1096 1639 assistat
1116 1591 1173 1637 et
1197 1582 1489 1647 ministrat,
1524 1581 1728 1636 timeat.
2327 1590 2408 1646 De
2426 1594 2726 1662 ρωηειεηιξα
2743 1595 2948 1666 agenda
2975 1599 3030 1650 εη
3069 1600 3254 1652 “mmo
3283 1600 3484 1668 spiritu.

1176 1673 1262 1727 Ill.
1953 1690 1963 1698 '
2184 1678 2242 1737 Si
2277 1682 2398 1748 quis
2429 1682 2746 1752 inﬁrmatur,
2804 1695 2927 1755 agat
2979 1689 3378 1756 paenitentiam,
3420 1687 3570 1742 etiam
3611 1700 3669 1743 cx

545 1768 626 1823 De
647 1768 946 1838 pauitantia
966 1763 1368 1835 blasphemantis
1388 1763 1670 1832 principem
1693 1761 1900 1816 bonum.
2116 1771 2437 1827 necessitate
2454 1811 2470 1840 ,
2491 1774 2615 1842 quia
2644 1775 2950 1831 misericors
2977 1785 3060 1832 εει
3082 1777 3248 1833 Deus,

510 1860 613 1926 Qui
641 1867 940 1912 murmurat
985 1856 1148 1910 verba
1198 1854 1544 1924 blasphemia:
1584 1861 1773 1909 contra
1816 1852 2014 1922 princi-
2843 1864 2976 1921 v11],

439 1967 561 2022 pem
593 1950 796 2004 bonum
831 1963 929 2017 per
965 1945 1148 2001 odium
1184 1953 1276 1998 aut
1317 1943 1569 1998 inVidiam
1593 1982 1608 2006 9
1645 1959 1766 1998 cum
1794 1957 1936 2012 pane
1961 1951 2016 1996 ει
2259 1950 2336 2006 De
2371 1969 2430 2008 eo
2458 1955 2594 2024 quod
2637 1934 2936 2026 insipientes
2964 1975 3187 2028 prwesse
3215 1975 3321 2012 non
3361 1957 3548 2012 debent.

440 2056 577 2109 aqua
598 2039 851 2110 Ρωηὶῐθδι
881 2045 1088 2107 septem
1109 2035 1318 2099 diebus,
1347 2035 1595 2104 exemplo
1621 2034 1800 2088 Μᾶΐὶπ
1826 2042 2015 2090 contra
2187 2040 2433 2112 Synodus
2460 2045 2626 2099 totius
2656 2047 2860 2115 mundi,
2889 2054 2944 2102 et
2987 2047 3252 2104 Patricius
3295 2049 3560 2104 decrevit:
3585 2045 3670 2112 Qui

441 2131 660 2202 Moysen
683 2127 1083 2184 murmurantis.
2117 2130 2374 2200 insipiens
2423 2141 2534 2201 est,
2560 2136 2706 2190 nullo
2751 2137 2913 2191 modo
2956 2153 3188 2206 praeesse
3241 2139 3422 2206 liceat,
3465 2136 3552 2193 sed
3589 2136 3669 2191 sub

1177 2215 1265 2272 ιν.
2052 2225 2094 2287 Β
2120 2237 2281 2278 manu
2306 2223 2516 2281 abbatis
2539 2228 2789 2283 catholici
2817 2243 2953 2298 opus
2976 2244 3130 2284 suum
3159 2236 3434 2285 exerceat.

441 2312 521 2367 De
550 2329 608 2366 eo
637 2311 772 2385 quod
790 2313 1045 2365 incertum
1070 2310 1373 2396 sit‘,‘utrum
1412 2308 1637 2396 priorem
1670 2307 1883 2378 gradum
1907 2307 2016 2379 epi-
2800 2379 2812 2392 .
2861 2339 2952 2396 IX.

649 2377 660 2385 ’
817 2397 1005 2451 tmpus
1034 2387 1149 2450 post
1176 2377 1380 2447 lapsum
1406 2377 1636 2447 recipiat.
1675 2377 1682 2378 “
1940 2377 1946 2379 ”
2730 2432 2742 2443 .
2800 2379 2812 2392 -
2861 2377 2952 2396 ιιιο
3015 2435 3027 2446 .
3576 2434 3586 2443 .

641 2497 653 2507 .
692 2495 704 2506 .
887 2495 898 2506 .
1155 2492 1184 2507 ..
1227 2492 1259 2507 ._
1343 2489 1383 2507 η
1429 2491 1439 2503 .
1481 2506 1486 2507 ί
1538 2491 1559 2507 ,Α
1607 2504 1631 2507 _
1671 2488 1763 2507 Α,
2119 2422 2198 2479 De
2241 2425 2515 2481 collectum
2561 2445 2789 2500 pecuum:
2832 2449 2934 2486 non
2979 2436 3361 2505 vituperanda,
3409 2441 3672 2488 necessitate

513 2495 774 2550 Patricius
813 2495 1100 2564 episcopus
1137 2492 1266 2547 dicit
1295 2510 1308 2543 :
1341 2489 1442 2558 Qui
1472 2491 1570 2546 sub
1599 2488 1770 2559 gradu
1798 2497 2014 2560 peccat,
2561 2488 2570 2500 '
2787 2512 3016 2574 εοθεηιε,

443 2587 599 2641 debet
623 2584 1096 2649 excommunieari,
1124 2582 1247 2650 quia
1275 2595 1468 2650 magna
1497 2589 1580 2635 est
1606 2580 1834 2648 dignitas
1863 2577 2018 2649 hujus
2191 2585 2454 2644 Patricius
2480 2591 2556 2644 ait
2586 2609 2596 2644 :
2622 2590 2678 2645 Si
2698 2593 2818 2661 quis
2841 2597 3109 2665 acceperit
3136 2598 3534 2668 permissionem
3562 2609 3668 2664 pon-

445 2681 703 2746 nominis;
736 2689 913 2734 tamen
941 2684 1120 2750 potest
1157 2677 1422 2732 redimere
1450 2677 1682 2730 animam
1719 2690 1869 2730 suam
1899 2681 2021 2743 post
2125 2674 2300 2744 tilicis,
2332 2687 2387 2732 et
2414 2679 2699 2735 collectum
2719 2682 2788 2736 sit
2815 2685 3046 2753 pretium
3076 2687 3300 2756 captivi,
3324 2703 3428 2741 non
3442 2685 3550 2755 plus
3571 2697 3668 2737 exe-

443 2773 814 2844 pmnitentiam
847 2791 860 2826 :
905 2771 972 2826 ad
1017 2771 1252 2841 priorem
1295 2769 1518 2837 gradum
1562 2768 1745 2824 venire
1786 2765 2018 2828 dimcile.
2122 2769 2261 2836 gerit
2287 2784 2447 2839 quam
2487 2772 2780 2826 necessitas
2825 2777 3092 2844 poposcit.
3125 2771 3181 2832 Si
3237 2777 3368 2848 quid
3408 2789 3554 2845 supra
3596 2786 3667 2826 re-

445 2862 634 2920 Nescio
665 2879 733 2916 an
768 2879 897 2918 non.
931 2862 1072 2916 Deus
1101 2862 1220 2916 scit.
2128 2861 2408 2928 manserit,
2430 2869 2597 2930 ponat
2635 2877 2797 2933 super
2819 2865 3009 2933 altare,
3041 2875 3096 2922 et
3140 2867 3498 2938 indigentibus
3541 2863 3670 2918 detur

1203 2952 1266 3007 V.
2124 2955 2180 3004 et
2205 2950 2450 3019 captivis.

450 3049 526 3104 De
552 3049 848 3120 recipienda
881 3047 1116 3128 adultera
1148 3047 1666 3128 postopmnitentiam,
1699 3056 1747 3100 et
1775 3046 1837 3100 de
1860 3062 2024 3118 quan-
2193 3040 2326 3095 item
2355 3041 2540 3110 siquis.
2567 3042 2769 3111 colligit
2795 3047 3078 3114 pecuniam
3109 3047 3207 3102 sub
3236 3047 3454 3104 nomine
3489 3040 3668 3099 miscri-

986 3118 1130 3170 litate
1155 3118 1483 3187 paenitentiaz.
2124 3132 2339 3202 cordia,
2364 3149 2470 3189 non
2501 3150 2544 3188 at

2124 3132 2339 3202 cordite,
2364 3149 2470 3189 non
2501 3134 2699 3191 audeat
2725 3137 2958 3206 spoliare
2983 3138 3282 3195 Ecclesiam
3332 3139 3451 3202 Dei,
3481 3135 3565 3191 sed
3599 3141 3669 3187 re-‘

518 3230 579 3290 Si
607 3229 830 3302 alicujus
858 3245 995 3285 uxor
1021 3227 1280 3285 fornicata
1306 3227 1466 3283 fuerit
1489 3243 1606 3283 cum
1630 3227 1735 3283 alio
1755 3228 1889 3294 viro,
1914 3243 2025 3286 non
2124 3243 2217 3298 ges
2265 3237 2322 3284 et
2369 3229 2624 3299 plebiles,
2653 3230 2846 3302 quibus
2875 3233 3064 3287 melius
3111 3242 3194 3288 est
3234 3233 3365 3290 dare
3410 3244 3560 3300 quam
3601 3238 3669 3279 re-

449 3323 676 3378 adducet
721 3321 881 3374 aliam
928 3334 1185 3384 uxorem,
1234 3318 1470 3386 quandiu
1523 3319 1640 3373 viva
1686 3318 1844 3374 fuerit
1888 3334 2023 3373 uxor
2125 3321 2381 3378 condere.

449 3413 642 3493 prima.
677 3410 735 3466 Si
761 3409 901 3465 forte
929 3423 1191 3464 conversa
1220 3407 1378 3465 fuerit
1406 3416 1462 3468 et
1489 3417 1614 3479 agat
1641 3408 2029 3480 pmnitentiam,
2058 3402 2104 3462 C

517 3535 541 3562 ε·
565 3524 726 3579 Forte
754 3525 868 3582 etsi.
902 3523 1053 3580 Wau.

461 3658 3660 3688 ΜΝ

451 3775 990 3860 SYNODUS
1042 3773 1887 3860 EPISCOPORUM
1949 3773 2495 3870 PATRICII,
2553 3777 3040 3864 AUXILII,
3096 3765 3663 3862 ISSERNINI-

1907 3937 2229 3952 —-—~

523 4035 733 4106 Gratias
754 4034 957 4101 agimus
979 4033 1088 4087 Deo
1110 4031 1253 4087 Patri
1275 4041 1326 4087 et
1349 4032 1482 4088 Filio
1504 4042 1559 4088 et
1577 4034 1797 4103 Spiritui
1818 4044 2026 4090 sancto.
2133 4037 2406 4092 cerdotem
2433 4039 2548 4092 sine
2572 4037 2749 4092 tunica
2780 4038 2923 4091 visus
2965 4035 3145 4102 fuerit,
3175 4044 3268 4089 aut
3331 4026 3668 4102 turpitudinem

453 4125 785 4197 Presbyteris
830 4133 886 4180 et
932 4125 1248 4182 diaconibus
1282 4133 1338 4180 et
1366 4125 1510 4179 omni
1552 4127 1716 4192 clero,
1750 4125 2029 4192 Patricius,
2132 4129 2336 4184 ventris
2364 4138 2420 4184 et
2446 4129 2740 4183 nuditatem
2766 4143 2877 4183 non
2907 4135 3082 4196 tegat;
3113 4135 3169 4180 et
3192 4127 3238 4180 si
3265 4143 3376 4180 non
3397 4134 3536 4177 more
3579 4114 3668 4168 R0-

457 4217 698 4271 Auxilius
719 4225 782 4270 et
799 4215 1098 4270 lsserninus
1137 4215 1394 4285 episcopi,
1424 4216 1669 4271 salutem.
2133 4233 2292 4272 mano
2321 4219 2504 4288 capilli
2534 4218 2650 4286 ejus
2676 4218 2819 4274 tonsi
2844 4217 2974 4285 sint,
3003 4226 3059 4271 et
3099 4232 3235 4271 uxor
3278 4215 3397 4284 ejus
3417 4212 3458 4267 si
3480 4222 3576 4263 non
3596 4217 3669 4255 ve-

526 4305 706 4362 Satius
733 4306 888 4361 nobis
934 4305 1266 4374 negligentes
1309 4321 1641 4374 prmmonere
1689 4305 1889 4376 (quam)
1920 4307 2038 4362 eul-
2134 4308 2245 4363 lato
2273 4309 2448 4378 capite
2476 4309 2846 4372 ambulaverit,
2879 4308 3082 4376 pariter
3111 4321 3142 4360 a
3169 4305 3320 4361 laicis
3365 4305 3670 4359 contemnan—

459 4415 585 4468 pare
613 4413 731 4466 qua:
761 4397 896 4452 facta
939 4406 1092 4462 sunt,
1123 4395 1412 4451 Salomone
1437 4395 1650 4451 dicente
1682 4415 1693 4448 :
1742 4397 1930 4451 Melius
1958 4406 2034 4451 est
2060 4441 2109 4499 υ
2136 4406 2243 4465 tur,
2274 4407 2328 4454 et
2351 4399 2418 4453 ab
2445 4398 2684 4455 Ecclesia
2712 4404 3050 4467 separentur.

459 4509 674 4564 arguere
699 4507 850 4562 quam
877 4491 1030 4542 irasci
1055 4488 1242 4560 (E‘ccli.
1273 4505 1366 4555 xx,
1400 4487 1739 4558 t).Exempla
1767 4487 2033 4544 deﬁnitio-
2060 4479 2108 4499 ¹’
2208 4489 2318 4545 VII.
2351 4490 2666 4560 Quicunque
2707 4491 2934 4546 clericus
2960 4489 3136 4559 jussus
3185 4483 3510 4558 negligentia:
3541 4479 3672 4531 causa

461 4587 542 4642 nis
571 4594 764 4639 nostra:
796 4581 1014 4635 inferius
1042 4580 1342 4650 conscripta
1371 4587 1512 4645 sunt,
1543 4587 1598 4633 et
1636 4580 1713 4634 sic
1760 4579 2032 4635 inchoant.
2139 4579 2208 4635 ad
2231 4581 2482 4637 collectas
2509 4597 2666 4636 mane
2684 4582 2765 4636 vel
2785 4596 3009 4650 vespere
3032 4596 3140 4634 non
3166 4577 3483 4639 occurrerit,
3507 4566 3674 4623 alienus

530 4675 568 4730 Ι,
612 4675 668 4730 Si
688 4675 807 4744 quis
824 4672 1241 4741 inquaestionem
1261 4670 1486 4740 captivis
1505 4671 1771 4739 quaesierit
1791 4672 1843 4724 in
1861 4672 2034 4740 plebe,
2139 4673 2416 4738 habeatur,
2448 4673 2547 4727 nisi
2570 4671 2707 4728 forte
2731 4672 2860 4741 jugo
2886 4671 3157 4726 servitutis
3183 4671 3254 4724 sit
3274 4669 3525 4725 detentus.

463 4784 560 4826 suo
586 4768 726 4837 jure,
766 4767 882 4821 sine
917 4764 1291 4835 permissione,
1331 4763 1527 4817 meruit
1565 4763 2037 4818 excommunicari.
2216 4762 2344 4817 Vlll.
2377 4762 2616 4818 Clericus
2670 4764 2718 4818 si
2769 4777 2870 4834 pro
2919 4761 3105 4829 gentili
3148 4760 3368 4814 homine
3419 4748 3673 4837 ῆᾱείὶυεςοξ

533 4822 604 4916 ll:
639 4857 890 4913 Lectores
903 4822 1134 4925 denique
1154 4862 1478 4924 cognoscant
1500 4855 1859 4924 unusquisque
1880 4853 2043 4909 cccle-
2143 4854 2301 4909 fuerit
2323 4855 2376 4909 in
2405 4869 2722 4924 quacunque
2741 4822 3041 4923 quantitate
3059 4891 3074 4915 ,
3106 4859 3159 4905 et
3185 4851 3230 4906 si
3251 4841 3518 4915 contigerit
3541 4822 3670 4929 (qugd

463 4953 597 5008 δίθιη
628 4951 680 5004 in
707 4965 811 5019 (ιυδ
839 4950 1052 5018 ρδαιιίιι.
2143 4948 2335 5002 mirum
2365 4962 2470 5002 non
2503 4955 2528 4982 α
2557 4917 2890 5016 potestjper
2917 4943 3169 4998 aStutiam
3202 4941 3458 5007 aliquam,
3500 4917 3674 5019 εειιιξιίδ

535 5042 620 5097 ιιι.
661 5007 897 5096 Clericus
924 5055 1088 5109 vagus
1116 5057 1220 5095 non
1249 5041 1316 5096 sit
1345 5041 1396 5095 in
1427 5040 1600 5110 plebe.
2143 5038 2232 5092 ille
2259 5036 2454 5092 clerico
2484 5034 2634 5090 fallat
2670 5007 2830 5090 rebus
2860 5034 3000 5098 suis;
3027 5033 3252 5088 clericus
3280 5029 3370 5083 ille
3414 5021 3565 5080 solvat
3595 5007 3671 5062 ἅθ’

535 5133 624 5188 1V.
664 5132 720 5187 Si
751 5133 871 5202 quis
896 5121 1302 5202 permissionem
1343 5132 1629 5200 acceperit,
1662 5139 1717 5184 et
1757 5129 2042 5183 collectum
2142 5128 2312 5184 bitum
2341 5129 2362 5181 ἐ
2390 5142 2512 5181 nam
2551 5128 2595 5183 si
2626 5128 2787 5182 armis
2812 5122 3255 5196 compugnaverit
3301 5135 3419 5176 cum
3445 5113 3542 5177 illo.
3588 5110 3666 5155 mo

466 5227 536 5281 sit
563 5224 813 5295 pretium,
857 5239 964 5278 non
1009 5222 1130 5294 plus
1167 5224 1345 5292 exigat
1389 5236 1549 5290 quam
1580 5220 1722 5292 quod
1751 5220 2044 5275 necessitas
2145 5221 2249 5275 rito
2278 5229 2431 5276 extra
2457 5219 2749 5275 Ecelesiam
2792 5225 3148 5289 computetur.

472 5277 667 5388 po;ch
1011 5277 1029 5294 ⁸
1255 5277 1285 5292 ν
1406 5277 1424 5290 ι
1598 5277 1612 5292 ⁸
2216 5310 2305 5366 IX.
2333 5311 2624 5367 Monachus
2651 5319 2707 5366 et
2734 5277 3074 5378 virgo,lunus
3118 5307 3187 5362 ab
3241 5305 3388 5372 hinc,
3415 5307 3465 5356 et
3502 5289 3588 5346 alia

538 5407 606 5464 V.
646 5406 701 5462 Si
749 5407 876 5478 quid
918 5421 1078 5477 supra
1127 5406 1413 5468 manserit,
1461 5412 1626 5473 ponat
1655 5418 1832 5473 super
1874 5403 2044 5456 altare
2158 5404 2393 5470 aliunde,
2421 5405 2475 5459 in
2505 5420 2610 5459 uno
2656 5404 2893 5474 hospitio
2940 5417 3048 5456 non
3104 5400 3488 5457 commaneant,
3515 5385 3671 5479 nea”)

471 5498 755 5571 pontiﬁcis,
786 5505 844 5553 ut
872 5497 1029 5552 detur
1055 5497 1145 5550 alii
1176 5495 1453 5564 indigenti.
2155 5511 2264 5550 uno
2291 5511 2450 5550 curru
2473 5512 2502 5549 a
2533 5496 2656 5554 villa
2684 5497 2736 5550 in
2765 5496 2946 5550 villam
2989 5492 3325 5559 discurrant,
3373 5500 3464 5543 nec
3505 5464 3688 5532 assidue

544 5589 630 5646 κεί.
663 5589 975 5657 Quicunque
1003 5587 1230 5642 clericus
1284 5587 1350 5640 ab
1388 5587 1609 5642 ostiario
1639 5601 1805 5656 usque
1849 5587 1913 5641 ad
1969 5602 2050 5641 sa-
2159 5587 2387 5644 invicem
2417 5587 2901 5646 contabulationem
2931 5592 3245 5643 exerceant.

548 5765 571 5791 δι
602 5749 727 5818 Leg.
762 5748 873 5802 Est.
909 5748 994 5802 Sic
1025 5745 1116 5800 lib.
1151 5742 1365 5799 Cotton.
