3946 6182
290 340 394 395 825

1248 334 1557 392 SYNODUS
1592 330 2062 388 EPISCOI’ORUM
2104 331 2418 402 PATRICII,
2459 331 2606 386 ETC.

3452 272 3480 290 ρ

3448 333 3551 392 8‘26

360 458 431 512 X.‘
465 460 523 513 Si
550 460 820 526 inceptum
848 455 973 511 boni
1003 455 1183 524 operis
1213 452 1508 508 ostenderit
1547 451 1600 505 in
1626 449 1862 520 psallcn-
1891 453 1938 510 Α
1969 466 2076 506 non
2106 461 2231 506 ante
2258 450 2492 519 baptizet
2535 463 2713 518 neque
2752 448 2962 514 offerat,
2988 465 3087 504 nec
3114 462 3410 517 consecret,
3452 471 3554 510 nec

287 548 376 612 ιΙυ,
405 557 462 602 et
501 561 711 602 comam
739 545 933 598 habeat
954 585 968 610 ,
997 543 1064 598 ab
1092 542 1330 598 Ecclesia
1359 540 1742 605 excludendus,
1767 537 1872 593 nisi

287 639 448 692 statui
469 637 632 707 priori
659 651 718 691 se
745 635 1059 690 restituerit.
1500 695 1504 700 λ

357 727 446 782 XI.
473 728 786 797 Quicunque
811 727 1040 782 clericus
1066 725 1133 780 ab
1166 726 1344 792 aliquo
1378 721 1870 778 excommunicatus

285 820 446 875 fuerit
473 829 527 874 et
559 819 694 874 alius
720 834 843 874 eum
885 817 1196 888 susceperit,
1228 815 1386 870 ambo
1410 813 1667 883 comquali
1691 811 1868 882 pmni-

286 913 452 969 tentia
480 919 716 967 utantur.

356 1003 468 1058 XII.
511 1001 824 1071 Quicunque
852 1001 1186 1058 Christianus
1226 989 1721 1054 excommunicatus
1749 993 1866 1049 fue~

282 1097 372 1161 rit,
407 1111 507 1150 nec
532 1095 649 1162 ejus
677 1095 1020 1165 elcemosyna
1048 1092 1356 1161 recipiatur.

354 1185 492 1240 XIII.
531 1185 944 1256 Eleemosynam
973 1199 1003 1236 a
1032 1182 1278 1252 gentibus
1325 1178 1650 1236 offerendam
1682 1177 1735 1232 in
1775 1193 1867 1233 ec-

279 1275 501 1332 clesiam
528 1273 699 1344 recipi
730 1289 836 1328 non
864 1273 1009 1328 licet.

352 1364 494 1420 XIV.
534 1363 873 1421 Christianus
898 1364 990 1432 qui
1019 1362 1298 1429 occiderit,
1339 1370 1433 1415 aut
1459 1360 1868 1416 fornicationem

278 1457 491 1522 fecerit,
521 1464 614 1510 aut
639 1470 790 1510 more
817 1455 1094 1524 gentilium
1116 1452 1183 1506 ad
1214 1462 1238 1490 ι
1263 1452 1562 1522 aruspicem
1587 1451 1864 1516 meaverit;

278 1565 383 1619 per
401 1549 609 1617 singula
621 1548 846 1603 crimina
873 1563 1070 1602 annum
1086 1545 1412 1616 pmnitentia:
1440 1552 1563 1613 agat
1588 1561 1600 1595 :
1625 1543 1865 1612 impleto,

279 1655 405 1695 cum
433 1640 659 1694 testibus
684 1640 866 1694 veniat
894 1653 1037 1693 anno
1083 1636 1430 1707 paenitentia,
1463 1643 1519 1690 et
1567 1642 1756 1705 postea
1783 1649 1872 1688 re-

277 1731 520 1785 solvetur
545 1747 575 1784 a
603 1731 904 1785 sacerdote.

1969 542 2252 597 ecclesiam
2281 540 2537 606 mdificet,
2569 540 2594 578 ἀ
2626 557 2727 597 nec
2771 542 3182 611 permissionem
3228 545 3456 613 accipiat
3484 546 3552 600 ab

1970 634 2258 702 episcopo;
2291 648 2413 686 nam
2439 632 2529 700 qui
2559 647 2588 685 a
2628 633 2874 700 gentibus
2901 640 3084 701 sperat
3121 633 3549 702 permissionem,

1969 723 2175 778 alienus
2197 723 2286 776 sit.

2043 813 2202 868 XXV.
2243 814 2300 867 Si
2328 828 2447 883 quae
2476 813 2794 881 a‘religiosis
2839 813 3142 868 hominibus
3188 813 3384 868 donata
3433 814 3550 870 fue-

1968 903 2096 969 rint,
2122 903 2308 958 diebus
2337 904 2439 957 illis
2465 904 2658 973 quibus
2687 903 2926 973 pontifex
2950 905 3002 958 in
3031 906 3251 972 singulis
3280 906 3554 961 habitave-

1968 995 2040 1050 rit
2083 994 2343 1059 ecclesiis,
2372 996 2717 1064 pontificialia
2760 995 2929 1058 dona,
2962 997 3098 1052 sicut
3136 1013 3253 1052 mos
3280 999 3551 1066 antiquus,

1969 1085 2238 1151 ordinare,
2270 1085 2338 1140 ad
2368 1086 3071 1156 episcopumpcrtincbunt,
3123 1088 3234 1142 sive
3283 1089 3351 1142 ad
3399 1105 3550 1144 usum

1970 1179 2350 1246 necessarium,
2401 1180 2514 1234 sive
2561 1180 2840 1246 egentibus
2886 1179 3344 1249 distribuendum,
3393 1189 3554 1250 prout

1970 1269 2083 1339 ipse
2105 1271 2386 1340 episcopus
2413 1269 2730 1325 modcrabit.

2042 1361 2228 1416 XXVI.
2267 1363 2324 1417 Si
2344 1363 2462 1431 quis
2484 1378 2613 1416 vero
2635 1362 2862 1416 clericus
2883 1363 3297 1426 contravcnerit,
3331 1369 3385 1414 et
3411 1361 3550 1414 dona

1972 1452 2225 1507 invadere
2257 1452 2416 1507 fuerit
2461 1453 2844 1523 deprehensus,
2878 1462 2936 1508 ut
2977 1453 3146 1522 turpis
3171 1453 3304 1506 lucri
3332 1452 3553 1522 cupidus

1973 1547 2041 1600 ab
2068 1544 2308 1600 Ecclesia
2337 1553 2726 1613 sequestretur.

2041 1635 2251 1692 XXVII.
2281 1635 2520 1693 Clericus
2540 1637 2779 1707 episcopi
2811 1638 2863 1690 in
2902 1637 3059 1705 plebe
3106 1636 3356 1706 quislibet
3384 1650 3553 1689 novus

1974 1731 2264 1800 ingressor,
2296 1731 2654 1801 baptizare'et
2699 1729 2891 1784 oll‘erre
2929 1729 3076 1782 illum
3107 1745 3213 1782 non
3258 1728 3408 1792 licet,
3453 1742 3553 1780 nec

353 1820 468 1880 XV.
510 1820 578 1874 Et
603 1822 712 1890 ‘qui
759 1819 957 1874 furtum
1003 1820 1222 1884 fecerit.
1271 1817 1546 1873 dimidium
1588 1817 1866 1887 Ρωηίιθδῑ,
1897 1819 1946 1879 Β
1972 1823 2170 1893 aliquid
2190 1838 2382 1892 agere:
2415 1823 2503 1892 qui
2552 1824 2597 1877 si
2625 1823 2702 1878 sic
2728 1839 2835 1877 non
2878 1819 3554 1886 faciat,excommunionis

284 1913 476 1982 viginti
503 1911 692 1966 diebus
720 1927 842 1967 cum
864 1927 1002 1981 pane
1027 1928 1040 1977 ;
1072 1919 1128 1965 et
1155 1911 1200 1966 si
1229 1910 1344 1965 fieri
1373 1916 1572 1979 potest,
1605 1915 1764 1978 rapta
1781 1922 1868 1963 re-

278 2011 573 2074 prznsentet
601 2021 613 2054 ε
646 2003 725 2056 sic
746 2003 801 2056 in
826 2000 1123 2056 Ecclesiam
1150 2008 1429 2056 renuetur.

356 2095 493 2150 XVI.
535 2093 870 2149 Christianus
897 2093 990 2164 qui
1027 2093 1316 2148 crediderit
1354 2106 1474 2147 esse
1498 2089 1526 2129 ι)
1556 2086 1796 2145 Lamiam
1816 2091 1872 2146 in

272 2187 520 2258 speculo,
545 2201 666 2255 qua:
685 2186 1071 2256 interpretatur
1092 2185 1292 2258 Striga,
1311 2185 1866 2251 anathematizandus,

271 2277 586 2349 quicunque
613 2293 778 2348 super
803 2277 1034 2332 animam
1058 2316 1074 2341 ,
1105 2277 1300 2330 famam
1330 2277 1488 2334 istam
1517 2277 1865 2347 imposuerit;

272 2383 388 2424 nec
413 2376 538 2423 ante
558 2369 613 2423 in
643 2367 935 2424 Ecclesiam
957 2367 1296 2439 recipiendus
1324 2383 1486 2436 quam
1514 2377 1572 2422 ut
1601 2366 1742 2422 idem
1766 2369 1874 2422 cri-

276 2461 447 2532 minis
467 2460 611 2530 quod
632 2461 774 2526 fecit,
807 2475 902 2515 sua
922 2461 1114 2514 iterum
1134 2475 1267 2515 voce
1295 2467 1548 2515 revocet:
1579 2468 1633 2514 et
1653 2459 1731 2514 sic
1756 2474 1872 2529 pa:-

272 2555 565 2610 nitentiam
589 2568 709 2610 cum
737 2554 883 2609 omni
901 2552 1174 2622 diligentia
1196 2561 1338 2622 agat.

353 2645 518 2704 XVII.
548 2646 712 2715 Virgo
741 2661 861 2715 quae
905 2646 1115 2700 voverit
1159 2644 1270 2700 Deo
1300 2651 1581 2715 permanet
1617 2651 1784 2708 casta,
1815 2650 1869 2697 et

272 2745 470 2808 postea
497 2738 739 2806 nupserit
788 2721 1061 2792 carnalem
1097 2752 1372 2806 sponsum,
1405 2735 1870 2791 excommunionis

267 2829 357 2884 sit
376 2827 548 2881 donec
569 2834 935 2881 convertatur.
963 2825 1020 2880 Si
1049 2841 1306 2881 conversa
1329 2824 1509 2890 fuerit,
1532 2834 1586 2880 et
1610 2825 1870 2880 dimiserit

271 2918 624 2982 adulterium,
656 2918 1030 2988 paenitentiam
1057 2923 1201 2986 agat,
1232 2924 1286 2971 et
1314 2923 1502 2986 postea
1529 2932 1638 2972 non
1665 2917 1722 2970 in
1761 2931 1868 2971 una

270 3009 446 3064 domo
475 3025 574 3063 nec
596 3009 649 3063 in
681 3024 785 3063 una
815 3008 938 3062 villa
967 3008 1232 3062 habitent.

353 3097 548 3152 XVIII.
579 3099 636 3153 Si
683 3099 802 3169 quis
843 3099 1306 3154 excommunionis
1349 3097 1528 3162 fuerit,
1579 3115 1680 3155 nec
1704 3109 1865 3156 nocte

1973 1915 2059 1969 sit.

2047 2003 2278 2058 XXVIII.
2320 2003 2378 2058 Si
2408 2003 2526 2074 quis
2559 2003 2878 2058 clericorum
2908 2001 3370 2058 excommunionis
3399 2000 3555 2055 fuerit

1970 2096 2135 2161 solus,
2186 2112 2294 2150 non
2323 2095 2376 2149 in
2405 2095 2594 2149 eadem
2621 2093 2782 2148 domo
2828 2109 2950 2148 cum
2979 2093 3096 2147 aliis
3125 2092 3425 2146 orationem
3472 2087 3555 2168 fa"-

1971 2189 2078 2243 ciat
2099 2206 2118 2254 -;
2149 2203 2248 2242 nec
2273 2187 2466 2242 oﬂ'erre
2493 2201 2594 2240 nec
2620 2195 2642 2223 θ
2673 2200 2996 2240 conservare
3026 2185 3168 2248 licet,
3191 2183 3365 2238 donec
3393 2198 3450 2236 se
3472 2181 3553 2235 fa-

1971 2279 2079 2334 ciat
2116 2278 2495 2343 emendatum;
2527 2276 2620 2347 qui
2666 2275 2712 2330 si
2755 2275 2833 2330 sic
2871 2289 2980 2329 non
3034 2273 3240 2340 fecerit,
3273 2271 3554 2343 dupliciter

1971 2372 2290 2426 vindicetur.

2041 2463 2230 2518 XXIX.
2264 2463 2320 2518 Si
2347 2463 2467 2531 quis
2488 2461 2709 2517 fratrum
2735 2462 2978 2532 accipere
3003 2461 3226 2530 gratiam
3257 2459 3350 2514 Dei
3371 2459 3554 2514 volue«

1969 2558 2058 2621 rit,
2102 2572 2210 2610 non
2239 2564 2364 2608 ante
2388 2553 2687 2624 baptizetur
2714 2569 2873 2622 quam
2903 2551 3368 2621 quadragesimum
3409 2559 3552 2617 agat.

2041 2650 2208 2704 XXX.
2249 2648 2549 2719 Episcopus
2577 2647 2831 2716 quislibet
2871 2647 2964 2716 qui
3009 2645 3077 2700 de
3119 2644 3298 2698 suain
3330 2643 3553 2697 alteram

1969 2741 2308 2814 progreditur
2335 2740 2665 2810 parochiam,
2695 2754 2795 2793 nec
2825 2737 3076 2792 ordinare
3115 2739 3421 2805 prtcsumat,
3454 2733 3553 2790 nisi

1968 2830 2378 2903 permissionem
2405 2828 2673 2898 acceperit
2700 2828 2768 2882 ab
2795 2843 2862 2882 eo
2907 2827 3000 2895 qui
3040 2827 3094 2880 in
3125 2841 3223 2880 suo
3250 2825 3554 2894 principatu

1968 2931 2081 2988 est;
2110 2921 2196 2976 die
2221 2920 2489 2976 dominica
2517 2918 2711 2974 offerat
2730 2926 2937 2972 tantum
2966 2916 3338 2986 susceptione,
3369 2922 3425 2969 et
3453 2915 3553 2969 ob-

1967 3013 2117 3082 sequi
2140 3013 2228 3068 hic
2251 3019 2536 3068 contentus
2556 3011 2644 3066 sit.

2038 3102 2224 3157 XXXI.
2267 3103 2323 3158 Si
2351 3104 2472 3174 quis
2517 3101 2836 3158 conduxerit
2863 3115 2895 3155 e
2922 3100 3133 3155 duobus
3171 3099 3380 3154 clericis
3419 3113 3554 3167 quos

272 3189 609 3258 pascharum
639 3189 694 3242 in
719 3189 1000 3268 ecclesiam
1028 3188 1179 3261 (non)
1207 3189 1465 3258 introeat,
1489 3188 1661 3244 donec
1686 3191 1863 3259 pmni-
1893 3189 1938 3248 Ο
1967 3193 2277 3248 discordare
2320 3195 2572 3249 convenit
2599 3201 2698 3263 per
2725 3190 3052 3246 discordiam
3081 3192 3333 3260 aliquam,
3372 3190 3553 3259 prola-

275 3281 510 3336 tentiam
538 3281 782 3350 recipiat.

358 3371 499 3427 XIX.
531 3372 720 3426 Mulier
763 3372 1064 3438 Christiana
1092 3387 1213 3441 quae
1252 3373 1524 3442 acceperit
1551 3374 1726 3428 virum
1761 3375 1865 3431 ho-

275 3464 458 3518 nestis
487 3463 704 3534 nuptiis,
737 3474 791 3519 et
817 3463 1159 3534 postmodum
1201 3465 1510 3519 discesserit
1536 3481 1566 3518 a
1589 3466 1781 3536 primo,
1812 3475 1868 3521 et

272 3554 522 3624 iunxerit
559 3571 618 3610 se
647 3555 944 3622 adulterio,
989 3570 1110 3626 quae
1135 3555 1248 3610 hate
1275 3553 1420 3620 fecit,
1464 3557 1868 3613 excommunic-

275 3645 370 3699 nis
397 3645 486 3699 sit.
1204 3717 1205 3720 η

358 3734 474 3788 XX.
517 3734 852 3791 Christianus
893 3734 986 3806 qui
1030 3733 1241 3790 fraudat
1294 3736 1531 3790 debitum
1584 3736 1867 3806 cujuslibet

277 3827 396 3880 ritu
425 3827 700 3896 gentilium
719 3866 734 3892 ,
766 3825 1230 3882 excommunionis
1258 3827 1328 3881 sit
1369 3827 1540 3883 donec
1567 3828 1741 3882 solvat
1767 3829 1860 3884 de-

277 3918 476 3972 bitum.

362 4007 500 4063 XXI.
530 4009 866 4064 Christianus
891 4011 978 4065 cui
1017 4010 1367 4082 dereliquerit
1409 4013 1627 4082 aliquis,
1658 4021 1712 4068 et
1739 4029 1865 4083 pro-

279 4105 444 4152 vocat
497 4113 620 4152 eum
675 4099 728 4152 in
768 4108 790 4137 ο
832 4098 1048 4154 ductum
1097 4109 1152 4155 et
1203 4117 1311 4156 non
1368 4102 1423 4155 in
1472 4101 1868 4166 ccclesiam,ut

279 4187 358 4240 ibi
381 4187 718 4241 examinetur
743 4202 922 4251 causa,
955 4188 1044 4256 qui
1073 4190 1151 4244 sic
1181 4189 1365 4245 fecerit
1403 4191 1607 4249 alienus
1634 4194 1721 4248 sit.

359 4274 522 4328 XXII.
560 4276 617 4329 Si
643 4277 763 4344 quis
789 4277 1071 4332 tradiderit
1097 4278 1259 4332 filiam
1300 4294 1450 4334 suam
1481 4281 1596 4336 viro
1629 4282 1868 4336 honestis

279 4367 504 4436 nuptiis,
536 4374 591 4422 et
617 4368 876 4422 amaverit
904 4369 1066 4422 alium
1094 4378 1149 4423 et
1181 4373 1450 4424 consentit
1493 4370 1616 4426 filia:
1653 4387 1782 4435 sum,
1812 4379 1869 4427 et

279 4459 554 4525 acceperit
605 4458 826 4525 dotem,
876 4460 1035 4514 ambo
1091 4460 1159 4513 ab
1202 4459 1444 4516 Ecclesia
1493 4463 1862 4518 excludantur.

1970 3292 2083 3338 tum
2114 3285 2206 3347 uni
2233 3299 2265 3338 e
2291 3283 2502 3338 duobus
2529 3285 2740 3338 hostem
2769 3286 2836 3336 ad
2865 3279 3290 3336 interficiendum
3320 3281 3551 3336 homici-

1965 3373 2086 3427 dam
2108 3387 2405 3441 congruum
2434 3381 2518 3427 est
2544 3372 2845 3438 nominari;
2876 3373 2970 3441 qui
3000 3371 3230 3426 clericus
3277 3372 3344 3426 ab
3375 3373 3552 3426 omni-

1965 3464 2066 3518 bus
2086 3463 2248 3518 rectis
2278 3463 2508 3517 habetur
2535 3462 2760 3516 alienus.

2038 3553 2252 3610 XXXII.
2285 3554 2341 3610 Si
2369 3555 2490 3625 quis
2515 3555 2834 3610 clericorum
2861 3555 3091 3610 voluerit
3107 3554 3294 3623 juvare
3321 3557 3552 3626 captivo,

1965 3660 2090 3702 cum
2117 3661 2214 3700 suo
2236 3645 2411 3716 pretio
2432 3645 2508 3699 illi
2535 3645 2819 3700 subveniat
2848 3663 2860 3698 :
2893 3660 3017 3698 nam
3045 3645 3089 3699 si
3126 3660 3225 3715 per
3265 3646 3460 3700 furtum
3493 3647 3555 3700 il-

1967 3739 2076 3792 lum
2124 3739 2494 3808 inviolaverit,
2543 3739 2985 3809 blasphemantur
3028 3731 3184 3794 multi
3233 3739 3416 3794 clerici
3460 3755 3555 3809 per

1968 3845 2132 3884 unum
2186 3830 2482 3898 latronem;
2531 3830 2624 3900 qui
2680 3830 2757 3885 sic
2811 3829 3034 3897 fecerit,
3093 3829 3554 3885 excommunionis

1964 3921 2054 3976 sit.

2039 4010 2272 4066 XXXIII.
2305 4011 2543 4068 Clericus
2561 4014 2653 4082 qui
2681 4013 2748 4068 de
2775 4013 3042 4068 Britannis
3063 4012 3131 4065 ad
3157 4027 3253 4067 nos
3270 4011 3414 4065 venit
3443 4013 3555 4066 si;.e

1967 4103 2230 4172 epistola,
2277 4105 2377 4159 etsi
2420 4105 2627 4160 habitet
2674 4106 2728 4160 in
2771 4106 2954 4176 plebe,
3001 4121 3109 4159 non
3149 4104 3352 4158 licitum
3400 4102 3556 4156 mini-

1968 4201 2163 4248 strare.

2047 4283 2285 4338 XXXIV.
2327 4284 2595 4343 Diaconus
2639 4286 2918 4342 nobiscum
2955 4286 3220 4354 similiter,
3251 4285 3341 4354 qui
3372 4285 3554 4338 incon-

1980 4376 2122 4431 sulto
2151 4390 2250 4429 suo
2278 4375 2490 4442 abbate,
2541 4377 2656 4430 sine
2686 4376 2875 4430 litteris
2917 4376 2968 4429 in
3011 4375 3169 4428 aliam
3199 4375 3506 4445 parochiam
3533 4372 3552 4412 ί

1972 4467 2252 4534 assentiat,
2276 4483 2376 4522 nec
2397 4467 2574 4522 cibum
2603 4467 2905 4521 ministrare
2933 4465 3120 4522 decet:
3143 4475 3196 4520 et
3217 4481 3246 4520 a
3277 4481 3376 4520 suo
3405 4480 3553 4535 prcs—

356 4546 540 4602 XXIII.
581 4547 638 4601 Si
675 4550 796 4619 quis
822 4550 1262 4620 presbyterorum
1310 4552 1592 4607 ecclesiam
1637 4553 1868 4609 aedifica-
1896 4546 1942 4604 Ι)
1972 4559 2160 4628 bytero
2184 4571 2344 4626 quem
2373 4558 2830 4628 contempsit,per
2844 4557 3211 4628 pmnitentiam
3233 4556 3549 4610 vindicant:

281 4641 440 4706 verit,
459 4657 564 4695 non
589 4640 777 4695 offerat
800 4650 1087 4710 antequam
1111 4643 1340 4698 adducat
1359 4660 1516 4699 suum
1537 4645 1862 4716 pontiﬁcem,
1890 4704 1903 4719 ο

282 4738 342 4786 ιιι
371 4746 486 4785 eam
513 4740 811 4797 consecret,
841 4732 964 4800 quia
993 4732 1072 4788 sic
1100 4733 1275 4788 decet.

356 4820 546 4876 XXIV.
576 4820 631 4876 Si
685 4823 805 4890 quis
849 4822 1054 4877 advena
1102 4824 1372 4893 ingressus
1419 4825 1580 4890 fuerit
1633 4828 1864 4899 plebem,

357 5029 380 5056 ιι
412 5019 512 5098 Qui
538 5023 945 5098 harugagarum,
971 5026 1024 5081 id
1053 5031 1155 5089 est,
1187 5027 1481 5083 hostiarum
1520 5038 1643 5085 cxta
1685 5032 1866 5098 inspe-

283 5098 411 5167 ctat,
436 5091 503 5167 ad
532 5091 829 5167 futui-erum
853 5106 1101 5167 eventum
1131 5098 1256 5152 inde
1275 5100 1724 5167 cognoscendum.
1743 5091 1863 5158 Vid.

253 5159 431 5212 .Had.
457 5158 586 5214 Jun.
619 5161 1012 5220 Nomenclator.
1046 5167 1204 5222 Wan.

356 5227 893 5310 b‘I‘A‘estoraccipitur
927 5251 1024 5310 pro
1070 5237 1312 5310 malefica
1366 5241 1606 5310 muliere,
1649 5255 1768 5310 qum
1809 5251 1864 5295 et

293 5296 526 5353 Volatica
554 5309 608 5356 et
635 5296 766 5359 atrii:
786 5296 1077 5376 antiquitus
1105 5309 1398 5364 dicebatur.
1431 5309 1505 5365 lo.

1949 4820 1955 4827 _
1972 4742 2160 4798 dicari.

1972 4657 2027 4703 et
2072 4649 2368 4704 monachus
2396 4648 2697 4705 inconsulto
2727 4649 2922 4704 abbate
2965 4648 3190 4717 vagulus
3234 4647 3394 4702 debet
3440 4646 3549 4701 vin-

2405 4830 2625 4887 Finiunt
2657 4833 2842 4904 synodi
2868 4832 3126 4886 instituta.

2047 5045 2069 5074 ο
2102 5035 2262 5089 Forte
2280 5033 2557 5103 judicium.
2590 5035 2665 5089 In».

2041 5103 2066 5142 ιλ
2102 5106 2230 5173 Leg.
2263 5107 2441 5158 donec.
2476 5104 2551 5160 In.

2043 5185 2064 5245 εξ
2099 5177 2175 5245 An
2197 5191 2518 5245 conpensare,
2559 5191 2653 5228 seu
2683 5175 2860 5245 potius
2886 5172 3222 5230 conversari?

2043 5243 2060 5281 τ
2091 5244 2218 5313 ch.
2251 5243 2503 5299 absental.
2538 5243 2694 5299 WAR.
