3920 6176
256 285 364 344 89.9

1718 278 2016 336 CHARTA.

3419 263 3522 326 85f!

257 414 351 467 Dei
383 409 655 479 genitricis
687 405 882 460 Maria.
913 403 1098 472 Ibique
1134 399 1308 471 reperi
1333 395 1598 468 quosdam
1635 394 1831 449 fratres
1863 397 1908 451 Α
1938 394 2248 449 amoenitate
2275 393 2480 464 positos
2509 407 2608 446 nos
2644 355 3006 444 crederemus.
3039 381 3385 453 Egredientes
3422 379 3524 448 igi-

255 500 574 559 rudimentis
601 495 878 554 catholica:
909 491 1030 548 fidei
1059 490 1312 555 imbutos,
1342 495 1398 543 et
1425 487 1526 558 pia:
1549 499 1840 541 conversa-

254 592 440 656 tionis,
466 590 558 659 qui
577 591 947 642 successerunt
968 581 1242 652 discipulis
1269 586 1576 635 sanctorum
1602 574 1838 644 Phagani

253 691 309 736 et
339 692 364 718 ⁸
399 678 689 742 Diruviani,
712 690 940 746 quorum
964 673 1203 738 nomina,
1232 686 1331 742 pro
1351 671 1474 725 vitae
1499 668 1725 732 meritis,
1749 682 1840 721 ve-

255 778 454 827 raciter
480 768 642 826 credo
670 768 867 837 scripta
896 767 950 820 in
975 764 1125 820 omlis
1156 764 1375 835 (Philip.
1407 777 1480 829 1v,
1511 760 1588 829 5).
1621 757 1689 813 Et
1712 758 1837 827 quia

251 863 304 917 in
358 861 620 916 memoria
665 867 865 914 aeterna
907 864 1064 912 erunt
1099 856 1228 925 justi
1259 853 1432 926 (Psal.
1463 868 1568 918 cxx,
1603 851 1678 921 7),
1717 865 1840 906 cum

253 951 476 1007 eosdem
533 950 726 1004 fratres
782 958 966 1003 tenere
1012 946 1341 1014 dilexissem,
1388 957 1579 999 eorum
1621 941 1839 996 nomina

251 1042 458 1114 scripto
487 1056 610 1095 meo
648 1040 892 1109 redigere
920 1039 944 1076 δ
985 1037 1148 1097 volui.
1172 1051 1290 1105 quae
1342 1041 1504 1089 sunt:
1547 1032 1836 1100 Brumban,

252 1133 566 1206 ﬂyregaan,
601 1131 898 1197 Bremwal,
942 1129 1267 1191 Wencreth,
1328 1127 1838 1194 Bantommeweng,

256 1223 636 1292 Adelwolred,
692 1222 888 1293 Loyor,
931 1221 1188 1285 Wellias,
1245 1217 1496 1286 Breden,
1552 1216 1838 1285 Swelwes,

253 1311 618 1376 Hinloernus,
659 1321 714 1366 et
761 1311 899 1367 alius
937 1309 1075 1382 Hyn.
1133 1308 1199 1364 lli
1248 1324 1371 1364 cum
1415 1316 1596 1364 essent
1646 1307 1840 1362 nobili-

253 1405 351 1460 bus
392 1405 500 1459 orti
546 1403 834 1466 natalibus,
865 1403 1202 1458 nobilitatem
1242 1416 1393 1456 suam
1429 1400 1550 1456 fidei
1585 1400 1840 1470 operibus

254 1510 451 1551 ornare
471 1494 769 1565 cupientes,
787 1492 1114 1548 eremiticam
1133 1493 1298 1547 vitam
1319 1492 1516 1547 ducere
1536 1491 1832 1559 elegerunt.

253 1586 318 1642 Et
344 1588 602 1656 quoniam
631 1585 808 1641 inveni
835 1600 930 1640 eos
957 1584 1186 1639 humiles
1206 1600 1270 1639 ac
1297 1583 1533 1654 quietos,
1575 1581 1713 1649 elegi
1742 1596 1838 1650 po-

255 1679 358 1732 tius
395 1693 519 1732 cum
550 1677 654 1731 illis
675 1677 916 1745 abjeetus
935 1689 1078 1744 esse,
1099 1674 1268 1742 magis
1289 1688 1450 1742 quam
1482 1673 1536 1727 in
1567 1670 1838 1740 regalibus

1939 495 2030 541 tnr
2055 491 2110 540 et
2137 483 2576 553 reingredlentes,
2620 481 2907 549 locumque
2943 474 3252 544 diligentius
3281 485 3496 541 perseru

1941 585 2135 643 tantes,
2159 577 2457 631 invenimus
2477 573 2727 628 volumen
2758 585 2918 625 unum
2944 568 2995 621 in
3018 583 3126 636 quo
3153 563 3338 634 scripti
3368 569 3524 616 erant

1939 668 2106 724 Actus
2134 666 2519 738 apostolorum,
2549 663 2754 732 pariter
2793 675 2914 714 cum
2941 658 3075 713 actis
3112 663 3168 710 et.
3205 654 3371 722 gestis
3397 667 3523 705 san-

1939 770 2149 818 ctorum
2168 759 2404 829 Phagani
2424 767 2479 813 et
2498 755 2792 821 Diruvinni,
2807 769 2876 808 ex
2892 766 3079 818 magna
3101 758 3254 820 parte
3273 762 3521 803 consum-

1939 861 2122 924 ptum;
2151 851 2204 906 in
2232 850 2384 918 cujus
2412 858 2591 902 tamen
2626 846 2729 900 line
2749 843 3034 898 voluminis
3060 840 3360 921 invenimus
3387 838 3520 892 scri-

1941 957 2152 1020 pturam
2173 959 2292 1015 quae
2317 942 2529 998 dicebat
2549 939 2690 1010 quod
2721 936 2956 1007 prtedicti
2979 935 3261 1001 Phaganus
3289 938 3344 985 et
3370 929 3517 984 Diru-

1939 1040 2148 1106 vianus,
2185 1052 2282 1107 per
2305 1034 2690 1090 revelationem
2721 1028 2929 1083 Domini
2961 1026 3128 1081 nostri
3167 1022 3291 1079 Jesu
3320 1020 3515 1076 Christi

1939 1132 2080 1187 idem
2110 1128 2411 1184 oratorium
2430 1124 2452 1162 ἀ
2484 1122 2881 1179 :edilieaverunt
2909 1120 2960 1173 in
2994 1118 3198 1172 honore
3225 1113 3393 1170 sancti
3416 1113 3516 1166 Mi-

1938 1222 2139 1279 chaelis
2167 1216 2493 1285 archangeli,
2523 1221 2786 1284 quatenus
2823 1213 2893 1266 ibi
2923 1212 2989 1265 ab
3018 1209 3319 1265 hominibus
3349 1207 3514 1260 habe-

1939 1321 2024 1368 ret
2051 1312 2330 1376 honorem,
2361 1307 2452 1376 qui
2481 1305 2727 1360 homines
2756 1304 2807 1356 in
2839 1308 3128 1372 perpetuos
3158 1299 3408 1359 honores,
3429 1296 3516 1364 in-

1937 1406 2100 1462 bente
2127 1403 2257 1468 Deo,
2283 1409 2366 1456 est
2403 1398 2819 1454 introducturus.
2853 1393 2920 1448 At
2947 1407 3067 1447 cum
3101 1389 3392 1444 delectaret
3419 1403 3514 1442 nos

1938 1495 2029 1551 illa
2057 1494 2340 1562 scriptura,
2372 1489 2678 1549 nitebamur
2697 1501 2814 1539 eam
2855 1483 2922 1538 ad
2952 1482 3107 1536 linem
3138 1481 3338 1547 legere.
3363 1479 3513 1532 Dice-

1937 1588 2031 1644 bat
2059 1587 2202 1641 enim
2231 1583 2417 1639 eadem
2457 1581 2718 1650 scriptura
2749 1578 2892 1648 quod
2914 1573 3204 1630 venerandi
3237 1572 3512 1640 Phaganus

1938 1685 1994 1734 et
2021 1676 2340 1732 Diruvianus
2368 1687 2576 1728 moram
2605 1670 2676 1725 ibi
2707 1668 2948 1722 fecerunt
2975 1681 3071 1735 per
3101 1679 3291 1719 novem
3323 1678 3511 1725 annos,

252 1769 410 1824 curiis
437 1747 681 1826 habitare
710 1771 880 1843 (Psal.
909 1788 1130 1837 unm,
1156 1770 1266 1841 Η).
1298 1768 1405 1824 Sed
1442 1767 1567 1838 quia
1595 1765 1836 1822 omnium
1867 1759 1910 1818 Β
1939 1774 1994 1823 et
2019 1766 2162 1836 quod
2189 1764 2289 1836 ipsi
2311 1764 2471 1818 etiam
2501 1759 2897 1831 perquisierant
2919 1757 3133 1823 triginta
3159 1768 3418 1807 annorum
3444 1751 3514 1804 in-

257 1868 494 1916 nostrum
524 1873 637 1916 erat
656 1881 745 1918 cor
771 1881 928 1918 unum
951 1875 1002 1919 et
1019 1866 1197 1919 animo
1216 1881 1322 1918 una
1345 1861 1480 1936 (Act.
1500 1878 1572 1925 IV,
1591 1859 1702 1933 '52),
1727 1859 1836 1915 ele-

254 1952 425 2020 gimus
446 1968 639 2010 omnes
667 1955 826 2010 simul
846 1956 1110 2023 habitare,
1140 1955 1424 2011 comedere
1453 1962 1507 2009 et
1524 1954 1709 2008 bibere
1736 1968 1836 2022 pa-

253 2045 398 2110 riter,
431 2046 565 2100 etin
591 2046 781 2101 eadem
803 2047 964 2103 domo
989 2047 1244 2102 dormire.
1277 2045 1473 2116 Sicque
1499 2060 1585 2101 me
1605 2045 1731 2100 licet
1750 2044 1836 2098 in-

258 2132 418 2186 vitum
445 2134 550 2188 sibi
571 2135 940 2204 praetulerunt.
963 2132 1087 2190 Non
1105 2137 1242 2190 enim
1269 2135 1456 2206 dignus
1477 2150 1621 2189 eram
1641 2132 1838 2187 solvere

259 2224 534 2294 corrigiam
565 2225 1024 2280 calceamentorum
1047 2225 1237 2294 (Marc.
1274 2243 1312 2292 ι,
1344 2225 1398 2295 7)
1422 2240 1627 2280 eorum.

323 2313 389 2368 Et
411 2331 540 2369 eum
561 2315 724 2369 vitam
748 2317 1098 2372 monasticam
1119 2317 1193 2371 ita
1213 2317 1528 2372 duceremus
1541 2314 1695 2384 juxta
1718 2330 1839 2370 nor-

259 2418 398 2458 mam
425 2404 788 2474 probabilium
814 2404 1055 2474 Patrum,
1091 2405 1444 2460 ostenderunt
1470 2405 1601 2460 mihi
1629 2404 1835 2476 przefati

256 2493 441 2554 fratres
483 2498 686 2567 scripta
724 2507 1033 2554 sanctorum
1078 2497 1313 2566 Phagani
1350 2507 1406 2555 et
1438 2497 1731 2564 Diruviani,
1781 2499 1836 2552 in

259 2587 447 2654 quibus
496 2589 904 2656 continebatur,
935 2588 1079 2658 quod
1115 2589 1398 2645 duodecim
1437 2589 1682 2660 discipuli
1711 2605 1835 2644 san-

259 2686 462 2732 ctorum
494 2677 724 2750 Philippi
753 2687 808 2735 et
833 2679 1040 2748 Jacobi,
1067 2681 1236 2750 ipsam
1269 2689 1529 2737 vetustam
1553 2683 1834 2738 ecclesiam

257 2777 668 2826 construxerunt
696 2772 751 2828 in
785 2773 992 2828 honore
1020 2773 1309 2844 praelibatac
1339 2772 1705 2830 Advocatricis
1731 2789 1834 2829 no-

256 2868 389 2925 stra},
415 2876 520 2930 per
547 2860 1030 2918 doctrinamentum
1058 2863 1202 2919 beati
1230 2861 1535 2932 archangeli
1550 2861 1832 2919 Gabrielis.

257 2943 475 3020 insuper
505 2957 562 3006 et
588 2953 730 3022 quod
751 2953 1009 3010 Dominus
1030 2953 1274 3010 eamdem
1318 2954 1598 3010 ecclesiam
1625 2956 1836 3010 cmlitus

259 3037 308 3091 in
327 3039 537 3095 honore
564 3056 675 3095 suze
701 3041 884 3107 Matris
905 3042 1266 3107 dedicaverat,
1295 3048 1350 3098 et
1375 3043 1520 3113 quod
1542 3051 1651 3099 tres
1680 3059 1834 3114 reges

1939 1859 2266 1929 dulgentiam
2293 1854 2542 1910 omnibus
2569 1849 2900 1906 Christicolis
2927 1850 3101 1902 locum
3133 1845 3303 1914 ipsum
3331 1843 3396 1896 ad
3427 1843 3514 1896 ho.

1940 1967 2128 2010 norem
2157 1950 2302 2006 beati
2334 1947 2608 2003 Michaelis
2627 1945 2713 2014 pia
2737 1943 3012 1997 voluntate
3035 1937 3396 1992 visitantibus.
3428 1932 3516 1987 ln-

1939 2055 2102 2100 vento
2144 2051 2169 2080 ο
2193 2055 2320 2108 ergo
2344 2047 2494 2093 tanto
2523 2037 2716 2090 divina:
2745 2032 2996 2088 bonitatis
3032 2031 3304 2092 thesauro,
3335 2039 3435 2094 ego
3465 2029 3515 2080 et

1937 2134 2104 2190 frater
2123 2133 2342 2188 Wellias
2369 2131 2536 2184 tribus
2563 2126 2834 2182 mensibus
2849 2121 3224 2193 jejunavimus,
3254 2118 3516 2174 orationi-

1937 2227 2038 2283 bus
2091 2231 2342 2280 vacantes
2390 2230 2446 2276 et
2490 2219 2698 2288 vigiliis,
2747 2215 3182 2282 daemonibusque
3228 2219 3284 2265 et
3329 2210 3515 2264 belluis

1936 2315 2337 2376 multiformiter
2364 2310 2745 2383 apparentibus
2774 2307 3117 2376 imperantes.
3149 2301 3387 2369 Quadam
3417 2317 3514 2356 an-

1935 2420 2046 2468 tem
2093 2416 2252 2464 nocte
2299 2420 2420 2460 cum
2450 2417 2536 2457 me
2563 2399 2746 2470 sopori
2792 2397 3076 2460 dedissem,
3106 2393 3354 2465 apparuit
3386 2393 3514 2448 mihi

1935 2501 2192 2556 Dominus
2217 2496 2374 2553 Jesus
2411 2495 2462 2550 in
2508 2492 2623 2546 visu
2663 2490 2845 2545 dicens
2876 2506 2888 2540 :
2930 2485 3127 2540 Patrici
3162 2500 3317 2539 serve
3344 2499 3514 2549 meus,

1934 2593 2072 2650 scias
2099 2606 2186 2646 me
2214 2589 2439 2658 elegisse
2468 2585 2647 2639 locum
2688 2580 2845 2636 istum
2887 2579 2954 2633 ad
2992 2579 3254 2633 honorem
3283 2575 3516 2629 nominis

1936 2685 2060 2750 mei,
2074 2692 2130 2739 et
2151 2682 2658 2744 uthichonoranter
2679 2675 2929 2728 invocent
2949 2670 3271 2739 adjutormm
3293 2667 3516 2721 archan-

1935 2775 2042 2844 geli
2068 2775 2174 2829 mei
2201 2771 2498 2826 Michaelis.
2545 2766 2614 2821 Et
2641 2766 2744 2820 hoc
2772 2762 2869 2817 tibi
2911 2760 3118 2828 signum
3165 2766 3220 2812 et
3265 2754 3516 2810 fratribus

1934 2867 2060 2933 tuis,
2089 2872 2354 2935 quatenus
2381 2868 2436 2916 et
2465 2859 2565 2931 ipsi
2592 2855 2815 2914 credant
2839 2869 2852 2906 :
2879 2849 3160 2906 brachium
3187 2854 3337 2902 tuum
3383 2845 3518 2900 sini-

1934 2966 2105 3015 strum
2130 2961 2360 3019 arescet,
2389 2952 2563 3009 donec
2590 2964 2710 3018 qua:
2737 2944 2914 3002 vidisti
2959 2937 3361 2997 annuntiaveris
3407 2936 3516 2990 fra-

1935 3048 2108 3104 tribus
2135 3046 2228 3117 qui
2255 3046 2308 3100 in
2337 3044 2472 3099 cella
2492 3050 2615 3098 sunt
2643 3037 2905 3104 inferiori,
2935 3043 2991 3090 et
3017 3033 3195 3090 denuo
3222 3031 3309 3087 hic
3335 3029 3514 3088 redie-

258 3130 464 3199 pagani,
527 3130 656 3201 ipsis
708 3131 990 3188 duodecim
1043 3133 1110 3188 ad
1153 3149 1340 3189 eorum
1377 3143 1834 3190 sustenementum
1862 3123 1908 3184 C
1935 3140 2031 3204 ris.
2061 3137 2128 3190 Et
2165 3136 2365 3190 factum
2393 3140 2478 3190 est
2505 3133 2600 3188 ita.

257 3218 539 3276 duodecim
582 3222 858 3292 portiones
896 3232 1050 3278 terra:
1085 3223 1380 3290 dederunt;
1432 3240 1533 3279 nec
1561 3240 1670 3279 non
1696 3232 1751 3280 et
1778 3225 1831 3279 in

255 3311 462 3381 scriptis
497 3314 889 3371 recentioribus
916 3315 1114 3380 inveni,
1146 3316 1288 3385 quod
1337 3317 1506 3372 sancti
1552 3314 1833 3386 Phaganus

259 3409 309 3455 et
335 3401 658 3460 Diruvianus
684 3405 1074 3476 perquisierant
1101 3407 1168 3461 ab
1204 3405 1512 3462 Eleutherio
1551 3423 1708 3480 papa,
1740 3409 1833 3480 qui

259 3509 345 3549 eos
371 3497 618 3562 miserat,
643 3507 666 3537 ε
691 3499 906 3567 triginta
928 3513 1096 3554 annos
1122 3499 1480 3568 indulgentia.
1511 3497 1578 3553 Et
1598 3514 1697 3568 ego
1721 3501 1830 3556 fra-

257 3591 334 3640 ter
361 3584 632 3642 Patricius
659 3603 689 3642 a
718 3589 818 3659 pia:
846 3591 1117 3644 memoriae
1144 3588 1434 3646 Caelestino
1463 3606 1597 3662 papa
1626 3590 1832 3648 duode-

255 3682 350 3732 eim
379 3695 557 3736 annos
587 3689 827 3752 tempore
856 3697 978 3737 meo
1003 3682 1280 3751 acquisivi.

324 3767 450 3826 Post
504 3773 731 3828 multum
779 3789 908 3829 vero
956 3774 1244 3845 temporis,
1297 3785 1575 3848 assumpto
1618 3792 1828 3834 mecum

259 3858 439 3916 Wellia
469 3861 745 3918 confratre
781 3879 923 3929 meo,
960 3879 1057 3933 per
1086 3864 1508 3921 condensitatem
1537 3867 1682 3923 silva:
1707 3884 1826 3922 cum

259 3965 441 4019 magna
465 3951 778 4009 diﬂicultate
801 3954 1210 4010 conscendimus
1235 3971 1489 4012 cacumen
1511 3959 1708 4016 montis
1735 3957 1827 4030 qui

257 4043 446 4098 eminet
468 4045 521 4099 in
545 4045 729 4100 eadem
752 4046 942 4102 insula.
971 4046 1089 4114 Quo
1119 4063 1238 4103 cum
1266 4050 1714 4121 pervenissemus,
1741 4067 1831 4124 ap-

261 4134 424 4198 paruit
442 4137 740 4191 oratorium
767 4154 929 4193 unum
953 4147 1218 4194 vetustum
1238 4149 1293 4195 et
1320 4141 1432 4196 fere
1458 4142 1710 4210 dirutum,
1730 4145 1825 4199 ha-

259 4222 357 4277 bile
384 4232 564 4280 tamen
603 4227 876 4282 devotioni
903 4227 1236 4296 Christianze,
1270 4239 1324 4285 et
1359 4231 1553 4302 (prout
1581 4233 1708 4288 mihi
1741 4233 1823 4288 vi-

258 4311 490 4385 debatur)
515 4333 548 4370 a
571 4316 679 4372 Deo
709 4318 958 4374 electum.
983 4317 1136 4386 Quod
1165 4336 1287 4376 cum
1317 4322 1541 4391 ingressi
1562 4337 1820 4390 essemus,

2005 3228 2088 3282 Ab
2109 3227 2200 3281 illo
2220 3225 2306 3280 die
2326 3224 2611 3279 statuimus
2635 3220 2771 3275 duos
2792 3218 2984 3272 fratres
3006 3217 3058 3270 in
3080 3223 3397 3286 perpetuum
3420 3213 3510 3280 ibi,

1933 3319 2037 3374 nisi
2063 3324 2310 3388 pastores
2335 3313 2502 3368 futuri
2530 3309 2600 3366 ob
2625 3309 2823 3378 justam
2849 3322 3067 3362 causam
3088 3307 3247 3359 aliter
3265 3305 3511 3358 decreve-

1931 3409 2060 3465 rint.
2091 3405 2369 3474 Arnulpho
2399 3408 2580 3456 autem
2609 3407 2664 3454 et
2691 3396 2888 3466 Ogmar
2921 3395 3224 3449 Hibernicis
3257 3392 3510 3448 fratribus

1932 3490 2024 3571 qui
2061 3511 2270 3551 mecum
2309 3498 2570 3548 venerant
2610 3487 2678 3543 de
2716 3485 2991 3549 Hibernia,
3035 3498 3135 3554 pro
3175 3497 3241 3536 eo
3270 3481 3413 3552 quod
3442 3481 3509 3537 ad

1935 3588 2366 3646 exhortationem
2403 3597 2578 3638 meam
2611 3577 2750 3651 apud
2790 3576 2992 3632 dictum
3021 3573 3293 3628 humiliter
3321 3581 3508 3627 orato-

1931 3681 2070 3736 rium
2097 3692 2318 3733 manere
2345 3679 2641 3745 cmperunt,
2671 3676 2985 3740 praesentem
3007 3664 3252 3736 paginam
3280 3663 3508 3718 commi-

1929 3774 1999 3842 si,
2027 3771 2188 3827 aliam
2214 3767 2444 3826 similem
2479 3765 2535 3819 in
2567 3778 2692 3818 arca
2721 3766 2919 3815 sanctae
2948 3756 3126 3840 Mariae
3159 3755 3420 3819 retinens,
3450 3753 3503 3807 in

1930 3871 2337 3922 monumentum
2376 3856 2628 3930 posteris.
2659 3851 2727 3907 Et
2752 3866 2852 3921 ego
2883 3847 3088 3904 rfrater
3119 3847 3382 3902 Patricius
3408 3860 3507 3916 per

1929 3955 2212 4014 consilium
2257 3952 2483 4006 fratrum
2530 3959 2798 4010 meorum,
2829 3941 3076 3996 omnibus
3103 3938 3195 4009 qui
3223 3937 3409 3992 silvam
3439 3951 3505 3992 ex

1930 4048 2077 4104 omni
2099 4052 2250 4116 parte
2271 4039 2478 4112 praefati
2511 4037 2708 4092 montis
2740 4032 2911 4105 (Paul.
2945 4047 3130 4097 Lxxin,
3153 4029 3208 4100 6)
3238 4029 3292 4082 in
3331 4027 3504 4084 securi

1929 4147 1984 4196 et
2021 4137 2185 4201 ascia,
2225 4134 2314 4204 pia
2343 4129 2640 4185 intentione
2673 4123 2990 4192 dejecerint,
3011 4128 3070 4175 ut
3108 4119 3316 4174 facilior
3342 4133 3504 4189 pare-

1928 4241 2016 4286 tur
2056 4229 2232 4283 aditus
2275 4220 2609 4280 Christianis,
2653 4214 2934 4270 ecclesiam
2978 4212 3152 4266 beatae
3199 4215 3502 4280 perpetua;-

1927 4338 2032 4396 que
2073 4300 2308 4390 Virginis
2359 4314 2448 4386 pie
2478 4321 2504 4359 κ
2535 4305 2892 4364 visitantibus.
2935 4309 3150 4358 centum
3191 4300 3306 4354 dies
3333 4298 3502 4353 veni-.e

257 4412 396 4459 tanta
441 4407 626 4464 odoris
674 4409 939 4465 suavitate
991 4409 1346 4482 replebamur,
1384 4421 1442 4468 ut
1493 4414 1548 4469 in
1594 4417 1825 4486 paradisi
1855 4411 1904 4472 Β
1928 4413 2188 4475 concedo.

325 4539 618 4627 'Ll‘ls‘sgius
637 4544 886 4627 .Britann.
917 4547 1109 4604 eccles.
1133 4546 1350 4619 Antiqq.
1382 4562 1502 4620 pag.
1527 4548 1629 4606 456
1680 4552 1810 4610 edit.

256 4606 306 4673 2,
334 4609 456 4678 legit
476 4613 756 4670 Derwium'.

320 4677 344 4715 δ
365 4677 495 4737 Tab.
525 4681 790 4749 Glaston.,
821 4685 1032 4742 decrevi.
1060 4686 1217 4742 Was.

254 4749 769 4877 ἀρέαἷιῗὺὼςὶιειεῑοη.
792 4764 847 4810 et
861 4772 961 4812 ms.
993 4758 1114 4812 cod.
1145 4758 1267 4814 coll.
1292 4757 1348 4814 S.
1370 4759 1516 4816 Trin.
1535 4759 1814 4829 Cantabr.,

311 4886 335 4927 ἀ
371 4887 502 4947 Tab.
524 4889 790 4962 Glaston.,
814 4896 1214 4968 wdiﬂcaveranl.
1240 4899 1312 4954 in.

1997 4562 2021 4591 ο
2051 4551 2184 4605 Tab.
2207 4546 2473 4609 Glaston.‘,
2509 4543 2684 4613 igitur.
2703 4537 2791 4613 in.

1997 4621 2016 4661 τ
2041 4595 2204 4675 [ἱξεζέι
2214 4595 2473 4672 iia'éé'iai
2497 4595 2556 4667 in,
2566 4595 2748 4666 tabula
2769 4606 3008 4662 Glastun.
3038 4610 3094 4657 et
3120 4616 3221 4654 ms.
3241 4598 3301 4653 S.
3324 4595 3500 4666 Trin.,

1921 4691 2169 4750 Cantabr.
2192 4689 2268 4743 In.

1994 4737 2383 4816 Elast.
2414 4763 2470 4811 et
2496 4770 2594 4808 ms.
2629 4749 2800 4818 Trin.,
2821 4743 3124 4810 visitaturis,
3143 4748 3190 4796 et
3217 4737 3504 4796 oratoriam

1921 4831 2245 4900 praedictum.
2279 4827 2354 4883 lo.

1585 5224 2173 5434 έξξξξξξξξξέε
