3946 6182
442 303 536 373 εει

1349 314 1408 371 S.
1448 312 1809 371 PATNCIUS
1848 313 2295 373 lllBERNORUM
2335 318 2749 378 APOSTOLUS.
3569 320 3657 378 83'!

447 432 3639 457 »συθ-,ΜΝ

1106 503 1248 616 8.
1302 506 2150 619 PATBICII
2199 508 3027 625 EPISGOPI

900 706 1070 790 DE
1144 706 1650 788 TRIBUS
1725 704 2670 819 HABITACULIS
2746 707 3233 796 LIB'ER'.

943 920 1169 978 CAPUT
1209 918 1494 976 PRIMUM.

440 1014 516 1071 De
543 1013 707 1070 tribus
736 1015 1061 1087 habitaculis,
1085 1032 1239 1085 regno
1271 1013 1385 1087 Dei,
1405 1014 1624 1087 mundo,
1646 1015 1871 1087 inferno.
1904 1011 2011 1069 Re-

788 1086 877 1155 gni
905 1083 1001 1137 Dei
1027 1083 1180 1151 bona,
1203 1094 1249 1136 et
1275 1086 1469 1154 inferni
1498 1087 1673 1138 mala.

505 1195 629 1249 Tria
656 1203 781 1248 sunt
809 1194 907 1248 sub
937 1194 1320 1263 omnipotentis
1348 1192 1444 1248 Dei
1488 1210 1650 1248 manu
1678 1194 2008 1262 habitacula,

439 1286 688 1354 primum,
716 1286 902 1352 imum,
934 1285 1197 1339 medium:
1221 1299 1450 1352 quorum
1483 1299 1752 1338 summum
1788 1298 2012 1353 regnum

438 1376 533 1431 Dei
562 1376 643 1429 vel
671 1389 894 1443 regnum
922 1374 1185 1429 cmlorum
1224 1374 1446 1439 dicitur;
1478 1359 1645 1445 innim
1680 1381 1903 1429 vocatur
1928 1375 2012 1427 in-

440 1467 651 1531 fernus;
685 1466 920 1520 medium
949 1456 1178 1520 mundus
1206 1480 1442 1535 priesens
1468 1465 1549 1519 vel
1570 1467 1719 1520 orbis
1747 1474 2014 1519 terrarum

439 1556 759 1626 appellatur.
807 1558 1047 1620 Quorum
1084 1565 1326 1609 extrema
1364 1557 1583 1611 omnino
1635 1557 1735 1610 sibi
1783 1556 2014 1610 invicem

437 1655 561 1700 sunt
584 1646 874 1710 contraria,
900 1654 954 1699 et
975 1646 1115 1700 nulla
1145 1647 1246 1700 sibi
1272 1647 1529 1701 societate
1557 1646 1863 1715 conjuncta.
1888 1646 2017 1712 Quae

438 1735 579 1790 enim
608 1735 838 1790 societas
865 1744 1041 1805 potest
1082 1751 1199 1789 esse
1227 1735 1359 1789 lucis
1384 1734 1446 1788 ad
1481 1737 1748 1804 tenebras,
1772 1744 1827 1804 et
1857 1734 2015 1789 Chri-

438 1828 592 1882 sti‘ad
620 1827 784 1882 Belial
811 1826 895 1896 (II
917 1826 1035 1882 Car.
1061 1844 1133 1893 v1,
1162 1826 1243 1892 ll,
1270 1825 1392 1898 45)?
1415 1826 1647 1883 Medium
1671 1836 1849 1881 autem
1878 1841 2016 1881 non-

444 1920 644 1974 nullam
669 1920 831 1973 habet
855 1919 1257 1975 similitudinem
1285 1920 1353 1974 ad
1377 1930 1638 1975 extrema.
1666 1919 1817 1974 Unde
1846 1920 2018 1974 lucem

442 2018 499 2063 et
527 2010 780 2064 tenebras
806 2010 986 2077 habet,
1017 2008 1185 2078 frigus
1212 2018 1267 2064 et
1294 2010 1552 2078 calorem,
1575 2010 1817 2065 dolorem
1847 2020 1902 2065 et
1928 2026 2017 2071 sa-

443 2100 701 2169 nitatem,
732 2101 969 2157 lmtitiam
997 2111 1051 2155 et
1086 2118 1399 2165 mmrorem,
1431 2101 1615 2157 odium
1655 2109 1711 2156 et
1756 2116 2015 2166 amorem,

443 2192 615 2245 bonos
656 2199 710 2245 et
750 2191 942 2260 malos,
985 2190 1160 2259 justos
1187 2200 1242 2246 et
1270 2191 1513 2262 injnstos,
1546 2192 1794 2247 dominos
1821 2200 1875 2247 et
1901 2207 2018 2246 ser-

2036 932 2076 985 Α
2110 917 2390 975 inell'abilis
2438 921 2595 985 mali,
2638 921 2782 993 quod
2826 939 2925 979 nec
2967 924 3072 979 dici
3117 941 3213 981 nec
3241 929 3461 995 cogitari
3490 941 3663 1000 potest,

2111 1009 2267 1064 Cives
2288 1011 2406 1063 coeli
2436 1020 2560 1065 sunt
2584 1012 2714 1079 justi
2744 1012 2991 1068 homines
3019 1022 3073 1069 et
3104 1018 3301 1085 angeli,
3323 1034 3546 1087 quorum
3585 1038 3668 1077 rex

2111 1110 2194 1153 est
2234 1099 2371 1153 Deus
2416 1088 2784 1168 omnipotens;
2829 1109 2885 1156 at
2927 1113 3118 1158 contra
3163 1106 3310 1160 cives
3350 1106 3535 1162 inferni
3561 1119 3669 1164 sunt

2112 1191 2260 1261 impii
2289 1192 2529 1245 homines
2557 1200 2611 1246 et
2639 1195 2929 1261 dmmones,
2957 1210 3185 1264 quorum
3203 1199 3454 1268 princeps
3472 1209 3548 1253 cst
3571 1201 3669 1255 dia-

2112 1283 2287 1338 bolus.
2310 1280 2483 1336 Satiat
2501 1284 2679 1350 justos
2709 1285 2841 1339 visio
2868 1294 3176 1342 sanctorum
3206 1289 3480 1343 hominum
3509 1300 3559 1345 et
3583 1307 3668 1345 an-

2115 1372 2378 1439 gelorum,
2403 1380 2455 1425 et
2478 1386 2639 1441 super
2659 1375 2836 1428 omnia
2861 1375 3023 1443 ipsius
3043 1375 3159 1431 Dei.
3183 1376 3399 1433 Crueiat
3423 1379 3600 1449 impios
3624 1391 3671 1437 et

2114 1468 2428 1531 peccatores
2447 1461 2583 1515 visio
2604 1461 2880 1516 hominum
2901 1463 3275 1519 damnatorum
3297 1474 3351 1519 et
3372 1466 3668 1535 daemonum,

2116 1556 2170 1604 et
2197 1564 2360 1619 super
2380 1551 2558 1605 omnia
2582 1551 2748 1620 ipsius
2784 1552 3002 1607 diaboli.
3032 1552 3170 1608 Nihil
3198 1555 3253 1608 in
3281 1567 3451 1623 regno
3473 1556 3561 1610 Dei
3586 1559 3671 1612 de-

2115 1639 2381 1696 sideratur
2407 1640 2552 1711 quod
2597 1657 2702 1696 non
2746 1644 3052 1698 inveniatur
3082 1662 3096 1697 :
3129 1653 3184 1699 at
3223 1646 3278 1700 in
3309 1646 3515 1702 inferno
3558 1648 3671 1704 nihil

2117 1733 2385 1787 invenitur
2409 1734 2551 1801 quod
2580 1734 2931 1791 desideratur.
2980 1735 3038 1790 ιιι
3066 1750 3233 1805 regno
3262 1739 3365 1793 Dei
3390 1741 3521 1793 nihil
3541 1742 3673 1795 inve-

2120 1823 2284 1888 nitur,
2309 1825 2408 1878 nisi
2434 1824 2577 1893 quod
2607 1825 2802 1895 placet,
2822 1835 2877 1882 et
2902 1826 3155 1896 delectat,
3186 1838 3242 1884 et
3272 1831 3461 1897 satiat;
3493 1840 3544 1885 at
3568 1848 3673 1885 con-

2120 1922 2202 1970 tra
2243 1916 2294 1970 in
2338 1916 2459 1970 lacu
2500 1916 2729 1971 miseria:
2763 1919 3013 1987 perennis
3041 1920 3170 1973 nihil
3199 1920 3434 1989 videtur,
3461 1922 3673 1991 nihilque

2119 2007 2368 2075 sentitur,
2399 2006 2501 2059 nisi
2530 2006 2675 2075 quod
2702 2006 2966 2077 displicet,
3000 2010 3098 2063 nisi
3120 2010 3265 2078 quod
3304 2010 3538 2080 offendit,
3577 2012 3665 2066 nisi

2119 2096 2263 2166 quod
2291 2097 2514 2152 cruciat.
2547 2095 2595 2167 (ί1
2625 2096 2682 2151 ln
2722 2113 2888 2167 regno
2916 2107 3120 2154 aeterno
3143 2101 3252 2154 erit
3277 2102 3389 2155 vita
3416 2102 3527 2157 sine
3550 2118 3674 2155 mor-

2121 2198 2194 2254 te,
2226 2190 2421 2243 veritas
2457 2190 2573 2244 sine
2598 2205 2809 2259 errore,
2838 2190 3062 2245 felicitas
3089 2192 3205 2245 sine
3248 2192 3671 2261 perturbatione.)

441 2299 560 2350 vos,
589 2298 813 2351 regnum
842 2292 896 2337 et
923 2283 1331 2353 subjectionem,
1360 2283 1556 2338 famem
1595 2292 1650 2338 et
1692 2284 2019 2352 satietatem,
2054 2292 2097 2351 Β
2125 2277 2295 2333 Omne
2322 2274 2521 2335 bonum
2550 2281 2602 2334 in
2631 2296 2797 2349 regno
2837 2281 2929 2337 Dei
2969 2281 3223 2346 abundat,
3257 2293 3315 2339 et
3352 2285 3549 2339 nullum
3574 2299 3674 2338 ma-

444 2382 675 2428 tnortem
703 2382 759 2427 et
788 2374 969 2438 vitam,
999 2382 1054 2427 et
1092 2374 1374 2428 innumera
1411 2373 1738 2443 hujusmodi.
1774 2372 2014 2440 Quorum

444 2464 684 2519 omnium
713 2478 837 2533 pars
866 2479 970 2517 una
1011 2465 1299 2531 imaginem
1340 2464 1503 2519 habet
1543 2465 1693 2532 regni
1732 2463 1846 2528 Dei,
1890 2479 2016 2533 pars

443 2556 605 2610 altera
633 2553 843 2609 inferni.
874 2553 1199 2612 Commixtio
1224 2571 1454 2626 namque
1476 2557 1739 2611 malorum
1770 2557 1927 2612 simul
1957 2564 2013 2611 et

442 2646 704 2700 bonorum
726 2646 777 2699 in
799 2644 903 2700 hoc
923 2646 1123 2700 mundo
1147 2655 1263 2713 est;
1287 2647 1339 2700 in
1364 2659 1531 2714 regno
1560 2656 1741 2701 autem
1770 2646 1865 2702 Dei
1886 2647 2017 2701 nulli

443 2736 567 2791 mali
596 2744 740 2803 sunt,
769 2735 862 2789 sed
892 2750 1080 2789 omnes
1106 2735 1263 2801 boni;
1295 2746 1350 2790 at
1375 2736 1427 2789 in
1459 2734 1670 2791 inferno
1698 2736 1828 2790 nulli
1862 2736 2013 2804 boni,

440 2825 535 2879 sed
563 2841 751 2880 omnes
786 2826 911 2879 mali
936 2843 948 2877 :
982 2833 1037 2879 et
1064 2834 1289 2895 uterque
1317 2826 1464 2880 locus
1503 2841 1569 2880 ex
1598 2825 1772 2880 medio
1799 2826 2015 2895 supple-

436 2924 548 2989 tur.
584 2913 872 2968 Hominum
902 2915 1045 2968 enim
1091 2914 1247 2984 hujus
1283 2915 1500 2983 mundi,
1524 2916 1614 2970 alii
1643 2916 1923 2971 elevantur
1949 2914 2015 2969 ad

442 3005 658 3072 malum,
698 3004 786 3058 alii
822 3004 1102 3058 trahuntur
1138 3005 1206 3060 ad
1245 3004 1527 3059 infernum.
1574 3005 1786 3061 Similes
1820 3005 2016 3075 quippe

442 3094 700 3152 similibus
723 3094 1033 3163 junguntur,
1067 3093 1120 3149 id
1144 3103 1244 3161 est,
1274 3095 1401 3149 boni
1430 3095 1603 3159 bonis,
1648 3104 1702 3150 et
1731 3095 1858 3153 mali
1896 3110 2014 3148 ma-

442 3188 508 3242 lis
525 3204 539 3253 ;
558 3186 686 3256 justi
711 3187 955 3241 homines
972 3186 1130 3256 justis
1160 3187 1380 3255 angelis,
1402 3194 1457 3242 et
1478 3195 1898 3255 transgressores
1917 3188 2017 3241 ho-

442 3280 612 3335 mines
636 3280 1116 3347 transgressoribus
1143 3280 1378 3348 angelis;
1411 3282 1550 3335 servi
1580 3280 1672 3335 Dei
1712 3280 1842 3343 Deo,
1877 3281 2014 3335 servi

442 3371 637 3426 diaboli
665 3370 917 3425 diabolo:
950 3370 1216 3425 benedicti
1245 3379 1508 3425 vocantur
1547 3370 1615 3425 ad
1652 3384 1875 3439 regnum
1912 3369 2016 3425 sibi

443 3471 684 3535 paratum
713 3463 781 3518 ab
816 3462 1021 3531 origine
1062 3462 1263 3527 mundi,
1296 3461 1564 3517 maledicti
1593 3461 1934 3531 expelluntur
1961 3462 2016 3516 in

441 3555 611 3622 ignem
644 3562 920 3619 internum,
951 3553 1041 3622 qui
1080 3561 1300 3623 paratus
1337 3560 1422 3607 est
1461 3551 1675 3608 diabolo
1714 3560 1768 3607 et
1814 3552 2015 3621 angelis

440 3644 554 3714 ejus
583 3642 796 3715 (Matth.
829 3659 952 3709 xxv,
977 3641 1063 3709 54,
1088 3641 1201 3713 ιιι).
1644 3648 1647 3651 ‘

508 3733 537 3774 ιι
562 3733 711 3787 Bona
754 3740 934 3786 autem
960 3733 1111 3801 regni
1140 3733 1374 3789 cmlestis
1412 3732 1610 3797 dicere,
1640 3731 1725 3785 vel
1753 3732 2008 3800 cogitare,

438 3826 522 3882 vel
554 3824 850 3892 intelligere
878 3832 937 3877 ut
965 3829 1110 3889 sunt,
1142 3824 1317 3878 nullus
1344 3830 1524 3894 potest
1554 3837 1715 3877 carne
1742 3823 1964 3878 vestitus
1996 3839 2010 3876 :

438 3914 604 3969 multo
626 3915 775 3968 enim
794 3912 998 3983 majora
1022 3920 1078 3966 et
1105 3913 1325 3968 meliora
1354 3921 1496 3980 sunt,
1527 3927 1687 3982 quam
1708 3914 2015 3982 cogitantur

437 4015 491 4062 et
520 4007 914 4074 intelliguntur;
939 4005 1078 4060 unde
1099 4006 1352 4076 scriptum
1374 4016 1456 4062 est
1481 4024 1495 4060 :
1526 4005 1676 4085 Quod
1704 4010 1880 4062 oculus
1909 4023 2014 4062 non

437 4099 580 4166 vidit,
611 4114 703 4152 nec
737 4098 879 4152 auris
915 4098 1131 4167 audivit,
1162 4115 1255 4153 nec
1282 4102 1335 4154 in
1367 4118 1457 4156 cor
1491 4101 1713 4156 hominis
1755 4101 2007 4165 ascendit,

436 4202 549 4260 qua:
567 4190 872 4258 praeparavit
895 4186 1032 4241 Deus
1052 4189 1382 4261 diligentibus
1410 4209 1465 4245 se
1491 4191 1546 4263 (1
1572 4192 1689 4247 Cor.
1722 4208 1779 4257 ιι,
1802 4190 1880 4261 9).
1905 4190 2013 4246 Re-

436 4292 595 4347 gnum
636 4293 862 4346 namque
907 4277 1005 4333 Dei
1045 4281 1190 4334 omni
1229 4280 1369 4335 fama
1414 4282 1605 4349 majus,
1657 4283 1802 4337 omni
1842 4282 2003 4337 laude

438 4367 647 4430 melius,
690 4369 835 4422 omni
876 4370 1100 4423 scientia
1141 4370 1602 4437 innumerabilius,
1651 4373 1797 4427 omni
1843 4373 2011 4441 gloria

438 4473 557 4527 quae
581 4466 815 4527 putatur,
847 4460 1215 4515 excellentius.
1254 4461 1391 4515 Mala
1421 4464 1581 4517 etiam
1606 4462 1801 4517 inferni
1832 4463 2013 4518 dicere

438 4549 520 4604 vel
545 4549 800 4616 cogitare,
835 4557 891 4603 ut
929 4558 1071 4614 sunt,
1117 4566 1274 4605 nemo
1312 4560 1489 4620 potest
1530 4571 1546 4605 :
1587 4551 1773 4621 pejora
1813 4552 2013 4622 quippe

436 4646 559 4693 snnt
585 4639 741 4694 valde
768 4652 929 4708 quam
949 4640 1273 4707 cogitantur.
1305 4639 1547 4709 Regnum
1574 4640 1756 4709 itaque
1776 4642 1871 4697 Dei
1892 4642 2011 4711 ple-

437 4744 564 4782 num
607 4737 690 4783 est
718 4729 870 4794 lucis,
901 4736 956 4786 et
984 4730 1150 4799 pacis,
1179 4737 1235 4783 et
1270 4730 1530 4798 caritatis,
1558 4738 1614 4784 et
1640 4731 1932 4800 sapientim,
1956 4738 2014 4786 et

436 4822 635 4888 gloriae,
666 4831 721 4876 et
747 4824 1065 4891 honestatis,
1095 4831 1150 4879 et
1186 4823 1502 4894 dulcedinis,
1532 4835 1586 4880 et
1612 4826 1934 4891 dilectionis,
1958 4837 2014 4890 et

437 4910 696 4973 meloditn,
721 4920 776 4965 et
803 4912 1016 4980 laetitiae,
1044 4921 1098 4967 et
1127 4913 1471 4969 beatitudinis
1508 4900 1780 4985 perennis,
1810 4924 1865 4970 et
1892 4931 2012 4970 om-

2122 2368 2257 2433 lum;
2289 2383 2449 2424 omne
2467 2370 2663 2424 malum
2688 2371 2980 2427 incarcere
2998 2372 3195 2427 diaboli
3221 2374 3481 2442 abundat,
3503 2383 3552 2429 et
3573 2374 3675 2428 nul-

2116 2457 2225 2513 lum
2256 2460 2472 2514 bonum.
2504 2460 2689 2515 Nullus
2716 2462 2959 2530 indignus
2980 2464 3032 2517 in
3053 2476 3217 2531 regno
3248 2465 3344 2520 Dei
3374 2467 3666 2536 suscipitur;

2116 2551 2294 2607 nullus
2307 2567 2436 2607 vero
2455 2551 2661 2622 dignus,
2684 2555 2860 2610 nullus
2876 2556 3050 2627 justus
3074 2558 3141 2613 ad
3162 2557 3432 2614 infernum
3448 2559 3666 2614 trahitur.

2754 2664 2981 2721 CAPUT
3016 2666 3079 2721 ll.

2578 2756 2653 2811 De
2680 2760 2840 2829 pernis
2868 2746 3231 2830 infernalibus.

2187 2843 2506 2916 Principalia
2535 2856 2715 2902 autem
2756 2857 2881 2903 sunt
2909 2848 3015 2904 duo
3046 2858 3316 2906 tormenta
3348 2853 3402 2908 in
3446 2852 3631 2907 inferno
3652 2869 3671 2906 :

2113 2936 2280 3006 frigus
2306 2938 2658 3005 intolerabile,
2683 2948 2738 2995 et
2765 2942 2912 2996 calor
2940 2942 3073 3009 ignis
3100 2943 3555 3014 inexstinguibilis.
3580 2942 3667 2998 Un-

2115 3028 2183 3084 de
2231 3029 2282 3083 in
2335 3028 2621 3099 Evangelio
2669 3029 2863 3099 legitur
2894 3049 2908 3085 :
2941 3030 3059 3086 Illic
3095 3035 3190 3087 erit
3225 3035 3383 3102 ﬂetus
3420 3044 3468 3089 et
3503 3035 3666 3088 stridor

2115 3119 2342 3174 dentium
2373 3119 2585 3192 (Matth.
2618 3137 2729 3184 xm,
2763 3119 2863 3188 50;
2889 3138 3017 3188 xxn,
3052 3123 3147 3191 1'5,
3188 3130 3237 3178 et
3274 3137 3394 3188 xxv,
3427 3123 3530 3192 ΞΟ).
3559 3122 3663 3176 Fle-

2116 3217 2200 3264 tus
2228 3225 2458 3280 namque
2487 3216 2541 3265 et
2573 3211 2877 3280 liquefactio
2907 3212 3186 3267 oculorum
3216 3230 3283 3267 ex
3305 3215 3483 3269 calore
3512 3212 3663 3267 nasci-

2115 3309 2229 3366 tur;
2256 3301 2454 3357 stridor
2483 3317 2610 3357 vero
2650 3302 2890 3358 dentium
2920 3318 2987 3358 ex
3015 3302 3211 3372 frigore
3252 3306 3510 3359 nascitur.
3551 3302 3665 3356 Hinc

2115 3393 2277 3446 etiam
2304 3393 2492 3449 beatus
2514 3393 2614 3449 Job
2635 3413 2647 3447 :
2671 3394 2743 3448 De
2767 3396 2934 3462 aquis,
2961 3395 3148 3464 inquit,
3179 3397 3374 3449 nivium
3404 3395 3666 3449 transibunt

2115 3482 2185 3536 ad
2210 3483 2433 3538 calorem
2461 3485 2677 3538 nimium
2707 3483 2825 3552 (Job
2870 3500 3017 3554 nlv,
3042 3482 3149 3552 19).
3177 3483 3251 3539 De
3272 3486 3466 3555 quibus
3485 3484 3665 3539 duobus

2116 3572 2395 3627 innumera
2436 3572 2671 3643 pendent
2698 3590 2976 3644 poenarum
3017 3584 3246 3642 genera;
3287 3574 3543 3641 videlicet,
3570 3573 3665 3628 sitis

2000 3652 2003 3655 Ἴ
2036 3672 2083 3733 C
2114 3660 2481 3730 intolerabilis,
2514 3681 2671 3735 paena
2691 3662 2861 3731 famis,
2896 3682 3050 3737 pmna
3081 3666 3285 3734 fetoris,
3310 3684 3465 3737 pmna
3495 3667 3657 3720 horro-

2114 3754 2208 3820 ris,
2258 3770 2415 3825 pmna
2445 3756 2673 3822 timoris,
2719 3772 2876 3826 pmna
2930 3758 3205 3825 angustim,
3233 3774 3396 3827 pmna
3451 3757 3663 3811 tenebra~

2113 3858 2253 3913 rum,
2284 3847 2540 3901 severitas
2569 3853 2854 3915 tortorum,
2892 3847 3167 3917 praesentia
3194 3846 3513 3912 daemonum,
3536 3845 3660 3901 fero-

2112 3942 2245 3996 citas
2280 3941 2590 4009 bestiarum,
2615 3941 2900 3997 crudelitas
2921 3942 3351 4007 ministrantium,
3376 3937 3658 3998 dilaceratio

2112 4031 2492 4086 immortalium
2532 4031 2812 4097 vermium,
2853 4033 3050 4088 vermis
3096 4033 3458 4096 conscientize,
3506 4030 3661 4099 ignitis

2112 4119 2389 4191 lacrymae,
2443 4121 2702 4191 suspiria,
2750 4121 2995 4187 miserim,
3041 4122 3196 4176 dolor
3244 4123 3362 4177 sine
3417 4118 3651 4177 remedio.

2111 4211 2321 4265 vincula
2343 4214 2456 4267 sine
2485 4213 2772 4280 solutione,
2801 4228 2946 4266 mors
2972 4205 3188 4276 interna,
3223 4228 3382 4281 pmna
3409 4211 3517 4265 sine
3547 4205 3655 4270 ﬁne,

2113 4302 2354 4357 absentia
2377 4300 2573 4358 Christi
2599 4314 2621 4340 ε·
2644 4309 2766 4374 post
2791 4294 3047 4357 visionem
3077 4302 3211 4371 ejus,
3231 4318 3351 4370 qua:
3376 4302 3483 4356 sola
3505 4296 3659 4352 omnia

2112 4406 2273 4462 supra
2307 4391 2446 4447 dicta
2476 4401 2707 4464 superat,
2741 4400 2794 4447 et
2818 4393 3062 4446 omnibus
3084 4392 3253 4462 poenis
3280 4387 3657 4446 intolerabilior.

2628 4563 2633 4571 ,
2721 4502 2948 4558 CAPUT
2985 4501 3070 4557 ιιι.

2112 4592 2194 4648 De
2217 4595 2293 4648 his
2322 4611 2446 4669 quos
2465 4610 2629 4669 ptent:
2646 4596 2906 4669 ietqrnitas
2932 4596 3167 4669 amandi
3194 4595 3449 4669 poluptate
3475 4608 3566 4646 non

2183 4663 2356 4786 terret.
2391 4663 2593 4747 Inferni
2621 4664 2813 4735 duplex
2834 4681 3003 4736 paena.
3025 4663 3286 4718 Anni-100
3316 4665 3457 4718 nulla
3480 4663 3658 4716 retenti-

2209 4744 2307 4787 atts
2338 4744 2525 4801 portio.
2905 4766 2909 4771 -

2125 4836 2131 4843 '
2182 4823 2275 4880 Vae
2303 4825 2463 4893 igitur
2491 4825 2594 4881 illis
2621 4840 2855 4896 perenne
2879 4826 2969 4895 qui
2992 4825 3175 4879 subire
3195 4825 3310 4879 haec
3337 4823 3509 4879 omnia
3535 4816 3655 4872 mala

2114 4915 2279 4969 etiam
2306 4917 2421 4969 sine
2450 4914 2553 4969 line
2582 4922 2873 4982 merentur,
2897 4930 2992 4984 pro
3019 4914 3319 4970 delectabili
3355 4914 3506 4969 unius
3530 4910 3654 4967 hora!

435 5002 517 5055 nis
544 5001 671 5054 boni
698 5000 996 5069 inell'abilis,
1018 5003 1161 5072 quod
1186 5019 1285 5059 nec
1304 5004 1407 5059 dici
1438 5021 1537 5060 nec
1564 5006 1787 5073 cogitari
1807 5014 2005 5076 potest.
2039 5045 2086 5104 υ
2113 5006 2323 5059 somnio
2353 5023 2366 5059 :
2399 5014 2545 5060 tanta
2573 5006 2770 5060 etenim
2798 5013 2851 5061 et
2880 5007 3000 5062 talis
3021 5015 3104 5060 est
3137 5006 3312 5060 omnis
3341 5005 3492 5074 hujus
3517 5014 3654 5055 mun-

436 5091 503 5145 At
551 5091 701 5146 locus
746 5091 940 5147 inferni
984 5094 1174 5163 plenus
1202 5104 1283 5150 est
1313 5096 1679 5165 tenebrarum,
1708 5097 2006 5166 discordiae,

435 5180 563 5249 odii,
610 5182 871 5251 stultitiae,
915 5184 1163 5253 miserim,
1210 5185 1576 5256 turpitudinis,
1617 5187 2003 5256 amaritudinis,

434 5273 763 5342 ull‘ensionis,
801 5273 1020 5340 doloris,
1065 5286 1087 5313 ε
1115 5276 1432 5342 adustionis,
1473 5277 1609 5343 sitis,
1660 5276 1836 5347 famis,
1871 5277 2010 5345 ignis

434 5361 895 5432 inexstinguibilis,
925 5365 1172 5431 tristitiae,
1199 5366 1443 5421 vindicta:
1469 5367 1741 5436 perennis,
1758 5374 1814 5422 et
1834 5367 2009 5423 omnis

440 5508 538 5621 νζ)
560 5496 954 5621 Exrapgtipdice
982 5498 1049 5554 ad
1077 5506 1207 5553 tom.
1230 5495 1302 5555 Vl
1322 5514 1451 5569 opp.
1474 5497 1531 5553 S.
1553 5496 1857 5567 Augustini,
1881 5510 2001 5568 pag.

474 5588 519 5617 ·)ο
544 5608 559 5621 .
583 5586 627 5621 υς
653 5586 666 5621 ι
697 5609 710 5621 .
824 5609 838 5621 .

474 5586 559 5632 :m,
583 5586 710 5622 catt.
738 5586 838 5623 tm.

2110 5098 2164 5153 di
2206 5096 2397 5163 gloria,
2444 5094 2512 5149 ad
2555 5103 2810 5150 aeternam
2847 5104 3154 5167 comparata
3202 5097 3441 5164 gloriam.
3490 5093 3653 5147 Melius

2110 5195 2228 5241 erat
2270 5187 2370 5253 eis,
2412 5185 2555 5253 quod
2583 5185 2784 5240 dictum
2829 5192 2912 5241 est
2948 5186 3015 5241 de
3063 5185 3274 5239 inlelice
3300 5183 3432 5238 Juda
3460 5178 3649 5252 (lauta.

2112 5294 2260 5345 xxvi,
2283 5276 2399 5347 ‘24),
2427 5292 2531 5330 non
2548 5277 2729 5345 'nasci,
2768 5293 2928 5346 quam
2958 5277 3110 5331 malis
3135 5276 3245 5330 suis
3275 5274 3472 5329 meritis
3495 5271 3651 5341 plagas

2113 5368 2307 5426 inferni
2351 5368 2633 5423 sustinere.
2678 5367 2816 5434 Quid
2861 5369 3098 5438 stultius,
3142 5367 3269 5437 quid
3315 5365 3537 5421 insanius
3561 5367 3649 5424 ea,

2189 5508 2209 5568 ς
2238 5495 2339 5568 bis.
2372 5494 2540 5568 Ἥρῃ,
2562 5498 2761 5568 fetoris,
2790 5498 2921 5552 sitis.

2179 5563 2203 5602 δ
2236 5566 2359 5636 Haec
2385 5556 2760 5621 desiderantur
2781 5568 2832 5620 in
2856 5582 2982 5622 mss.
3004 5565 3140 5622 Sunt
3161 5567 3379 5636 August.
3398 5556 3644 5618 Encbirid.

507 5639 529 5673 ιι
564 5636 761 5709 Eadem
796 5640 1061 5694 habentur
1101 5638 1191 5693 lib.
1237 5637 1311 5693 De
1341 5637 1607 5707 diligendo
1634 5637 1749 5694 Deo
1787 5653 1907 5709 cap.
1943 5637 2028 5701 18,
2109 5653 2228 5705 cap.
2252 5634 2350 5709 25.
2536 5707 2543 5709 _
2662 5706 2692 5709 __
2956 5705 2966 5709 _
3027 5707 3035 5709 _
3074 5707 3082 5709 _
3170 5656 3184 5673 κ

440 5704 557 5766 Viue
578 5706 875 5773 desumpta.

2185 5720 2205 5746 ο
2238 5706 2325 5763 Sic
2357 5721 2483 5764 mss.
2518 5707 2586 5763 At
2613 5706 2763 5774 edit.,
2796 5705 2966 5778 quoad
2994 5707 3252 5762 visionem.
