3946 6182
336 337 439 399 533
1405 339 1493 396 DE
1532 336 1782 397 TRIBUS
1819 337 2268 396 HABITACULIS
2309 338 2525 398 LIBER.
2928 357 2934 361 ‘
3498 346 3604 404 834

333 466 487 524 quam
515 450 706 506 umbra
746 459 800 507 et
828 434 1059 522 imagine
1087 461 1141 509 et
1186 454 1533 510 similitudine
1563 469 1703 511 vera:
1726 455 1911 523 gloriae
1939 463 1983 517 Α
2013 450 2392 525 perveniamus
2428 456 2482 510 in
2510 470 2616 526 qua
2647 457 2760 527 ipse
2789 456 3001 526 regnat.
3030 457 3108 517 De
3144 475 3249 531 qua
3281 463 3413 518 urbe
3443 465 3603 534 quid—
3700 465 3713 474 ‘

331 554 382 600 et
409 558 551 597 vera:
582 542 975 612 delectationis,
1004 560 1143 599 verm
1170 545 1598 615 pulchritudinis,
1616 547 1731 601 veri
1758 547 1916 601 deco-
2015 546 2144 615 quid
2172 546 2336 602 homo
2363 546 2582 614 dixerit,
2604 548 2756 616 quasi
2778 549 2920 604 stilla
2949 550 3016 605 de
3044 552 3178 605 mari
3205 560 3307 617 est,
3334 553 3418 607 vel
3446 557 3597 622 quasi

326 637 421 704 ris,
452 637 564 691 veri
593 636 835 704 honoris,
862 652 1016 692 more
1043 636 1344 703 infantium,
1383 639 1556 709 decipi
1597 648 1652 696 et
1689 654 1912 709 supera-

324 729 407 793 ri;
457 736 511 782 et
551 728 720 798 ipsam
772 744 955 783 veram
983 730 1209 797 gloriam
1236 746 1343 786 non
1371 743 1612 800 qurerere
1634 770 1649 795 ,
1682 748 1788 787 non
1817 732 1912 787 de-

325 821 601 876 siderare?
663 820 792 888 Quis
832 823 1116 891 imaginem
1146 824 1262 877 auri
1309 823 1362 878 in
1410 839 1567 894 aqua,
1605 826 1726 895 ipso
1776 840 1910 881 auro

324 912 598 979 neglecto,
641 914 894 982 eligeret;
926 922 980 970 ει
998 922 1107 970 non
1137 915 1317 970 statim
1348 932 1378 970 a
1416 918 1621 972 cunctis
1650 917 1827 973 fatuus
1855 925 1912 973 et

325 1005 542 1059 insanus
567 1004 909 1060 crederetur?
924 1004 1054 1073 Quis
1076 1007 1262 1061 orbem
1278 1005 1408 1065 solis
1423 1006 1477 1061 in
1489 1008 1707 1078 speculo
1725 1008 1908 1063 reddi-

325 1103 460 1161 tum,
479 1096 566 1151 vel
596 1095 648 1149 in
676 1096 917 1164 qualibet
934 1097 1156 1152 materia
1180 1096 1469 1153 formatum
1490 1099 1611 1169 plus
1639 1099 1933 1167 diligeret,‘

323 1204 485 1258 quam
516 1189 688 1257 ipsum
711 1188 913 1255 solem;
939 1196 994 1243 et
1026 1204 1135 1244 non
1164 1189 1233 1243 ab
1266 1180 1515 1245 omnibus
1534 1190 1911 1245 derideretnr?

322 1279 411 1334 Sic
431 1278 750 1344 irridendus,
784 1280 892 1335 imo
919 1279 1181 1335 dolendus
1208 1289 1308 1346 est,
1341 1281 1583 1351 quisquis
1601 1280 1785 1335 mundi
1810 1281 1909 1341 liu-

320 1371 406 1441 jus
435 1371 690 1427 caducam
720 1370 1060 1440 fragilitatem
1098 1380 1155 1425 et
1188 1373 1432 1427 inutilem
1458 1373 1634 1428 carnis
1660 1372 1907 1442 volupta-

321 1472 431 1518 tem
458 1463 648 1531 diligit,
672 1463 881 1532 qumrit,
912 1462 1208 1534 contendit,
1236 1473 1438 1539 aeterna
1467 1466 1633 1535 gloria
1660 1473 1909 1521 conteru-

320 1564 433 1624 pta,
464 1563 518 1609 et
558 1555 815 1623 neglectis
839 1556 989 1623 regni
1019 1556 1256 1613 cmlestis
1294 1556 1651 1613 ineifabilibus
1676 1558 1905 1626 gaudiis.

322 1642 842 1714 Hocﬁcommercium
870 1646 1234 1715 insipientium
1274 1648 1427 1701 valde
1457 1652 1560 1712 est,
1591 1656 1646 1702 et
1680 1648 1911 1702 misero-

320 1751 461 1797 rum,
487 1744 540 1790 et
559 1751 655 1790 cor
680 1749 866 1790 sanum
891 1752 997 1791 non
1020 1737 1351 1802 habentium,
1375 1738 1582 1792 etiamsi
1624 1739 1793 1809 plagis
1820 1738 1905 1793 in-

2013 638 2243 693 scintilla
2267 638 2335 693 de
2362 637 2504 693 foco.
2535 638 2593 692 In
2631 654 2736 708 qua
2765 639 3020 696 videlicet
3047 644 3181 697 urbe
3209 644 3489 713 fulgebunt
3507 645 3604 713 ju-

2012 729 2081 783 sti
2122 729 2260 782 sicut
2305 729 2387 783 sol
2417 730 2634 801 (Matth.
2682 746 2797 799 xm,
2828 730 2941 800 45),
2983 740 3042 786 ut
3074 731 3333 790 Dominus
3369 735 3463 791 ait.
3498 735 3599 794 Ubi

2011 833 2219 873 summa
2246 833 2353 888 pax
2394 818 2518 883 erit,
2544 834 2756 874 summa
2794 819 2967 888 quies,
3001 822 3180 877 nullus
3206 823 3377 890 labor,
3422 826 3601 881 nullus

2010 907 2187 972 dolor,
2214 907 2359 962 nulla
2386 915 2698 977 paupertas,
2724 924 2823 963 nec
2848 919 3120 977 senectus,
3147 914 3289 966 nulla
3309 931 3474 979 mors,
3498 931 3601 970 nec

2010 999 2120 1053 ulla
2148 1012 2280 1063 nox,
2306 999 2513 1052 nullum
2544 999 2647 1053 cibi
2674 998 3025 1069 desiderium,
3049 1003 3252 1057 nullum
3273 1005 3393 1059 sitis
3422 1006 3601 1060 incen-

2008 1088 2185 1155 dium;
2215 1088 2312 1143 sed
2349 1089 2499 1144 cibus
2529 1097 2587 1143 et
2616 1098 2778 1159 potus
2805 1092 3047 1146 omnium
3070 1094 3179 1148 erit
3216 1094 3353 1150 visio
3394 1093 3598 1151 Christi

2008 1189 2066 1237 et
2111 1188 2331 1236 sancte.
2360 1179 2655 1246 Trinitatis,
2700 1189 2757 1234 et
2796 1184 3183 1252 contemplatio
3237 1200 3373 1254 puro
3419 1188 3600 1241 cordia

2009 1274 2168 1329 oculo
2195 1272 2359 1343 ipsius
2407 1272 2728 1338 Divinitatis,
2760 1280 2819 1327 et
2858 1274 3071 1329 assidua
3099 1276 3283 1345 lectio,
3325 1285 3385 1332 ut
3412 1279 3485 1333 ita
3515 1280 3596 1332 di-

2008 1377 2147 1431 cam,
2192 1364 2312 1418 libri
2352 1364 2493 1428 vitae,
2526 1364 2704 1428 idest,
2737 1372 2956 1419 aeterna:
2993 1367 3234 1423 veritatis
3272 1377 3331 1423 et
3373 1385 3597 1424 summa!

2008 1455 2303 1525 sapientiae,
2337 1463 2393 1509 et
2424 1454 2582 1525 Verbi
2608 1454 2726 1520 Dei,
2771 1469 2895 1524 quae
2917 1465 3003 1511 est
3041 1456 3171 1512 Jcsu
3197 1456 3394 1512 Christi
3428 1461 3594 1528 visio;

2007 1547 2099 1601 ubi
2139 1546 2397 1615 quidquid
2439 1561 2581 1600 nunc
2623 1561 2723 1601 nos
2766 1548 2920 1614 latet,
2969 1547 3303 1603 manifestius
3330 1552 3470 1616 erit;
3504 1551 3596 1615 ubi

2008 1638 2149 1693 ratio
2175 1636 2455 1692 manifesta
2478 1637 2583 1692 erit
2610 1652 2708 1692 cur
2726 1637 2816 1692 hic
2841 1638 3049 1694 electus
3075 1648 3178 1703 est,
3201 1649 3257 1695 et
3284 1641 3374 1695 ille
3401 1657 3593 1711 repro-

1990 1730 2191 1796 ‘batus;
2222 1746 2320 1785 cur
2346 1731 2436 1784 hic
2461 1731 2515 1784 in
2538 1742 2763 1798 regnum
2790 1738 3115 1801 assumptus,
3145 1741 3203 1787 et
3230 1733 3319 1787 ille
3347 1733 3399 1786 in
3426 1734 3594 1788 servi-

320 1827 458 1882 ferni
487 1842 593 1881 non
623 1834 995 1896 sequerentur,
1022 1842 1143 1897 quae
1167 1843 1266 1883 nec
1279 1828 1385 1882 dici
1414 1844 1515 1883 nec
1534 1830 1761 1897 cogitari
1785 1843 1909 1898 pos-
1939 1825 1986 1884 Β
2013 1831 2181 1878 tutem
2208 1821 2498 1887 redactus;
2529 1835 2625 1875 cur
2651 1822 2789 1876 alius
2817 1822 2871 1875 in
2900 1829 3058 1878 utero
3100 1825 3351 1893 moritur,
3378 1825 3514 1879 alius
3540 1825 3600 1881 iu

320 1928 467 1975 sunt.
490 1921 692 1989 Duplex
738 1935 866 1975 vero
894 1920 1051 1990 plaga
1080 1927 1185 1985 est,
1218 1919 1409 1975 abesse
1451 1935 1482 1973 a
1511 1934 1679 1989 regno
1707 1921 1820 1983 Dei,
1852 1927 1909 1974 et

321 2028 443 2067 esse
471 2026 682 2081 semper
708 2012 760 2065 in
793 2010 1023 2076 inferno,
1056 2011 1107 2065 id
1152 2018 1254 2076 est,
1286 2026 1408 2066 cum
1437 2011 1654 2065 diabolo
1680 2011 1906 2066 damna-

2008 1913 2250 1975 ini‘antia,
2283 1913 2420 1967 alius
2446 1913 2502 1967 in
2528 1913 2835 1982 juventute,
2867 1914 3004 1968 alius
3046 1914 3102 1968 in
3148 1922 3475 1980 senectute;
3499 1932 3597 1971 cur

2008 2008 2143 2061 alius
2172 2021 2378 2076 pauper
2400 2000 2504 2073 est,
2533 2006 2671 2063 alius
2699 2005 2888 2072 dives;
2923 2022 3021 2062 cur
3049 2006 3187 2061 ﬁlius
3212 2007 3470 2064 adultera:
3495 2008 3598 2063 ba-

320 2105 753 2175 ri;pr:esentiam
774 2105 1023 2159 amittere
1052 2104 1383 2172 angelorum,
1412 2111 1467 2158 et
1483 2103 1772 2158 terribilem
1799 2105 1905 2157 dte-
2004 2099 2254 2169 ptizatur,
2286 2100 2344 2153 et
2389 2098 2675 2167 aliquando
2717 2096 2857 2153 illius
2896 2099 3149 2168 legitima}
3189 2099 3430 2169 conjugis
3467 2109 3598 2157 ante

319 2212 539 2252 menum
567 2210 784 2265 semper
829 2196 937 2265 pati
977 2197 1338 2265 praesentiam.
1392 2194 1664 2261 Quantum
1704 2195 1903 2259 caveri,

319 2291 497 2363 vitari,
521 2288 686 2343 metui
711 2288 889 2349 debet,
922 2288 1070 2343 nullo
1098 2287 1261 2343 modo
1282 2288 1385 2342 dici
1407 2294 1605 2357 potest.
1629 2286 1759 2352 Quis
1783 2301 1905 2341 cum

319 2396 455 2435 sano
484 2395 644 2434 sensu
670 2394 771 2448 pro
810 2379 968 2433 unius
1002 2378 1108 2433 diei
1146 2378 1370 2443 deliciis,
1400 2384 1617 2433 centum
1646 2392 1907 2431 annorum

319 2484 538 2540 poenam
569 2470 827 2537 eligeret?
852 2467 919 2522 Et
946 2469 1128 2523 miseri
1150 2476 1331 2524 tamen
1356 2477 1411 2524 et
1433 2469 1551 2524 sine
1575 2469 1681 2525 ulla
1701 2468 1914 2538 sapien-

320 2561 419 2624 tia,
452 2568 479 2597 ι
506 2559 843 2628 voluptatem
876 2559 1055 2613 carnis
1090 2567 1396 2628 sequentes,
1428 2574 1537 2614 non
1566 2560 1757 2622 vitant,
1800 2573 1909 2614 non

319 2649 581 2718 eﬂ‘ugiunt
606 2648 978 2703 intolerabiles
999 2663 1206 2718 pmnas,
1243 2664 1352 2703 non
1381 2656 1594 2703 centum
1623 2663 1905 2714 annorum,

321 2756 434 2795 non
462 2740 655 2795 millies
682 2738 853 2807 mille,
892 2738 987 2793 sed
1017 2739 1257 2794 omnium
1286 2740 1404 2794 sine
1445 2738 1551 2793 fine
1589 2738 1909 2793 szeculorum

323 2846 428 2903 pro
455 2830 809 2901 quadraginta
842 2830 930 2883 vel
958 2829 1235 2897 sexaginta
1262 2843 1526 2884 annorum
1568 2828 1793 2897 deliciis,
1821 2828 1906 2883 vel

324 2921 567 2991 qualibet
606 2918 943 2985 corruptibili
987 2919 1368 2974 delectatione.
1407 2917 1679 2984 Quantum
1729 2926 1908 2972 autem

325 3013 554 3068 interest
573 3012 715 3067 inter
736 3026 899 3065 unum
926 3010 1092 3078 diem,
1113 3018 1169 3065 et
1189 3018 1406 3065 centum
1433 3026 1636 3077 annos;
1669 3026 1777 3067 non
1798 3018 1912 3065 tau-

328 3114 445 3158 tum
475 3105 681 3173 utique,
717 3102 812 3158 sed
841 3102 1022 3173 plures
1048 3103 1275 3157 interest
1294 3103 1435 3157 inter
1452 3102 1805 3172 quadraginta
1826 3102 1911 3156 vel

2007 2189 2327 2259 baptismum
2350 2189 2605 2255 moritur;
2630 2203 2728 2243 cur
2754 2189 2848 2257 qui
2878 2188 3018 2244 bene
3046 2190 3232 2259 incipit
3261 2192 3463 2255 vivere,
3488 2192 3595 2245 ali-
3685 2179 3695 2189 ’

2007 2279 2223 2348 quando
2249 2280 2390 2334 male
2430 2277 2583 2345 ﬁnit;
2610 2288 2668 2333 et
2711 2279 2805 2348 qui
2845 2280 2985 2334 male
3014 2280 3220 2350 incipit,
3264 2296 3408 2351 srepe
3451 2283 3595 2337 bene

2009 2369 2141 2423 linit.
2176 2367 2303 2424 Hzec
2330 2369 2510 2424 omnia
2539 2376 2597 2423 et
2640 2368 2954 2436 huiusmodi
2998 2370 3165 2423 multa
3206 2370 3262 2423 in
3300 2371 3438 2425 libro
3468 2372 3596 2425 vitaz

2007 2460 2168 2532 plana
2198 2468 2253 2516 et
2280 2466 2466 2530 aperta
2491 2467 2671 2515 erunt.
2701 2459 2760 2513 ln
2788 2459 2978 2514 eadem
3009 2459 3144 2514 urbe
3171 2462 3449 2530 praemium
3476 2462 3593 2515 sia-

2008 2552 2277 2619 gulurum,
2310 2550 2579 2617 omnium;
2607 2557 2665 2604 et
2692 2551 2950 2615 omnium,
2981 2565 3080 2619 per
3105 2552 3386 2605 caritatem
3407 2551 3594 2618 singu-

2010 2642 2189 2697 lorum
2235 2643 2358 2697 erit.
2390 2641 2467 2696 lbi
2491 2640 2521 2679 δ
2546 2641 2787 2696 omnium
2827 2642 3028 2696 bonum
3072 2643 3320 2697 omnibus
3360 2643 3592 2713 patebit.

2008 2734 2087 2790 Ibi
2116 2750 2304 2789 omnes
2343 2735 2575 2789 invicem
2601 2748 2727 2788 suas
2751 2735 3107 2802 cogitationes
3133 2743 3483 2803 cognoscent.
3514 2735 3593 2792 lbi

2010 2826 2187 2880 nullus
2213 2826 2461 2895 superior
2481 2826 2744 2895 superbus
2763 2825 2887 2892 erit,
2913 2825 3088 2879 nullus
3117 2825 3337 2880 inferior
3359 2827 3592 2881 invidus.

2010 2916 2292 2983 Quomodo
2320 2918 2462 2971 enim
2488 2918 2580 2986 qui
2609 2932 2799 2971 omnes
2817 2916 2956 2971 sicut
2982 2918 3217 2985 seipsum
3247 2917 3464 2985 diliget,
3488 2918 3592 2973 ali-

2010 3007 2096 3062 cui
2124 3006 2364 3062 invidere
2401 3008 2632 3077 poterit;
2659 3023 2782 3062 cum
2829 3022 2990 3062 nemo
3030 3006 3132 3062 sibi
3179 3008 3278 3076 ipsi
3322 3008 3592 3063 invideat?

2009 3097 2086 3155 lbi
2116 3100 2290 3155 nullus
2312 3100 2501 3155 melius
2528 3114 2650 3154 esse
2680 3100 2763 3154 vel
2787 3100 3032 3170 superius
3055 3101 3401 3170 concupiscet
3429 3116 3592 3169 quam

329 3196 612 3264 sexaginta
637 3196 721 3250 vel
759 3203 974 3251 centum
1013 3209 1203 3259 annos,
1235 3203 1291 3249 et
1315 3196 1692 3259 aeternitatem,
1716 3195 1831 3249 sive
1858 3195 1910 3249 in
1938 3189 1982 3249 C
2015 3192 2139 3255 erit,
2170 3191 2293 3261 quia
2341 3192 2496 3245 aliter
2523 3206 2644 3245 esse
2689 3206 2848 3259 quam
2880 3191 3024 3260 quod
3058 3192 3272 3254 meruit,
3304 3206 3404 3248 nec
3449 3179 3593 3246 esset

330 3288 498 3355 bono,
528 3287 641 3341 sive
680 3287 734 3340 in
772 3286 915 3340 malo
950 3285 1203 3341 futuram.
1236 3284 1386 3341 Unus
1422 3287 1564 3341 enim
1595 3286 1708 3341 dies
1738 3286 1914 3354 aliqua

331 3378 511 3447 portio
539 3386 623 3431 est
648 3377 703 3431 in
731 3385 946 3432 centum
976 3390 1238 3431 annorum
1267 3378 1460 3446 spatio,
1492 3378 1734 3446 quamvis
1761 3377 1919 3432 valde

332 3469 545 3525 modica
578 3487 595 3522 εκ
624 3477 681 3524 at
698 3484 829 3524 vero
855 3476 1073 3524 centum
1101 3483 1361 3523 annorum
1382 3469 1612 3539 spatium
1634 3470 1775 3523 nulla
1798 3484 1921 3539 por-

333 3562 411 3615 tio
440 3568 523 3616 est
550 3561 600 3615 in
631 3561 723 3614 illa
759 3560 1077 3614 aeternitate.
1108 3559 1166 3614 Si
1194 3560 1354 3624 enim,
1391 3560 1537 3613 verbi
1567 3561 1756 3629 gratia,
1788 3575 1917 3615 cen-

335 3651 523 3707 tesima
543 3651 626 3706 vel
645 3651 927 3705 millesima
946 3665 1071 3720 pars
1091 3658 1233 3705 esset
1249 3650 1586 3718 aeternitatis,
1607 3650 1917 3719 praedictum

333 3740 453 3809 ejus
479 3740 712 3810 spatium
739 3748 865 3810 post
891 3740 1200 3809 centuplum
1228 3738 1345 3808 ejus
1373 3739 1603 3808 spatium
1631 3739 1717 3793 vel
1736 3739 1917 3794 millu—

337 3830 483 3900 plum
503 3831 782 3885 mternitas
809 3845 927 3885 esse
954 3830 1225 3884 desineret
1265 3846 1280 3882 :
1313 3828 1455 3899 quod
1491 3829 1630 3884 ratio
1658 3844 1769 3885 non
1793 3830 1919 3887 sinit

332 3921 670 3984 mtemitatis,
694 3935 813 3989 quin
839 3921 886 3974 si
915 3920 1023 3974 ullo
1044 3919 1226 3987 modo,
1248 3920 1358 3975 ullo
1380 3927 1626 3990 tempore
1652 3918 1915 3989 ﬁniretur,

230 4000 243 4017 ⁷
334 4011 610 4066 aeternitas
638 4010 860 4065 omnino
888 4024 996 4063 non
1025 4017 1188 4065 esset.

953 4121 1183 4177 CAPUT
1220 4121 1311 4177 ιν.

337 4215 377 4268 Α
418 4215 499 4294 riu
544 4214 653 4294 iota
699 4212 1008 4294 adJarctam
1047 4214 1310 4294 migra-rea
1336 4210 1622 4294 Regiorum
1659 4211 1912 4294 fatigatis,

406 4286 639 4365 δεξειᾳὶα,
671 4285 827 4338 sortis
855 4299 962 4337 sua:
988 4281 1155 4337 amor.
1188 4281 1269 4335 De
1292 4281 1546 4352 ἐπεθαὺὶιὶ
1573 4281 1788 4337 visionis
1814 4282 1915 4337 Dei

406 4362 674 4408 suavitate.

406 4463 641 4518 Fortiter
683 4478 816 4533 ergo
856 4465 1060 4519 carnali
1096 4464 1458 4521 resistendum
1499 4474 1585 4521 est
1623 4467 1910 4536 voluptati,

2014 3282 2300 3345 decorum;
2350 3296 2450 3336 nec
2492 3274 2649 3336 aliter
2692 3296 2812 3336 esse
2865 3281 3191 3337 desiderabit
3235 3297 3397 3351 quam
3450 3282 3594 3350 quod

2013 3372 2138 3439 erit,
2168 3371 2291 3440 quia
2321 3370 2391 3424 ita
2422 3385 2543 3424 esse
2585 3378 2643 3423 ut
2669 3371 2771 3425 erit
2798 3369 3080 3440 pulchrum
3119 3372 3244 3436 erit,
3286 3388 3388 3427 non
3418 3371 3605 3425 solum-

2013 3462 2114 3535 sibi
2142 3461 2261 3531 ipsi,
2293 3460 2388 3515 sed
2415 3461 2578 3515 etiam
2608 3461 2863 3516 universo
2891 3461 3107 3531 corpori
3145 3459 3399 3516 Ecclesiae
3429 3462 3595 3517 cmic-

2013 3553 2130 3609 stis.
2156 3550 2437 3619 Quomodo
2463 3552 2603 3605 enim
2628 3552 2905 3620 quodlibet
2926 3553 3223 3606 membrum
3262 3552 3315 3606 in
3342 3567 3595 3623 corpore,

2015 3645 2063 3700 si
2089 3643 2334 3714 superius
2355 3642 2444 3696 vel
2469 3641 2691 3696 inferius
2717 3649 2949 3711 ponatur
2975 3656 3133 3718 quam
3163 3648 3355 3695 natura
3387 3641 3596 3695 consti-

2022 3736 2141 3804 tuit,
2164 3742 2566 3798 monstruosum
2593 3731 2759 3788 eilicit
2787 3747 2983 3802 corpus
3019 3741 3076 3787 et
3105 3740 3288 3801 turpe;
3320 3732 3400 3786 sic
3434 3732 3597 3787 nimi-

2015 3843 2134 3883 rum
2162 3827 2208 3881 si
2234 3826 2424 3896 aliquis
2444 3826 2497 3879 in
2524 3823 2808 3894 regnO'Dci
2842 3824 3087 3893 superius
3108 3823 3410 3886 ordinetur,
3434 3837 3595 3891 quam

2013 3922 2252 3992 postulat
2278 3936 2367 3975 ars
2392 3927 2449 3974 et
2473 3919 2725 3974 voluntas
2749 3917 3134 3987 omnipotentis
3162 3917 3397 3982 artiﬁcis,
3421 3916 3563 3985 turpi
3583 3944 3596 3953 -

2019 4012 2254 4066 tudinem
2277 4008 2497 4076 efficiet,
2521 4025 2631 4065 non
2668 4009 2846 4065 solum
2880 4009 3113 4074 sibimet,
3144 4008 3237 4067 sed
3277 4008 3425 4063 omni
3466 4021 3601 4062 con-

2016 4100 2341 4168 gregationi;
2372 4099 2427 4153 in
2453 4113 2556 4167 qua
2584 4099 2676 4169 qui
2719 4099 2825 4154 erit
2861 4099 3138 4161 minimus,
3178 4099 3437 4165 majorem
3479 4096 3629 4173 sine.

2017 4193 2181 4248 dubio
2207 4192 2428 4246 habebit
2465 4191 2712 4259 gloriam,
2758 4205 2920 4260 quam
2952 4196 3120 4245 totum
3164 4189 3371 4247 habens
3412 4188 3598 4243 tumidi

2019 4296 2261 4352 regnum,
2289 4283 2452 4338 etiam
2480 4283 2524 4337 si
2551 4292 2809 4338 aeternum
2833 4290 2995 4336 esset.
3023 4281 3139 4336 Vile
3168 4282 3309 4337 enim
3331 4282 3487 4337 valde
3514 4287 3599 4338 est

2018 4375 2298 4443 elementis
2335 4372 2456 4437 frui,
2488 4374 2542 4427 in
2573 4372 2973 4441 comparatione
3010 4370 3221 4425 fruendi
3250 4381 3306 4425 et
3331 4373 3597 4441 gaudendi

2019 4466 2136 4536 ipso
2184 4465 2318 4531 Deo,
2365 4472 2421 4520 et
2462 4464 2758 4521 visibilibus
2803 4463 3057 4518 delectari
3101 4470 3156 4518 et
3197 4464 3593 4533 corporalibus.

336 4557 550 4612 fortiter
592 4566 783 4612 contra
821 4557 1038 4613 fallaces
1078 4558 1238 4627 hujus
1277 4558 1461 4612 mundi
1501 4558 1786 4613 blanditias
1813 4573 1914 4628 pu-
1945 4552 1990 4611 Β
2019 4557 2069 4627 (α
2093 4555 2262 4610 Tanta
2290 4564 2375 4612 est
2395 4557 2539 4612 enim
2577 4555 2916 4626 pulchritudo
2939 4555 3180 4623 justitize,
3226 4563 3371 4609 tanta
3397 4554 3596 4623 jucun-

335 4646 606 4715 gnandum
635 4655 749 4712 est,
779 4655 1074 4715 contraque
1102 4647 1443 4702 multimodas
1480 4645 1693 4701 Satanae
1726 4660 1917 4715 sugge-

334 4740 542 4793 stiones
575 4739 920 4806 vigilandum.
960 4736 1117 4793 Omni
1146 4739 1327 4795 studio
1366 4739 1477 4793 lata
1504 4739 1684 4793 szeculi
1716 4740 1804 4794 via
1832 4739 1915 4793 vi-

337 4830 498 4884 tanda
527 4837 627 4894 est,
658 4844 777 4898 qum
799 4830 944 4885 ducit
989 4829 1055 4885 ad
1087 4837 1320 4886 mortem
1349 4829 1564 4898 (Matth.
1596 4845 1687 4895 vn,
1714 4828 1833 4898 l5);
1861 4836 1918 4882 at

335 4936 469 4975 vero
495 4921 643 4975 omni
669 4921 848 4979 cordis
872 4921 1141 4976 desiderio
1164 4923 1249 4976 via
1274 4931 1499 4990 angusta
1527 4936 1648 4991 qua:
1675 4921 1823 4976 ducit
1849 4920 1915 4976 ad

338 5014 522 5076 vitam,
549 5012 791 5067 adeunda
832 5020 917 5067 est
959 5021 1015 5066 et
1060 5013 1380 5083 appetenda.
1414 5013 1511 5067 Via
1551 5013 1666 5068 hinc
1690 5021 1914 5080 angusta

335 5108 420 5155 est
458 5101 541 5155 via
585 5101 939 5166 abstinentiae,
978 5110 1035 5157 et
1077 5102 1358 5166 castitatis,
1388 5110 1447 5157 et
1493 5102 1829 5167 humilitatis,
1861 5112 1919 5161 et

334 5192 511 5246 omnis
536 5191 843 5259 religionis;
871 5206 1035 5261 quam
1055 5192 1196 5247 viam
1223 5200 1350 5246 ante
1379 5205 1479 5247 nos
1503 5189 1750 5247 Christus
1772 5193 1918 5246 attri-

336 5282 433 5345 vit,
460 5295 567 5349 qua
594 5282 678 5335 via
703 5280 771 5337 ad
789 5296 944 5336 suum
965 5292 1187 5348 regnum
1212 5281 1480 5350 migravit.
1506 5279 1671 5350 Cujus
1693 5282 1913 5350 vestigia

337 5381 393 5428 et
421 5388 520 5430 nos
544 5387 854 5443 sequamur,
881 5373 1054 5429 donec
1088 5380 1212 5444 post
1238 5387 1360 5428 eum
1387 5371 1456 5427 ad
1482 5371 1670 5429 urbem
1709 5372 1910 5442 regiam
1942 5436 1947 5439 ,

351 5696 355 5700 _
410 5640 435 5668 ι
470 5630 591 5685 Mss.
622 5631 749 5697 duo,
780 5632 1109 5686 voluntatem.

408 5700 519 5824 bbln
547 5718 651 5755 uno
682 5719 803 5770 ms.,
821 5703 1043 5756 omnium
1067 5702 1313 5756 bonorum
1341 5702 1506 5770 copia.
1538 5699 1596 5754 lu
1620 5699 1774 5766 cdit.,
1798 5715 1911 5753 om-

455 5788 626 5824 onunu

341 5784 404 5824 ne
424 5784 626 5826 Donum.

2018 4647 2158 4701 ditas
2187 4647 2321 4701 lucis
2345 4657 2578 4713 aeternae,
2610 4647 2714 4702 hoc
2742 4655 2845 4714 cst,
2876 4647 3325 4703 incommutabilis
3353 4646 3597 4701 veritatis

2019 4747 2074 4793 et
2102 4738 2409 4809 sapientiae,
2438 4747 2499 4794 ut
2522 4739 2731 4794 etiamsi
2772 4754 2877 4792 non
2910 4738 3096 4793 liceret
3123 4738 3350 4806 amplius
3375 4753 3598 4795 manem

2019 4828 2073 4883 in
2094 4844 2157 4883 ea
2180 4843 2340 4897 quam
2370 4830 2526 4884 unius
2548 4829 2655 4883 diei
2674 4845 2850 4893 mora,
2877 4836 3103 4899 propter
3122 4830 3227 4884 hoc
3247 4830 3418 4885 solum
3445 4831 3598 4903 innu-

2018 4918 2305 4974 merabiles
2344 4918 2470 4973 anni
2497 4917 2654 4986 hujus
2681 4918 2805 4972 vitae
2845 4918 2991 4987 pleni
3024 4917 3232 4977 deliciis
3267 4919 3320 4973 iu
3360 4920 3595 4976 circum-

2021 5006 2237 5062 ﬂuentia
2259 5008 2618 5076 corporalium
2647 5007 2911 5062 bonorum
2946 5000 3103 5064 recte
3138 5009 3436 5079 meritoque
3464 5027 3597 5066 cou—

2021 5106 2406 5161 temnerentur.
2429 5096 2545 5151 Non
2567 5098 2708 5153 enim
2728 5096 2857 5152 falso
2872 5106 2966 5171 aut
2987 5114 3155 5169 parvo
3174 5098 3369 5154 all‘ectu
3394 5100 3594 5155 dictum

2016 5196 2101 5243 est
2125 5206 2138 5241 :
2170 5186 2425 5251 Quoniam
2452 5188 2633 5242 melior
2659 5197 2734 5242 est
2763 5188 2870 5243 dies
2899 5205 3003 5243 una
3030 5191 3084 5243 in
3124 5190 3275 5244 atriis
3314 5191 3416 5244 tuis
3444 5206 3595 5261 super

2017 5279 2180 5333 millia
2212 5279 2382 5350 (Paul.
2417 5294 2639 5344 Lxxxm,
2677 5279 2782 5350 ll).
3471 5338 3489 5355 θ

2085 5368 2226 5423 Nihil
2254 5378 2335 5423 est
2354 5369 2770 5439 comparandum
2793 5369 3135 5425 delectationi
3160 5378 3216 5424 et
3234 5368 3429 5438 gaudio
3453 5372 3595 5441 quod

2087 5639 2107 5666 ί·
2141 5623 2312 5682 Verba
2361 5627 2493 5696 Aug.
2541 5628 2631 5683 lib.
2673 5646 2729 5685 tu
2766 5629 2830 5685 de
2863 5627 2977 5683 Lib.
3029 5625 3254 5695 Αώἰι..,
3304 5642 3448 5681 num.
3506 5626 3600 5681 77,

2014 5698 2128 5753 Non
2159 5699 2357 5753 habent
2388 5714 2512 5754 una.
2644 5723 2675 5756 λ
