3946 6182
426 287 528 340 87:3

1355 270 1412 328 S.
1455 269 1815 328 PATRlClUS
1854 268 2010 324 lllBE

2113 267 2303 324 0M3)!
2347 266 2764 324 APOSTOLUS.
3568 275 3652 331 με

428 395 660 455 nascitur
687 409 754 448 ex
780 390 1146 448 ‘invisibilibus
1174 397 1230 444 et
1255 387 1616 458 incorporeis,
1649 394 1704 442 et
1731 401 1798 440 cx
1827 384 2001 439 soeic—
2033 392 2082 447 Λ
2109 387 2354 456 spiratio,
2379 401 2486 455 qua
2517 386 2784 440 mentibus
2805 398 2956 438 suam
2978 385 3310 442 voluntatem
3337 396 3392 442 et
3428 401 3565 443 suam
3585 408 3659 446 ca-

429 496 537 542 tate
585 482 896 551 angelorum
941 488 998 535 et
1036 479 1305 547 justorum
1335 477 1604 539 omnium,
1648 483 1705 530 et
1743 491 1813 530 ex
1859 481 2005 529 certa

428 576 651 633 scientia
678 582 731 628 et
759 572 1065 640 cognitione
1086 570 1251 640 ipsius
1273 569 1466 624 divina:
1496 576 1718 631 naturae,
1746 573 1800 620 et
1821 581 1887 620 ex
1912 565 2008 619 Dei

379 703 386 714 κ
430 667 595 736 ipsius
623 665 757 719 facie
783 663 852 717 ad
881 661 1073 717 faciem
1109 662 1336 715 visione.
1365 659 1529 726 Cujus
1557 657 2008 728 pulchritudinem

430 759 690 813 mirantur
711 755 906 822 angeli,
953 753 1106 822 cujus
1153 751 1378 821 imperio
1425 751 1752 808 suscitantur
1787 747 2006 811 mortui,

429 851 581 920 cujus
625 850 902 919 sapientia:
949 863 1059 902 non
1099 856 1182 901 est
1230 859 1482 899 numerus
1510 841 1681 908 (Paul.
1717 857 1894 903 cxm,
1930 841 2006 911 5),

428 941 583 1010 cujus
607 953 828 1007 regnum
855 940 1015 993 linem
1043 939 1231 1000 nescit,
1276 937 1428 1006 cujus
1467 936 1636 1002 gloria
1669 934 1857 1002 nequit
1881 947 2009 988 nar-

427 1032 568 1098 rari;
598 1031 751 1100 cujus
778 1030 869 1085 lux
896 1038 1004 1083 tam
1046 1029 1218 1083 solem
1244 1029 1515 1091 obscurat,
1555 1036 1611 1080 ut
1640 1026 1756 1094 ejus
1799 1039 2012 1093 compa-

428 1123 640 1177 ratione
663 1122 861 1176 nullam
891 1120 1090 1174 habeat
1117 1119 1197 1172 sol
1229 1119 1436 1181 lucem;
1462 1117 1612 1185 cujus
1646 1116 1873 1171 dulcedo
1903 1122 2010 1168 tam

431 1215 538 1268 mel
561 1221 799 1282 superat,
827 1219 883 1266 ut
908 1212 959 1264 ei
987 1218 1355 1280 comparatum
1391 1210 1541 1263 velut
1580 1208 1901 1262 absinthium
1942 1207 2014 1261 sit

429 1305 856 1370 amarissimum;
879 1303 1030 1371 cujus
1068 1302 1257 1355 faciem
1286 1303 1328 1356 si
1353 1315 1539 1356 omnes
1569 1315 1788 1356 carcere
1818 1299 2011 1354 inferni

428 1397 619 1452 inclusi
648 1395 922 1459 viderent,
963 1394 1162 1447 nullam
1199 1407 1413 1462 pmnam
1437 1431 1452 1456 ,
1495 1391 1698 1445 nullum
1744 1391 2006 1456 dolorem,

427 1489 734 1556 nullamque
762 1487 1032 1541 tristitiam
1061 1486 1352 1548 sentirent;
1377 1483 1528 1552 cujus
1555 1483 1840 1554 pnnseutia
1881 1483 1926 1536 si
1956 1483 2009 1536 in

429 1582 637 1636 inferno
651 1595 770 1635 eum
786 1590 808 1616 ⁸
821 1579 1020 1634 sanctis
1031 1578 1209 1632 habita
1217 1577 1421 1632 toribus
1436 1585 1740 1646 appareret,
1755 1576 2011 1631 continuo

429 1671 670 1726 infernus
689 1673 742 1725 in
766 1685 1035 1724 amoenum
1062 1677 1470 1724 cenverteretur
1490 1669 1827 1738 paradisum;
1859 1666 2013 1735 cujus

2112 478 2328 532 ritatem
2370 476 2709 531 invisibiliter
2733 475 3000 540 ostendit;
3027 490 3191 544 quam
3236 476 3463 534 videndo
3502 479 3664 549 Angeli

2111 590 2207 645 per
2233 575 2412 629 omnia
2440 574 2552 630 Deo
2577 573 2853 628 obediunt.
2885 572 3049 642 Cujus
3076 573 3194 629 laus
3232 582 3320 628 est
3356 590 3457 644 qua
3491 577 3667 634 electos

2111 665 2372 734 laudabit,
2401 663 2762 719 manifestatio
2799 677 2906 735 qua
2943 680 3164 719 suorum
3212 665 3501 720 electorum
3549 665 3666 722 bona

2111 757 2360 812 omnibus
2384 756 2739 821 monstrabit;
2768 754 2980 810 assidua
3016 764 3198 810 autem
3243 754 3361 810 laus
3396 772 3497 826 qua
3534 758 3670 812 electi

2111 863 2235 901 eum
2292 846 2602 913 laudabunt,
2633 853 2717 901 est
2768 845 3052 900 admiratio
3105 845 3226 914 ejus
3278 847 3538 918 perennis.
3583 847 3670 916 Qui

2112 939 2252 993 miro
2308 938 2469 994 modo
2525 953 2634 993 non
2690 945 2938 1007 tempore
2995 937 3272 1007 pmcessit
3324 937 3567 992 mundum
3624 950 3672 994 et

2111 1037 2324 1101 tempus
2378 1031 2597 1097 (nullius
2625 1031 2770 1085 enim
2823 1029 2970 1104 hora:
3014 1029 3192 1099 spatio
3247 1027 3348 1082 fuit
3371 1037 3493 1084 ante
3533 1044 3670 1084 Inun-

2111 1125 2289 1194 dum);
2319 1131 2376 1177 et
2418 1130 2597 1177 tamen
2639 1137 2854 1192 semper
2879 1127 2999 1175 erat
3043 1121 3159 1176 sine
3190 1120 3364 1175 initio.
3395 1120 3504 1175 Non
3547 1123 3670 1177 enim

2112 1224 2230 1271 erat
2260 1223 2470 1283 tempus
2519 1222 2645 1270 ante
2674 1222 2906 1284 tempus,
2939 1220 3155 1282 tempus
3181 1221 3364 1266 autem
3392 1227 3508 1267 cum
3536 1197 3671 1266 mnu:

2112 1309 2182 1364 do
2241 1316 2584 1364 concreatum
2638 1315 2740 1363 est.
2796 1305 2854 1362 Si
2919 1307 3079 1375 igitur
3140 1315 3356 1376 tempus
3426 1308 3490 1361 ab
3541 1308 3671 1364 initio

2112 1399 2293 1455 mundi
2345 1400 2506 1468 coepit
2550 1412 2800 1462 currere,
2863 1407 2990 1453 ante
3029 1397 3288 1453 mundum
3343 1399 3529 1452 factum
3581 1416 3673 1456 non

2113 1497 2250 1548 erat.
2293 1489 2526 1559 Ideoque
2573 1490 2720 1545 nullo
2769 1495 3033 1559 tempore,
3067 1497 3128 1544 ut
3173 1490 3672 1561 prmdiximus,pr:e-

2113 1581 2275 1637 cessit
2326 1581 2464 1635 Deus
2511 1588 2752 1650 tempora
2795 1588 2851 1635 et
2875 1580 3132 1635 mundum
3157 1581 3238 1635 eis
3285 1596 3541 1646 coaevum,
3582 1582 3672 1639 imo

2112 1671 2275 1743 paulo
2297 1673 2376 1727 eis
2407 1671 2672 1742 priorem;
2704 1669 2822 1740 ejus
2865 1670 3010 1725 enim
3055 1679 3212 1726 motu
3254 1680 3527 1742 coeperunt
3565 1688 3672 1728 cur-

427 1763 544 1818 sine
573 1770 709 1816 nutu
755 1775 855 1815 nec
884 1760 1071 1814 folium
1099 1760 1168 1813 de
1213 1760 1406 1813 arbore
1453 1758 1634 1824 cadit;
1665 1757 1818 1826 cujus
1867 1757 2009 1811 oculi
2045 1763 2084 1820 Β
2115 1782 2254 1822 rere.
2289 1765 2556 1836 Quidquid
2583 1772 2856 1828 movetur,
2893 1779 3048 1822 suum
3076 1773 3286 1818 motum
3316 1764 3572 1834 prmccdit,
3600 1765 3674 1819 ιη.

429 1853 774 1908 ﬂammivomi
817 1851 1138 1921 profundum
1168 1857 1454 1919 penetrant
1478 1848 1702 1914 inferni;
1734 1848 1886 1916 cujus
1916 1864 2013 1901 au-

427 1947 504 1999 ris
534 1945 751 1999 tacitam
779 1943 956 1997 cordis
983 1957 1172 1996 vocem
1202 1941 1368 2005 audit,
1397 1939 1450 1993 id
1469 1947 1572 2003 est,
1595 1939 2008 2006 cogitatiOnem;

427 2037 582 2107 cujus
610 2037 798 2092 oculus
823 2051 932 2089 non
962 2035 1140 2089 minus
1163 2032 1311 2087 audit
1339 2048 1499 2102 quam
1526 2032 1704 2098 videt;
1735 2036 1886 2100 cujus
1911 2046 2011 2085 au-

429 2130 504 2184 ris
549 2144 657 2184 non
699 2128 875 2181 minus
902 2125 1056 2180 videt
1082 2141 1245 2194 quam
1291 2126 1460 2190 audit,
1491 2124 1616 2192 quia
1659 2138 1766 2176 non
1815 2137 2012 2193 corpus

427 2227 571 2286 sunt,
601 2219 696 2274 sed
725 2232 933 2271 summa
979 2215 1242 2286 sapientia
1286 2221 1341 2269 et
1380 2223 1529 2269 certa
1559 2214 1818 2281 cognitio.
1849 2212 2012 2281 Cujus

427 2313 633 2368 delicia:
659 2309 1014 2367 sinefastidio
1046 2307 1242 2362 satiant
1275 2324 1286 2359 :
1317 2321 1436 2374 quas
1463 2321 1585 2360 cum
1613 2320 1645 2360 a
1676 2305 1846 2360 beatis
1868 2305 2014 2358 inve-

430 2406 667 2468 niuntur,
697 2417 910 2472 semper
960 2408 1138 2454 tamen
1170 2398 1564 2465 desiderantur,
1593 2405 1650 2452 et
1695 2397 1926 2450 esuriem
1955 2404 2012 2449 et

429 2497 572 2553 sitim
599 2497 716 2551 sine
742 2508 903 2564 paena
931 2490 1188 2554 efficiunt,
1219 2497 1274 2544 et
1301 2489 1511 2544 ardenti
1553 2502 1769 2556 semper
1792 2486 2010 2542 deside-

431 2591 509 2645 rio
535 2589 824 2644 delectant.
854 2584 1022 2654 Cujus
1047 2591 1258 2638 secreta
1299 2580 1586 2647 mirabilia,
1612 2579 1914 2634 videntibus
1941 2593 2008 2633 ea

428 2694 638 2750 semper
666 2693 802 2732 nova
828 2683 953 2731 sunt
979 2683 1034 2730 et
1064 2675 1218 2737 mira,
1246 2680 1304 2729 et
1332 2687 1437 2727 non
1459 2672 1579 2742 plus
1605 2686 1728 2727 cum
1751 2670 2011 2740 incipiunt

424 2771 618 2836 videri,
668 2771 884 2838 pariunt
936 2775 1211 2836 stuporem
1261 2765 1624 2828 cernentibus,
1676 2778 1836 2833 quam
1887 2770 2010 2832 post

427 2863 572 2918 mille
599 2877 768 2916 annos
797 2869 851 2914 et
879 2859 1072 2912 millies
1101 2857 1266 2910 mille.
1296 2855 1360 2910 Et
1386 2873 1508 2911 eum
1537 2856 1713 2923 angeli
1751 2855 1818 2909 ab
1855 2854 2008 2908 initio

427 2953 608 3008 mundi
639 2967 705 3006 ea
741 2951 883 3006 soliti
913 2949 1021 3002 sint
1048 2947 1253 3014 videre,
1289 2954 1466 3002 tamen
1493 2963 1604 3002 non
1630 2947 1808 2999 minus
1849 2945 2008 3000 hodie

427 3043 758 3099 admirantur
785 3056 850 3095 ea
878 3056 1037 3109 quam
1069 3039 1122 3092 in
1152 3037 1325 3108 primo
1366 3036 1492 3100 die;
1533 3036 1768 3104 alioquin
1806 3035 2004 3089 dudum

2114 1857 2312 1913 ασεδίιί
2340 1858 2484 1912 enim
2505 1855 2807 1940 aeternitate
2835 1855 3107 1926 pnecessit
3135 1855 3282 1910 Deus
3301 1856 3563 1918 mundum,
3579 1872 3670 1911 non

2115 1959 2376 2022 tempore.
2408 1950 2574 2020 Cujus
2602 1959 2813 2020 tempus
2851 1957 2976 2003 ante
3004 1947 3270 2004 mundum
3301 1963 3408 2002 non
3431 1957 3556 2002 erat.
3582 1947 3673 2002 Cu-

2109 2041 2196 2112 jus
2237 2043 2328 2098 lux
2375 2043 2625 2097 tenebras
2665 2040 2886 2111 depellit
2925 2039 3278 2108 ignorantia;
3305 2037 3480 2108 ‘cujus
3521 2039 3672 2108 aliqua

2112 2133 2374 2204 particula
2405 2133 2518 2188 haec
2545 2131 2726 2187 omnia
2754 2145 2878 2200 qua}
2900 2130 3149 2195 diximus,
3174 2145 3308 2184 vera
3330 2137 3385 2184 et
3409 2138 3546 2184 certa
3567 2146 3669 2184 esse

2113 2225 2504 2294 cognoscimus.
2554 2222 2753 2278 Eadem
2782 2223 2902 2277 lure
2946 2222 3139 2276 melius
3168 2236 3294 2276 esse
3322 2236 3496 2276 verum
3537 2237 3673 2290 quam

2113 2318 2302 2373 falsum
2331 2317 2605 2381 videmus;
2635 2322 2693 2370 et
2737 2323 2917 2369 tamen
2947 2313 3102 2383 pejus
3141 2328 3264 2369 esse
3301 2329 3480 2368 verum
3505 2313 3674 2366 malum

2113 2412 2200 2466 vel
2228 2426 2414 2467 verum
2438 2418 2740 2480 peceatum,
2771 2423 2934 2476 quam
2958 2407 3148 2461 falsum
3173 2407 3380 2462 malum
3402 2405 3483 2460 vel
3509 2402 3671 2459 falsum

2114 2511 2391 2575 peccatum
2426 2519 2439 2556 :
2463 2517 2572 2557 non
2599 2499 2725 2569 quia
2752 2514 2939 2554 verum
2969 2506 3070 2562 est,
3097 2497 3192 2554 sed
3243 2498 3370 2568 quia
3397 2497 3579 2552 malum
3600 2495 3670 2550 vel

2112 2605 2391 2666 peccatum
2419 2601 2504 2650 est
2551 2593 2596 2665 [ε
2645 2591 2739 2648 sed
2769 2590 2891 2647 ideo
2916 2590 3118 2646 malum
3143 2591 3235 2646 vel
3281 2597 3547 2659 peccatum
3579 2597 3666 2655 est,

2110 2675 2234 2759 quia
2262 2704 2448 2744 verum
2493 2687 2692 2741 malum
2721 2684 2804 2739 vel
2856 2691 3138 2754 peccatum
3175 2682 3303 2756 est].
3338 2683 3501 2738 Aliter
3545 2682 3665 2736 enim

2110 2795 2217 2835 non
2247 2786 2431 2848 posset
2455 2791 2576 2832 esse
2602 2775 2801 2830 malum
2821 2773 2908 2828 vel
2934 2781 3216 2844 peccatum
3237 2815 3254 2839 ,
3281 2774 3382 2828 nisi
3407 2788 3573 2827 verum
3595 2787 3666 2826 es-

2108 2877 2192 2924 set
2219 2869 2414 2923 malum
2438 2867 2525 2921 vel
2548 2873 2857 2936 peceatum;
2887 2863 3073 2918 falsum
3095 2865 3466 2920 enim.malum
3485 2879 3578 2917 non
3597 2872 3666 2919 est

2108 2960 2332 3024 malum,
2357 2965 2418 3014 ut
2462 2956 2652 3012 falsum
2680 2964 2960 3024 argentum
2989 2969 3096 3010 non
3148 2962 3433 3023 argentum
3460 2962 3548 3008 est.
3577 2951 3666 3006 Po-

2109 3060 2218 3108 test
2271 3052 2464 3120 aliquis
2492 3065 2529 3105 a
2570 3049 2798 3127 veritate
2846 3049 3028 3104 dicere
3056 3046 3258 3102 malum
3289 3048 3374 3109 vel
3421 3055 3665 3118 precatum

426 3148 608 3190 eorum
639 3131 837 3199 angelis
866 3129 1079 3184 assiduo
1106 3126 1321 3182 videndi
1353 3142 1447 3181 usu
1473 3125 1809 3180 vilescerent.
1839 3123 2006 3192 Cujus
2027 3135 2074 3198 ο
2110 3151 2355 3199 exortum
2384 3148 2505 3200 esse
2531 3140 2617 3196 νει
2646 3123 2864 3204 fictum,
2889 3147 2944 3194 ει
2970 3139 3204 3210 quodam
3231 3138 3398 3194 modo
3427 3129 3665 3208 ορυςοεεω

426 3223 746 3293 cognitionis
788 3222 1053 3291 praeterita
1097 3229 1152 3276 et
1199 3217 1454 3287 futura,‘
1482 3236 1588 3276 non
1639 3218 1906 3291 praeterita
1951 3227 2008 3272 et

427 3313 625 3381 futura,
651 3312 746 3367 sed
770 3310 1054 3381 pnesentia
1079 3319 1224 3365 sunt.

1039 3422 1266 3479 CAPUT
1295 3424 1359 3480 γ.

428 3539 539 3598 Deo
559 3547 732 3606 omnia
753 3547 1030 3616 ρνωδρηιὶα
1055 3551 1192 3616 sunt,
1217 3539 1597 3616 sine__libertali_r
1627 3537 2010 3604 Immanmpma-

490 3617 708 3686 judicio.
746 3610 839 3670 Dei
859 3618 1046 3670 locutio
1075 3623 1122 3667 et
1151 3610 1759 3686 lauaLEaistentia-qu‘te
1790 3617 2004 3686 tempus.

497 3677 704 3757 Malunt
719 3698 888 3740 verum
908 3686 1056 3757 pejus
1087 3683 1239 3757 fafso.
1273 3679 1372 3757 D_ei
1399 3680 1526 3757 uisio
1547 3678 1668 3746 quid
1693 3677 1854 3730 beatis
1884 3692 2009 3730 con-

499 3759 652 3827 ferat.
677 3755 774 3809 Dei
803 3752 1096 3818 wtehtitas,‘
1127 3752 1228 3805 Dei
1250 3752 1486 3805 scientia.

501 3865 652 3923 Unde
678 3883 782 3922 non
800 3867 942 3922 diem
967 3866 1152 3936 judicii
1175 3864 1392 3927 videbit,
1417 3869 1473 3917 et
1497 3861 1731 3932 primum
1751 3858 1893 3914 diem
1912 3873 2013 3914 sa:-

429 3957 536 4013 culi
557 3974 665 4014 non
697 3958 856 4024 vidit;
887 3959 981 4013 sed
1009 3966 1296 4025 utrumque
1326 3955 1486 4010 videt.
1513 3951 1680 4023 Cujus
1722 3953 2012 4024 praescien-

432 4051 505 4106 tia
528 4051 799 4106 neminem
829 4051 973 4120 cogit
999 4050 1065 4105 ad
1094 4049 1447 4121 peccandum,
1478 4056 1540 4102 ut
1566 4047 1719 4102 multi
1771 4053 2014 4101 errantes

429 4143 635 4200 dicunt.
659 4144 714 4198 Si
743 4144 904 4210 enim,
933 4144 1200 4214 inquiunt,
1231 4143 1498 4214 prznseivit
1526 4141 1668 4196 Deus
1695 4139 1865 4194 Adam
1887 4154 2014 4210 pec-

429 4244 678 4292 caturum
722 4243 862 4298 esse.
898 4252 1002 4291 non
1031 4251 1258 4306 peccare
1285 4251 1394 4289 non
1442 4233 1635 4304 potuit.
1668 4231 1745 4286 Ex
1773 4247 1882 4302 quo
1924 4245 2013 4285 er-

430 4341 554 4380 rore
591 4326 829 4381 nascitur
872 4325 1040 4380 Deum
1069 4340 1285 4381 causam
1325 4339 1444 4378 esse
1471 4323 1710 4394 peccati,
1742 4321 1886 4391 quod
1917 4336 2015 4375 ne-

433 4415 514 4472 fas
558 4426 640 4470 eSt
666 4417 864 4471 dicere.
899 4415 965 4469 Et
1015 4416 1090 4469 illi
1120 4424 1300 4470 tamen
1351 4415 1514 4469 etiam
1543 4414 1657 4468 suis
1683 4413 1861 4467 verbis
1907 4413 2019 4466 alli-

2107 3237 2349 3292 veritatis
2366 3235 2586 3298 malum,
2612 3232 2752 3304 quod
2776 3232 2997 3287 omnino
3027 3231 3215 3286 falsum
3246 3241 3350 3288 est.
3373 3229 3531 3286 Omne
3544 3230 3663 3287 enim

2108 3342 2293 3383 verum
2324 3343 2354 3380 a
2381 3327 2608 3381 veritate
2634 3333 2738 3390 est,
2768 3332 2824 3378 et
2850 3339 3012 3378 omne
3040 3338 3225 3379 verum
3255 3325 3309 3378 in
3338 3330 3577 3392 quantum
3597 3334 3666 3373 ve-

2107 3435 2247 3482 rum,
2277 3419 2478 3474 bonum
2500 3424 2583 3472 est
2609 3435 2622 3470 :
2654 3431 2684 3470 a
2705 3415 2933 3470 veritate
2962 3413 3124 3484 igitur
3150 3422 3235 3468 est
3264 3429 3447 3468 verum
3473 3426 3596 3473 esse,
3617 3418 3664 3462 ut

2108 3511 2181 3566 sit
2202 3512 2402 3565 malum
2428 3509 2514 3563 vel
2556 3513 2854 3579 peccatum,
2881 3521 2989 3560 non
3022 3506 3196 3575 ipsum
3229 3506 3429 3559 malum
3457 3502 3535 3557 vel
3561 3516 3664 3571 pec-

2110 3611 2316 3668 eatum;
2348 3600 2491 3656 aliud
2519 3615 2751 3668 namque
2777 3607 2859 3653 est
2887 3597 3060 3668 ipsum
3088 3597 3313 3662 malum,
3343 3595 3480 3652 aliud
3507 3605 3664 3648 verum

2111 3709 2231 3750 esse
2255 3693 2403 3748 illud.
2435 3692 2694 3760 Quamvis
2721 3691 2882 3759 igitur
2923 3690 3094 3760 ipsum
3125 3687 3330 3744 malum
3367 3688 3551 3742 bonum
3578 3696 3665 3736 non

2111 3793 2216 3854 est,
2241 3785 2443 3839 bonum
2468 3792 2552 3838 est
2598 3790 2776 3837 tamen
2805 3795 2993 3835 verum
3024 3795 3145 3834 esse
3191 3789 3248 3832 ut
3294 3779 3364 3833 sit
3392 3777 3529 3832 illud.
3574 3773 3664 3828 Nisi

2112 3877 2256 3932 enim
2284 3875 2484 3930 bonum
2531 3881 2676 3928 esset
2716 3887 2838 3928 esse
2881 3872 3102 3935 malum,
3133 3871 3283 3924 nullo
3313 3869 3469 3924 modo
3495 3867 3665 3920 sineret

2117 3966 2255 4021 Deus
2283 3965 2410 4020 illud
2441 3964 2576 4020 fieri.
2608 3962 2771 4018 Multa
2817 3962 3014 4032 quippe
3043 3963 3184 4016 bona
3213 3960 3282 4015 de
3319 3959 3470 4014 malis
3505 3953 3660 4010 Omni-

2115 4065 2307 4129 potens
2333 4055 2479 4122 faeit,
2508 4062 2570 4110 ut
2600 4055 2667 4110 de
2695 4053 2958 4109 adulterio
2997 4051 3272 4107 hominum
3305 4052 3471 4106 bonos
3497 4047 3662 4100 format

2116 4156 2172 4204 et
2200 4148 2326 4204 facit
2352 4147 2616 4203 homines.
2642 4145 2698 4201 Si
2727 4153 2907 4200 autem
2929 4151 2984 4200 et
3009 4142 3238 4214 quadam
3260 4142 3401 4197 illius
3427 4139 3547 4194 lucis
3566 4149 3665 4206 par-

2119 4240 2279 4296 ticula
2306 4239 2460 4308 quasi
2513 4252 2609 4308 per
2636 4244 2888 4305 angustas
2917 4237 3081 4290 rimas
3108 4232 3301 4298 infusa,
3336 4234 3444 4287 h1ec
3487 4237 3540 4284 et
3581 4224 3664 4280 alia

2117 4331 2296 4385 omnia
2325 4343 2445 4400 qua:
2475 4329 2740 4392 novimus,
2761 4342 2889 4382 vera
2919 4341 3038 4381 esse
3066 4325 3445 4394 cognovimus;
3474 4318 3600 4392 quali
3625 4321 3666 4369 el

2120 4430 2320 4493 quanta
2357 4422 2474 4476 luce
2498 4420 2736 4475 scientia:
2763 4427 2820 4474 et
2847 4418 3124 4492 sapientia:
3152 4417 3261 4473 illic
3301 4413 3664 4471 illustrabimur,

431 4515 644 4574 gantur.
672 4505 728 4560 Si
768 4507 909 4560 enim
937 4506 1082 4576 quod
1107 4507 1443 4576 prmseientia
1475 4505 1568 4558 Dei
1597 4503 1760 4558 habet
1796 4517 2010 4558 necesse

2121 4517 2210 4572 ubi
2239 4517 2412 4587 ipsum
2440 4515 2610 4570 solem
2641 4514 2883 4569 veritatis
2905 4499 3046 4569 facie
3075 4511 3142 4567 ad
3172 4510 3361 4586 faciem
3385 4507 3664 4566 videbimus,

431 4605 515 4651 est
558 4597 691 4658 fieri,
737 4597 858 4652 ideo
885 4595 1165 4652 voluntate
1194 4597 1410 4667 propria
1455 4596 1620 4651 homo
1667 4595 1930 4665 peccavit,
1959 4603 2015 4649 et

430 4705 539 4742 non
565 4691 740 4759 aliqua
763 4690 1108 4757 necessitate,
1133 4690 1256 4759 quia
1279 4690 1331 4744 in
1359 4689 1694 4758 prmscientia
1715 4687 1811 4742 Dei
1831 4689 1930 4743 fuit
1957 4695 2014 4742 ut

428 4778 706 4833 voluntate
734 4787 790 4834 et
839 4779 1007 4836 libero
1036 4781 1278 4844 arbitrio,
1310 4787 1367 4833 et
1412 4795 1518 4834 non
1551 4780 1872 4834 necessitate
1921 4795 2014 4835 eo-

429 4877 606 4936 gente,
649 4879 913 4939 peccaret.
943 4871 1002 4928 Si
1025 4887 1154 4942 ergo
1192 4872 1525 4943 prmseientia
1557 4870 1650 4926 Dei
1699 4887 1805 4926 non
1834 4881 2016 4942 potest

427 4960 605 5024 vitari,
632 4975 737 5014 non
760 4964 936 5031 potuit
959 4964 1122 5020 homo
1152 4965 1308 5019 aliter
1333 4977 1560 5033 peccare
1585 4962 1687 5017 nisi
1713 4963 2009 5030 voluntate,

429 5051 574 5105 nulla
601 5053 703 5106 alia
731 5055 779 5106 vi
800 5066 1056 5123 cogente,
1080 5057 1205 5126 quia
1262 5058 1335 5111 ita
1366 5056 1506 5111 Deus
1553 5057 1821 5126 pncscivit
1864 5058 2012 5112 illum

429 5153 796 5215 peccaturum.
825 5145 882 5200 Si
926 5163 1054 5217 ergo
1086 5150 1409 5216 voluntarie,
1440 5164 1545 5202 non
1576 5157 1796 5204 coaetus
1823 5159 1924 5204 est.
1956 5149 2013 5205 Si

428 5238 573 5290 enim
601 5253 706 5292 non
737 5246 957 5293 coactus
983 5248 1064 5292 est
1087 5239 1154 5292 ad
1181 5242 1530 5310 peccandum,
1570 5241 1747 5309 potuit
1768 5242 1882 5295 sine
1910 5242 2012 5295 du-

430 5329 519 5385 bio
547 5345 653 5386 non
690 5346 916 5402 peccare
954 5331 997 5387 si
1039 5333 1228 5397 vellet;
1263 5335 1492 5402 ideoque
1535 5349 1750 5404 pmnam
1797 5335 2011 5402 meruit,

429 5423 552 5494 quia
586 5442 694 5480 non
746 5426 944 5481 invitus
979 5426 1248 5495 peccavit;
1281 5425 1516 5494 aloquin
1565 5442 1596 5481 a
1644 5425 1756 5481 Deo
1800 5442 2014 5497 pmnam

428 5518 620 5576 mortis
647 5534 752 5573 non
782 5519 1098 5589 susciperet.
1126 5514 1290 5587 Cujus
1315 5517 1518 5573 locutio
1543 5527 1628 5574 est
1674 5521 1886 5577 occulta
1931 5523 2012 5576 in-

504 5663 529 5691 ι
556 5650 704 5706 Unus
729 5669 850 5718 ms.,
878 5654 1006 5709 suis.

508 5725 533 5762 δ
566 5723 688 5776 Mss.
714 5727 964 5778 omittunt
992 5741 1096 5780 non
1123 5725 1462 5798 prmerita‘et
1493 5726 1667 5797 futura
1696 5729 1803 5784 sed.

2118 4607 2169 4662 id
2199 4617 2307 4674 est,
2340 4615 2487 4662 certa
2527 4613 2582 4660 et
2610 4621 2736 4659 vera
2783 4605 3048 4675 sapientia
3085 4599 3500 4672 cognoscemus?
3541 4592 3666 4660 cujus

2117 4699 2398 4770 praesentia
2423 4697 2627 4752 similes
2653 4698 2702 4752 ei
2732 4695 2861 4751 facit
2895 4702 3204 4764 praesentes.
3237 4691 3339 4759 Qui
3375 4691 3512 4748 enim
3552 4694 3665 4738 verat

2116 4791 2410 4861 sapientiae,
2440 4805 2582 4844 verte
2611 4786 3019 4858 pulchritudini,
3051 4799 3190 4840 vera:
3216 4779 3496 4838 :ctemitati
3517 4774 3666 4830 adire

2117 4883 2278 4948 rebit,
2309 4883 2555 4974 sapiens/
2557 4881 2740 4949 utique
2770 4888 2826 4934 et
2869 4878 3098 4948 pulcher
3117 4884 3174 4931 et
3201 4884 3432 4931 aeternus
3459 4863 3664 4974 erit.

2118 4974 2263 5027 enim
2291 4953 2549 5026 absentia,
2561 4970 2678 5039 ejus
2707 4970 2990 5026 dissimiles
3019 4969 3067 5022 ei
3091 4967 3236 5022 omni
3259 4965 3416 5020 modo
3436 4961 3564 5016 facit.
3585 4953 3665 5008 Cu.

2109 5065 2200 5136 jus
2226 5067 2500 5121 aeternitas
2528 5066 2645 5119 sine
2674 5064 2828 5119 initio
2848 5071 2903 5118 et
2922 5063 3036 5117 sine
3065 5061 3169 5115 fine
3196 5067 3280 5115 est
3309 5058 3374 5129 (si
3394 5055 3526 5111 enim
3547 5053 3663 5136 esse!

2118 5135 2327 5227 tempus
2353 5153 2569 5224 quando
2615 5169 2724 5208 non
2753 5162 2914 5217 esset,
2945 5152 3065 5221 quis
3093 5165 3214 5206 eum
3254 5145 3530 5210 [παριῇς
3558 5135 3662 5206 quia

2119 5251 2232 5320 ipse
2279 5258 2362 5304 est
2395 5247 2558 5303 solus
2595 5247 2753 5310 Deus,
2787 5254 2843 5300 et
2886 5253 3016 5322 ante.
3050 5244 3220 5314 ipsum
3269 5241 3406 5296 Deus
3432 5236 3554 5290 alius
3574 5241 3662 5322 non

2117 5351 2252 5408 erat,
2300 5357 2399 5396 nec
2447 5348 2546 5404 est,
2591 5355 2692 5395 nee
2717 5338 2839 5393 erit.
2881 5319 3016 5392 Non
3045 5335 3184 5391 forte
3209 5335 3438 5403 scipsum
3473 5319 3660 5381 ereavit.

2119 5451 2239 5491 cum
2295 5434 2428 5489 nihil
2474 5433 2710 5502 seipsum
2757 5440 2949 5486 creat:
2982 5443 3086 5498 qua
3126 5427 3272 5482 enim
3323 5419 3541 5495 potentia
3583 5408 3660 5502 qui

2119 5530 2338 5584 onmino
2360 5544 2464 5582 non
2488 5535 2630 5582 esset
2657 5525 2892 5595 seipsum
2917 5522 3152 5579 faceret?
3174 5520 3360 5575 Restat
3385 5516 3530 5584 igitur
3544 5501 3658 5576 ριιοδ

2201 5674 2222 5703 ε
2249 5664 2372 5716 Haec
2399 5677 2505 5716 non
2531 5663 2732 5715 habent
2761 5672 2886 5712 mss.
