3946 6182
233 294 328 351 857

1229 282 1508 340 ΙΙΥΜΝῙἸΞ
1545 277 1930 339 SECUNDINO
1973 279 2182 336 EPlSC.
2219 277 2675 334 ATTREBUTUS.

3396 277 3498 331 8594

237 406 439 466 οηιηῖυο
471 403 640 457 laetus
667 416 775 457 ηοῖι
804 408 885 456 εει
912 399 1074 454 Deus.
1118 397 1252 452 cum
1281 413 1411 466 "8°
1453 398 1600 452 """0
1647 395 1809 449 "md"
1839 403 1884 460 Α
1913 425 1968 470 et
1981 416 2253 470 aeternitas
2282 431 2388 468 non
2416 415 2626 470 diversa
2656 422 2779 468 sunt
2809 415 2944 468 inter
2972 428 3049 479 se,
3065 411 3157 467 sed
3189 428 3348 467 unum
3376 419 3501 466 sunt
3600 388 3602 390 ν

201 506 212 518 ⁸
237 501 365 556 Deus
383 493 552 549 factus
579 500 679 559 est,
711 492 826 548 sine
852 491 1002 546 initio
1023 499 1149 546 ante
1169 491 1348 545 omnia
1375 497 1510 544 erat.
1543 486 1812 555 Quidquid

1914 507 2054 563 sicut
2083 515 2282 562 caetera
2331 505 2511 561 omnia
2537 523 2550 558 :
2599 505 2860 575 sapientia
2891 505 3032 559 enim
3072 504 3166 562 Dei
3197 517 3303 558 non
3333 502 3503 570 magis

236 591 366 647 enim
389 585 588 640 factum
617 592 720 649 est,
751 584 961 638 initium
994 583 1188 647 habet;
1221 591 1274 650 ct
1303 581 1561 651 quidquid
1607 580 1816 634 initium
1914 599 2178 670 sapientia
2217 612 2376 666 quam
2405 598 2604 652 veritas
2634 605 2734 661 est,
2780 605 2835 651 ει
2858 612 2963 652 non
2995 595 3164 665 magis
3191 594 3391 648 veritas
3421 597 3505 643 es;

236 683 404 745 habet,
432 678 552 732 sine
573 675 736 730 dubio
764 676 962 730 factum
993 683 1094 740 est,
1126 691 1231 728 non
1262 674 1329 728 ab
1355 673 1461 726 alio
1492 672 1591 725 nisi
1631 686 1660 724 a
1707 671 1817 724 Deo

235 789 337 830 non
364 770 523 835 facto,
547 768 640 824 sed
663 769 842 824 omnia
872 765 1122 824 faciente.
1147 767 1310 836 Cujus
1330 766 1550 821 scientia
1571 765 1686 818 sine
1709 763 1816 816 ulla

237 864 490 920 varietate
519 872 544 897 ⁸·
573 859 912 928 cognitionis,
946 867 1000 912 et
1027 859 1144 914 sine
1165 859 1274 912 ullo
1305 858 1331 896 δ
1361 872 1516 910 cursu
1546 856 1648 909 huc
1681 863 1736 909 et
1757 853 1821 907 il-

237 958 319 1012 luc
347 952 788 1010 innumerabilem
819 951 1101 1006 veritatem
1146 951 1385 1006 omnium
1415 958 1782 1004 creaturarum
1802 989 1818 1013 ,

1917 705 2078 760 quam
2123 689 2407 757 sapientia,
2452 703 2612 757 quam
2661 688 2951 752 aeternitas,
2997 702 3158 756 quam
3183 695 3379 740 caetera
3410 681 3506 735 Dei

1919 783 2131 847 omnia;
2182 797 2346 834 unum
2391 779 2534 834 enim
2563 789 2688 836 sunt
2717 781 2769 833 in
2813 779 2939 843 Deo,
2973 787 3025 833 et
3054 794 3161 831 non
3185 776 3359 831 solum
3389 775 3507 828 ha:c

1923 875 2066 929 inter
2087 889 2144 928 se
2168 872 2357 926 eadem
2378 880 2504 926 sunt
2532 871 2583 926 in
2615 871 2746 932 Deo,
2779 870 2873 924 sed
2899 885 3003 924 noo
3033 868 3176 922 aliud
3202 875 3326 922 sunt
3346 881 3506 936 quam

1921 967 2037 1036 ipse
2067 966 2236 1032 Deus;
2281 971 2334 1017 et
2363 961 2635 1033 quomodo
2664 961 2893 1016 mundus
2921 968 3040 1014 erat
3070 960 3120 1012 in
3168 958 3301 1023 Deo,
3353 965 3508 1010 ante-

237 1045 562 1114 angelorum,
609 1042 908 1108 hominum,
936 1041 1234 1114 stellarum,
1269 1055 1574 1104 arenarum,
1606 1038 1824 1108 capillo-

1948 1073 2080 1128 [uam
2104 1057 2157 1111 in
2185 1057 2362 1125 seipso
2384 1063 2544 1119 esset,
2577 1069 2683 1108 non
2713 1045 2957 1116 mundus,
2982 1050 3076 1105 sed
3106 1050 3279 1113 Deus;
3310 1056 3363 1102 et
3383 1061 3514 1115 quo-

237 1135 692 1201 rum,verborum,
709 1131 1117 1200 cogitationum,
1138 1139 1537 1186 momentorum
1559 1129 1820 1194 omnium,

239 1224 389 1280 simul
419 1233 475 1280 et
501 1223 669 1278 semel
699 1221 1109 1292 comprehendit
1133 1229 1189 1276 et
1219 1221 1484 1301 intelligit.
1533 1219 1677 1273 Fons
1723 1217 1823 1285 igi-

242 1330 322 1373 tur
348 1326 402 1372 et
441 1317 592 1386 origo
621 1316 796 1371 omnis
821 1315 1060 1370 scientia:
1097 1314 1239 1370 Deus
1267 1323 1351 1370 est
1383 1333 1396 1366 :
1431 1329 1592 1383 quem
1623 1320 1824 1382 quanto

240 1412 352 1482 plus
369 1410 491 1478 quis
516 1409 682 1474 bibet,
707 1416 860 1463 tanto
886 1408 1008 1478 plus
1029 1408 1196 1462 sitiet.

844 1519 1074 1575 CAPUT
1113 1520 1203 1575 Vl.

244 1613 516 1668 Beaforum
543 1611 780 1667 scientia.
815 1609 894 1665 De
926 1613 1063 1666 trina
1094 1613 1310 1682 visione,
1351 1609 1630 1682 corporali,
1674 1608 1830 1676 spiri-

778 1682 892 1746 tali,
924 1681 1279 1735 intellectuali.

1926 1136 2088 1205 modo
2109 1149 2306 1222 ubique
2329 1157 2475 1202 totus
2491 1147 2608 1200 sine
2637 1146 2778 1211 loco,
2803 1159 3026 1214 magnus
3053 1143 3168 1198 sine
3192 1141 3511 1212 quantitate,

1926 1245 2102 1298 bonus
2147 1241 2263 1296 sine
2312 1239 2603 1310 qualitate;
2655 1246 2709 1292 et
2755 1235 3025 1305 quomodo
3061 1235 3242 1288 omnia
3270 1236 3516 1302 penetrat

1927 1335 2126 1389 munda
2155 1345 2210 1388 et
2237 1331 2512 1386 immunda
2559 1331 2674 1386 sine
2705 1329 2785 1383 sui
2828 1327 3144 1398 pollutione.
3167 1324 3223 1379 Si
3253 1325 3395 1379 enim
3426 1323 3516 1377 lux

1927 1426 2030 1480 ista
2051 1424 2273 1479 visibilis
2294 1423 2474 1477 omnia
2500 1421 2622 1477 loca
2645 1421 2898 1487 illustrat,
2930 1427 2983 1472 et
3003 1415 3339 1488 sterquilinia
3356 1416 3515 1468 etiam

1930 1524 2177 1588 penetrat
2225 1515 2340 1570 sine
2368 1513 2561 1578 fetore,
2612 1520 2666 1568 et
2695 1514 2812 1566 sine
2858 1493 2940 1565 sui
2966 1510 3284 1581 pollutione,
3315 1514 3519 1575 quanto

1930 1609 2099 1678 magis
2119 1609 2278 1672 Deus,
2312 1607 2401 1676 qui
2426 1614 2508 1661 est
2531 1605 2810 1660 invisibilis
2839 1612 2892 1659 et
2922 1602 3378 1658 incommutabilis
3407 1601 3516 1661 lux,

1934 1703 2112 1757 omnia
2155 1710 2428 1772 penetrat,
2459 1701 2616 1770 regit,
2651 1701 2894 1768 sustinet,
2933 1699 3246 1762 circumdat,
3272 1698 3519 1758 illatrat,

312 1774 808 1845 lucomparabiliter
838 1787 966 1842 ergo
993 1774 1160 1830 totius
1183 1772 1366 1827 mundi
1390 1786 1634 1842 regnum,
1662 1778 1724 1825 ut
1742 1785 1834 1862 δικ-ξ
1863 1783 1908 1843 Β
1936 1796 2054 1851 sine
2082 1795 2188 1848 ulla
2220 1794 2518 1848 mutatione
2544 1792 2628 1848 vel
2653 1792 2970 1862 pollutione,
2999 1807 3104 1845 non
3136 1793 3308 1844 solum
3357 1789 3521 1844 cmlc-

249 1884 338 1939 pra
370 1868 620 1930 diximus,
654 1874 709 1920 et
736 1866 779 1920 si
807 1874 1070 1921 aeternum
1097 1873 1259 1930 esset,
1292 1865 1570 1935 praecellit,
1593 1861 1840 1919 societati

247 1959 556 2028 angelorum
583 1966 640 2012 et
679 1967 1011 2020 sanctorum,
1042 1965 1097 2012 et
1133 1956 1381 2027 prmsenti
1421 1955 1587 2026 ipsius
1615 1953 1712 2008 Dei
1741 1951 1838 2008 ad-

246 2065 362 2106 esse
392 2049 603 2104 visioni.
638 2049 694 2102 ln
725 2048 879 2116 cujus
908 2048 1111 2102 visione
1135 2047 1276 2100 trina
1304 2044 1528 2101 scientia
1559 2043 1795 2098 nascitur
1824 2061 1838 2096 :

253 2143 301 2196 id
333 2151 436 2206 est,
467 2143 630 2197 homo
657 2141 748 2210 qui
777 2140 967 2204 cernit,
992 2149 1046 2194 et
1076 2140 1215 2194 Deus
1252 2139 1344 2207 qui
1366 2139 1624 2201 cernitur,
1656 2147 1710 2192 ct
1736 2151 1842 2192 ca:-

252 2235 347 2288 teri
378 2249 569 2288 omnes
599 2232 777 2286 omnia
807 2231 1064 2285 videbunt
1084 2238 1138 2284 et
1168 2231 1486 2298 intelligent.
1519 2227 1665 2283 Sicut
1698 2228 1843 2282 enim

251 2341 344 2396 per
369 2324 650 2395 speculum
670 2324 901 2377 vitreum
927 2323 1063 2376 trina
1085 2323 1241 2377 nobis
1264 2322 1400 2376 visio
1421 2319 1844 2383 administratur,

251 2417 375 2484 quia
411 2430 510 2468 nos
537 2414 703 2483 ipsos,
734 2421 790 2466 et
818 2413 990 2481 ipsum
1021 2413 1320 2482 speculum,
1352 2421 1407 2466 et
1425 2411 1684 2482 quidquid
1713 2425 1850 2481 pra:-

251 2522 374 2560 scns
394 2505 552 2558 adest
566 2504 808 2557 videmus
827 2521 840 2571 ;
860 2504 938 2557 sic
960 2517 1054 2573 per
1069 2505 1344 2573 speculum
1357 2503 1551 2559 divina:
1570 2502 1848 2569 claritatis,

253 2610 307 2655 et
337 2602 514 2670 ipsum
559 2596 748 2662 Deum,
778 2606 837 2650 ut
864 2605 967 2665 est,
1009 2597 1340 2662 videbimus,
1369 2605 1629 2667 quantum
1673 2597 1850 2667 possi-

255 2692 358 2745 bile
377 2693 486 2744 erit
503 2696 782 2751 creaturae,
799 2695 855 2741 et
877 2704 975 2742 nos
999 2689 1166 2758 ipsos,
1179 2697 1233 2742 et
1254 2699 1480 2744 eieteros
1495 2704 1618 2744 vera
1634 2697 1690 2744 et
1704 2698 1851 2743 certa

254 2780 484 2838 scientia
531 2792 936 2847 cognoscemus.
991 2777 1142 2834 Tunc
1171 2779 1350 2834 abdita
1378 2788 1765 2842 creaturarum,
1791 2786 1846 2833 et

259 2877 425 2944 ipsius
477 2871 691 2936 inferni,
721 2870 951 2926 videndo
975 2871 1142 2925 Deum
1169 2871 1488 2926 videbimus.
1516 2870 1669 2926 Tunc
1691 2869 1852 2938 justis

259 2964 604 3020 manifestum
645 2963 749 3017 erit
792 2963 1065 3031 quomodo
1121 2963 1264 3018 Deus
1305 2971 1387 3018 est
1439 2962 1738 3026 invisibilis,
1766 2962 1851 3015 in-

259 3052 662 3117 comparabilis,
695 3053 808 3104 sine
840 3052 990 3106 initio
1018 3060 1072 3107 et
1099 3052 1215 3107 sine
1247 3050 1367 3116 (inc,
1419 3060 1546 3106 ante
1594 3051 1774 3105 omnia
1799 3056 1854 3104 et

1939 1887 2040 1942 stia
2065 1894 2122 1940 et
2146 1885 2444 1949 terrestria,
2474 1884 2570 1938 sed
2597 1884 2760 1938 etiam
2792 1881 3110 1937 infcrnalia?

2013 1976 2165 2032 Tunc
2186 1977 2288 2031 erit
2312 1975 2504 2032 electis
2533 1975 2629 2028 Dei
2654 1975 2794 2028 trina
2822 1973 2981 2040 visio,
3007 1972 3056 2026 id
3080 1980 3180 2030 est,
3205 1969 3525 2040 corporalis,

1942 2085 2048 2140 qua
2089 2082 2318 2137 corpora
2360 2073 2683 2129 cernentur;
2717 2063 3074 2133 quorumdam
3105 2061 3441 2132 splendentia
3473 2069 3526 2114 nt

1943 2158 2432 2229 sol,-quorumdam
2463 2164 2521 2210 ut
2543 2157 2688 2220 luna,
2720 2156 2950 2209 aliorum
2975 2162 3030 2207 ut
3063 2153 3251 2208 stella}.
3283 2152 3350 2205 Et
3371 2151 3530 2222 spiri-

1947 2252 2088 2313 talis,
2139 2265 2245 2318 qua
2291 2247 2669 2303 similitudines
2698 2260 2990 2314 corporum
3040 2245 3093 2298 in
3123 2243 3315 2314 spiritu
3341 2251 3396 2296 et
3425 2259 3532 2296 non

1947 2342 2123 2396 fallaci
2150 2340 2430 2410 phantasia
2450 2338 2736 2408 inspicient
2769 2353 2780 2388 :
2813 2351 2920 2405 qua
2950 2335 3157 2390 visione
3187 2335 3349 2388 etiam
3375 2333 3534 2387 hodie

1951 2433 2196 2486 fruuntur
2223 2430 2439 2500 spiritus
2461 2429 2732 2498 justorum
2762 2435 2883 2495 post
2922 2442 3214 2496 corporum
3263 2425 3493 2479 claustra
3523 2441 3534 2475 :

1950 2532 2006 2579 et
2032 2523 2169 2578 visio
2196 2520 2592 2586 intellectualis,
2625 2534 2732 2589 qua
2763 2535 2898 2589 puro
2920 2519 3116 2572 mentis
3143 2517 3304 2572 oculo
3345 2517 3394 2570 in
3426 2515 3535 2585 spi-

1949 2617 2058 2670 ritu
2086 2614 2257 2670 Deum
2279 2613 2553 2676 videbunt,
2587 2620 2643 2666 et
2669 2627 2794 2667 suas
2823 2612 3051 2676 animas,
3074 2619 3128 2665 et
3156 2611 3381 2664 virtutes
3412 2609 3536 2663 inti-

1953 2723 2088 2771 mas,
2139 2716 2194 2761 et
2221 2706 2440 2774 spiritus
2466 2705 2758 2774 angelicos.
2792 2703 2944 2758 Tunc
2965 2703 3207 2771 duplices
3229 2701 3339 2756 Deo
3366 2702 3539 2755 acturi

1952 2806 2077 2853 sunt
2097 2797 2318 2864 gratias,
2350 2795 2603 2851 videlicet
2629 2810 2728 2866 pro
2757 2810 2854 2850 sua
2878 2793 3198 2865 liberatione
3223 2808 3254 2846 a
3284 2799 3540 2861 perpetua

1953 2889 2320 2953 damnatione,
2371 2895 2425 2942 et
2454 2903 2554 2958 pro
2584 2887 2850 2942 bonorum
2881 2884 3135 2941 ineffabili
3165 2884 3542 2939 retributione.

1958 2981 2112 3036 Tunc
2157 2981 2460 3036 communis
2505 2980 2746 3034 omnium
2788 2994 2909 3034 reus
2942 2987 2998 3033 et
3024 2979 3192 3033 hostis
3219 2978 3460 3033 diabolus
3493 2978 3544 3032 in

1959 3077 2253 3140 conspectu
2283 3070 2579 3126 electorum
2612 3071 2706 3125 Dei
2737 3071 3080 3125 damnabitur
3111 3088 3122 3123 :
3156 3069 3306 3138 cujus
3328 3069 3545 3122 ιιευιιιιςιο

260 3155 381 3213 post
408 3143 594 3198 omnia
623 3160 635 3194 :
683 3142 939 3212 quidquid
968 3143 1194 3197 interest
1242 3142 1382 3197 inter
1411 3143 1582 3208 nasci,
1614 3141 1757 3211 quod
1787 3140 1855 3196 ad
1885 3157 1926 3218 C
1963 3165 2036 3218 tio
2056 3171 2110 3218 et
2133 3161 2488 3217 intolerabilis
2514 3176 2673 3231 paena
2697 3160 3011 3216 delectabile
3033 3159 3397 3230 spectaculum
3420 3173 3546 3228 pne-

262 3234 452 3289 Filium
482 3235 744 3303 pertinet;
777 3242 832 3288 et
853 3234 1168 3303 procedere,
1195 3232 1340 3303 quod
1369 3233 1437 3286 ad
1459 3232 1718 3304 Spiritum
1740 3248 1860 3286 san-

261 3337 426 3390 ctum,
464 3333 700 3394 excepto
727 3323 873 3393 quod
901 3340 1037 3378 unus
1085 3339 1150 3378 ex
1193 3339 1298 3379 uno
1321 3332 1478 3379 natus
1507 3325 1595 3389 sit,
1628 3323 1764 3379 alter
1791 3339 1859 3378 ex

263 3419 476 3472 duobus
510 3417 806 3486 processit;
838 3424 893 3470 et
921 3414 1192 3484 quomodo
1224 3413 1384 3468 Pater
1429 3431 1535 3470 non
1589 3415 1863 3485 przecessit

268 3509 455 3564 lt‘ilium
486 3518 749 3578 tempore,
776 3509 868 3562 sed
886 3509 1112 3577 origine,
1140 3506 1507 3578 necSpiritum
1526 3515 1789 3571 sanctum;
1807 3514 1863 3561 et

265 3601 546 3670 quomodo
569 3601 747 3655 omnia
777 3601 869 3655 Dei
892 3617 1055 3656 unum
1077 3607 1200 3655 sunt
1229 3601 1279 3655 in
1310 3599 1442 3665 Dco,
1466 3607 1693 3670 excepto
1720 3597 1864 3668 quod

267 3695 331 3750 al
360 3694 690 3749 relationem
721 3695 981 3765 pertinet;
1015 3709 1135 3750 nam
1157 3693 1423 3766 sapientia
1450 3693 1544 3749 Dei
1573 3702 1626 3748 et
1657 3693 1861 3748 veritas

339 3841 362 3869 ⁸
397 3833 573 3887 Abest
599 3848 704 3887 vox
732 3833 1040 3904 cognitionis
1069 3846 1099 3885 a
1129 3846 1230 3886 ms.
1249 3829 1389 3885 Vict.

1962 3257 2125 3311 stabit
2151 3254 2358 3310 electis.
2379 3252 2531 3309 Tunc
2559 3252 2938 3307 ardentissimo
2985 3266 3173 3304 amore
3206 3250 3548 3304 liberatorem

1963 3363 2120 3404 suum
2148 3355 2203 3402 et
2227 3347 2464 3402 omnium
2492 3347 2756 3400 bonorum
2781 3344 3022 3398 datorem
3053 3327 3330 3406 amabunt,
3355 3350 3409 3395 et
3433 3341 3550 3395 sine

1967 3438 2072 3493 line
2118 3445 2172 3493 et
2200 3438 2316 3492 sine
2343 3435 2558 3491 fastidio
2586 3434 2824 3490 clamore
2855 3425 3038 3489 cordis
3063 3431 3358 3486 laudabunt
3383 3430 3550 3484 Deum

1967 3529 2414 3599 omnipotentem,
2443 3527 2732 3596 benignum
2774 3531 2828 3579 et
2855 3521 3255 3578 misericordem
3290 3539 3303 3574 :
3337 3522 3425 3577 eui
3455 3522 3551 3575 ho-

1971 3635 2072 3674 nor
2091 3627 2145 3675 et
2163 3619 2336 3689 gloria
2356 3625 2412 3672 et
2435 3632 2577 3674 nunc
2597 3625 2652 3672 et
2674 3630 2772 3687 per
2797 3615 2976 3670 omnia
2998 3613 3193 3669 szccula
3215 3612 3550 3667 sateulornm.

1972 3713 2162 3768 Amen.

2018 3824 2043 3863 ι
2058 3824 2147 3880 Sic
2164 3839 2267 3879 ms.
2285 3791 2421 3879 Vict.
2439 3821 2811 3886 AtCult.,usu.
2827 3819 2990 3884 non,
3007 3820 3134 3880 risu,
3153 3816 3291 3872 forte
3303 3831 3400 3886 pro
3414 3813 3549 3868 una.

837 3925 3523 3955 ___._._________________________________________—.———-

1407 4012 1534 4136 S.
1632 4003 2403 4136 PATRICII

573 4200 912 4284 LIBER
987 4202 1146 4286 DE
1215 4157 1854 4285 DUODECIM
1926 4199 2710 4284 ABUSlONIBUS
2781 4198 3256 4317 SECULI.

1252 4333 1408 4398 (Vide
1428 4345 1603 4388 nostris
1621 4333 1915 4400 Patrologiae
1935 4339 2047 4386 tam.
2076 4335 2107 4385 Ι
2118 4336 2179 4395 ν,
2199 4331 2292 4385 col.
2317 4333 2410 4384 869
2432 4334 2559 4396 seq.)

1147 4515 1692 4620 HYMNUS
1748 4508 2717 4619 ALPHABETICUS
2775 4506 2798 4533 '

1241 4680 1308 4738 IN
1348 4679 1631 4736 LAUDEM
1669 4679 1724 4734 S.
1769 4676 2063 4735 PATRlCll
2099 4677 2243 4734 TUM
2285 4678 2602 4734 VlVENTlS

914 4805 1937 4921 SECUNDINO
2013 4805 2882 4922 EPISCOPO
2929 4794 2957 4834 ¹’

1747 4973 2106 5018 Αεοιιιινιῠς.

355 5139 580 5206 Audite,
607 5155 794 5196 omnes
821 5149 1063 5195 amantes
1082 5139 1272 5204 Deum,
1296 5149 1483 5197 sancta
1512 5143 1704 5198 merita

287 5231 400 5288 Viri
431 5235 484 5287 in
512 5231 726 5287 Christo
760 5233 920 5296 beati,
953 5230 1169 5288 Patricii
1197 5235 1440 5304 episcopi
1477 5251 1492 5288 :

287 5322 578 5389 Quomodo
607 5322 806 5376 bonum
836 5326 906 5377 ob
933 5332 1112 5378 actum
1141 5324 1406 5378 similatur
1434 5323 1660 5394 angelis,

289 5409 707 5484 l’crl’ectamque
725 5421 945 5485 prepter
972 5417 1135 5469 vitam
1157 5422 1401 5483 :equatur
1429 5416 1706 5485 apostolis.

363 5556 389 5583 ἰ
419 5544 610 5617 Exstat
646 5517 858 5617 quitque
887 5545 972 5600 hic
999 5546 1226 5617 hymnus
1255 5545 1317 5617 i_n_
1339 5545 1730 5617 Antiphonario
1756 5559 1876 5617 mo-

294 5618 518 5671 nasterii
545 5615 933 5672 Benchnrcnsis
961 5615 1102 5670 edito
1125 5630 1154 5668 a
1178 5616 1248 5671 cl.
1271 5615 1561 5669 Muratorio
1589 5617 1638 5668 in
1671 5615 1873 5667 Aneed.

296 5684 473 5743 Latin.
531 5696 658 5742 tom.
712 5687 815 5758 ιν,
856 5704 943 5758 pp.
993 5686 1093 5741 l56
1129 5701 1276 5756 seqq.
1303 5727 1318 5753 ,
1365 5702 1484 5741 cum
1532 5699 1639 5755 quo
1681 5683 1875 5739 Wand

1909 5149 1964 5209 D
2059 5143 2224 5200 Beata
2252 5142 2449 5199 Christi
2479 5143 2710 5199 custodit
2737 5143 2983 5199 mandata
3007 5144 3057 5198 in
3087 5143 3337 5200 omnibus
3370 5160 3383 5196 :

1984 5234 2146 5306 Cujus
2173 5251 2339 5306 opera
2366 5235 2633 5304 refulgent
2654 5235 2802 5291 clara
2825 5236 2965 5291 inter
2987 5236 3250 5295 homines,

1979 5325 2342 5396 Sanctnmque
2362 5327 2516 5393 cujus
2537 5335 2833 5396 sequuntur
2859 5326 3162 5396 exemplum
3185 5322 3463 5378 miriﬁcum

1983 5415 2133 5472 Unde
2161 5425 2216 5472 et
2240 5419 2292 5473 in
2323 5419 2474 5474 cmlis
2505 5417 2716 5472 Patrem
2745 5418 3087 5486 magnificam
3115 5415 3417 5469 Dominum.

1984 5545 2273 5599 editionem
2303 5547 2652 5602 contulimus.

2056 5616 2080 5654 δ
2110 5615 2167 5670 S.
2201 5615 2413 5671 Patrieii
2444 5633 2474 5672 e
2501 5616 2940 5672 Darerca‘sorore
2966 5612 3168 5683 nepoti.
3201 5611 3353 5667 Eutr.
