1960 3088
107 136 144 163 εΗ
617 126 829 155 CAPREOIMS.
846 143 881 148 ——
895 126 909 153 Ρ

965 123 1183 153 LEGOME‘NON.

120 184 1457 199 '________________—___________

315 228 796 285 APPENDIX
821 230 950 284 AD
977 227 1305 284 TOMUM
1331 225 1497 281 IaIII

834 332 928 352 CONTIN
932 332 979 351 ENS

262 396 613 440 NONNULLOS
652 396 967 460 AUCTORES
1004 392 1251 437 MINORIS
1288 388 1565 433 MOMENTI

574 487 614 508 ΔΒ
636 487 719 508 ANNO
740 486 898 508 CCCCKXVI
920 487 963 508 AD
985 485 1096 507 ANNUM
1118 482 1247 506 CCCCLX-

746 561 872 569 ﬂ

879 552 1133 575 ξύων-«-

608 628 690 651 ΑκΝο
713 627 827 649 DOMINI
849 627 1004 649 CCCCXXVI
1011 637 1022 641 -
1030 625 1199 649 CCCCXXX"
1206 641 1212 647 .

388 701 1452 857 CAPREOLUS

665 896 851 925 EPISCOPUS
870 895 1178 924 CARTHAGINENSIS.

826 963 877 999 (E1
890 962 1025 997 Galland.)

702 1083 997 1119 PROLEGOM
1008 1083 1170 1120 ENON.

142 1222 161 1250 l.
177 1222 325 1258 Capi-colas.
343 1214 470 1257 gloriosus
484 1219 600 1254 pontifex
615 1222 640 1244 et
655 1215 827 1244 memorabilis
838 1216 897 1242 doc-
911 1217 937 1247 Α
948 1215 1029 1243 divali
1044 1213 1238 1244 Theodosium:
1265 1216 1404 1251 respondit
1429 1211 1591 1251 Capreoius;
1616 1213 1638 1243 si
1664 1223 1743 1244 unum

113 1274 149 1296 tor
163 1267 384 1304 Carthaginiensis
395 1266 531 1299 Ecclesia,
542 1269 570 1292 ut
582 1271 644 1292 eum
654 1267 734 1291 vocat
747 1261 901 1290 Ferrandus

113 1315 227 1349 ejusdem
239 1314 368 1341 Ecclesiae
382 1312 511 1340 diaconus
534 1311 611 1347 (a),in
632 1318 663 1338 ea
686 1310 751 1337 sede
771 1309 903 1336 successit

114 1360 186 1388 beato
194 1360 305 1387 Aurelio
313 1359 358 1393 qui
366 1357 400 1385 ad
414 1357 499 1385 Deum
512 1358 642 1391 migrasse
659 1355 826 1390 dignoscitur
846 1355 903 1382 sive

115 1412 180 1432 anno
189 1405 251 1437 4‘29,
268 1405 325 1432 sive
335 1407 364 1431 ut
378 1404 495 1430 maxime
506 1400 804 1436 450,quemadmodum
813 1407 845 1427 ex
856 1399 907 1426 No-

114 1451 172 1478 risio
180 1451 216 1486 (ι)
225 1458 308 1486 quem
316 1452 463 1483 sequuntur
470 1447 567 1481 Pagius
574 1446 609 1482 (c)
619 1454 650 1473 ac
658 1445 846 1473 'l‘illemontius
855 1444 904 1479 (ά).

116 1495 333 1523 erndimur.Tres
343 1495 376 1521 ab
390 1501 423 1522 eo
434 1493 553 1529 epistola:
567 1488 674 1527 scriptu
682 1495 826 1519 narrantur
835 1490 907 1525 apud

119 1546 230 1574 veteres,
255 1548 370 1575 quarum
386 1540 477 1574 prima!
491 1538 639 1566 scribenda.-
654 1536 805 1572 hujusmodi
826 1535 907 1563 fuisse

115 1586 273 1620 perhibetur
287 1585 404 1612 occasio.
420 1584 587 1612 Theodosius
601 1582 695 1610 Iunior
710 1590 814 1610 sacram
829 1582 908 1609 mise-

115 1635 154 1657 rat
167 1631 199 1657 ad
225 1630 358 1666 Cyrillum
373 1629 580 1657 Alexandrinum
607 1633 687 1662 atque
710 1627 744 1654 ad
768 1628 908 1662 episcopos

116 1676 342 1710 metropolitanos
355 1675 555 1709 provinciarum
570 1682 620 1709 pro
641 1673 802 1701 celebrando
817 1672 908 1700 conci-

116 1720 149 1747 lio
163 1720 313 1755 Ephesino.
337 1719 401 1753 Quae
425 1720 533 1754 quidem
556 1718 703 1746 Theodosii
731 1718 827 1745 littera:
841 1718 909 1745 data:

118 1765 235 1794 feruntur
249 1767 287 1802 (e)
300 1775 345 1793 xm
356 1766 406 1793 cal.
420 1766 585 1799 Decembris,
595 1764 748 1792 Theodosio
763 1772 807 1792 xm
820 1768 848 1791 et
857 1763 909 1790 Va-

117 1810 266 1839 lentiniano
282 1820 310 1838 ιιι
324 1819 407 1843 coss.,
423 1810 448 1837 id
463 1814 504 1838 est
518 1818 589 1838 anno
613 1810 711 1837 Christi
731 1809 792 1836 450.
808 1809 908 1837 Eodem

118 1860 236 1892 tempore
248 1858 354 1892 scripsit
361 1857 500 1890 imperator
508 1864 619 1888 sacram,
627 1856 712 1890 inquit
720 1855 908 1892 Liberatus(f),

954 1262 1073 1297 excipias
1087 1261 1275 1296 fragmentum,
1291 1261 1362 1296 quod
1377 1270 1408 1288 ex
1425 1261 1562 1288 Ferrando
1577 1261 1629 1288 huc
1644 1260 1745 1288 referre

956 1315 1046 1342 opera:
1059 1308 1174 1342 pretium
1191 1307 1279 1334 fuerit.
1296 1307 1343 1333 Est
1359 1311 1448 1333 autem
1461 1306 1613 1340 hujltsmodi
1625 1306 1682 1342 (li):
1699 1305 1746 1333 Ni-

956 1353 992 1380 hil
1003 1354 1030 1380 in
1045 1353 1139 1380 divinis
1167 1354 1336 1389 humanisque
1350 1352 1459 1386 actibus,
1474 1352 1540 1379 nihil
1556 1357 1607 1379 tam
1622 1353 1649 1379 in
1664 1353 1747 1380 sacris

955 1406 1031 1435 quam
1044 1399 1071 1425 in
1087 1398 1193 1434 publicis
1209 1399 1283 1425 rebus
1296 1399 1411 1425 obtinere
1424 1397 1504 1424 ullam
1524 1398 1618 1432 poterit
1637 1398 1746 1432 firmita-

956 1450 1016 1475 tem,
1033 1445 1054 1471 si
1068 1452 1098 1470 ea
1108 1452 1165 1479 qute
1179 1444 1262 1470 debito
1274 1444 1407 1470 sententiae
1419 1443 1549 1476 iudicialis
1562 1443 1614 1477 fine
1625 1443 1748 1470 claudun-

958 1494 1008 1523 tur,
1020 1494 1077 1525 post
1092 1498 1221 1517 annorum
1232 1490 1318 1525 spatia
1332 1493 1356 1516 et
1368 1489 1487 1524 quwlibet
1501 1489 1631 1515 uolumina
1645 1490 1748 1516 saeculo-

957 1544 1024 1568 rum,
1040 1540 1162 1571 tanquam
1173 1536 1199 1562 in
1213 1535 1394 1562 emendatione
1405 1534 1516 1560 Palmm
1526 1535 1590 1560 velut
1602 1535 1749 1561 instructior

958 1585 1098 1616 pra’sumal
1114 1582 1250 1607 emendare
1260 1582 1406 1616 posteritas.
1420 1580 1448 1607 ln
1459 1580 1580 1608 eamdem
1591 1582 1749 1608 sententiam

958 1628 1077 1661 loquitur
1096 1627 1243 1662 (lapreolus
1259 1627 1285 1654 in
1298 1627 1382 1653 altera
1397 1627 1521 1661 epistola,
1537 1626 1571 1654 de
1593 1634 1645 1661 qua
1660 1629 1749 1655 statim

959 1672 1112 1700 dicendum.

994 1714 1025 1744 ll.
1051 1717 1158 1744 Litteris
1182 1717 1270 1751 itaque
1294 1716 1475 1752 imperatoris,
1492 1716 1550 1743 licet
1574 1717 1609 1742 ad
1629 1717 1750 1754 Augusti-

959 1774 1020 1792 num
1033 1766 1160 1801 prwcipue
1173 1765 1308 1792 destinatis
1321 1765 1363 1801 (i),
1379 1768 1517 1799 permotus
1532 1768 1624 1792 noster
1638 1764 1751 1793 Cartha-

960 1811 1088 1845 giniensis
1103 1812 1230 1842 antistes,
1245 1816 1349 1846 propter
1359 1812 1468 1845 impetus
1489 1811 1666 1838 Vandalorum
1680 1810 1752 1847 Afri-

963 1865 1042 1884 canas
1057 1858 1173 1893 regiones
1189 1857 1370 1889 obsidentium,
1381 1858 1527 1884 universale
1537 1865 1589 1884 non
1597 1858 1684 1885 valens
1694 1866 1748 1885 con-

117 1907 139 1927 ει
151 1903 224 1930 beato
239 1903 386 1938 Augustino
402 1902 631 1937 Hipponiregiensi
645 1902 764 1937 episcopo
779 1911 824 1937 per
837 1901 909 1928 Eba-
929 1901 948 1930 Β
961 1911 1068 1938 gregare
1083 1902 1218 1930 concilium
1230 1922 1237 1933 ,
1264 1901 1397 1929 Bessulam
1424 1902 1561 1929 diaconum
1586 1911 1659 1930 suum
1683 1903 1752 1930 misit

118 1949 202 1982 gnium
224 1949 445 1984 magistrianum,
461 1953 489 1974 ut
511 1949 566 1982 ipse
589 1948 698 1974 concilio
712 1952 848 1983 prmtaret
871 1948 910 1974 sui

117 1995 295 2025 praemium.
320 1991 370 2025 Qui
389 1992 523 2029 Ebagnius
538 1994 640 2020 veniens
655 1993 840 2029 Carthaginem
851 2002 909 2020 ma-

117 2046 203 2072 gnam,
220 2039 321 2065 audivit
331 2047 347 2065 a
360 2038 484 2074 Capreolo
495 2039 575 2073 ipsius
589 2039 660 2065 urbis
671 2039 797 2072 antistite,
810 2039 911 2065 beatum

116 2083 293 2118 Augustinum
306 2092 339 2110 ea:
362 2084 408 2110 hoc
423 2084 519 2110 mundo
546 2085 671 2119 migrasse
696 2084 730 2110 ad
755 2083 910 2116 Dominum;

117 2130 282 2163 acceptisque
296 2129 327 2155 ab
343 2137 372 2155 eo
394 2129 429 2155 ad
441 2129 623 2163 imperatorem
638 2129 732 2155 litteris
747 2129 909 2164 loquentibus

117 2173 149 2200 de
162 2174 234 2201 obitu
254 2174 323 2201 beati
337 2175 482 2210 Augustini,
495 2175 747 2210 Constantinopolim
757 2176 825 2202 unde
835 2184 912 2203 vene-

118 2223 170 2252 rat,
185 2219 277 2247 rediit.
289 2219 352 2247 Haec
368 2219 519 2247 Liberatus.
535 2220 570 2246 At
582 2227 648 2247 vero
663 2220 799 2254 Ebagnius
812 2228 827 2247 e
839 2221 912 2255 regia

118 2264 185 2291 urbe
199 2265 342 2292 discedens
356 2265 495 2292 desinente
510 2273 580 2292 anno
590 2265 643 2292 450
653 2264 840 2299 Carthaginem
854 2273 913 2300 per-

118 2310 191 2336 venit
199 2318 274 2336 anno
285 2310 441 2344 insequente
452 2309 499 2337 451
511 2311 536 2337 in
548 2310 635 2337 diebus
647 2310 767 2343 Pascha,
777 2314 843 2338 teste
854 2311 912 2346 ipso

117 2353 256 2389 Capreolo
268 2356 293 2382 in
302 2356 398 2383 litteris
404 2356 436 2383 ad
446 2355 576 2392 synodum
588 2355 749 2391 Ephesinam
757 2357 806 2392 (g),
815 2361 912 2384 octavo

118 2398 174 2426 fere
188 2408 287 2427 mense
301 2405 443 2435 postquam
458 2405 565 2428 sanctus
580 2401 743 2435 Augustinus
755 2409 770 2429 e
782 2402 850 2429 vivis
864 2409 914 2429 ex-

116 2451 250 2473 cesserat.
268 2446 400 2474 Czcterum
413 2448 483 2475 haud
498 2451 620 2482 superest
634 2448 757 2482 epistola,
769 2457 821 2484 qua
831 2457 914 2477 sacrae

962 1947 1092 1983 Ephesum
1117 1948 1151 1974 ad
1176 1947 1311 1975 concilium
1335 1948 1456 1983 legatum.
1483 1947 1568 1975 Verba
1589 1952 1651 1975 sunt
1673 1947 1752 1975 Libe-

962 1994 1013 2020 rati
1028 1993 1072 2028 (ἀ).
1088 1993 1204 2027 Hujusce
1225 1993 1368 2027 legationis
1381 1993 1414 2020 ad
1429 1993 1573 2020 concilium
1586 1992 1752 2028 Ephesinum

963 2039 1085 2066 meminit
1096 2039 1153 2073 ipse
1164 2038 1312 2073 Capreolus
1327 2039 1353 2066 in
1365 2039 1478 2074 epistola
1488 2038 1569 2066 Vitali
1580 2042 1607 2066 et
1621 2039 1753 2066 Constan-

963 2084 1001 2112 tio
1013 2084 1138 2118 inscripta
1146 2084 1193 2119 (k),
1202 2084 1235 2111 dc
1245 2091 1298 2118 qua
1308 2083 1459 2111 moxverba
1469 2083 1564 2111 facturi
1574 2091 1675 2111 sumus.
1682 2085 1754 2118 Quas

963 2137 1028 2157 vero
1047 2137 1097 2164 pro
1112 2129 1300 2156 Africanorum
1315 2129 1450 2163 legatione
1461 2129 1563 2156 litteras
1575 2129 1684 2157 tradidit
1694 2130 1750 2157 dia--

964 2183 1033 2203 cono
1044 2183 1094 2203 suo
1106 2175 1139 2203 ad
1153 2175 1222 2203 idem
1238 2175 1381 2203 concilium
1395 2174 1578 2210 perferendas,
1592 2179 1700 2203 exstant
1713 2176 1754 2203 hie

966 2222 992 2248 in
1000 2222 1066 2249 actis
1071 2221 1220 2256 Ephesinis,
1230 2221 1300 2249 unde
1312 2221 1370 2249 illas
1377 2221 1592 2256 deprompsimus
1603 2222 1634 2258 (l)
1648 2231 1654 2248 :
1665 2222 1691 2249 in
1700 2223 1755 2258 quis

966 2268 1016 2295 bus
1026 2271 1053 2294 et
1064 2268 1243 2294 miserrimum
1255 2271 1352 2294 statum
1359 2266 1487 2294 Ecclesim
1499 2266 1628 2294 Africanae
1638 2267 1673 2294 ob
1683 2264 1756 2295 Van-

967 2313 1089 2340 dalorum
1105 2313 1285 2349 incursionem
1304 2312 1468 2339 lamentabili
1483 2312 1638 2339 narratione
1652 2311 1754 2340 descri-

966 2358 1015 2385 bit.
1031 2358 1068 2385 Ex
1096 2359 1127 2386 iis
1142 2362 1231 2385 autem
1256 2358 1352 2385 litteris
1377 2365 1444 2392 quas
1459 2357 1592 2393 Ephesum
1607 2357 1755 2393 Capreolus

968 2404 1076 2437 direxit,
1083 2408 1237 2438 excerptum
1243 2403 1345 2439 profert
1351 2403 1501 2431 Ferrandus
1509 2403 1659 2439 (m),verbis
1667 2409 1756 2433 tamen

969 2449 1088 2476 nonnihil
1105 2449 1261 2476 immutatis.
1274 2449 1373 2476 Locum
1387 2448 1413 2475 in
1425 2448 1524 2476 notulis
1534 2449 1663 2484 subjectis
1674 2450 1759 2478 habes

117 2545 194 2605 "la;
211 2545 345 2573 Ferrand.
359 2547 438 2605 elpist.
454 2547 486 2574 ad
501 2547 589 2589 Pelag.
604 2552 631 2575 et
645 2547 765 2581 Anatol.,
782 2549 795 2585 §
811 2549 827 2576 6
843 2549 910 2577 Bibl.
928 2550 950 2580 C
1003 2549 1180 2591 (g)'Capreol.
1195 2549 1272 2584 epist.
1286 2548 1318 2576 ad
1331 2556 1407 2576 conc.
1419 2548 1531 2583 Ephes.,
1541 2549 1620 2580 inira.
1633 2558 1658 2585 p.
1671 2550 1766 2582 490,0.

166 2600 172 2605 .
199 2581 275 2605 .uml.
289 2585 354 2605 mm.
384 2582 415 2605 Χ.
432 2590 492 2605 una.
507 2582 559 2605 ΚΗ»
574 2583 588 2605 d
605 2591 629 2605 η.
968 2583 1063 2605 ΙΝηΙτη
1075 2585 1115 2605 rnl
1141 2584 1202 2605 21.5,
1218 2583 1243 2605 In

140 2579 175 2616 P.
186 2579 275 2616 Lugd.
289 2585 354 2608 tom.
370 2579 415 2611 tx.
432 2590 492 2616 pag.
507 2579 590 2608 516Vd
605 2591 629 2610 e.

155 2615 195 2649 (ὁ)
208 2614 300 2642 Naris.
318 2616 385 2643 Hist.
402 2614 491 2651 Pelag.
508 2617 552 2644 lib.
569 2626 597 2650 ιι,
614 2625 671 2653 cap.
698 2618 715 2644 8
731 2626 793 2653 opp.
810 2623 876 2646 tom.
893 2618 916 2652 l,

116 2656 181 2684 pag.
272 2659 286 2677 c
297 2651 324 2677 d.

166 2685 192 2723 ε)
211 2683 279 2723 {agi
292 2686 325 2712 ad
338 2693 399 2714 ann.
493 2687 507 2723 δ
520 2687 563 2714 26.

155 2718 196 2756 (_d)
209 2718 324 2756 _'_l'illem_.
341 2725 404 2748 tom.
421 2718 564 2756 XVlfpag.
578 2721 641 2749 495.

155 2754 294 2794 (ergone.
305 2754 486 2794 Ephes._part.
499 2754 524 2790 Ι,
534 2754 592 2792 cap.
606 2757 648 2790 5i,
661 2764 720 2792 pag.
730 2756 782 2784 985
804 2762 867 2786 tom.
880 2757 913 2785 Ill

116 2786 228 2815 Concil.
246 2788 310 2815 edit.
325 2786 392 2817 Ven.
407 2786 490 2819 [θιὼ.

153 2822 195 2858 (ί)
214 2822 335 2851 Liberat.
351 2825 468 2853 Breviar.
485 2834 544 2861 cap.
561 2826 587 2859 5,
603 2834 663 2862 pag.
677 2828 710 2855 17
724 2827 787 2855 edit.
802 2827 914 2856 Gamer.

271 2871 403 2901 PATROL.
429 2872 511 2903 [ΠΙ.

968 2583 1063 2619 (Nabis
1075 2583 1124 2611 an.
1141 2584 1204 2617 845,
1213 2583 1254 2619 ⁷17).

1016 2619 1042 2653 h)
1060 2619 1186 2646 Ferrand.
1203 2620 1262 2646 loco
1276 2619 1359 2646 citato
1374 2626 1434 2654 pag.
1451 2618 1502 2645 516
1514 2619 1540 2646 (1.

1008 2626 1042 2665 in)
1060 2626 1186 2646 r'errano.
1203 2626 1262 2659 to_co
1276 2626 1359 2646 citato
1374 2626 1434 2680 pag.
1451 2626 1502 2645 om
1514 2626 1540 2646 (ι.

1008 2656 1035 2689 Li)
1051 2654 1174 2689 Capreol.
1187 2658 1266 2689 epist.
1277 2654 1311 2681 ad
1321 2661 1398 2681 conc.
1431 2654 1505 2689 phes.
1520 2654 1536 2680 ι.
1550 2663 1573 2679 ‹-.

1006 2690 1043 2724 lj)
1060 2688 1176 2716 Liberet.
1189 2688 1250 2716 loco
1263 2690 1359 2724 citato.
1369 2688 1485 2723 pag.'18.

1006 2723 1042 2759 (lt)
1056 2724 1181 2758 Capreol.
1196 2724 1275 2758 epist.
1291 2724 1324 2751 ad
1339 2723 1418 2751 Vita].
1435 2729 1461 2751 et
1472 2723 1626 2759 Constant”
1641 2725 1654 2759 ᾗ
1670 2726 1695 2753 1.

1005 2760 1035 2793 (ι)
1051 2759 1133 2787 Conc.
1151 2759 1248 2793 Ephes.
1262 2763 1313 2787 act.
1331 2759 1357 2791 1,
1372 2766 1432 2793 pag.
1449 2758 1518 2784 1075
1547 2763 1609 2785 ιοιιι.
1626 2758 1657 2786 Ill
1671 2762 1716 2789 cit.

1004 2790 1052 2829 (in)
1067 2790 1196 2821 Ferrand.
1215 2794 1275 2821 loco
1288 2790 1381 2821 citato:

1491 2874 1528 2905 27
