3946 6182
480 245 582 297 Si?

1626 234 1960 304 ‘cirnuou
2001 250 2590 307 cauruscmessns
3589 251 3671 314 tta

480 378 595 416 rum
628 364 888 430 inciderit,
936 362 986 417 id
1015 361 1330 416 discussiuni
1373 360 1688 429 subjiciatur
1716 370 1934 430 oportet
1959 378 1969 413 :
2000 372 2041 413 ttl

2163 362 2463 439 δοκιμασθῇ,
2486 366 2516 423 ἦ
2535 361 2901 419 καταδικασθέν
2924 362 3101 440 δυνηθῇ
3121 366 3517 440 ἀποκρουσθῆναι.
3534 374 3675 424 ταῦτα

481 454 562 508 vel
587 462 731 508 recte
776 453 977 509 dictum
1025 453 1426 523 comprobetur,
1478 453 1563 507 vel
1604 452 2053 507 condemnatione

479 545 693 613 dignum
721 541 1061 611 explodatur.
1092 542 1159 596 At
1184 557 1312 597 vero
1336 542 1382 598 si
1406 542 1525 612 quis
1550 557 1614 595 ea
1641 557 1759 611 qua:
1781 541 1893 609 jam
1922 542 2051 596 olim

478 634 762 702 dijutlicata
790 641 933 697 sunt,
957 633 1134 687 denuo
1164 633 1218 686 in
1248 631 1660 701 disputationem
1687 632 1867 686 vocari
1887 632 2049 699 sinat;

478 731 520 782 is
546 743 674 783 sane
714 728 858 781 aliud
887 727 1016 781 nihil
1063 726 1239 781 facere
1279 724 1616 790 censebitur,
1646 738 1806 793 quam
1835 722 1905 777 de
1949 723 2054 779 lide

475 836 591 890 qua:
622 820 879 873 hactenus
926 818 1122 882 valuit,
1163 819 1390 889 ipsemet
1437 816 1700 872 dubitare.
1743 814 1943 870 Deinde
1983 815 2053 869 ad

476 911 803 980 posteritatis
831 910 1154 978 exemplum,
1187 916 1245 963 ut
1273 924 1336 964 ea
1363 922 1483 978 quae
1506 922 1648 962 nunc
1671 922 1769 976 pro
1788 905 2051 961 catholica

475 1003 580 1056 ﬁde
627 1001 842 1055 deﬁnita
899 1011 1039 1061 sunt,
1092 1009 1405 1071 perpetuam
1461 999 1760 1054 ﬁrmitatem
1808 999 2052 1053 obtinere

474 1092 714 1157 valeant;
759 1098 975 1161 oportet
1020 1106 1084 1145 ea
1130 1092 1309 1145 omnia
1359 1091 1673 1146 inconcussa
1720 1089 2051 1157 immotaque

475 1198 821 1247 conservare,
853 1198 973 1254 quae
1001 1182 1366 1252 superioribus
1396 1181 1727 1251 temporibus
1774 1195 1804 1234 a
1847 1179 2050 1235 sanctis

472 1275 719 1328 Patribus
748 1275 1036 1328 constituta
1084 1281 1227 1327 sunt.
1269 1272 1401 1327 Nam
1429 1273 1520 1343 qtti
1561 1272 1703 1326 illam
1733 1279 2048 1342 perpetuam

470 1365 815 1421 stabilitatem
853 1364 1085 1418 retinere
1115 1363 1345 1418 voluerit
1375 1378 1495 1431 qure
1522 1362 1590 1417 de
1617 1361 1897 1417 catholica:
1924 1360 2047 1416 lidei

469 1457 677 1510 ratione
706 1454 973 1522 statuerit,
996 1454 1040 1509 is
1060 1469 1167 1508 non
1194 1454 1412 1524 propria
1436 1454 1772 1518 auctoritate,
1794 1452 1885 1506 sed
1908 1452 2048 1506 anti-

468 1564 695 1617 quorum
719 1546 932 1601 Patrum
951 1547 1151 1615 judicio
1174 1546 1494 1600 sententiam
1520 1561 1671 1601 suam
1692 1545 2046 1600 corroborare

468 1640 625 1694 debet
650 1658 662 1691 :
691 1643 761 1692 ita
794 1646 851 1692 ut
877 1652 941 1692 ea
969 1637 1176 1692 ratione
1202 1637 1400 1707 partim
1423 1644 1665 1691 veterum
1684 1676 1700 1703 ,
1727 1636 1925 1706 partim
1953 1649 2042 1689 re-

2156 451 2210 507 ὃὲ
2239 457 2359 529 περὶ
2384 452 2449 507 ὧν
2477 453 2571 513 ἤδη
2600 456 2753 513 πάλη
2785 456 2973 528 ἐκρίθη,
3002 457 3085 512 ἑὰν
3111 477 3186 516 τις
3214 457 3368 531 ἐπαφῇ
3396 457 3459 517 είς
3486 454 3676 533 δευτέραν

2154 544 2364 610 διάλεξιν
2383 547 2632 608 κληθῆναι,
2658 545 2798 601 οὐδὲν
2817 547 2987 620 ἕτερον
3014 546 3163 611 δόξει,
3185 547 3216 607 ἢ
3237 551 3453 621 περὶτῆς
3479 554 3677 615 πίστεως,

2152 639 2187 695 ἦ
2212 659 2289 697 τις
2316 639 2480 712 μέχρι
2506 636 2655 713 δεῦρο
2684 640 2957 709 κατέσχεν,
2985 640 3138 699 αὐτὸς
3159 640 3479 710 ἀμφιϐάλλιιν.
3507 637 3683 696 Ἔπειτα

2152 726 2237 783 διὰ
2262 729 2320 783 τὸ
2347 737 2446 784 τῶν
2474 732 2912 805 μεταγενεστέρων
2954 729 3254 804 ὑπόδειγμα·
3282 732 3363 786 ἶνα
3402 738 3554 786 ταῦτα
3579 730 3683 801 ἅπερ

2150 825 2236 872 νῦν
2260 820 2392 896 ὑπὲρ
2420 828 2514 882 τῆς
2542 822 2800 881 καθολικῆς
2842 824 3069 881 πίστεως
3098 823 3308 895 ὥρισται
3327 861 3342 885 ,
3370 819 3399 875 ἶ
3402 842 3507 892 χειν
3532 820 3682 897 δυνηθῇ

2151 908 2344 970 διηνεκῆ
2373 911 2676 982 βεϐαίωσιν,
2705 917 2876 966 ταῦτα
2903 910 3034 987 ἅπερ
3072 908 3166 970 ἤδη
3210 911 3316 965 ἐστὶ
3342 912 3476 987 παρά
3500 917 3587 964 τῶν
3606 931 3684 964 πα·

2150 1001 2307 1075 τὲρων
2331 1001 2614 1076 ὁρισθέντα,
2634 1001 2889 1074 φυλακτέα
2910 999 3068 1057 ἐστίν.
3092 999 3293 1060 Ἐπειδή
3312 999 3446 1060 ὅστις
3464 1000 3681 1072 βούλεται,

2150 1090 2285 1167 ἅπερ
2313 1092 2442 1168 ὑπὲρ
2466 1099 2557 1152 τῆς
2586 1092 2842 1151 καθολικῆς
2866 1091 3241 1151 καταστάσεως
3268 1092 3535 1154 ἐθέσπισεν,
3559 1091 3625 1150 εἰς
3638 1090 3682 1146 τὸ

2160 1179 2380 1242 διηνεκὲς
2425 1184 2588 1253 μένειν
2608 1222 2622 1246 ,
2653 1183 2711 1236 οὐ
2748 1189 2811 1256 τῇ
2853 1180 2959 1255 ἰδίᾳ
2987 1182 3246 1255 αὐθεντίᾳ,
3275 1180 3395 1234 ἀλλά
3420 1182 3500 1233 καί
3519 1187 3574 1253 τῇ
3606 1186 3682 1234 τῶν

2151 1273 2505 1350 ἀρχαιοτέρων
2710 1272 2889 1344 ὀφείλει
2917 1272 3256 1343 βεϐαιωθῆναί
3292 1268 3412 1345 ὅπερ
3440 1269 3680 1343 ἐφρόνησεν·

2148 1364 2283 1416 ὥστε
2315 1361 2477 1422 οὕτως
2503 1369 2655 1417 τοῦτο
2809 1362 2911 1417 ἀπὸ
2956 1369 3057 1417 τῶν
3085 1360 3462 1436 ἀρχαιοτέρων,
3487 1363 3620 1412 τοῦτο
3643 1354 3685 1411 δί

2146 1463 2233 1515 καί
2257 1461 2359 1516 ἀπὸ
2382 1462 2636 1537 νεωτέρων
2662 1458 2813 1538 ὅρων,
2838 1459 2966 1536 ὅπερ
2999 1459 3401 1522 διαϐεϐαιοῦται,
3428 1456 3685 1529 δοκιμάζων,

2144 1560 2381 1623 μονογενῆ
2411 1560 2502 1613 τῆς
2533 1550 2794 1613 maehum-
2827 1552 3089 1610 ἐκκλησίας
3118 1555 3207 1609 τήν
3232 1550 3472 1607 ἀλήθειαν.
3500 1549 3588 1602 ἀπὸ
3608 1553 3686 1600 τῶν

2144 1644 2539 1713 παρῳχημένων
2562 1649 2748 1719 καιρῶν
2772 1643 2940 1716 μέχρι
2959 1646 3058 1695 τῶν
3078 1640 3342 1713 παρόντων
3364 1639 3469 1696 ἦτοι
3490 1644 3576 1692 τῶν
3596 1639 3688 1708 ἧμι-

467 1731 767 1784 centiorum
796 1728 1027 1783 decretis
1065 1736 1122 1783 et
1148 1727 1428 1782 sententiis
1454 1726 1648 1799 placita
1673 1741 1769 1781 sua
1796 1740 2041 1796 compro-

2149 1736 2328 1808 τέρων,
2359 1734 2494 1810 ἁπλῇ
2522 1732 2844 1812 καθαρότητι,
2876 1736 2964 1787 καί
2989 1733 3225 1804 ἀηττήτῳ
3250 1732 3475 1804 αὐθεντίςι
3496 1731 3687 1804 τρίχου-

468 1824 636 1888 bans,
679 1821 887 1875 unicam
917 1818 1169 1874 Ecclesia:
1194 1819 1474 1873 veritatem
1498 1816 1612 1886 jam
1638 1817 1762 1872 inde
1799 1817 1866 1871 ab
1894 1816 2047 1871 initio

467 1914 531 1967 ad
557 1927 791 1983 prmsens
812 1926 978 1981 usque
1002 1919 1209 1981 tempus
1233 1910 1460 1981 simplici
1487 1909 1720 1981 puritate
1746 1909 2047 1978 invictaque

468 2003 763 2058 constantia
805 2010 861 2056 et
901 2003 1221 2056 auctoritate
1260 2001 1664 2064 decurrentem,
1694 2015 1753 2054 se
1779 2014 2042 2065 asserere,

467 2095 663 2148 docere
690 2101 745 2148 et
774 2104 957 2146 tenere
984 2091 1251 2147 ostendat.
1282 2090 1409 2147 Haec
1430 2106 1528 2161 pro
1555 2091 1806 2162 praesenti
1833 2089 2045 2145 Africa-

470 2200 659 2240 norum
685 2194 707 2221 α
741 2185 1026 2252 legatione,
1058 2198 1220 2251 quam
1249 2182 1538 2237 necessitas
1566 2182 1811 2253 superius
1838 2196 2044 2236 memo-

465 2286 578 2331 rata
607 2276 914 2345 impedivit,
947 2274 1340 2330 venerabilibus
1368 2274 1562 2329 vestris
1604 2273 1821 2329 auribus
1848 2286 2042 2341 sugge-

465 2383 582 2423 rere
612 2367 786 2433 volui;
834 2366 1033 2421 obnixe
1076 2365 1289 2420 interim
1319 2378 1534 2434 rogans,
1566 2372 1626 2419 ut
1651 2364 2045 2420 calamitatibus

466 2476 644 2515 rerum
672 2460 1121 2529 praesentiumque
1150 2465 1452 2528 temporum
1482 2457 1769 2528 spectatis,
1803 2464 2043 2533 nostram

465 2552 762 2607 absentiam
801 2566 911 2605 non
938 2549 1202 2620 superbire
1231 2556 1324 2603 aut
1365 2548 1719 2618 negligentim,
1750 2545 1846 2603 sed
1871 2545 2043 2601 mani—

466 2643 615 2698 festae
642 2643 766 2697 huic
802 2641 1111 2697 necessitati
1142 2641 1414 2696 ascribere
1452 2639 1647 2694 velitis.

535 2735 765 2806 Cyrillus
792 2732 1043 2789 Ecclesiae
1070 2731 1446 2788 Alexandrinae
1474 2733 1757 2803 episcopus
1782 2730 1916 2786 dixit
1938 2748 1951 2784 :
1973 2728 2042 2784 Et

467 2830 579 2882 hanc
617 2825 1043 2880 reverendissimi
1083 2824 1413 2893 piissimique
1441 2823 1778 2892 Carthaginis
1802 2810 2043 2894 episcopi

467 2919 711 2991 Capreoli
739 2933 857 2987 qua:
885 2918 1021 2972 lecta
1050 2924 1133 2971 est
1158 2917 1384 2987 epistola
1403 2954 1418 2980 ,
1455 2930 1579 2971 cum
1605 2914 1891 2971 dilucidam
1917 2929 2040 2970 seu-

468 3011 690 3065 tentiam
732 3010 782 3063 in
829 3024 888 3062 se
932 3008 1225 3072 contineat,
1271 3005 1393 3062 ﬁdei
1437 3015 1710 3075 gestorum
1749 3006 2037 3062 inseratur.

2152 1846 2265 1888 σαν,
2283 1825 2464 1881 ίαυτὸν
2490 1829 2577 1881 καί
2593 1824 2774 1897 λέγειν,
2797 1826 2884 1877 καί
2904 1819 3139 1886 διδάξειν,
3165 1823 3251 1875 καί
3277 1822 3390 1874 κατέ
3397 1839 3523 1889 χειν.
3547 1825 3689 1874 Ταῦτα

2148 1916 2273 1977 τέως
2318 1916 2452 1991 ὑπὲρ
2493 1923 2586 1975 τῆς
2632 1915 2899 1988 παρούσης
2943 1911 3218 1986 πρεσϐείας
3264 1918 3356 1970 τῆς
3382 1909 3688 1984 ’Δφρικῆςιῆν

2147 2028 2259 2062 τινα
2300 2004 2630 2077 καταπέμψαι
2668 2007 2699 2064 ἡ
2739 2005 2928 2077 ἀνάγκη
2963 2004 2995 2061 ἡ
3022 2004 3369 2078 προρέηθείσα
3401 2003 3454 2054 οὐ
3489 2000 3690 2069 συνεχῶς

2147 2116 2296 2170 ρησε,
2327 2106 2441 2157 ταῖς
2464 2102 2846 2171 προσκυνηταῖς
2867 2094 3006 2167 ὑμῶν
3028 2094 3213 2153 ἀκοαῖς
3229 2090 3689 2154 ὗπέϐαλον,πλιῑστα

2147 2188 2476 2259 παρακαλῶν,
2506 2189 2588 2241 ἵνα
2625 2187 2968 2260 θεωρηθεισῶν
2997 2189 3097 2239 τῶν
3126 2184 3176 2238 ἐν
3205 2189 3315 2242 τοῖς
3354 2181 3600 2259 πράγμασι
3625 2182 3691 2232 καί

2145 2288 2255 2339 τοις
2283 2285 2474 2354 καιροῖς
2502 2283 2797 2352 συμφορῶν,
2814 2277 2915 2350 τὴν
2936 2276 3184 2349 ἡμετέραν
3216 2274 3467 2327 ἀπουσίαν
3504 2268 3692 2342 μηδεμία

2146 2371 2470 2446 ὑπερηφανίᾳ
2492 2369 2523 2429 ἦ
2553 2370 2793 2445 ἀμελείᾳ,
2821 2369 2954 2425 ἀλλὰ
2970 2368 3136 2437 ταύτῃ
3162 2374 3227 2439 τῇ
3272 2361 3498 2439 προδήλῳ
3532 2358 3692 2434 ἀνάγκῃ

2143 2464 2331 2537 μᾶλλον
2358 2463 2661 2535 λογίσασθαι
2688 2461 3056 2526 καταξιὼσητε.

2215 2739 2442 2817 lupino;
2485 2737 2764 2797 ἆπίσκοπος
2802 2733 3174 2811 Ἀλεξανδρείας
3226 2729 3368 2790 εἶπε·
3407 2734 3495 2787 ιειί
3528 2731 3556 2789 ’ὁ
3594 2729 3690 2782 ἀνε-

2143 2834 2428 2905 γνωσθεῖσα
2457 2831 2697 2889 ἐπιστολή
2718 2834 2806 2884 τοῦ
2838 2828 3217 2884 εὐλαϐεστάτον
3240 2829 3331 2881 καί
3354 2822 3690 2897 θεοφιλεστάτου

2142 2921 2426 2980 ἅπισκόπου
2476 2930 2568 2984 τῆς
2613 2922 2926 3000 Καρθαγένης
2984 2918 3307 2994 Καπραιόλου
3353 2914 3615 2992 ἕμφερίσθω

2141 3020 2313 3071 πίστει
2362 3021 2462 3070 τῶν
2515 3014 2924 3087 ὑπομνημάτων,
2971 3014 3184 3088 φανερὰν
3209 3006 3447 3084 ἔχουσα
3489 3004 3688 3061 διάνοιαν.

470 3100 592 3154 Vult
631 3100 773 3153 enim
819 3098 1033 3167 antiqua
1083 3096 1203 3152 ﬁdei
1250 3096 1501 3165 dogmata
1546 3095 1868 3163 conﬁrmari,
1899 3111 2041 3152 nova

2145 3106 2376 3161 Βούλεται
2400 3106 2499 3179 γὰρ
2516 3149 2529 3172 ,
2555 3081 2630 3159 rei
2651 3081 2742 3175 μέν
2779 3081 2988 3178 ἀρχαῖα
3022 3081 3360 3173 κρατύνεσθαι
3383 3104 3471 3158 τῆς
3506 3098 3692 3151 πίστεως

466 3205 593 3248 vero
621 3200 675 3246 et
699 3190 926 3245 absurde
954 3189 1259 3259 excogitata
1297 3200 1352 3244 et
1375 3188 1535 3259 impie
1559 3187 1828 3258 divulgata
1849 3203 2040 3260 repro-

467 3285 578 3340 bari
609 3300 675 3339 ac
699 3283 978 3354 proscribi.

538 3374 733 3432 Omnes
752 3375 986 3446 episcOpi
1006 3374 1163 3429 simul
1193 3375 1627 3430 exclamaverunt
1651 3392 1662 3427 :
1687 3373 1781 3428 lla:
1801 3375 2041 3431 omnium

467 3483 624 3524 voces
665 3488 677 3520 :
730 3468 844 3523 [nec
893 3482 1081 3521 omnes
1134 3465 1465 3520 asserimus:
1511 3464 1614 3521 hoc
1667 3465 1906 3520 omnium
1960 3475 2044 3522 est

465 3567 666 3613 votum.

1106 3644 1435 3702 EPISTOLA

464 3778 739 3818 SEBVOBUI
782 3778 866 3815 DEI
909 3774 1115 3815 VITAIJS
1176 3776 1242 3813 ΕΤ
1299 3774 1604 3814 CONS'I'ANTII
1650 3775 1942 3819 ερΑΝοιιυιίλ
1974 3785 2042 3823 AD

533 3852 578 3887 S.
611 3846 922 3888 CAPREOLUI
961 3845 1247 3885 EPISCOPUI
1279 3844 1541 3897 BCCLESIE
1572 3846 1881 3889 CATHOLICE
1914 3852 2043 3892 CAR-

532 3918 792 3958 THAGINIS.

534 4016 761 4072 Domino
797 4021 853 4070 et
877 4010 1169 4068 venerabili
1196 4020 1251 4067 et
1282 4011 1590 4067 beatissimo
1624 4012 1676 4068 in
1706 4012 1921 4071 Christo
1956 4015 2037 4072 fa-

462 4107 605 4162 mulo
654 4105 770 4170 Dei,
807 4103 1027 4159 domino
1062 4112 1246 4159 nostro
1276 4100 1566 4177 Capreolq,
1595 4104 1785 4161 Vitalis
1814 4115 1871 4162 et
1895 4105 2043 4164 Con-

460 4199 687 4253 stantius
716 4204 1065 4267 peccatores.

531 4289 660 4356 Quae
680 4288 851 4358 prima
870 4295 999 4342 vota
1021 4294 1142 4340 sunt
1170 4283 1486 4342 humilitatis
1514 4295 1729 4353 nostrae,
1750 4289 2038 4360 plurimum

457 4385 750 4439 salutamus
765 4386 1007 4436 sanctam
1020 4378 1418 4450 perfectamque
1446 4387 1502 4433 et
1525 4381 1886 4439 venerabilem
1907 4382 2034 4438 bea-

2140 3197 2395 3270 δόγματα,
2423 3200 2490 3255 τὰ
2516 3196 2570 3253 δὲ
2596 3200 2775 3272 νεαρά,
2805 3200 2891 3251 καί
2910 3195 3116 3256 ἀτόπως
3145 3193 3472 3265 ὖξιυρημίνα,
3497 3193 3572 3245 καί
3594 3186 3691 3274 iist-

2142 3293 2245 3353 ϐῶς
2272 3292 2523 3369 εἰρημένα,
2555 3289 3017 3359 ἀποδοαιμάζεσθαι
3040 3289 3128 3342 καί
3152 3282 3513 3340 ἐκϐάλλεσθαι.

2213 3384 2399 3444 Πάντες
2443 3382 2489 3437 οἰ
2532 3382 2799 3436 ἐπίσκοποι
2836 3382 3187 3451 ἀνεφώνησανσ
3216 3373 3393 3433 Ani-rat
3434 3377 3615 3431 πάντων
3645 3371 3689 3426 si

2147 3477 2333 3546 φωναί·
2363 3478 2536 3530 ταῦτα
2560 3473 2750 3534 πάντες
2774 3472 2982 3545 λέγομεν
2999 3484 3012 3498 ⁸
3045 3470 3178 3528 αὕτη
3205 3471 3415 3525 πάντων
3440 3469 3472 3526 ἡ
3507 3468 3639 3536 εὐχόο

2139 3654 2303 3714 etiam
2332 3652 2659 3712 consulimus
2683 3648 3149 3708 honoriﬁcentiam
3180 3657 3357 3717 tuam,
3400 3655 3460 3703 ut
3483 3645 3546 3701 de
3576 3642 3695 3699 bono

2138 3749 2393 3803 thesauro
2419 3744 2597 3800 cordis
2631 3743 2707 3799 tui
2734 3741 2931 3798 nostris
2958 3740 3253 3797 visceribus
3283 3738 3493 3810 irrigari
3512 3735 3688 3806 iubeas.

2144 3851 2267 3907 qua:
2308 3833 2439 3889 ﬁdes
2468 3832 2731 3888 catholica
2763 3838 2910 3887 recta
2949 3837 3148 3885 teneat.
3177 3829 3318 3895 Quia
3347 3835 3471 3883 sunt
3496 3825 3575 3880 hic
3596 3821 3693 3892 qui-

2144 3925 2270 3981 dam
2309 3923 2403 3994 qui
2430 3922 2614 3977 dicunt
2640 3936 2748 3976 non
2787 3919 2985 3975 debere
3020 3919 3122 3974 dici
3152 3917 3329 3973 Deum
3356 3925 3556 3973 natum.
3584 3912 3695 3967 Nam

2145 4025 2200 4072 et
2226 4015 2343 4070 base
2362 4021 2444 4068 est
2462 4011 2594 4066 ﬁdes
2615 4026 2821 4076 eorum,
2845 4010 3115 4064 hominem
3139 4022 3337 4079 purum
3361 4014 3537 4061 natum
3558 4001 3696 4055 fuisse

2146 4108 2212 4164 de
2240 4107 2404 4161 Maria
2433 4105 2654 4175 virgine,
2697 4111 2754 4159 et
2779 4109 2903 4174 post
2929 4103 3046 4158 haec
3073 4100 3236 4156 Deum
3260 4099 3530 4154 habitasse
3554 4095 3601 4149 in
3620 4105 3693 4147 eo.

2146 4196 2384 4266 Quorum
2403 4211 2503 4251 nos
2528 4193 2756 4250 humiles
2774 4192 2929 4264 pueri
2950 4190 3028 4245 tui
3045 4190 3344 4248 resistimus
3365 4179 3692 4242 aﬁirmationi,

2140 4307 2247 4347 non
2286 4290 2361 4345 ita
2388 4287 2588 4343 debere
2628 4284 2774 4341 diei:
2803 4284 2896 4341 sed
2934 4280 3270 4345 conﬁtemur,
3302 4288 3363 4336 ut
3391 4279 3465 4334 ait
3491 4285 3696 4341 evange-

2136 4380 2277 4447 lista,
2326 4377 2677 4434 annuntiante
2724 4375 2913 4445 angelo
2941 4372 3190 4429 Gabriele
3235 4370 3421 4426 Maria:
3464 4367 3692 4423 dicente:

460 4476 737 4531 titudincm
768 4482 911 4527 tuam
929 4511 947 4537 ,
975 4477 1031 4527 et
1059 4484 1245 4526 sanam
1282 4478 1444 4541 atque
1473 4470 1795 4528 incolumem
1823 4488 2037 4545 semper
2064 4462 2114 4523 D
2138 4471 2365 4543 Spiritus
2394 4477 2604 4525 sanctus
2631 4468 2794 4522 veniet
2831 4469 2886 4521 in
2915 4475 2981 4533 te,
3008 4474 3059 4521 et
3083 4467 3240 4520 virtus
3270 4461 3519 4517 Altissimi
3544 4457 3695 4513 obum-

458 4567 568 4621 Deo
607 4563 841 4635 propitio
881 4561 1067 4616 audire
1093 4559 1460 4617 desideramus
1489 4579 1503 4615 :
1533 4563 1658 4632 quia
1687 4565 1790 4618 etsi
1830 4564 1885 4619 in
1913 4564 2036 4620 lon-

455 4657 653 4726 ginquo
674 4654 833 4726 positi
861 4666 1046 4709 sumus
1069 4666 1100 4706 a
1127 4659 1312 4707 saneto
1340 4652 1646 4722 apostolatu
1672 4661 1870 4719 vestro,
1900 4655 2038 4710 mari

457 4746 796 4812 terminante,
827 4743 921 4800 sed
946 4743 999 4797 in
1031 4743 1314 4813 praesentia
1342 4743 1505 4799 vestri
1525 4759 1710 4800 sumus
1737 4762 1951 4817 semper
1982 4747 2035 4801 in

455 4837 785 4892 orationibus
832 4833 1130 4889 sanctitatis
1175 4842 1384 4899 vestrm,
1434 4833 1651 4891 domine
1696 4833 1871 4892 Pater.
1900 4835 2035 4892 Illud

453 4945 583 4986 sane
608 4928 836 4984 multum
876 4925 1129 4981 desiderii
1173 4925 1340 4981 nostri
1385 4924 1510 4992 fuit,
1558 4928 1794 4984 scribere
1838 4936 2036 4984 sanctae

454 5018 875 5075 honoriﬁcentia:
905 5024 1010 5071 tua:
1035 5030 1133 5087 per
1159 5014 1519 5073 dulcissimum
1551 5015 1768 5072 fratrem
1790 5027 2030 5073 nostrum

451 5109 848 5163 Numiniamnu.
893 5104 1112 5175 Reperit
1148 5107 1293 5161 enim
1335 5108 1568 5176 parvitas
1596 5119 1777 5162 nostra
1810 5109 2031 5179 praecel-

452 5202 651 5255 lentem
698 5199 893 5252 famam
939 5209 994 5253 et
1039 5197 1338 5253 doctrinam
1388 5208 1490 5253 tum
1540 5202 1839 5256 sanctitatis
1884 5220 1896 5253 :
1937 5217 2037 5271 per

452 5309 610 5362 quam
641 5299 695 5346 et
734 5291 1019 5346 scribimus
1059 5289 1372 5345 beatitudini
1402 5300 1536 5356 ture,
1569 5300 1626 5346 ut
1668 5294 1745 5347 ait
1788 5293 2030 5349 Psalmoo

452 5384 684 5454 graphus
709 5402 719 5434 :
755 5381 819 5435 In
846 5396 1048 5436 omnem
1079 5389 1266 5434 terram
1292 5384 1446 5436 exivit
1474 5399 1630 5438 sonus
1664 5402 1839 5438 eorum
1858 5426 1874 5451 ,
1901 5395 1949 5438 et
1975 5386 2030 5438 iu

452 5477 584 5547 ﬁnes
606 5477 744 5529 orbis
775 5485 922 5529 terra:
961 5471 1117 5527 verba
1164 5490 1341 5528 eorum
1365 5474 1541 5543 (Psal.
1583 5492 1736 5539 xvlu,
1783 5474 1867 5546 5).
1900 5476 2031 5532 Illud

527 5589 820 5661 {bleminit
842 5587 997 5661 hujus
1017 5587 1295 5661 legationis
1318 5588 1455 5642 idem
1477 5590 1767 5660 Capreolus
1788 5591 1841 5645 in
1861 5592 2018 5661 epist.

457 5658 520 5714 ad
549 5658 774 5714 Vitalem
804 5667 858 5713 et
885 5656 1234 5724 Tonantium,
1265 5674 1422 5728 quam
1452 5656 1682 5717 Jacobus
1710 5656 2026 5719 Sirmondus

2139 4562 2307 4618 brabit
2327 4563 2419 4617 tibi
2442 4578 2460 4616 :
2479 4561 2695 4632 ideoque
2714 4558 2851 4631 quod
2879 4567 3121 4612 nascetur
3139 4572 3204 4611 ea;
3222 4562 3272 4610 te
3292 4560 3546 4619 sanctum,
3567 4560 3696 4603 recl-

2139 4654 2277 4709 bitur
2304 4652 2478 4707 Filius
2506 4650 2607 4705 Dei
2629 4651 2647 4721 (
2669 4651 2793 4703 Luc.
2818 4665 2863 4715 ι,
2892 4645 3018 4719 55);

2208 4744 2274 4799 ll.
2303 4742 2633 4800 Conﬁtemur
2661 4742 2841 4811 itaque
2878 4739 3052 4796 Deum
3087 4737 3247 4793 fuisse
3274 4737 3329 4792 in
3358 4744 3513 4792 atem
3539 4728 3696 4786 Maris:

2140 4837 2375 4908 virginis,
2387 4833 2738 4906 assumpsisse
2753 4833 2989 4902 aliquam
3001 4835 3229 4903 partem,
3248 4826 3534 4883 fabricasse
3546 4822 3695 4876 Deum

2139 4927 2242 4983 sibi
2263 4928 2554 4993 hominem,
2579 4931 2762 4980 natum
2782 4921 2945 4978 fuisse
2970 4920 3139 4976 Deum
3160 4933 3344 4974 verum
3367 4924 3425 4972 et
3446 4913 3694 4971 hominem

2131 5033 2323 5075 verum
2342 5032 2504 5087 quem
2525 5014 2815 5086 assumpsit
2834 5028 2935 5084 pro
2963 5011 3136 5067 salute
3159 5007 3370 5080 generis
3391 5000 3623 5068 humani.
3646 5005 3697 5053 ut

2131 5113 2208 5167 ait
2233 5111 2558 5182 Apostolus:
2591 5107 2718 5164 Cum
2763 5109 2899 5163 venit
2937 5105 3206 5178 plenitudo
3252 5103 3533 5173 temporis,
3576 5093 3697 5151 nisi!

2135 5205 2274 5260 Deus
2297 5203 2491 5258 Filium
2514 5219 2663 5257 suum
2692 5204 2889 5275 factum
2914 5216 2978 5255 ea:
3004 5199 3239 5265 muliere,
3263 5200 3456 5270 factum
3474 5193 3564 5248 sub
3583 5191 3695 5259 ιδῃ.

2135 5307 2192 5351 ut
2217 5313 2305 5352 eos
2330 5297 2416 5366 qui
2438 5294 2532 5349 sub
2560 5295 2670 5366 tege
2694 5301 2844 5348 eram
2872 5291 3142 5346 redimeret
3163 5287 3305 5359 (Gal.
3325 5304 3398 5353 tv,
3422 5285 3498 5355 4).
3526 5281 3591 5336 Et
3613 5280 3696 5333 ite

2134 5403 2258 5443 rum
2285 5406 2297 5440 :
2331 5385 2444 5440 Hoc
2471 5394 2641 5439 mitem
2667 5384 2851 5437 sentite
2874 5383 2929 5436 in
2957 5381 3124 5448 vobis,
3161 5380 3296 5452 quod
3321 5386 3372 5432 et
3414 5378 3471 5431 in
3512 5370 3697 5428 Christo

2135 5477 2261 5533 Jesu
2283 5495 2301 5532 :
2331 5479 2416 5548 qui
2454 5492 2570 5531 cum
2595 5476 2651 5530 in
2681 5476 2850 5545 farina
2872 5472 2970 5527 Dei
2989 5480 3141 5535 esset,
3171 5488 3275 5526 non
3302 5468 3546 5540 rapinam
3570 5458 3697 5515 arbi-

2132 5591 2296 5646 edidit
2338 5607 2405 5646 ex
2450 5606 2551 5646 ms.
2582 5589 2788 5652 codice,
2821 5588 2913 5660 qui
2967 5604 3108 5645 nunc
3155 5597 3238 5644 est
3288 5587 3338 5643 in
3392 5580 3696 5640 bibliotheca

2131 5660 2388 5719 Ecclesia:
2426 5660 2762 5716 Parisiensis.
2965 5674 2971 5681 ο
