3920 6176
300 322 405 378 859

1691 264 2014 378 ἐῖἾδΤΟΙΛ
2055 325 2113 379 ll.

2305 226 2406 243 κγ’-ς

3461 335 3564 389 850

299 447 466 492 tratus
495 444 570 490 est
597 452 707 490 esse
745 438 956 507 equalis
986 437 1133 492 Deo:
1161 439 1251 492 sed
1278 441 1601 508 semetipsum
1635 439 1872 492 exinani-
1903 443 1946 496 A
1975 455 2074 493 vos
2101 456 2315 510 quoque
2345 443 2481 498 velle
2514 446 2730 500 zizania:
2755 461 2864 502 sum
2894 447 3098 502 semina
3129 449 3182 502 in
3215 451 3238 485 ι’
3270 449 3562 519 peritorum

299 528 370 582 vit
395 529 621 598 formam
641 527 776 581 servi
805 528 1084 598 accipiens,
1107 530 1162 581 in
1197 529 1584 583 similitudinem
1618 529 1879 583 hominum

296 621 492 690 factus,
519 628 569 671 et
590 617 765 670 habitu
791 619 1024 672 inuentus
1051 628 1106 671 ut
1148 620 1318 674 homo.
1352 619 1658 674 Humiliavit
1695 630 1880 673 semet-

295 710 466 781 ipsum
491 712 657 780 {actus
679 707 917 763 obediens
940 726 1099 781 usque
1120 711 1190 763 ad
1214 722 1450 776 mortem,
1471 722 1685 765 mortem
1711 719 1880 762 autem

293 800 463 854 crucis
488 798 707 870 (Philip.
751 815 816 860 ιι,
861 797 1002 868 5-8).
1036 799 1102 853 Et
1130 800 1322 854 iterum
1353 818 1366 853 :
1400 800 1661 855 Mediator
1706 802 1804 855 Dei
1833 811 1881 856 et

294 891 580 954 hominum,
627 889 776 943 homo
803 889 1037 944 Christus
1075 889 1228 944 Jesus
1259 890 1318 960 (1
1360 891 1493 946 Tim.
1535 909 1604 956 ιι,
1634 890 1710 960 5).
1743 891 1879 958 Quia

293 980 564 1035 mediator
606 995 708 1036 nec
748 979 860 1049 jam
900 979 1041 1036 Deus
1090 989 1296 1036 tantum
1340 997 1475 1052 pure
1519 983 1636 1037 sine
1663 983 1882 1038 homine

291 1085 456 1141 quem
478 1074 764 1141 assumpsit
790 1071 893 1126 dici
924 1081 1119 1141 potest,
1142 1088 1243 1127 nec
1264 1074 1425 1128 homo
1445 1074 1558 1127 sine
1581 1074 1692 1128 Deo
1719 1091 1729 1126 :
1757 1074 1880 1142 quia

297 1162 504 1232 duplex
534 1163 588 1217 in
618 1179 722 1217 una
765 1179 995 1233 persona
1026 1165 1338 1220 mediatoris
1365 1166 1708 1233 signiﬁcatio,
1744 1167 1881 1221 Deus

290 1263 353 1308 et
373 1255 536 1309 homo
562 1272 574 1306 :
607 1253 734 1309 dum
763 1254 904 1308 Deus
932 1255 999 1309 de
1029 1255 1139 1310 Deo
1164 1256 1325 1320 Deus,
1356 1265 1411 1310 et
1437 1257 1728 1312 secundum
1757 1273 1878 1312 car-

289 1363 419 1402 nem
465 1347 606 1402 idem
655 1349 770 1418 ipse
816 1345 955 1402 illius
1001 1349 1250 1403 hominis.
1302 1347 1428 1404 Ideo
1456 1365 1615 1403 verus
1645 1349 1785 1404 Dens
1826 1357 1882 1404 et

288 1439 460 1494 homo
488 1455 647 1494 verus
669 1448 754 1494 est
791 1440 878 1494 hic
918 1439 1199 1504 mediator,
1231 1441 1370 1494 sicut
1395 1440 1461 1494 de
1501 1440 1670 1494 forma
1704 1441 1796 1493 Dei
1826 1448 1881 1495 et

291 1531 470 1584 forma
498 1531 754 1584 hominis.
804 1529 938 1584 Nam
969 1538 1025 1584 et
1051 1531 1104 1584 in
1133 1532 1400 1600 principio
1429 1531 1786 1585 inchoationis
1813 1532 1879 1586 ad

290 1621 569 1678 Romanos
590 1623 666 1678 sic
690 1623 819 1677 dicit
840 1631 1056 1678 sanctus
1081 1623 1368 1694 Apostolus
1395 1643 1407 1677 :
1435 1623 1584 1688 Quod
1610 1634 1729 1679 ante
1753 1643 1876 1694 pro-

288 1715 506 1767 miserat
548 1730 639 1783 per
683 1714 961 1784 prophetas
1006 1731 1123 1768 suos
1163 1717 1217 1768 in
1261 1714 1548 1786 Srriptnris
1596 1718 1790 1771 sanctis
1815 1717 1880 1770 de

290 1801 436 1858 Filio
456 1821 566 1873 suo,
598 1808 682 1878 qui
711 1809 876 1878 factus
902 1816 976 1861 est
1014 1809 1061 1861 ei
1085 1824 1150 1862 ex
1181 1811 1376 1862 semine
1404 1809 1572 1864 David
1597 1811 1872 1864 secundum
1907 1791 1948 1848 Β

286 1911 543 1950 carnem:
572 1898 657 1968 qui
684 1898 1083 1967 pradastinatus
1124 1909 1200 1953 est
1244 1899 1414 1956 Filius
1462 1900 1560 1955 Dei
1596 1903 1650 1956 in
1695 1903 1878 1955 virtute

284 1988 567 2040 secundum
611 1987 847 2058 spiritum
891 1991 1350 2060 sanctiﬁcationis,
1395 2008 1460 2046 ex
1508 1993 1878 2046 resurrectione

284 2089 627 2142 mortuorum,
656 2079 779 2134 Jesu
813 2079 1003 2135 Christi
1031 2081 1242 2136 Domini
1269 2084 1434 2136 nostri
1463 2082 1639 2152 (Rom.
1672 2099 1707 2146 ι,
1730 2081 1870 2151 2-4).

283 2169 487 2224 Verum
515 2171 676 2224 etiam
708 2180 761 2226 et
787 2169 950 2228 Isaias
979 2181 1164 2228 auctor
1191 2175 1574 2244 prophetarum
1603 2174 1681 2228 sic
1705 2173 1835 2228 dicit
1859 2192 1871 2227 :

283 2259 426 2315 Ecce
461 2263 600 2333 virgo
640 2263 692 2317 in
723 2272 866 2317 utero
897 2265 1164 2333 concipiet,
1193 2275 1242 2318 et
1262 2266 1428 2334 pariet
1447 2265 1633 2336 ﬁlium,
1657 2272 1707 2319 et
1726 2281 1877 2318 voca-

281 2351 406 2404 bitis
435 2369 620 2406 nomen
645 2353 755 2424 ejus
784 2351 1132 2422 Emmanuel,
1179 2355 1316 2425 quod
1344 2365 1419 2409 est
1457 2356 1872 2424 interpretatum,

284 2442 574 2499 Nobiscum
607 2444 746 2500 Deus
777 2445 932 2516 (Isai.
974 2463 1069 2513 vn,
1116 2447 1212 2513 14;
1245 2446 1435 2500 Matth.
1469 2465 1514 2512 ι,
1541 2447 1656 2515 25).
1686 2447 1791 2502 Sed
1821 2455 1880 2502 et

281 2534 560 2590 hominem
590 2551 782 2606 purum
812 2536 996 2591 dicunt
1023 2521 1342 2608 pependisse
1371 2539 1422 2592 in
1451 2553 1610 2595 cruce
1631 2553 1876 2609 compre-

282 2627 512 2680 hensum
541 2645 553 2680 :
581 2629 748 2693 aiunt,
773 2628 1016 2684 Recessit
1046 2629 1185 2685 Deus
1214 2631 1281 2684 ab
1306 2646 1392 2685 eo.
1417 2629 1619 2697 Quibus
1640 2633 1877 2701 parvitas

283 2729 472 2775 nostra
501 2721 579 2776 sic
607 2720 756 2788 dicit,
788 2721 1070 2793 Nunquam
1101 2723 1242 2778 Deus
1283 2725 1504 2779 recessit
1547 2725 1615 2778 ab
1659 2724 1875 2780 homine

283 2821 585 2882 assumpto,
620 2813 720 2867 nisi
749 2813 968 2883 quando
997 2815 1129 2869 dixit
1164 2815 1230 2869 de
1256 2830 1416 2870 cruce
1462 2833 1474 2869 :
1523 2814 1674 2883 Heli,
1721 2814 1870 2883 Heli,

283 2900 794 2959 Lammasabactani:
811 2905 966 2970 Deus,
983 2905 1120 2961 Deus
1131 2923 1293 2974 meus,
1307 2923 1465 2977 quare
1475 2924 1553 2961 me
1562 2907 1876 2978 dereliqttisti

280 2992 502 3062 (Matth.
534 3011 698 3061 xxvu,
722 2994 854 3066 46)?
880 2995 1113 3065 [deoque
1141 2996 1408 3066 provoluti
1439 2997 1661 3066 genibus
1689 3011 1876 3050 exora-

280 3097 402 3136 mus
431 3083 663 3140 humiles
691 3085 831 3142 servi
861 3086 936 3140 tui
966 3094 1208 3140 sanctum
1232 3087 1592 3156 apostolatum
1615 3095 1872 3152 vestrum,

1984 539 2144 592 corda
2171 539 2373 608 jacere.
2405 540 2596 596 Verum
2627 545 2788 598 credo
2817 552 2977 613 atque
2998 543 3238 611 confido,
3268 545 3561 615 perfectum

1984 631 2271 697 agricolam
2296 629 2578 689 Dominum
2608 643 2871 703 nostrum,
2902 637 3138 692 omnium
3166 646 3487 704 creatorem,
3509 638 3560 692 in

1984 723 2129 775 omni
2158 723 2277 776 loco
2305 723 2682 780 dominationis
2729 742 2839 781 suae
2884 728 3080 783 habere
3109 744 3174 782 ac
3217 743 3433 798 semper
3469 730 3564 783 lia-

1983 812 2162 866 buisse
2189 813 2380 882 dignos
2407 816 2727 882 evangelica:
2756 817 2918 885 frugis
2957 820 3262 888 Operarips;
3293 821 3405 889 qui,
3439 821 3562 874 licet

1984 909 2110 957 ante
2139 911 2349 973 tempus
2376 904 2728 961 demessionis
2750 908 3020 962 immunda
3048 911 3251 964 semina
3277 913 3559 980 exstirpari

1984 1009 2090 1048 non
2119 994 2372 1061 debeant,
2402 997 2668 1052 continuis
2707 1006 2886 1053 tamen
2917 1001 3250 1057 orationibus
3275 1016 3337 1056 ac
3365 1002 3558 1070 pracdi—

1982 1083 2282 1141 cationibus
2314 1101 2527 1155 semper
2576 1087 2854 1156 invigilent
2885 1107 2896 1140 :
2930 1088 3002 1142 ita
3046 1097 3187 1144 utet
3223 1089 3331 1153 illa,
3374 1090 3419 1144 si
3447 1089 3558 1143 lieri

1980 1171 2105 1225 dum
2129 1181 2338 1241 tempus
2366 1182 2448 1229 est
2470 1177 2722 1243 potuerit,
2751 1186 3132 1230 convertantur
3157 1186 3212 1231 et
3239 1188 3569 1232 commuten-

1981 1269 2069 1314 tur
2095 1262 2145 1315 in
2174 1263 2405 1320 triticum
2431 1282 2444 1316 :
2474 1273 2565 1318 aut
2593 1274 2738 1319 certe
2776 1282 2884 1320 non
2913 1282 3291 1335 usquequaque
3319 1267 3559 1322 inimicus

1981 1351 2196 1406 humani
2222 1355 2434 1420 generis
2454 1362 2638 1408 tenera
2662 1355 3046 1412 frumentorum
3069 1372 3263 1425 genera
3286 1361 3558 1412 nascentia

1981 1455 2080 1510 per
2130 1441 2483 1498 adulterinum
2535 1445 2990 1500 intermixtionem
3048 1447 3222 1501 valeat
3273 1446 3553 1503 suffocare.

1978 1530 2095 1585 Jam
2125 1533 2298 1598 enim,
2325 1536 2469 1602 quod
2499 1536 2659 1590 etiam
2701 1535 2768 1590 ad
2810 1545 3041 1592 vestram
3080 1539 3322 1593 notitiam
3367 1555 3555 1609 perve-

1980 1623 2122 1678 nisse
2150 1639 2258 1678 non
2286 1624 2472 1680 dubito
2490 1664 2504 1688 ,
2539 1626 2677 1681 intra
2705 1625 2937 1684 Orientis
2966 1637 3144 1698 partes
3162 1669 3176 1693 ,
3208 1630 3297 1684 ubi
3328 1632 3557 1700 primum

1979 1714 2145 1783 pestis
2171 1715 2273 1769 ista
2318 1717 2580 1781 surrexit,
2615 1727 2938 1787 congregata
2977 1719 3208 1786 gloriosa
3242 1721 3446 1790 synodo
3475 1737 3554 1773 sa-

1977 1806 2274 1871 cerdotum,
2316 1809 2402 1864 cui
2432 1809 2593 1863 etiam
2619 1809 2816 1878 legatio
2847 1819 3030 1865 nostra
3072 1826 3177 1866 non
3215 1810 3382 1866 defuit
3413 1824 3462 1879 ε,
3508 1814 3556 1866 in

1977 1896 2243 1951 vestibulo
2271 1912 2392 1952 cum
2413 1914 2510 1952 suo
2534 1907 2754 1953 auctore
2773 1907 2934 1968 atque
2965 1909 3233 1955 assertore
3253 1916 3558 1970 compressa

1979 1995 2036 2041 et
2072 1987 2224 2043 radio
2271 1989 2582 2059 apostolicae
2628 1991 2760 2045 lucis
2797 1992 3061 2047 exstincta
3109 2001 3209 2047 est.
3244 1992 3350 2047 Nec
3378 1994 3558 2048 mirari

1978 2079 2138 2135 debet
2158 2082 2354 2136 caritas
2375 2092 2568 2146 vestra,
2598 2084 2641 2137 si
2663 2085 2827 2138 etiam
2847 2093 2970 2154 post
2989 2084 3385 2141 damnationem
3411 2103 3558 2139 suam

1978 2170 2120 2225 inter
2155 2172 2450 2227 morientes
2477 2174 2692 2243 spiritus
2723 2173 2916 2228 fetidus
2953 2174 3126 2228 adhuc
3154 2173 3312 2229 ﬂatus
3340 2177 3556 2244 asyiret.

1977 2261 2071 2318 Est
2098 2264 2242 2318 enim
2288 2279 2503 2334 semper
2528 2265 2775 2334 pertinax
2816 2265 3192 2320 haereticorum
3221 2268 3459 2328 audacia,
3504 2278 3557 2321 et

1953 2354 2031 2417 in
2061 2369 2157 2409 sua
2198 2355 2340 2410 male
2385 2356 2622 2424 pernicie
2671 2363 2895 2425 urgente
2939 2365 3282 2426 peccatorum
3324 2357 3558 2425 pondere

1976 2456 2302 2516 perseverat.
2336 2447 2490 2514 Quod
2517 2449 2561 2504 si
2586 2447 2819 2502 nondum
2850 2448 3071 2503 forsitan
3101 2449 3444 2516 cognovistis,
3479 2449 3556 2502 fa-

1975 2537 2064 2593 cili
2093 2537 2322 2593 lectione
2343 2538 2586 2608 poteritis
2605 2552 2916 2607 agnoscere.

2046 2628 2108 2684 II.
2151 2628 2406 2695 Quamvis
2434 2629 2597 2699 igitur
2622 2629 2940 2686 Christianis
2968 2638 3025 2686 et
3058 2631 3266 2686 devotis
3291 2631 3556 2685 mentibus

1976 2721 2090 2791 ipsa
2125 2722 2440 2776 universalis
2488 2721 2741 2779 Ecclesiae
2782 2722 3072 2778 auctoritas
3107 2722 3264 2792 plene
3307 2721 3552 2786 sufficiat,

1977 2827 2077 2867 nec
2107 2821 2300 2876 vestra,
2332 2821 2590 2882 quantum
2620 2813 2812 2868 missus
2835 2828 2865 2867 a
2885 2813 3037 2868 vobis
3058 2828 3235 2868 sermo
3256 2813 3552 2883 perdocuit.

1976 2901 2031 2956 in
2052 2903 2157 2958 hac
2181 2918 2339 2958 causa
2375 2903 2553 2958 minor
2577 2902 2821 2958 videatur
2849 2905 3075 2959 assertio
3105 2922 3118 2956 :
3151 2919 3217 2958 ne
3247 2911 3424 2957 tamen
3458 2917 3556 2970 ego

1975 3008 2192 3062 quoque
2220 2994 2466 3063 petitioni
2496 3003 2656 3062 atque
2685 2994 3094 3064 interrogationi
3141 3003 3340 3049 sancta:
3368 3010 3555 3049 neces-

1977 3084 2175 3138 sarium
2214 3085 2398 3139 videar
2437 3100 2635 3154 negare
2681 3101 3018 3156 responsum,
3064 3102 3222 3141 unam
3270 3102 3556 3154 veramque

282 3180 340 3224 ut
371 3171 672 3230 informetis
699 3177 1014 3246 parvitatem
1047 3153 1285 3232 nostram
1315 3177 1368 3230 in
1390 3177 1474 3232 his
1495 3177 1638 3247 quod
1663 3184 1868 3231 rectum
1897 3153 1943 3213 ε
1975 3174 2275 3229 doctrinam
2320 3175 2460 3230 hanc
2506 3153 2624 3231 esse
2667 3153 3012 3244 conﬁtemur,
3045 3193 3205 3249 quam
3251 3153 3555 3245 evangelica

280 3261 448 3318 habet
478 3261 610 3321 fides
637 3267 899 3323 catholica
925 3286 938 3322 :
963 3278 1017 3323 et
1044 3269 1182 3325 detis
1203 3269 1413 3323 veniam
1444 3269 1762 3338 insipientia:
1787 3269 1871 3324 vel

284 3354 570 3424 imperitiae
603 3366 822 3426 nostrae,
846 3360 889 3414 si
911 3359 1038 3429 quid
1057 3375 1156 3430 per
1176 3360 1529 3431 ignorantiam
1552 3359 1867 3419 incedimus.

283 3446 487 3502 Potens
547 3459 630 3505 est
674 3451 933 3508 Dominus
985 3451 1230 3510 Christus
1285 3454 1484 3508 sanctis
1537 3452 1870 3508 orationibus

282 3542 476 3596 vestris
504 3543 657 3596 nobis
678 3545 886 3597 veniam
917 3543 1067 3611 dare,
1101 3560 1168 3600 ne
1194 3544 1542 3600 deveniamus
1571 3546 1623 3600 in
1644 3544 1868 3614 profun-

281 3631 407 3686 dum
436 3632 716 3687 malorum.
749 3631 854 3686 Ora
877 3649 975 3703 pro
1005 3635 1189 3702 nobis,
1221 3634 1437 3689 domine
1467 3645 1670 3699 sancte,
1705 3649 1868 3688 vene,

283 3723 467 3778 rabilis
506 3732 560 3778 et
588 3723 897 3780 beatissime
925 3741 1082 3795 papa.

900 3874 1250 3914 SUBSCBIPTIO.

281 3968 598 4022 Incolumem
621 3968 1060 4023 nenerabilitatem
1082 3979 1226 4023 tuam
1249 3969 1395 4024 nobis
1420 3969 1673 4025 Dominus
1695 3978 1869 4024 noster

351 4038 499 4159 irrisas
529 4041 812 4110 longiorem
833 4050 1113 4104 conservet,
1137 4041 1344 4095 domine
1365 4051 1540 4094 sancte
1565 4058 1626 4094 ac
1655 4056 1865 4095 venera-

388 4129 398 4159 ι
429 4125 471 4159 ιε
503 4127 656 4159 naua.

388 4125 471 4163 tus
501 4127 656 4180 papa.

542 4200 872 4256 EPISTULA
910 4201 951 4256 ll
990 4200 1122 4257 SEU
1162 4201 1600 4258 RESCRIPTUM

597 4330 664 4368 an
699 4329 930 4368 Vinum
965 4329 1034 4368 ετ
1075 4324 1098 4349 ⁸
1139 4298 1527 4368 consnxriuu.

279 4424 362 4480 De
388 4443 494 4480 una
535 4425 728 4481 Christi
755 4429 859 4482 veri
888 4427 986 4481 Dei
1031 4436 1081 4482 et
1127 4428 1349 4481 hominis
1397 4445 1634 4492 persona,
1684 4439 1866 4483 contra

549 4515 725 4552 recens
753 4499 1055 4552 damnatam
1081 4499 1315 4552 haeresim
1346 4496 1394 4550 Ν
1403 4500 1598 4553 estorii.

357 4629 723 4685 Dilectissimis
751 4639 806 4685 et
831 4631 1094 4700 religiosis
1136 4630 1257 4685 filiis
1288 4631 1445 4686 Vitali
1467 4639 1522 4686 et
1548 4631 1864 4688 Constantio

279 4720 573 4791 Capreolus
597 4720 896 4791 episcopus.

351 4812 391 4865 I.
435 4812 670 4882 Sumptis
699 4821 858 4882 atque
883 4814 1133 4882 perlectis
1161 4814 1353 4868 litteris
1377 4815 1588 4879 vestris,
1614 4829 1748 4884 quas
1768 4831 1866 4885 per

278 4903 656 4958 Numinianum
679 4903 982 4972 religiosum
997 4905 1189 4961 virum.
1207 4905 1296 4956 lilii
1319 4904 1668 4970 dilectissimi,
1689 4915 1863 4961 trans-

278 4995 522 5060 misistis,
554 4995 710 5049 saluti
738 5004 790 5049 et
829 4996 1007 5050 studio
1045 5004 1222 5050 vestro
1251 5011 1360 5063 quo
1396 4995 1626 5050 fundatae
1661 5015 1726 5052 ac
1769 5015 1862 5053 vc-

278 5093 439 5140 tustae
467 5087 741 5142 catholicae
763 5085 883 5141 ﬁdei
911 5087 1146 5154 regulam
1175 5086 1468 5140 inviolabili
1492 5087 1688 5157 pietate
1718 5097 1867 5145 tene-

277 5179 350 5232 tis
379 5193 443 5232 ac
467 5178 768 5242 defenditis,
800 5178 1086 5248 plurimum
1113 5179 1426 5245 gratulatus,
1450 5179 1654 5233 adverti
1678 5180 1865 5235 Nesto-

277 5271 486 5324 rianam
539 5271 813 5332 hazresim,
860 5285 1054 5324 novam
1105 5268 1484 5338 infamiamque
1539 5271 1862 5337 perniciem,

277 5362 420 5416 sicut
445 5361 762 5430 quibusdam
801 5361 934 5415 locis
967 5359 1078 5429 jam
1125 5368 1364 5429 coeperat
1411 5360 1694 5429 pullulare,
1723 5364 1863 5430 apud

353 5529 379 5558 ⁸
423 5517 678 5573 Baronius
701 5514 768 5569 ad
796 5532 883 5569 an.
916 5511 1038 5579 451,
1071 5513 1098 5585 §
1125 5513 1195 5567 28
1217 5529 1389 5582 seqq..
1425 5514 1686 5585 integram
1723 5530 1861 5584 pene

278 5591 420 5648 hanc
449 5589 728 5658 epistolam
771 5587 1007 5658 recitat:
1043 5583 1202 5658 atque
1251 5585 1335 5658 hic
1356 5656 1363 5658 _
1384 5585 1524 5658 legit
1556 5583 1812 5658 Tonantio
1845 5603 1860 5639 :

280 5678 400 5733 qua:
421 5655 632 5728 quidem
665 5658 832 5733 lectio
852 5656 1022 5733 magis
1050 5657 1223 5733 placet
1245 5655 1326 5733 vel
1355 5656 1448 5723 ipsi
1474 5655 1866 5733 SirmondpLut

281 5725 569 5804 propterea
600 5729 789 5784 eadem
820 5728 978 5782 lectio
1009 5725 1061 5781 in
1093 5726 1317 5797 cpistola
1357 5727 1635 5795 superiore
1671 5725 1736 5780 ad
1764 5725 1869 5781 Ca-

1975 3271 2123 3319 tenet
2151 3279 2214 3319 ac
2242 3263 2406 3318 tradit
2430 3265 2741 3335 antiquitas.
2774 3265 2830 3320 Id
2858 3275 2940 3322 est
2965 3286 2978 3321 :
3011 3268 3104 3322 Dei
3134 3269 3325 3323 Filium
3343 3311 3358 3336 ,
3387 3269 3554 3323 Deum

1973 3371 2178 3422 verum,
2211 3365 2265 3412 et
2292 3357 2567 3412 hominem
2591 3373 2801 3426 verum,
2831 3359 2988 3413 unius
3035 3375 3256 3428 prorsus
3283 3367 3442 3431 atque
3474 3361 3553 3414 in-

1971 3449 2284 3519 separabilis
2313 3463 2432 3504 esse
2469 3464 2714 3520 personte
2744 3468 2756 3503 :
2790 3465 2890 3505 nec
2927 3451 3066 3506 sicut
3105 3451 3160 3506 in
3187 3451 3305 3505 aliis
3329 3453 3554 3522 patriar-

1972 3543 2102 3607 chls,
2139 3542 2438 3613 prophetis,
2469 3541 2746 3614 apostolis,
2778 3542 3093 3611 caeterisque
3120 3543 3316 3599 sanctis
3335 3553 3390 3598 et
3419 3559 3553 3612 pne-

1971 3635 2282 3690 clarissimis
2322 3635 2450 3691 viris
2493 3635 2751 3690 habitavit
2797 3643 2890 3690 aut
2933 3633 3141 3690 habitat
3180 3634 3340 3700 Dens,
3379 3635 3452 3688 ita
3503 3635 3552 3688 in

1971 3723 2242 3780 Christum
2279 3724 2458 3780 Jesum
2508 3724 2743 3780 divinam
2795 3725 2939 3780 illam
2981 3723 3362 3797 plenitudinem
3407 3724 3554 3779 velut

1971 3817 2307 3871 extrinsecus
2333 3815 2600 3872 credimus
2620 3816 2931 3886 advenisse;
2956 3818 3049 3873 sed
3078 3817 3297 3889 proprio
3322 3815 3553 3885 quodam

1971 3914 2134 3975 atque
2164 3906 2418 3962 ineffabili
2449 3906 2629 3971 modo,
2660 3906 2853 3962 Filium
2881 3908 2978 3964 Dei
3007 3909 3170 3964 etiam
3198 3907 3362 3962 lilium
3390 3907 3554 3961 Ιιιιιιιίο

1971 3997 2054 4050 nis
2084 3996 2280 4050 factum
2310 4015 2322 4048 :
2355 4004 2414 4051 ut
2441 3998 2532 4066 qui
2563 3998 2797 4066 ingenita
2827 3999 3000 4053 Patris
3035 3999 3331 4053 substantia
3366 3999 3552 4065 unige-

1973 4087 2114 4141 nitus
2140 4088 2492 4156 permanebat
2519 4103 2582 4142 ac
2614 4097 2912 4157 permanet,
2943 4089 3261 4143 mirabiliter
3303 4096 3552 4156 suscepto

1970 4177 2212 4243 homine,
2242 4177 2394 4232 fieret
2419 4178 2794 4248 primogenitus
2820 4180 2873 4232 in
2904 4178 3076 4232 multis
3107 4178 3352 4249 fratribus
3377 4177 3552 4245 (Rom.

1972 4284 2082 4333 vm,
2117 4267 2206 4337 29)
2240 4287 2251 4320 :
2281 4276 2335 4322 et
2357 4267 2447 4336 qui
2478 4278 2589 4321 erat
2616 4269 2670 4321 in
2698 4270 2953 4337 principio
2984 4267 3224 4330 Verbum,
3248 4279 3297 4321 et
3335 4269 3553 4323 Verbum

1970 4367 2082 4412 erat
2110 4357 2249 4429 apud
2285 4357 2469 4425 Deum,
2498 4367 2545 4411 et
2571 4355 2714 4411 Deus
2745 4365 2857 4411 erat
2901 4356 3143 4422 Verbum,
3190 4358 3404 4412 l'erbnm
3431 4377 3554 4412 mro

1970 4449 2122 4518 fieret
2163 4459 2214 4503 et
2260 4449 2516 4504 habitaret
2561 4447 2615 4502 in
2645 4446 2791 4502 nobis
2825 4445 3000 4517 (Joan.
3048 4464 3082 4512 ι,
3121 4446 3165 4510 l,
3201 4446 3306 4514 l4).
3343 4447 3419 4501 Ex
3448 4467 3554 4516 (μω

1894 4530 1944 4590 Ι)
1970 4541 2132 4611 igitur
2157 4541 2452 4612 mysterium
2474 4539 2609 4606 quod
2629 4537 2985 4594 absconditum
3008 4539 3106 4609 {nit
3131 4557 3162 4591 a
3183 4539 3382 4592 swenlis
3418 4537 3550 4606 (Col.

1970 4650 2007 4699 ι,
2039 4632 2129 4702 26)
2160 4633 2214 4688 in
2245 4633 2376 4697 Deo,
2408 4631 2572 4702 cmpit
2615 4647 2712 4701 per
2751 4631 2999 4700 angelum
3037 4629 3090 4683 in
3138 4639 3290 4684 utero
3337 4630 3555 4698 virginis

1970 4725 2205 4794 operari,
2236 4734 2396 4794 atque
2425 4724 2478 4778 in
2507 4739 2570 4779 ea
2599 4731 2815 4778 sanctus
2857 4722 3086 4792 Spiritus
3126 4723 3456 4790 supervenit,
3503 4731 3556 4777 et

1970 4816 2048 4870 illi
2074 4817 2244 4871 virtus
2271 4815 2528 4871 Altissimi
2557 4815 2893 4870 obumbravit
2928 4813 3079 4885 (Luc.
3108 4831 3157 4882 ι,
3187 4811 3308 4883 55);
3338 4815 3476 4870 Deus
3503 4817 3554 4870 in

1971 4907 2188 4962 homine
2216 4907 2363 4962 nasci
2392 4906 2636 4975 dignatus
2664 4915 2764 4971 est,
2795 4906 2886 4974 qui
2916 4921 3129 4975 semper
3151 4915 3287 4972 erat,
3311 4915 3370 4960 ut
3395 4906 3555 4961 homo

1973 5008 2312 5064 nasceretur,
2353 4997 2526 5066 qualis
2575 5004 2698 5051 ante
2741 5013 2846 5051 non
2891 4997 3080 5050 fuerat.
3115 4995 3216 5062 Qui
3255 4999 3394 5052 cnim
3437 4997 3552 5052 sine

1969 5099 2143 5146 matre
2174 5090 2223 5144 in
2255 5088 2403 5143 cmlis
2431 5096 2629 5142 :eterne
2657 5088 2883 5156 genitus,
2911 5088 3024 5157 ipse
3052 5089 3102 5141 in
3137 5091 3292 5150 terris
3321 5089 3433 5143 sine
3458 5106 3555 5158 pa-

1971 5191 2054 5236 tre
2080 5182 2132 5235 in
2176 5188 2330 5234 utero
2361 5179 2582 5247 virginis
2610 5177 2776 5232 homo
2804 5177 2870 5233 de
2903 5178 3105 5248 Spiritu
3134 5189 3321 5234 sant-to
3347 5190 3556 5234 creatus

1971 5280 2070 5328 est.
2107 5271 2172 5326 Et
2200 5270 2320 5325 ideo
2363 5271 2414 5324 in
2456 5269 2679 5325 Christo
2708 5269 2836 5324 Jesn
2885 5270 3123 5341 separari
3170 5271 3249 5323 vel
3294 5269 3556 5323 subdividi

1971 5363 2067 5418 Dei
2098 5361 2436 5430 hominisque
2474 5360 2621 5414 nullo
2665 5359 2829 5415 modo
2857 5362 3125 5416 credimus
3164 5375 3319 5428 posse
3367 5375 3554 5426 pcxso-

1970 5516 2212 5587 precium
2239 5515 2418 5587 missa,
2451 5514 2777 5587 restituenda
2811 5515 3035 5587 videtur.

2040 5586 2067 5623 ι’
2110 5585 2415 5654 Legendum
2446 5585 2670 5648 videtur,
2703 5585 3071 5655 imperitorum.

2047 5667 2068 5695 ε
2110 5657 2406 5725 (lapreolus
2427 5656 2646 5722 digitum
2674 5655 2898 5707 intendit
2927 5654 2988 5725 ad
3019 5654 3296 5725 epistolam
3329 5654 3557 5709 conicilin

1974 5723 2247 5798 Ephesino
2279 5728 2606 5796 inscriptam,
2632 5726 2874 5796 superius
2897 5723 3069 5788 primo
3095 5724 3212 5782 loco
3243 5725 3487 5782 relatam.
