3946 6182
476 309 569 364 831

1626 317 1710 373 CA
1721 317 1956 373 PREOLl
1997 317 2584 377 CARTIIAGISENSIS
3238 342 3260 360 ί
3620 324 3708 380 85!

475 443 594 499 nam
632 446 643 480 :
678 444 744 485 ne
771 445 877 485 non
910 429 1020 500 jam
1052 430 1100 485 in
1126 430 1401 487 divinitate
1426 429 1677 501 Trinitas,
1706 431 1800 487 sed
1827 438 2052 504 quater-
2080 436 2131 495 Α
2159 433 2350 502 tingit?
2372 433 2552 493 Times
2578 431 2777 488 includi
2807 432 3163 491 immensum?
3198 434 3369 494 teneri
3396 433 3706 506 omnipoten-

475 519 613 575 nitas
642 530 969 576 numeretur.

541 607 627 663 lll.
669 609 865 665 Beatus
910 613 1185 683 apostolus
1228 611 1425 667 Paulus
1469 612 1594 668 dum
1643 613 1713 667 ad
1748 612 2053 668 emendum

468 707 705 754 veterem
735 700 1008 757 hominem
1044 712 1100 759 et
1128 703 1451 759 induendum
1484 719 1681 760 novum
1726 704 1908 759 lideles
1958 720 2054 759 ex-

472 792 778 847 hortaretur
809 811 821 847 :
857 793 1087 863 Primus,
1119 796 1309 865 inquit,
1350 796 1503 851 homo
1528 797 1593 851 de
1621 807 1759 851 terra
1797 807 2049 865 terrenus,

464 882 715 937 secundus
744 884 895 940 homo
926 885 989 939 de
1008 887 1134 941 calo
1162 887 1379 941 caelestis
1405 903 1422 941 :
1446 876 1613 958 qualis
1636 896 1886 955 terrenus,
1917 888 2046 943 tales

461 981 509 1023 et
535 975 757 1037 terreni;
786 982 836 1027 ct
862 976 1031 1046 quatis
1059 976 1305 1041 celestis,
1346 977 1477 1030 tales
1523 985 1573 1031 et
1609 976 1833 1031 calestes
1863 993 1881 1030 :
1921 994 2051 1049 quo-

461 1063 612 1119 modo
632 1068 950 1135 portavimus
978 1068 1256 1139 imaginem
1284 1069 1496 1137 terreni,
1522 1075 1783 1139 portemus
1820 1077 1872 1123 et
1907 1070 2044 1122 ima-

460 1157 627 1225 ginem
654 1156 766 1226 ejus
793 1159 878 1229 qui
916 1157 978 1211 de
1005 1158 1129 1212 ctelo
1170 1167 1246 1212 est
1283 1157 1340 1230 (1
1365 1156 1484 1213 Cor.
1516 1175 1607 1226 xv,
1650 1156 1859 1226 47-49).
1894 1157 2047 1228 Rogo

461 1247 662 1310 dicant,
695 1248 969 1316 quomodo
997 1257 1080 1303 est
1126 1249 1288 1305 homo
1334 1250 1434 1304 iste
1460 1249 1529 1305 de
1555 1248 1712 1314 caelo,
1743 1249 1788 1304 si
1818 1263 1924 1305 non
1963 1257 2044 1305 est

462 1339 600 1395 Deus
628 1350 926 1414 conc-aptus
957 1342 1009 1396 in
1040 1343 1234 1397 utero?
1264 1350 1355 1396 aut
1388 1358 1506 1412 qua:
1532 1342 1786 1398 discretio
1813 1349 1898 1398 est
1923 1357 2045 1398 car»

458 1431 539 1485 nis
559 1438 614 1485 et
642 1418 915 1504 sanguinis
944 1433 996 1487 in
1028 1433 1247 1487 homine
1274 1433 1463 1503 Adam,
1488 1443 1540 1489 et
1570 1434 1622 1488 in
1653 1434 1871 1489 homine
1898 1434 2048 1489 Chri-

454 1530 560 1587 sto,
589 1521 633 1577 si
665 1539 769 1577 non
800 1523 963 1578 homo
993 1524 1095 1579 iste
1125 1524 1313 1593 plenus
1335 1532 1416 1578 est
1443 1525 1593 1580 Deo?
1618 1525 1756 1592 Quid
1778 1526 1921 1580 enim
1943 1526 2042 1580 sibi

456 1615 569 1681 vult
597 1613 865 1669 secundus
904 1615 1067 1670 homo
1113 1615 1180 1669 de
1208 1615 1385 1671 οωιοῖ
1412 1614 1659 1685 Nunquid
1700 1631 1828 1669 caro
1868 1622 2045 1669 trans-

457 1706 622 1776 missa
644 1707 937 1770 descendit,
969 1723 1031 1763 ac
1073 1724 1201 1771 non,
1230 1708 1369 1762 sicut
1393 1707 1649 1778 scriptum
1678 1715 1781 1773 est,
1810 1706 2043 1777 Spiritus

2157 534 2266 582 tem
2281 528 2306 580 ?
2328 526 2582 583 abscondi
2614 527 2918 596 ubicunque
2943 526 3232 584 dillusum?
3256 528 3565 593 Resolvere,
3591 529 3713 585 sicut

2152 620 2408 689 scriptum
2432 626 2536 678 est.
2565 618 2856 675 inferorum
2892 620 3300 689 parturitiones,
3334 621 3390 676 in
3416 621 3605 690 quibus
3632 638 3709 675 vo-

2152 710 2251 764 luit
2287 721 2344 764 et
2369 710 2602 779 qualiter
2627 711 2797 766 voluit
2822 726 3002 766 rerum
3027 704 3302 775 Dominus,
3332 712 3521 779 subjici
3544 711 3715 781 hujus-

2154 798 2295 853 modi
2324 801 2620 856 conditioni
2662 816 2769 856 non
2809 801 2983 871 potuit
3014 802 3149 874 (Act.
3199 818 3263 868 n,
3291 800 3405 870 24).
3448 800 3578 861 Audi
3606 817 3713 855 eum

2151 897 2277 944 ante
2303 899 2385 945 tot
2409 905 2674 945 annorum
2703 891 2890 956 millia,
2927 891 3053 947 dum
3080 893 3240 946 beato
3265 890 3370 946 Job
3409 891 3710 945 mirabilium

2149 995 2368 1035 suorum
2398 996 2562 1051 opera
2592 995 2691 1051 per
2713 982 2913 1037 nubem
2942 981 3091 1035 velut
3129 981 3515 1051 improperanti
3542 982 3711 1036 similis

2150 1073 2485 1142 praedicaret,
2517 1073 2623 1128 hoc
2652 1088 2867 1142 quoque
2907 1073 3054 1128 inter
3079 1072 3392 1127 innumeras
3429 1072 3511 1127 sui
3539 1080 3712 1141 poten-

2147 1162 2251 1218 tias
2278 1164 2640 1218 eumulantem
2665 1182 2678 1216 :
2711 1162 2964 1235 Nunquid
2987 1172 3041 1217 tu
3069 1162 3325 1217 abstulisti
3355 1165 3527 1234 impiis
3546 1165 3707 1225 lucem,

2148 1260 2237 1304 aut
2264 1250 2529 1305 brachium
2566 1252 2899 1320 superborum
2924 1252 3307 1306 comminuisti.’
3334 1261 3427 1306 aut
3456 1253 3626 1306 tenisti
3652 1254 3709 1304 ad

2146 1342 2277 1412 ﬁnes
2318 1343 2515 1397 maris?
2559 1351 2650 1396 aut
2695 1345 2749 1397 in
2789 1345 3015 1414 vestigiis
3063 1343 3235 1415 abyssi
3273 1344 3587 1399 ambulasti.’
3633 1358 3707 1398 aut

2147 1433 2262 1498 tibi,
2291 1433 2481 1502 inquit,
2514 1436 2809 1504 aperientur
2829 1443 2965 1489 metu
2995 1446 3157 1507 parte
3188 1438 3392 1502 mortis,
3424 1446 3510 1489 aut
3527 1438 3707 1507 janifo~

2144 1541 2227 1580 res
2253 1525 2445 1596 inferni
2468 1526 2695 1580 videntes
2742 1537 2790 1580 te
2827 1529 3147 1582 timuerunt?
3172 1537 3263 1581 aut
3301 1530 3578 1600 cognovisti
3603 1529 3705 1582 luti-

2146 1618 2373 1672 tudinem
2413 1618 2505 1671 sub
2545 1617 2671 1672 caelo
2703 1617 2822 1689 (Job
2849 1634 3080 1682 sumi,
3132 1617 3324 1684 1548,
3366 1636 3470 1673 sec.
3521 1617 3707 1685 LXX)?

2145 1705 2201 1761 Si
2223 1705 2399 1762 Patris
2421 1707 2538 1763 haec
2560 1724 2662 1763 vox
2691 1716 2792 1773 est,
2825 1709 2958 1764 nihil
2986 1723 3115 1777 ergo
3142 1718 3227 1764 est
3245 1710 3597 1779 omnipotenti
3615 1709 3704 1764 dil-

455 1806 671 1853 sanctus
717 1798 773 1852 in
818 1798 1080 1867 virginem
1126 1799 1472 1868 supervenit?
1509 1797 1614 1854 Sed
1644 1798 1770 1870 quia
1822 1797 2043 1853 Verbum
2079 1792 2119 1849 Β
2147 1793 2306 1858 ﬁcile,
2336 1797 2591 1866 quoniam
2613 1797 2810 1866 ubique
2835 1806 2937 1865 est,
2960 1812 3221 1868 nusquam
3242 1814 3353 1853 non
3375 1806 3476 1852 est.
3503 1798 3703 1865 Quando

454 1906 575 1947 caro
603 1890 799 1961 factum
824 1898 900 1944 est
930 1889 1105 1957 (Joan.
1134 1906 1169 1953 ι,
1202 1888 1315 1961 14),
1345 1890 1467 1945 ideo
1494 1890 1727 1944 caelestis
1752 1890 1917 1945 homo
1941 1904 2037 1959 ap-

456 1980 683 2048 pellatus
724 1988 825 2035 est.
858 1979 968 2035 Nec
993 1988 1278 2051 propterea
1324 1995 1539 2035 carnem
1578 1996 1761 2035 veram
1792 1996 1898 2035 non
1939 1982 2039 2036 ha-

455 2069 591 2139 buit,
620 2071 742 2141 q,tia
773 2072 839 2126 de
871 2070 1009 2126 cmlo
1034 2070 1341 2137 descendit;
1372 2071 1495 2142 quia
1526 2086 1742 2127 carnem
1773 2068 1914 2127 Deus
1943 2087 2038 2127 ae-

453 2162 616 2232 cepit.
649 2161 840 2217 Merito
869 2162 935 2218 de
962 2178 1022 2218 se
1052 2162 1168 2232 ipso
1200 2163 1339 2217 idem
1369 2163 1626 2218 Dominus
1652 2163 1788 2220 dixit
1818 2182 1831 2217 :
1869 2163 2038 2220 Nemo

451 2253 686 2309 ascendit
727 2255 781 2309 in
807 2255 1011 2321 calum,
1043 2256 1143 2311 nisi
1173 2255 1262 2327 qui
1303 2254 1368 2310 de
1413 2257 1539 2310 caelo
1584 2256 1864 2322 descendit,
1896 2258 2038 2329 [ilius

452 2347 675 2403 hominis
698 2349 786 2420 qui
814 2355 891 2403 est
930 2350 984 2402 in
1013 2349 1140 2404 cmlo
1171 2338 1350 2421 (John.
1400 2364 1487 2416 tn,
1538 2348 1646 2420 l5).
1677 2348 1836 2404 Certe
1864 2349 2038 2406 adhuc

451 2440 768 2509 loquebatur
797 2440 848 2494 in
898 2448 1058 2507 terra,
1091 2457 1191 2496 nec
1220 2440 1287 2495 ad
1336 2439 1550 2495 Patrem
1592 2451 1713 2511 post
1756 2443 2034 2498 victoriam

453 2529 719 2598 passionis
765 2538 820 2585 et
857 2531 1082 2598 gloriam
1130 2532 1540 2588 resurrectionis
1580 2532 1937 2589 ascenderat:
1980 2543 2038 2590 et

449 2627 629 2689 tamen
660 2618 822 2674 lilium
853 2619 1086 2676 hominis
1110 2619 1220 2689 jam
1251 2621 1304 2676 in
1333 2622 1469 2677 cmlo
1495 2637 1614 2677 esse
1658 2622 1889 2679 dicebat.
1919 2621 2035 2681 Hoc

450 2711 635 2779 utique
664 2710 809 2764 omni
839 2712 1066 2766 veritate
1107 2712 1417 2779 testilicans,
1447 2713 1569 2783 quia
1601 2721 1656 2769 et
1683 2723 1904 2785 propter
1931 2715 2034 2770 ho-

447 2802 645 2855 minen
676 2800 815 2856 Deus
836 2804 1255 2858 convcrsabatur
1277 2804 1328 2857 in
1354 2800 1533 2873 terra:
1546 2814 1597 2860 et
1621 2814 1840 2878 propter
1864 2806 2031 2863 Deum

448 2891 609 2945 homo
637 2891 911 2946 habitabat
938 2892 989 2947 in
1022 2894 1178 2948 cmlo.
1206 2893 1362 2950 Unde
1390 2896 1551 2951 etiam
1577 2896 1865 2967 Apostolus
1889 2916 1902 2951 :
1930 2896 2031 2963 Qui

447 2980 729 3047 descendit,
762 2982 957 3052 inquit,
988 2983 1099 3054 ipse
1129 2994 1205 3039 est
1231 2996 1280 3039 et
1307 2988 1392 3055 qui
1421 2987 1655 3042 ascendit
1679 3006 1833 3060 super
1856 3007 2032 3047 omnes

444 3070 619 3135 caelos,
648 3080 705 3124 ut
732 3072 1036 3144 adimpleret
1062 3078 1237 3130 omnia
1261 3076 1474 3149 (Ephes.
1498 3095 1569 3146 tv,
1593 3078 1703 3151 10).
1727 3080 1859 3137 Item
1880 3082 2026 3147 alibi.

2143 1886 2194 1940 ei
2224 1886 2384 1943 etiam
2413 1887 2674 1956 propheta
2703 1903 2771 1942 ex
2814 1903 3043 1957 persona
3080 1887 3358 1958 cujusdam
3407 1888 3533 1944 dicit
3564 1907 3574 1941 :
3607 1886 3701 1951 Qic

2141 1977 2225 2033 ibo
2252 1996 2284 2031 α
2305 1980 2488 2048 spiritu
2518 1987 2626 2045 tuo,
2655 1990 2705 2033 et
2732 1996 2766 2034 a
2796 1982 2931 2051 facie
2960 1990 3047 2034 tua
3073 1997 3172 2052 quo
3202 1983 3403 2053 fugiam
3425 1982 3449 2033 .’
3468 1984 3512 2037 si
3545 1999 3702 2034 ascen-

2142 2070 2266 2124 dere
2291 2072 2343 2124 in
2370 2071 2575 2138 calum,
2611 2080 2664 2125 tu
2694 2071 2763 2126 ibi
2792 2087 2877 2136 es;
2904 2073 2950 2126 si
2986 2071 3297 2128 descendere
3342 2075 3396 2127 in
3440 2074 3698 2143 infernum,

2141 2159 2264 2214 ades
2295 2159 2464 2231 (Psal.
2498 2176 2749 2227 cxxxvtn,
2774 2162 2825 2229 7,
2857 2161 2935 2231 8).
2962 2161 3079 2217 Hoc
3103 2164 3325 2218 omnino
3352 2163 3629 2219 testiticans
3648 2178 3701 2216 ac

2139 2254 2554 2321 demonstrans,
2611 2253 2784 2310 Deum
2841 2254 2993 2325 cujus
3046 2255 3331 2324 majestate
3386 2256 3540 2326 plena
3592 2260 3701 2308 sunt

2140 2346 2340 2412 omnia,
2371 2346 2604 2415 quodam
2634 2346 3165 2417 incomprehensibilis
3191 2348 3379 2416 utique
3408 2354 3463 2401 et
3490 2345 3697 2414 inexpli-

2138 2438 2295 2493 cabili
2331 2437 2492 2493 modo
2518 2438 2679 2493 etiam
2723 2437 2906 2492 inferis
2936 2438 3216 2494 interesse.
3246 2438 3303 2491 Si
3337 2446 3534 2501 autem,
3573 2432 3696 2504 quod

2138 2529 2308 2598 magis
2328 2528 2610 2599 probabile
2638 2536 2740 2594 est,
2770 2529 2824 2584 in
2865 2529 2951 2584 bis
2978 2537 3098 2599 quze
3128 2529 3195 2583 de
3222 2544 3292 2583 eo
3322 2536 3471 2583 tanto
3499 2536 3613 2583 ante
3647 2528 3690 2579 in

2136 2621 2419 2693 prophetia
2440 2621 2692 2691 praedicta
2722 2629 2865 2688 sunt,
2896 2630 2952 2677 et
2980 2618 3196 2692 impleta
3217 2621 3341 2675 Filii
3368 2620 3460 2675 Dei
3483 2635 3579 2673 vos
3602 2626 3691 2683 cst,

2136 2714 2391 2783 quoniam
2419 2731 2512 2782 per
2538 2715 2707 2780 ipsum
2734 2715 2876 2785 facta
2913 2722 3032 2767 sunt
3054 2714 3252 2773 omnia,
3286 2722 3335 2766 et
3357 2712 3469 2766 sine
3494 2712 3597 2779 ipso
3622 2709 3690 2779 {a-

2135 2815 2273 2860 ctum
2310 2813 2387 2858 est
2412 2804 2545 2860 nihil
2579 2803 2760 2874 (Joan.
2791 2820 2838 2869 ι,
2865 2800 2921 2875 3)
2967 2823 2979 2858 :
3022 2805 3215 2875 ipsein
3266 2803 3484 2858 homine
3509 2809 3584 2854 est
3624 2797 3689 2849 vi-

2133 2897 2299 2952 sitare
2342 2894 2633 2955 inferorum
2678 2895 2928 2965 dignatus
2980 2896 3261 2957 obstritsa,
3296 2901 3352 2949 et
3401 2888 3688 2962 pn‘cpositns

2136 2988 2323 3042 mortis
2343 2987 2629 3056 pmseptia
2647 2986 2863 3051 invicta:
2882 2985 3180 3055 majestatis
3206 2984 3490 3045 exterruit,
3514 2989 3563 3035 et
3586 2992 3686 3047 pro-

2134 3089 2256 3151 pter
2295 3074 2601 3137 liberandus
2626 3091 2763 3149 quos
2791 3064 2981 3149 voluit,
3008 3078 3301 3135 inferorum
3350 3085 3527 3149 portas
3556 3087 3683 3128 rese-

444 3176 564 3215 cum
593 3160 661 3217 de
701 3163 880 3219 carnis
925 3180 1033 3221 sure
1074 3165 1195 3221 cibo
1224 3174 1279 3222 et
1306 3176 1435 3239 potu
1463 3171 1738 3240 sanguinis
1780 3170 2031 3230 Salvator
2054 3164 2102 3227 C
2138 3173 2241 3227 rari
2266 3173 2536 3244 prtecepit.

445 3250 559 3319 ipse
585 3253 807 3323 mystice
836 3253 1179 3325 loqueretur,
1207 3259 1382 3315 sciens
1421 3259 1567 3330 quod
1594 3261 1783 3319 odensi
1829 3279 1896 3320 es
1924 3266 2028 3322 hoc

444 3340 560 3407 ejus
583 3340 828 3413 discipuli
876 3357 1273 3403 murmurarent
1317 3349 1556 3407 dicentes
1585 3370 1599 3406 :
1638 3353 1808 3410 Durus
1834 3363 1912 3410 est
1944 3357 2027 3411 hic

443 3449 629 3496 sermo.
657 3436 772 3506 quis
798 3444 964 3507 potest
991 3455 1104 3493 eum
1133 3439 1315 3495 audire
1338 3440 1516 3514 (Joan.
1549 3461 1618 3507 γι,
1642 3445 1771 3519 (il)?
1798 3446 1876 3502 sic
1902 3448 1980 3502 ait
2009 3466 2022 3501 :

444 3522 558 3579 lfoc
583 3541 672 3580 ros
700 3525 1062 3583 scandaliitat?
1092 3528 1154 3585 Si
1178 3548 1302 3603 ergo
1339 3533 1571 3589 uideritis
1597 3535 1764 3604 filium
1803 3537 2025 3592 hominis

440 3618 801 3674 ascendentem
841 3619 927 3675 ubi
965 3632 1078 3677 erat
1116 3626 1263 3696 prius
1292 3624 1480 3695 (Ibid.,
1517 3626 1649 3696 65)?
1674 3627 1814 3686 Ecce
1838 3638 1894 3685 et
1939 3631 2025 3686 hic

439 3708 716 3765 advertitis
744 3708 1191 3781 quemadmodum
1212 3724 1434 3787 pr0pter
1453 3704 1712 3774 unitatem
1733 3719 1830 3776 Dei
1851 3723 2023 3778 homi-

440 3802 629 3874 nisque
656 3818 916 3873 personar,
949 3805 1116 3861 lilium
1144 3806 1378 3865 hominis
1404 3810 1493 3865 ubi
1522 3818 1638 3866 erat
1664 3812 1813 3882 prius
1840 3815 2022 3884 perhi-

439 3893 529 3949 bet
558 3909 927 3961 escensurum,
957 3912 1118 3967 quem
1147 3897 1200 3953 in
1229 3907 1383 3956 utero
1412 3901 1629 3970 virginis
1662 3910 1874 3959 constat
1901 3919 2020 3961 esse

438 3983 747 4057 formatum,
780 3995 838 4042 ut
865 4004 931 4045 ex
975 4004 1041 4045 eo
1081 3989 1329 4047 humana:
1376 3993 1667 4050 nativitatis
1705 3997 2020 4068 sumpsisset

437 4079 776 4149 principium.

442 4166 447 4171 ”
504 4168 591 4224 IV.
626 4171 794 4225 Nemo
826 4173 1004 4242 itaque
1031 4174 1294 4245 sacrilego
1320 4178 1506 4253 spiritu
1536 4178 1731 4234 audeat
1765 4196 2017 4252 separare

432 4261 575 4329 quod
606 4262 829 4317 videtin
871 4264 1009 4319 cmlo
1039 4272 1093 4319 et
1136 4264 1190 4319 in
1231 4273 1375 4321 terra
1423 4269 1625 4323 unitate
1672 4270 2015 4340 inseparabili

433 4367 771 4422 permanere.
828 4352 980 4409 Sicut
1030 4355 1174 4410 enim
1226 4357 1294 4429 ab
1348 4358 1737 4429 omnipotentia
1792 4359 2016 4415 Deitatis

431 4440 593 4497 homo
619 4440 865 4499 Christus
891 4443 1046 4501 Iesus
1083 4461 1203 4502 esse
1231 4463 1338 4502 non
1375 4457 1556 4519 potest
1582 4449 1827 4517 alienus;
1858 4450 1930 4506 ita
1959 4460 2015 4507 et

2206 3265 2271 3319 V.
2313 3265 2389 3320 De
2417 3266 2534 3335 ipso
2558 3264 2819 3334 siquidem
2848 3261 3081 3320 Joannes
3109 3263 3389 3334 apostolus
3419 3262 3470 3315 in
3500 3261 3678 3327 Apocao

2131 3357 2266 3429 lypsi
2293 3357 2371 3412 sic
2400 3357 2671 3427 loquitur:
2702 3356 2885 3414 Posuit
2914 3373 3122 3412 manum
3144 3356 3417 3410 dexterum
3444 3368 3583 3423 super
3615 3363 3679 3400 me

2127 3450 2303 3503 dicens
2333 3464 2351 3503 :
2382 3446 2510 3504 Noli
2535 3450 2716 3503 timere
2737 3465 2755 3502 :
2784 3465 2878 3520 ego
2918 3464 3031 3503 sunt
3066 3449 3261 3517 primus
3290 3457 3341 3500 et
3369 3445 3675 3507 novissimus:

2126 3550 2175 3593 et
2203 3540 2391 3608 vivens,
2419 3539 2507 3612 qui
2530 3540 2730 3611 fueram
2770 3548 3030 3602 mortuus;
3059 3546 3107 3592 et
3129 3554 3244 3592 ecce
3283 3555 3397 3591 sum
3444 3537 3598 3591 virens
3631 3531 3674 3582 is

2126 3631 2315 3685 secula
2342 3629 2647 3685 saeculorum
2672 3646 2688 3683 :
2710 3637 2759 3683 et
2790 3628 2950 3684 habeo
2986 3629 3175 3683 clavem
3210 3630 3396 3683 mortis
3421 3636 3469 3685 et
3505 3626 3672 3695 infera-

2124 3737 2239 3775 rnm
2266 3721 2448 3792 (Apoc.
2480 3737 2515 3787 ι,
2547 3720 2636 3788 l7,
2666 3720 2774 3789 l8).
2808 3719 3035 3791 Propter
3069 3720 3329 3775 deitatem
3366 3720 3556 3790 quippe
3582 3714 3673 3784 pri-

2122 3827 2263 3880 mus,
2292 3812 2546 3881 quoniam
2592 3812 2899 3883 principium
2930 3818 3013 3866 est
3049 3810 3185 3883 quod
3211 3821 3261 3864 et
3297 3811 3516 3881 loquitur
3547 3800 3671 3859 nobis

2125 3899 2302 3973 (Joan.
2334 3917 2447 3967 vni,
2476 3897 2568 3972 25)
2602 3919 2614 3953 :
2646 3909 2870 3971 propter
2898 3900 3281 3954 humanitatem
3315 3915 3442 3954 vero
3470 3894 3667 3951 novissio

2120 4007 2259 4063 mus,
2292 3991 2417 4060 quia
2460 3991 2734 4061 suscipere
2779 4003 2991 4043 crucem
3028 4002 3137 4043 non
3169 3987 3487 4056 dedignatus
3509 3992 3585 4040 est
3621 3988 3667 4035 et

2121 4094 2349 4138 mortem
2388 4100 2487 4153 pro
2527 4083 2698 4136 nobis.
2729 4079 2797 4135 Et
2842 4080 2966 4135 ideo
3009 4079 3095 4135 cui
3125 4080 3178 4134 in
3223 4078 3507 4133 Divinitate
3548 4072 3662 4129 nuda
3722 4090 3726 4095 ’

2120 4184 2244 4230 sunt
2272 4176 2450 4230 omnia
2480 4181 2864 4236 creaturarum,
2896 4171 3058 4225 etiam
3090 4170 3143 4223 in
3183 4170 3401 4225 homine
3445 4172 3663 4234 suscepto

2118 4267 2281 4322 habet
2300 4266 2479 4321 claves
2506 4263 2697 4319 mortis
2725 4270 2780 4317 et
2805 4260 3116 4317 inferorum.
3150 4258 3379 4316 Tantum
3410 4259 3559 4328 igitur
3579 4255 3661 4308 ab-

2117 4364 2221 4425 est,
2250 4355 2418 4410 Deum
2447 4354 2543 4409 Dei
2565 4352 2775 4415 Filium,
2808 4351 3295 4408 incommutabilem
3317 4359 3474 4419 atque
3494 4348 3663 4401 incum»

2117 4446 2549 4519 prehensibilem,
2576 4445 2643 4499 ab
2688 4441 2872 4498 inferis
2911 4442 3152 4513 potuisse
3178 4441 3458 4506 concludi;
3484 4444 3537 4493 ut
3576 4447 3659 4489 nec

429 4533 496 4586 ab
525 4531 609 4586 his
645 4547 765 4604 quae
814 4533 866 4588 in
915 4533 1188 4591 hominem
1233 4536 1321 4592 vel
1362 4526 1505 4594 circa
1545 4538 1817 4595 hominem
1860 4549 2011 4609 gesta
2043 4532 2094 4593 D
2118 4539 2287 4610 ipsam
2314 4536 2693 4607 assumptionis
2720 4535 2953 4589 animam
2978 4533 3279 4599 credamus,
3322 4541 3414 4588 aut
3438 4527 3657 4586 exitiabi-

388 4635 395 4641 ‘
428 4631 572 4689 sunt,
604 4624 843 4695 separari
874 4641 982 4682 non
1012 4634 1191 4697 potest
1213 4627 1373 4683 Deus.
1407 4628 1571 4685 Natus
1591 4643 1721 4699 ergo
1743 4640 1825 4687 est
1846 4631 2011 4687 homo

426 4715 516 4783 qui
549 4716 785 4789 nondum
815 4715 1007 4785 fuerat,
1039 4719 1164 4789 quia
1203 4718 1423 4775 Verbum
1453 4738 1576 4777 caro
1604 4724 1800 4796 factum
1826 4733 1921 4791 est,
1962 4734 2012 4778 et

424 4805 731 4862 inhabitavit
758 4809 810 4862 in
840 4808 987 4865 nobis
1012 4809 1190 4882 (Joan.
1218 4828 1255 4877 ι,
1294 4808 1401 4882 Η).
1433 4810 1603 4869 Simili
1634 4815 1793 4870 modo
1821 4829 2012 4885 passus

429 4907 508 4952 cst
530 4898 875 4969 impassibilis
891 4916 991 4972 per
1016 4903 1326 4973 passibilem
1356 4919 1516 4973 quem
1543 4905 1794 4977 suscepit,
1820 4914 1876 4961 et
1904 4906 2005 4961 im-

422 4991 666 5048 mortalis
693 5003 936 5051 mortuus
963 5005 1064 5061 est,
1092 5004 1145 5049 et
1165 4997 1257 5065 qui
1285 5012 1558 5068 nunquam
1582 4998 1810 5053 moritur
1829 5014 2008 5054 resur-

426 5084 582 5139 rexit.
613 5082 798 5154 Neque
827 5086 968 5140 enim
1000 5087 1082 5142 vel
1112 5086 1165 5156 in
1196 5088 1447 5157 passione
1476 5086 1646 5143 defuit
1687 5089 1765 5144 illi
1802 5090 2005 5146 homini

426 5178 564 5235 licus
596 5194 610 5230 :
641 5177 879 5251 alioquin
902 5193 1008 5232 non
1035 5185 1121 5235 est
1144 5177 1402 5235 Dominus
1421 5180 1603 5249 gloria:
1635 5181 1924 5238 crueilixus
1951 5181 2009 5253 (I

422 5267 541 5322 (lor.
577 5285 643 5337 ιι,
673 5267 751 5340 8).
794 5268 874 5323 An
921 5267 1147 5343 dicimus
1175 5269 1342 5341 Deum
1392 5272 1444 5326 in
1490 5280 1745 5343 suscepto
1788 5273 2008 5329 homine

421 5361 581 5415 ctiam
608 5360 751 5431 apud
780 5360 979 5418 inferos
1007 5377 1116 5417 non
1144 5359 1346 5420 fuisse?
1374 5371 1467 5419 aut
1494 5380 1623 5420 vero
1658 5365 2005 5422 metuendum

420 5460 520 5515 rst,
562 5466 633 5508 ne
680 5451 931 5509 divinitas
973 5452 1044 5507 ibi
1091 5453 1243 5523 quasi
1293 5454 1579 5523 ptenaliter
1618 5455 1795 5522 fuerit,
1841 5470 2001 5525 quam

422 5543 563 5597 nulla
590 5544 819 5613 qualitas
847 5542 1030 5608 aftieit,
1061 5544 1205 5598 nulla
1254 5543 1531 5601 demensio
1577 5546 2004 5603 circumscribit?

416 5637 571 5701 cujus
600 5636 1018 5703 magnitudinem
1066 5652 1225 5691 nemo
1267 5637 1431 5704 capit,
1462 5639 1800 5706 praesentiam
1846 5654 2005 5692 nemo

417 5728 570 5801 fugit,
600 5739 862 5784 secretum
902 5746 1059 5783 nemo
1101 5728 1318 5793 invenit,
1348 5728 1687 5797 splendorem
1719 5729 1894 5783 nullus
1920 5736 2004 5781 at-

2118 4630 2242 4684 Iiter
2267 4637 2590 4698 susceptam,
2640 4633 2734 4680 aut
2774 4624 3038 4681 tenaciter
3079 4624 3408 4680 derelictam.
3439 4620 3539 4677 Sed
3572 4630 3656 4671 nec

2116 4734 2332 4774 carnem
2363 4718 2478 4787 ejus
2504 4716 2774 4773 credimus
2796 4714 3118 4784 contagione
3146 4713 3371 4783 alicujus
3397 4708 3657 4779 corruptio-

2116 4812 2199 4868 nis
2219 4811 2490 4867 int'eetam.
2523 4808 2695 4879 ipsius
2712 4821 2944 4876 namque
2972 4822 3075 4862 vos
3104 4812 3187 4862 est
3215 4806 3267 4860 in
3295 4805 3512 4877 psalmo,
3539 4801 3654 4854 sicut

2115 4901 2306 4958 Petrus
2326 4901 2713 4970 interpretatur
2736 4898 3013 4969 apostolus
3038 4915 3052 4951 :
3077 4894 3200 4953 Non
3222 4896 3528 4965 derelinqut's
3551 4889 3653 4943 ani-

2112 5011 2251 5049 mam
2285 5008 2450 5047 meum
2490 4992 2629 5061 apud
2665 4992 2881 5062 inferos,
2909 5007 3070 5061 neque
3100 4998 3334 5044 sanctum
3359 4997 3489 5041 tuum
3512 4982 3655 5037 sidere

2111 5086 2487 5156 corruptionem
2517 5083 2687 5142 (Psal.
2710 5099 2800 5147 xv,
2823 5081 2919 5148 10;
2941 5084 3055 5135 Act.
3089 5097 3147 5146 ιι,
3173 5079 3287 5151 27).
3324 5079 3438 5150 Ipse
3466 5079 3655 5145 propter

2112 5178 2324 5248 culpam
2355 5184 2592 5231 nostrain
2622 5177 2787 5247 factus
2820 5184 2896 5230 est
2935 5176 3068 5229 velut
3096 5176 3246 5229 homo
3283 5175 3393 5229 sine
3426 5164 3651 5241 adjutorio

2113 5270 2284 5342 (Psal.
2316 5285 2548 5331 Lxxxvn,
2571 5270 2628 5340 5)
2670 5286 2683 5321 :
2718 5274 2941 5337 prepter
2967 5266 3326 5322 innocentiam
3350 5276 3470 5317 vero
3495 5273 3552 5313 ac
3573 5269 3653 5325 po-

2110 5362 2333 5417 tentiam
2360 5376 2513 5416 suam
2543 5361 2793 5415 inventus
2833 5366 2916 5413 est
2952 5359 3087 5413 inter
3111 5365 3337 5412 mortuos
3363 5355 3498 5408 liber.
3526 5346 3650 5402 Tunc

2110 5454 2251 5510 enim
2283 5468 2408 5507 vere
2435 5466 2553 5521 qua:
2583 5466 2688 5504 non
2713 5458 2981 5520 rapuerat,
3013 5449 3153 5504 sicut
3179 5449 3429 5518 scriptum
3454 5450 3529 5498 est
3550 5436 3645 5505 (Ρσο

2113 5561 2291 5617 tnui,
2315 5543 2366 5614 5)
2390 5532 2720 5597 cxsolvebat.
2744 5540 2859 5595 Non
2874 5539 3052 5609 itaque
3065 5539 3278 5604 mirum,
3293 5537 3335 5592 si
3352 5536 3505 5590 Deum
3524 5529 3647 5583 laws

2115 5636 2308 5703 aliquis
2336 5634 2543 5703 recipit,
2576 5649 2675 5687 nec
2704 5641 2881 5685 tamen
2913 5631 3058 5700 capit
3090 5650 3102 5683 :
3133 5627 3461 5701 praesentiant
3494 5617 3645 5674 sentit.

2114 5729 2451 5798 majcslatcm
2484 5740 2587 5777 non
2620 5722 2839 5792 impedit
2866 5740 2877 5773 :
2902 5721 3205 5794 expavescit
3228 5709 3644 5788 omnipotentiae).
