3920 6176
282 303 386 358 855

1707 282 2032 342 EPlSTOl.A
2070 285 2135 341 ll.

3451 286 3555 340 εει
3600 264 3603 269 ’

281 412 637 469 substantiam
685 426 793 466 non
843 406 1085 465 includit.
1133 409 1407 480 Siquidem
1448 408 1537 463 illa
1582 421 1791 462 summa
1818 412 1875 459 et
1901 406 1952 467 Α
1979 403 2284 462 faciendum
2328 409 2378 463 in
2418 409 2719 466 :eternitate
2746 424 2867 465 eum
2904 410 3063 465 Patre
3104 409 3398 479 disposuit?
3430 409 3554 465 lla-e

282 501 520 574 perlecta
547 499 828 556 beatitudo
854 507 908 555 et
929 498 1376 569 inexstinguibilis
1403 498 1536 553 lucis
1556 495 1713 569 [forte
1731 492 1866 564 lux],

280 609 382 649 nec
411 591 688 647 obscurari
718 590 973 656 tenebris,
999 603 1099 644 nec
1123 589 1317 644 variari
1347 588 1498 654 locis,
1531 601 1631 642 nec
1659 585 1865 656 passio-

283 684 439 739 nibus
460 682 618 748 allici,
645 696 745 736 nec
769 679 1167 736 conditionibus
1192 680 1381 745 minui,
1406 694 1509 735 nec
1537 676 1870 748 temporibus

283 776 461 829 valeat
483 772 823 828 commutari.
865 769 1008 826 Deus
1033 783 1162 839 ergo
1192 770 1359 825 lilium
1385 769 1663 840 proprium
1690 767 1867 823 homi-

283 881 408 916 t‘t‘ln
439 876 539 916 nec
573 861 628 915 in
658 859 842 915 inferis
867 860 1126 926 deseruit,
1147 875 1248 916 nec
1274 860 1417 930 apud
1444 858 1643 914 inferos
1668 856 1866 913 dereli-

280 972 352 1021 (ιιι
378 962 415 1006 t.
450 950 615 1022 Cujus
642 960 822 1007 autem
851 952 1047 1006 virtute
1091 965 1156 1008 ac
1193 952 1475 1020 majestate
1499 950 1716 1019 antiqua
1744 964 1865 1004 san-

282 1058 491 1100 rt..rum
520 1057 752 1113 corpora
779 1042 891 1097 visa
920 1051 1044 1097 sunt
1065 1043 1426 1097 resurrexisse
1447 1039 1662 1112 (Matth.
1699 1055 1863 1105 xxvn,

279 1136 372 1198 Si,
415 1133 527 1206 52'),
570 1134 618 1190 si
656 1133 800 1191 Deus
836 1134 1037 1190 inferos
1077 1135 1295 1189 minime
1323 1133 1592 1189 visitavit?
1620 1131 1749 1200 Quis
1775 1132 1865 1189 ille

277 1235 364 1280 est
391 1227 485 1295 qui
526 1233 710 1296 petras
744 1226 934 1290 scindi,
963 1233 1161 1280 terram
1188 1225 1539 1291 commoveri,
1569 1224 1739 1280 solem
1769 1223 1868 1278 ob-

277 1318 505 1379 scurari,
550 1316 693 1370 diem
737 1314 939 1384 fugere,
985 1315 1160 1370 velum
1206 1315 1390 1385 templi
1438 1315 1491 1368 in
1529 1313 1664 1368 duas
1702 1312 1867 1368 dividi

277 1415 461 1476 partes
490 1405 704 1462 ellecit?
730 1406 981 1475 Nunquid
1022 1408 1187 1462 homo
1226 1407 1465 1461 tantum?
1494 1421 1674 1462 nonne
1701 1407 1865 1461 etiam

280 1498 455 1552 Deus?
483 1495 622 1565 Ergo
650 1498 700 1552 ei
730 1511 830 1552 nec
861 1498 913 1551 in
941 1513 1119 1561 cruce,
1148 1512 1248 1553 nec
1275 1497 1325 1551 in
1357 1505 1553 1564 morte,
1586 1511 1686 1551 nec
1713 1496 1765 1550 in
1789 1510 1868 1551 se-

279 1587 488 1658 pulcro,
521 1603 623 1643 nec
661 1588 716 1642 in
744 1586 927 1643 inferis
951 1587 1135 1642 defuit.
1168 1586 1278 1643 Nec
1304 1587 1480 1655 aliter,
1522 1596 1614 1642 aut
1652 1587 1721 1642 de
1760 1586 1865 1641 alio

278 1678 419 1734 solet
460 1678 682 1747 intelligi
719 1677 863 1748 quod
906 1679 960 1732 in
1006 1677 1214 1748 psalmo
1256 1677 1457 1733 dictum
1500 1687 1584 1733 est
1614 1695 1625 1731 :
1657 1678 1868 1748 Auferte

1969 510 2099 565 ergo
2128 508 2181 553 et
2211 500 2335 554 talia
2366 515 2488 555 cum
2529 500 2779 556 dicuntur
2816 509 2910 556 aut
2951 500 3104 566 liunt,
3134 501 3273 556 sicut
3305 514 3448 569 szepe
3473 500 3555 554 di-

1969 596 2113 644 ctum
2143 598 2246 653 est,
2275 605 2458 647 veram
2498 592 2732 646 hominis
2778 590 3143 646 inﬁmitatem
3184 590 3554 658 fragilitatem-

1967 694 2072 748 que
2097 679 2490 747 demonstrant,
2537 696 2637 736 nec
2680 681 2801 736 ideo
2843 681 3183 750 praesentiant
3219 679 3412 735 divinae
3441 693 3554 734 ma-

1962 766 2172 834 iestatis
2199 777 2480 823 cvacuant.

2038 859 2148 913 VII.
2191 859 2287 915 llic
2311 861 2475 916 homo
2503 862 2744 930 quisquis
2763 876 2840 928 es,
2863 862 2956 932 qui
2984 868 3140 932 putas
3172 861 3340 919 Deum
3388 860 3549 921 Chri-

1966 958 2108 1005 stum
2155 950 2223 1004 ab
2266 952 2484 1007 homine
2511 949 2727 1007 Christo
2750 952 3017 1021 passionis
3045 959 3289 1021 tempore
3331 967 3550 1021 separa-

1968 1048 2101 1103 tum,
2154 1058 2260 1096 non
2309 1042 2611 1097 recordaris
2656 1058 2779 1097 eum
2822 1043 3059 1112 passuris
3099 1043 3373 1112 discipulis
3398 1058 3546 1099 suam

1968 1133 2306 1202 praesentiam
2329 1130 2557 1187 fideliter
2584 1133 2949 1201 pollicentem,
2982 1133 3076 1203 qui
3103 1132 3233 1189 dicit
3259 1152 3270 1186 :
3303 1132 3433 1188 Cum
3465 1151 3552 1189 eos

1969 1221 2295 1288 tradiderint,
2317 1222 2476 1275 nolite
2486 1224 2712 1292 (agitare
2724 1222 2978 1294 quomodo
2999 1230 3089 1281 aut
3108 1222 3232 1294 quid
3251 1223 3551 1292 loquamini;

1968 1311 2175 1366 dabitur
2197 1314 2333 1366 enim
2381 1312 2517 1366 vobis
2542 1315 2596 1367 in
2624 1314 2721 1367 illa
2768 1316 2898 1368 hora
2924 1314 3049 1385 quid
3094 1314 3395 1385 loquamini.
3428 1312 3549 1368 Non

1966 1405 2104 1458 enim
2129 1419 2218 1457 ros
2246 1404 2369 1457 estis
2389 1407 2473 1474 qui
2499 1403 2787 1474 loquimini,
2819 1404 2912 1460 sed
2939 1406 3154 1476 spiritus
3174 1404 3353 1459 Patris
3397 1408 3551 1460 uestri

1967 1495 2053 1564 qui
2081 1494 2374 1566 loquiturin
2416 1495 2556 1551 robis
2587 1495 2799 1568 (Matth.
2829 1494 2997 1562 x,,19,
3027 1495 3140 1567 ΞΟ).
3172 1494 3320 1551 Itane
3350 1496 3438 1550 ille
3456 1499 3549 1565 qui

1966 1586 2137 1640 servis
2179 1584 2494 1645 facientibus
2532 1585 2746 1648 Domini
2786 1586 3119 1645 voluntatem
3139 1602 3293 1643 suam
3315 1586 3549 1649 divinam

1970 1678 2307 1746 prtcsentiam
2330 1678 2594 1747 promisit,
2622 1678 3173 1745 donavit,_exhibuit;,
3188 1679 3248 1739 in
3274 1693 3381 1749 quo
3403 1679 3551 1734 nullo

279 1781 479 1840 portas,
505 1772 787 1842 principes,
813 1779 1029 1833 vestras,
1061 1781 1111 1825 et
1133 1770 1424 1838 elevamini,
1447 1778 1611 1842 porta:
1643 1777 1865 1824 ωεστ-ηας
1902 1766 1941 1821 ll
1971 1768 2235 1823 existente
2288 1777 2531 1839 peccato,
2578 1785 2678 1840 pro
2728 1772 3113 1831 nostrasalute
3134 1780 3363 1827 mortem
3392 1771 3553 1831 subiit

280 1864 380 1932 les,
406 1874 456 1918 et
483 1862 714 1919 introibit
752 1879 845 1917 rex
886 1864 1068 1934 gloriae
1098 1862 1267 1935 (Psal.
1301 1878 1450 1929 xxut,
1478 1862 1549 1931 7).
1584 1858 1737 1916 Unde
1764 1874 1863 1915 ex-

280 1955 689 2026 pavescentibus
717 1962 879 2023 atque
908 1954 1378 2022 interrogantibus,
1406 1950 1534 2018 Quis
1555 1960 1631 2007 est
1657 1952 1754 2006 iste
1771 1966 1865 2005 rea:

283 2046 462 2116 gloria:
487 2043 672 2113 (Ibid.,
697 2043 791 2114 8)?
814 2044 1189 2115 respondetur,
1220 2042 1473 2099 Dominus
1502 2044 1655 2116 fortis
1692 2048 1742 2096 et
1766 2057 1863 2111 po-

284 2145 419 2194 tens.
460 2132 711 2186 Dominus
749 2138 933 2200 potens
962 2132 1016 2185 in
1042 2132 1229 2201 pratia
1271 2131 1426 2203 (lb.).
1477 2132 1597 2200 Quo
1631 2134 1861 2204 proelio?

287 2226 391 2281 nisi
414 2229 467 2279 in
488 2241 599 2296 quo
628 2237 857 2280 mortem
888 2233 1060 2279 morte
1093 2225 1346 2291 calcavit,
1381 2235 1666 2295 percattuvn
1706 2228 1861 2281 inno-

284 2333 416 2375 cens
441 2318 660 2373 occisus
682 2332 761 2372 ex.
784 2318 964 2379 tinxit.
997 2328 1053 2371 ct
1073 2327 1339 2388 tropteuin
1370 2323 1615 2373 victoriae
1641 2322 1707 2373 de
1735 2320 1862 2374 dia-

288 2412 416 2467 bolo
436 2422 491 2465 et
519 2411 727 2481 angulis
749 2411 873 2482 ejus
902 2413 1222 2477 reporzavit.

362 2498 444 2553 Vl.
478 2498 542 2551 At
569 2501 710 2553 cnim
742 2499 852 2568 ipse
882 2498 934 2552 in
964 2514 1125 2555 cruce
1152 2497 1321 2554 dixit:
1348 2500 1507 2566 Deus,
1542 2497 1677 2553 Deus
1702 2515 1864 2564 meus,

285 2606 445 2660 quare
472 2605 549 2643 me
581 2591 894 2662 dereliquiin
927 2589 1097 2662 (Psal.
1130 2589 1476 2661 xxt,2)?Sed
1507 2591 1606 2645 ista
1631 2589 1867 2659 suscepti

285 2681 518 2736 hominis
545 2696 650 2734 vox
684 2688 786 2735 est.
823 2681 1049 2736 Attende
1079 2681 1219 2737 unde
1247 2688 1519 2751 assumpta
1547 2687 1650 2746 est,
1675 2689 1730 2735 et
1758 2680 1868 2735 illic

284 2771 403 2825 vide
433 2771 558 2839 quiJ
584 2771 824 2842 sequitur
849 2790 860 2825 :
890 2771 1082 2844 Longe,
1108 2772 1299 2841 inquit,
1329 2789 1363 2825 a
1389 2771 1557 2826 salute
1582 2788 1696 2826 mea
1715 2770 1867 2826 verba

282 2861 585 2917 delictorum
612 2861 824 2934 (Ibid).
855 2863 1055 2918 Similis
1082 2869 1166 2920 est
1192 2864 1307 2920 haec
1331 2880 1437 2919 vox
1466 2862 1628 2919 etiam
1652 2864 1731 2918 illi
1759 2878 1865 2934 qua

283 2953 480 3008 dicitur
519 2971 530 3005 :
584 2951 767 3008 Tristis
813 2964 890 3008 est
938 2957 1115 3010 anima
1165 2972 1280 3010 mea
1326 2973 1483 3028 usque
1532 2956 1602 3011 ad
1653 2964 1867 3011 mortem

284 3041 497 3113 (Matth.
547 3059 689 3109 xxvr,
723 3043 835 3114 58).
879 3045 1066 3102 Nonne
1102 3048 1263 3117 paulo
1291 3056 1417 3103 ante
1456 3050 1572 3119 ipse
1595 3047 1869 3117 discipulis

280 3134 492 3188 dixerat
517 3152 530 3186 :
559 3132 624 3188 In
660 3135 756 3190 hoc
779 3138 1068 3192 contristati
1096 3139 1238 3204 estis,
1263 3140 1506 3209 quoniam
1535 3139 1665 3209 diri,
1688 3137 1770 3194 Eo
1797 3138 1867 3192 ad

284 3223 499 3279 Patrem
523 3243 710 3298 meum,
742 3237 790 3281 et
801 3228 918 3299 jam
938 3245 1042 3284 non
1071 3228 1305 3285 videbitis
1328 3246 1410 3284 me
1433 3229 1612 3303 (Joan.
1645 3246 1751 3295 ιη,
1775 3228 1860 3299 6);

275 3324 359 3381 et,
391 3315 453 3371 Si
492 3315 771 3388 diligeretis
808 3336 909 3387 me,
940 3320 1229 3391 gaudentis
1288 3322 1408 3392 quia
1436 3337 1495 3375 eo
1530 3321 1597 3374 ad
1630 3318 1860 3385 Patrem,

275 3408 403 3476 quia
435 3405 595 3462 Pater
631 3409 800 3480 major
819 3427 900 3465 me
923 3421 1001 3466 est
1020 3409 1200 3485 (Joan.
1239 3428 1347 3478 stv,
1368 3411 1481 3483 ‘28).
1514 3412 1570 3467 In
1600 3427 1707 3482 quo
1735 3423 1864 3478 ergo

275 3497 432 3567 jubet
457 3499 689 3567 gaudere
715 3500 1005 3572 discipulos
1028 3505 1187 3558 suos?
1213 3502 1454 3571 Qualiter
1479 3503 1717 3559 creditur
1735 3518 1865 3557 cor:-

276 3598 319 3642 ιι
337 3588 486 3644 istari
514 3592 787 3660 magister,
816 3591 917 3647 nisi
944 3600 1002 3648 ut
1032 3594 1083 3648 in
1112 3595 1330 3650 homine
1349 3596 1461 3650 veri
1488 3593 1722 3649 hominis
1741 3608 1866 3665 pas-

276 3680 463 3735 siones
488 3689 542 3737 et
567 3681 943 3740 ﬂuctuationes
969 3685 1309 3742 ostenderet?
1336 3686 1438 3754 Qui
1465 3688 1606 3742 enim
1645 3695 1867 3758 propter

281 3786 385 3827 nos
429 3772 793 3844 redimendos,
824 3776 1197 3845 instituendos,
1242 3779 1740 3851 eonllrmandosque
1766 3797 1857 3837 ve-

281 3871 457 3928 nerat,
485 3866 665 3920 omnia
693 3866 745 3921 in
777 3882 835 3922 se
876 3868 1198 3924 inlirmitatis
1238 3876 1436 3925 nostra:
1471 3883 1669 3939 genera
1705 3872 1865 3927 susti-

281 3954 466 4008 tzehat.
499 3952 622 4009 Non
652 3958 787 4012 enim
816 3958 1059 4015 habemus
1091 3960 1426 4024 sacerdotem,
1457 3962 1545 4032 qui
1573 3978 1676 4016 non
1704 3963 1866 4033 possit

280 4046 509 4115 rompati
531 4048 917 4117 inﬁrmitatibus
941 4053 1131 4107 nostris
1161 4051 1347 4125 (Hebr.
1375 4070 1445 4119 tv,
1476 4051 1564 4119 15)
1594 4072 1606 4106 :
1638 4054 1861 4118 etenim,

278 4137 424 4191 sicut
450 4136 739 4208 Apostolus
766 4141 859 4205 ait,
893 4139 1151 4211 Expertus
1178 4151 1255 4198 est
1281 4145 1455 4198 omnia
1481 4144 1760 4199 secundum
1787 4145 1864 4200 si-

279 4227 624 4284 militudinem
650 4232 761 4285 sine
787 4242 1012 4302 peccato.
1044 4233 1243 4290 Similis
1284 4236 1408 4292 huic
1453 4244 1536 4293 est
1582 4238 1742 4293 etiam
1771 4237 1867 4293 illa

280 4334 392 4375 vox
418 4338 431 4372 :
459 4319 638 4387 Pater,
675 4325 719 4378 si
760 4324 873 4395 ﬁeri
909 4334 1094 4397 potest,
1125 4335 1356 4384 transeat
1385 4345 1418 4384 a
1444 4346 1526 4385 me
1551 4331 1690 4385 satis:
1717 4332 1815 4385 iste
1842 4346 1862 4384 :

285 4428 587 4469 verum'non
608 4417 744 4488 quod
764 4434 858 4490 ego
886 4419 1017 4485 rolo,
1040 4420 1132 4475 sed
1148 4421 1284 4493 quod
1309 4431 1359 4475 tu
1381 4424 1454 4477 vis
1479 4420 1693 4494 (Matth.
1714 4438 1859 4489 xxvi,

1969 1858 2259 1924 innoxiam,
2285 1868 2345 1914 ut
2364 1858 2538 1915 Patris
2556 1860 2760 1917 laceret
2779 1862 3130 1928 voluntatem,
3153 1862 3387 1926 divinum
3410 1863 3551 1929 auxi.

1968 1948 2094 2004 lium
2123 1950 2224 2007 sibi
2253 1952 2429 2007 carnis
2451 1961 2692 2022 tempore
2706 1951 3024 2021 denegavit?
3040 1951 3107 2006 Et
3121 1952 3262 2009 Deus
3281 1952 3550 2007 hominem

1966 2055 2129 2110 quem
2156 2041 2227 2097 ob
2253 2042 2367 2098 hmc
2391 2043 2701 2099 sustinenda
2725 2043 2870 2098 nulla
2900 2042 3208 2112 compulsus
3235 2042 3554 2097 necessitate

1966 2132 2221 2201 suscepit,
2255 2134 2309 2188 in
2341 2134 2441 2189 hac
2476 2133 2849 2203 perfunctione
2875 2133 3153 2205 destituit?
3182 2131 3445 2202 Loquitur
3470 2133 3551 2186 in-

1969 2226 2050 2275 ter
2072 2228 2339 2277 tormenta
2362 2233 2654 2296 martyrum
2678 2239 2934 2294 pnescns,
2962 2238 3065 2280 nec
3088 2238 3183 2279 eos
3203 2222 3402 2291 aliquid
3440 2238 3551 2278 tne-

1966 2310 2124 2366 ditari
2154 2313 2432 2382 permittit,
2463 2322 2519 2369 et
2544 2329 2603 2370 se
2633 2316 2800 2385 ipsum
2826 2316 2878 2369 in
2904 2315 3080 2370 crucis
3105 2313 3345 2384 patibulo
3368 2313 3552 2371 dereli-

1967 2403 2117 2474 quit?
2154 2403 2274 2473 lpse
2301 2412 2385 2461 est
2423 2407 2587 2471 enim,
2607 2406 2752 2475 quod
2780 2422 2924 2476 szepe
2946 2421 3011 2463 ac
3035 2420 3252 2477 semper
3278 2412 3365 2469 est
3391 2420 3549 2475 repe-

1967 2494 2184 2551 tendum
2218 2513 2231 2548 :
2291 2511 2391 2552 nec
2436 2495 2689 2565 distingui
2728 2503 2907 2568 potest
2934 2496 3031 2553 Dei
3058 2496 3397 2566 hominisque
3424 2511 3549 2566 per-

1966 2600 2120 2652 sona,
2171 2587 2415 2657 qnamvis
2463 2588 2529 2642 sit
2570 2587 2622 2642 in
2667 2602 2734 2643 eo
2786 2587 3000 2644 diversa
3052 2587 3369 2647 substantia.
3400 2587 3549 2642 Absit

1967 2675 2111 2729 aliud
2140 2677 2382 2743 credere,
2413 2677 2550 2732 absit
2596 2678 2754 2732 aliter
2793 2677 2861 2732 de
2914 2678 3285 2748 omnipotente
3329 2678 3549 2735 sentire.

1969 2768 2077 2824 Nec
2105 2770 2252 2824 nasci
2280 2778 2532 2835 aeternus,
2584 2786 2684 2826 nec
2710 2785 2954 2827 crescere
2981 2770 3268 2841 perlectus,
3296 2786 3398 2835 nec
3450 2771 3550 2825 im-

1968 2860 2234 2928 passibilis
2286 2861 2416 2931 pati,
2472 2876 2574 2916 nec
2619 2861 2934 2918 immortalis
2961 2864 3117 2928 mori,
3157 2864 3274 2921 sine
3323 2863 3428 2917 ulla

1969 2952 2263 3008 mutatione
2293 2953 2374 3008 vel
2402 2954 2765 3023 con'uptione,
2796 2955 2935 3011 sicut
2957 2953 3295 3025 jam'dictum
3323 2964 3423 3018 est,
3452 2953 3552 3015 lor-

1970 3042 2207 3097 midavit.
2232 3042 2338 3100 Sed
2366 3046 2489 3114 quia
2512 3045 2625 3101 lucc
2644 3046 2758 3116 pati
2782 3061 2891 3102 non
2921 3046 3241 3116 possetsola
3269 3046 3547 3116 Divinitas,

1916 3137 1934 3194 ζ
1969 3134 2243 3190 hominem
2272 3151 2370 3205 per
2396 3152 2555 3205 quem
2587 3115 2721 3192 tanti
2748 3115 2987 3195 muneris
3025 3140 3281 3211 mysterio
3329 3115 3550 3209 [ierimu-

1966 3233 2202 3291 geretur,
2235 3227 2461 3295 accepit.
2520 3226 2650 3280 Nam
2680 3236 2735 3282 et
2781 3228 2834 3282 in
2879 3229 3074 3286 cmlum
3121 3237 3391 3301 receptus,
3425 3230 3552 3285 illuc

1967 3328 2088 3368 eum
2117 3314 2313 3369 levavit
2335 3316 2473 3371 unde
2501 3331 2775 3384 nunquam
2804 3317 2919 3388 ipse
2945 3318 3210 3375 discessit.
3258 3319 3551 3377 Audiamus

1968 3411 2281 3479 Apostolnm
2313 3410 2557 3480 praedicat
2581 3420 2689 3465 tem
2702 3409 2974 3467 Christum
2994 3412 3326 3476 crucifixum,
3349 3412 3551 3468 Iudaeis

1965 3500 2171 3572 quidem
2207 3501 2529 3568 scandalum,
2580 3501 2812 3573 gentibus
2866 3512 3038 3557 autem
3073 3505 3348 3558 stultitiam
3377 3521 3392 3558 :
3423 3507 3550 3573 ipsis

1966 3609 2081 3647 vero
2108 3591 2298 3648 roratis
2317 3592 2518 3649 ludatis
2537 3602 2586 3649 et
2602 3592 2821 3663 Grecis,
2849 3594 3080 3651 eumdem
3101 3594 3269 3666 ipsum
3290 3593 3550 3657 Christum

1968 3682 2065 3739 Dei
2092 3686 2327 3740 virtutem
2350 3692 2401 3740 et
2424 3683 2525 3741 Dei
2546 3687 2853 3757 sapientiora
2876 3685 2927 3759 (ι
2958 3685 3079 3743 Cor.
3108 3703 3145 3753 ι,
3169 3684 3261 3755 ἳὸ,
3290 3684 3403 3757 Ἧι).
3436 3685 3532 3740 Ad-

1966 3779 2179 3844 vertite,
2204 3779 2294 3835 lilii
2316 3778 2668 3847 dilectissimi,
2687 3779 2905 3850 etquod
2913 3779 3024 3850 iam
3048 3779 3223 3839 nostis
3240 3778 3511 3848 agnoscite
3533 3798 3543 3831 :

1967 3869 2143 3939 ipsum
2196 3867 2489 3939 Christum,
2544 3872 2635 3940 qui
2687 3878 2910 3942 propter
2936 3870 3290 3937 humilitatem
3317 3871 3549 3939 suscep:i

1966 3960 2195 4017 hominis
2222 3962 2417 4018 ludatis
2430 3963 2627 4019 dicitur
2646 3963 2809 4027 fuisse
2832 3964 3160 4028 scandalum,
3184 3962 3432 4032 gentibus
3455 3976 3543 4017 au-
3590 3990 3593 3991 ν

1967 4059 2076 4108 tem
2097 4054 2345 4120 stultitia,
2379 4056 2551 4125 ipsum
2580 4071 2702 4111 esse
2730 4056 2826 4112 Dei
2854 4057 3110 4115 virtutem
3136 4063 3191 4112 et
3218 4054 3314 4110 Dei
3334 4055 3550 4124 sapien-

1966 4143 2113 4199 tiam.
2143 4143 2393 4213 Nunquid
2420 4146 2504 4200 vel
2551 4146 2639 4201 hic
2663 4154 2913 4217 separata
2958 4153 3053 4201 aut
3070 4145 3310 4207 discreta
3354 4152 3437 4199 est
3481 4146 3551 4198 ah

1966 4237 2224 4308 Apostolo
2246 4236 2540 4293 divinitatis
2561 4239 3012 4309 humanitatisque
3031 4237 3297 4308 persona?
3322 4246 3409 4296 aut
3427 4250 3552 4291 eru-

1965 4331 2082 4386 buit
2108 4329 2349 4385 eamdem
2380 4329 2561 4385 dicere
2613 4329 2710 4385 Dei
2751 4329 3095 4400 sapientiam,
3143 4344 3309 4398 quam
3355 4329 3552 4383 factam

1966 4424 2178 4480 dixerat
2202 4423 2441 4493 gentium
2461 4424 2775 4478 stultitiam?
2797 4430 2890 4478 aut
2917 4422 3167 4477 eumdem
3194 4436 3437 4476 asserere
3456 4419 3551 4474 Dei

282 4503 395 4569 ‘59).
424 4502 612 4560 Nonne
632 4506 685 4560 in
712 4509 813 4563 hoc
829 4518 1068 4575 venerat,
1097 4520 1155 4566 ut
1182 4529 1281 4583 pro
1301 4513 1456 4568 nobis
1478 4514 1622 4570 hunc
1642 4514 1865 4569 calicem
1893 4506 1946 4568 Β
1968 4516 2239 4580 virtutem,
2263 4529 2424 4584 quem
2452 4514 2762 4571 scandalum
2787 4513 2997 4569 dixerat
3021 4512 3358 4568 Iudaeorum?
3412 4510 3552 4576 Quid

284 4595 513 4656 biberet,
544 4604 600 4651 et
629 4612 891 4653 venenum
933 4617 961 4655 a
1000 4614 1249 4673 serpente
1278 4606 1616 4676 propinatum
1648 4607 1738 4661 tali
1768 4623 1865 4661 an—

284 4684 456 4738 tidoto
486 4686 673 4740 salutis
697 4689 1025 4758 expelleret?
1054 4693 1240 4750 Nonne
1273 4703 1592 4763 potestatem
1634 4698 1868 4755 habebat

284 4775 518 4841 ponenii
547 4776 775 4831 animam
802 4795 975 4846 suam,
997 4790 1052 4837 et
1072 4793 1390 4853 potestatem
1413 4788 1646 4842 habebat
1670 4790 1865 4845 iterum

280 4866 524 4919 maeuii
572 4882 689 4925 eam
721 4868 899 4942 (Joau.
950 4889 1002 4931 x.
1052 4874 1178 4942 18)?
1224 4875 1410 4932 Nonne
1452 4879 1566 4948 ipse
1606 4881 1861 4935 dixerat:

282 4954 453 5011 Nemo
483 4959 616 5012 tollit
645 4977 757 5014 eam
800 4978 833 5015 a
870 4979 969 5031 me,
1018 4968 1110 5019 sed
1141 4983 1234 5038 ego
1272 4985 1304 5021 a
1340 4987 1418 5023 me
1444 4973 1557 5039 ipso
1586 4990 1719 5042 pono
1752 4991 1866 5027 eam

279 5047 508 5117 (Ibid)?
553 5050 623 5104 Et
664 5062 843 5110 tamen
893 5072 1034 5111 nunc
1074 5059 1216 5113 velut
1259 5060 1508 5118 dubitans
1548 5065 1781 5133 loquitur
1808 5074 1863 5121 ct

277 5154 535 5196 recusans
564 5161 576 5194 :
604 5150 664 5197 ut
694 5155 749 5199 et
790 5145 896 5202 illic
924 5147 1101 5203 dit‘izza
1132 5151 1367 5218 potcslas
1396 5166 1669 5224 appareat,
1694 5166 1749 5210 et
1777 5158 1865 5212 hic

276 5246 337 5286 se
364 5233 601 5289 conditio
622 5235 854 5293 humana
882 5251 1187 5308 cognoscat.
1216 5243 1400 5300 Nonne
1421 5247 1525 5301 hoc
1552 5250 1863 5317 mysterium

276 5334 403 5379 ante
434 5334 673 5397 tempora
705 5337 906 5386 :cterna
940 5333 993 5386 in
1029 5333 1139 5388 Deo
1164 5335 1324 5390 fuisse
1354 5336 1722 5393 absconditum
1753 5340 1863 5395 cla-

275 5425 390 5471 mat
413 5417 704 5487 Apostolus
732 5421 867 5493 (Col.
899 5440 937 5486 t,
964 5423 1095 5496 26)?
1123 5424 1258 5481 Num
1290 5444 1415 5483 vero
1441 5430 1586 5485 velut
1619 5433 1861 5500 repenti-

275 5522 404 5562 num
455 5510 654 5578 aliquid
691 5512 937 5568 Christus
977 5518 1212 5585 expavit,
1244 5519 1385 5588 quod
1427 5530 1576 5575 CCl'lt)
1620 5529 1862 5593 tempore

348 5692 369 5715 "
414 5683 570 5741 Forte
603 5688 932 5745 lit-'Cl'v'l'tlttl
957 5712 965 5743 τ
995 5709 1057 5747 οῖ
1094 5704 1346 5748 σειηεηυχιη
1391 5699 1697 5766 prmpositio
1730 5701 1800 5751 in.

1965 4619 2094 4674 ergo
2122 4621 2222 4661 nos
2250 4606 2614 4662 erubescimus
2643 4601 2886 4661 conﬁteri
2923 4603 3092 4659 Deum
3119 4610 3343 4691 propter
3369 4601 3551 4655 homi-

1970 4711 2093 4751 nem
2148 4704 2309 4765 atque
2364 4696 2417 4750 in
2465 4695 2688 4751 homine
2742 4702 2927 4750 natum
2946 4701 3002 4750 et
3021 4707 3417 4764 passum;cum
3444 4707 3552 4747 non

1971 4803 2226 4857 negamus
2253 4790 2489 4844 donante
2518 4788 2628 4843 Deo
2674 4786 2873 4842 factum
2894 4785 3143 4842 eumdem
3171 4786 3345 4856 ipsum
3373 4785 3547 4840 homi-

1970 4895 2092 4934 nem
2121 4880 2327 4934 Deum?
2353 4877 2506 4946 Quod
2530 4878 2714 4947 utique
2738 4892 2836 4948 per
2861 4876 3096 4933 divinam
3142 4877 3392 4945 gratiam,
3445 4893 3553 4951 non

1971 4989 2069 5043 per
2089 4976 2376 5027 humanam
2403 4971 2756 5027 substantiam
2781 4969 3054 5039 accepisse
3079 4970 3442 5037 cognoscitur.

2045 5064 2172 5119 Vill.
2198 5064 2384 5118 Adhuc
2406 5063 2565 5133 paulo
2589 5061 2722 5118 infra
2747 5061 3089 5130 subsequitur
3112 5079 3126 5114 :
3146 5059 3232 5117 Ex
3250 5062 3362 5131 ipso
3382 5068 3554 5113 autem

1971 5174 2060 5213 vos
2113 5158 2235 5210 estis
2284 5157 2340 5211 in
2384 5156 2587 5210 Christo
2632 5154 2775 5221 Iesu,
2799 5157 2884 5227 qui
2914 5157 3080 5227 [actus
3106 5164 3183 5210 est
3211 5154 3356 5210 nobis
3384 5172 3415 5207 a
3444 5152 3554 5207 Dm

1969 5252 2225 5322 sapientia
2253 5258 2302 5304 ct
2323 5250 2529 5321 justitia
2557 5258 2607 5308 et
2649 5248 2998 5319 sanctiﬁcatio
3035 5257 3084 5304 et
3133 5248 3412 5316 redemptio
3432 5261 3450 5298 :
3499 5256 3554 5298 ut

1968 5343 2396 5418 quemadmodum
2417 5343 2662 5413 scriptum
2684 5351 2797 5395 est:
2822 5339 2923 5407 Qui
2951 5341 3220 5414 gloriatur,
3244 5340 3299 5393 in
3328 5336 3553 5391 Domino

1970 5436 2217 5509 glorietur
2243 5434 2429 5506 (Ibid,
2459 5434 2544 5499 '50,
2568 5433 2681 5505 '51).
2702 5433 2862 5490 Certe
2882 5432 3124 5489 Christus
3139 5430 3296 5487 Jesns
3320 5430 3554 5486 hominis

1969 5533 2173 5579 tantum
2223 5540 2419 5582 nemon
2470 5532 2572 5590 est,
2615 5525 2691 5581 ait
2744 5525 3045 5581 htcreticus.
3075 5523 3183 5579 Sed
3212 5522 3427 5587 Paulus,
3455 5522 3551 5592 qui
