3946 6182
419 287 524 342 856

1305 279 1638 338 CAPREOLI
1678 277 2266 337 CARTUAGINENSIS
2303 283 2632 341 EPISTOLA
2669 287 2734 343 ll.

3568 295 3656 352 856

422 404 627 460 sciebat
668 408 724 456 et
775 398 988 456 dixerat
1017 413 1124 454 non
1151 413 1270 453 esse
1324 399 1378 453 in
1401 399 1620 454 homine
1647 396 2006 468 gloriandum,
2036 397 2087 457 Δ
2116 402 2324 467 peccati
2354 418 2518 458 onere
2548 404 2763 459 levavit.
2796 404 2937 462 Deus
2963 421 3086 474 ergo
3109 416 3232 462 erat
3250 408 3304 460 in
3333 405 3674 466 Christomun-

419 495 695 551 Christum
738 491 919 548 lesum
967 506 1074 546 non
1119 497 1326 545 tantum
1374 490 1666 554 hominem,
1700 489 1795 544 sed
1839 488 2006 543 Deum

423 600 640 655 quoque
659 591 1016 653 cognoverat;
1048 596 1210 651 quem
1238 582 1558 651 sapientiam
1589 590 1644 636 et
1665 580 1925 650 justitiam
1953 589 2008 636 et

421 677 897 734 sanctiﬁcationem
921 685 978 732 et
995 676 1423 747 redemptionem
1452 677 1607 733 nobis
1627 692 1657 730 a
1673 677 1784 730 Deo
1811 676 2008 730 factum

422 785 540 827 esse
567 769 848 834 credebat;
882 777 937 824 et
980 770 1033 822 in
1064 784 1131 822 eo
1177 768 1459 824 credentes
1486 769 1703 837 gloriari
1732 766 1962 822 docebat
1990 783 2002 818 :

422 861 674 930 quoniam
701 859 948 916 Christus
965 858 1121 915 Jesus
1149 866 1204 914 et
1228 859 1394 914 homo
1422 867 1476 913 et
1500 859 1643 914 Deus
1674 866 1776 913 est.
1819 857 1886 911 Et
1940 857 2005 912 ad

424 953 538 1006 hac
563 959 959 1020 consequenter
1005 965 1111 1005 non
1141 951 1375 1005 elatione
1398 951 1548 1004 verbi
1580 958 1672 1004 aut
1710 949 2004 1018 sapientius,

423 1041 734 1112 mysterium
782 1041 876 1095 Dei
931 1041 1254 1094 annuntians
1299 1040 1444 1094 addit
1473 1048 1526 1095 et
1554 1040 1716 1096 dicit:
1750 1039 1899 1093 Nihil
1928 1056 2008 1093 ms

421 1133 645 1202 iudicaui
662 1134 796 1186 scire
821 1134 877 1187 in
904 1132 1064 1196 vobis,
1090 1135 1190 1188 nisi
1236 1133 1416 1187 Jesum
1448 1132 1727 1200 Christum,
1777 1142 1828 1186 et
1872 1133 2006 1184 hunc

422 1225 738 1294 cruciﬁxum-
784 1223 839 1295 (Ι
887 1223 1006 1278 Cor.
1055 1241 1112 1288 ιι,
1144 1224 1222 1296 2).
1257 1225 1333 1280 Ac
1374 1240 1440 1279 ne
1468 1224 1772 1280 Judzcorum
1798 1225 2010 1293 iniquus

425 1314 650 1383 populus
673 1329 894 1383 parvum
925 1330 984 1370 se
1006 1323 1212 1370 asserat
1246 1315 1524 1371 admisisse
1551 1324 1852 1386 peccatum,
1878 1316 1922 1368 si
1951 1330 2009 1370 se

424 1406 686 1474 intelligat
740 1408 937 1462 nudum
962 1416 1167 1463 tantum
1197 1409 1468 1465 hominem
1498 1417 1871 1480 persecutum;
1896 1427 2010 1482 my-

422 1498 646 1553 sterium
670 1499 722 1553 in
744 1499 838 1554 Dei
859 1501 1120 1570 sapientia
1149 1501 1278 1557 dicit
1298 1501 1687 1569 absconditum,
1711 1503 1841 1558 nulli
1865 1503 2012 1572 prin-

425 1589 610 1658 cipum
653 1590 814 1660 hujus
841 1591 1024 1646 saeculi
1073 1592 1374 1651 revelatum
1405 1596 1706 1650 testilicans
1744 1594 1996 1667 (lbid.7).

427 1682 576 1747 Quod
591 1683 636 1736 si
654 1685 1311 1755 cognovissentmunquam
1336 1688 1610 1744 Dominum
1627 1689 1811 1760 gloria:
1832 1695 2002 1746 cruci-

2109 491 2234 545 dum
2263 496 2616 551 reconcilians
2635 497 2737 552 sibi
2763 515 2774 550 :
2805 513 3062 566 nusquam
3086 509 3141 554 et
3156 513 3429 568 nunquam
3448 501 3668 559 deserens

2109 584 2401 650 hominem,
2453 601 2613 655 quem
2669 590 2884 658 propria
2940 590 3276 658 dignatione,
3315 591 3456 646 nulla
3480 609 3671 661 prorsus

2107 675 2449 740 necessitate,
2481 677 2734 747 suscepit.

2112 761 2114 763 ’
2177 765 2246 820 X.
2289 767 2372 822 Ad
2398 769 2654 825 llebratos
2684 785 2902 840 quoque
2952 772 3091 825 idem
3145 773 3422 838 apostolus
3452 773 3501 826 in
3531 774 3674 842 ipsius

2110 858 2360 928 Epistolas
2386 861 2560 929 prima
2589 861 2764 917 fronte
2795 871 3026 918 testatur
3056 881 3067 915 :
3101 862 3394 925 Postremo,
3418 863 3594 934 inquit,
3626 867 3668 919 is

2109 952 2186 1005 his
2213 950 2388 1008 diebus
2409 954 2610 1007 locutus
2632 964 2709 1007 est
2729 953 2876 1009 nobis
2891 957 2944 1009 in
2967 954 3126 1016 Filio,
3144 973 3297 1025 quem
3320 957 3569 1010 constituit
3591 960 3677 1012 ha:-

2107 1043 2278 1097 redem
2306 1045 2674 1107 mtioersorum,
2698 1062 2788 1113 per
2813 1062 2960 1115 quem
2983 1047 3102 1116 fecit
3127 1055 3179 1099 et
3208 1045 3422 1100 sctenla.
3455 1043 3549 1108 Qui
3575 1064 3668 1101 cum

2107 1136 2174 1188 sit
2223 1133 2468 1204 splendor
2496 1134 2694 1205 glorias,
2730 1144 2782 1188 et
2826 1137 2993 1206 ﬁgura
3022 1137 3333 1190 substantia:
3363 1138 3491 1206 ejus,
3516 1154 3672 1207 gerens

2109 1243 2300 1298 quoque
2319 1229 2493 1281 omnia
2513 1227 2662 1282 verbo
2679 1229 2881 1283 virtutis
2899 1245 3028 1290 suae,
3052 1232 3368 1301 purgatione
3386 1241 3672 1298 peccatorum

2110 1336 2141 1370 a
2169 1336 2224 1372 se
2251 1320 2408 1388 facta,
2429 1319 2560 1372 sedit
2579 1320 2634 1372 in
2655 1319 2864 1372 dextera
2886 1320 3174 1390 majestatis
3199 1322 3255 1373 in
3273 1320 3491 1373 excelsis
3512 1319 3670 1388 (Hebr.

2111 1427 2145 1474 ι,
2177 1408 2230 1473 2,
2261 1409 2338 1477 '5).
2373 1409 2489 1478 Ipse
2519 1424 2648 1478 ergo
2678 1409 2842 1466 Filius
2875 1411 2970 1465 Dei
2999 1419 3054 1465 et
3077 1411 3219 1466 illius
3267 1411 3514 1476 hominis,
3561 1429 3675 1466 unus

2110 1508 2193 1553 est
2239 1507 2400 1570 atque
2448 1500 2610 1566 idem,
2645 1501 2736 1569 qui
2758 1510 2980 1571 propter
3007 1504 3368 1556 mternitatem
3397 1519 3512 1558 cum
3541 1501 3674 1557 Patre

2112 1586 2237 1642 fecit
2288 1589 2503 1652 saecula,
2535 1599 2760 1660 propter
2801 1591 3300 1647 incommutabilem
3327 1593 3494 1646 lucem
3519 1593 3674 1660 splen-

2113 1678 2214 1733 dor
2258 1687 2341 1733 est
2389 1680 2593 1748 gloriae,
2622 1689 2844 1751 propter
2861 1684 3224 1753 mqualitatem
3281 1681 3446 1751 ﬁgura
3473 1693 3547 1737 est
3570 1684 3667 1738 sub-

425 1774 1036 1846 ﬁxissent(lbid.8)Eccc
1055 1788 1108 1830 et
1129 1778 1214 1831 hic
1233 1757 1698 1833 ChristnmJesum
1716 1797 1877 1850 quem
1900 1781 2001 1836 Do-

2116 1771 2343 1836 stantia},
2374 1781 2598 1842 prapter
2625 1773 2959 1842 majestatem
2985 1777 3126 1844 gerit
3152 1777 3337 1830 omnia
3392 1777 3548 1832 verbo
3584 1779 3674 1831 vir-

427 1871 633 1924 minum
653 1869 837 1940 gloria:
855 1867 1351 1938 conﬁtetur.ipsum
1371 1871 1666 1939 praedicare
1685 1888 1790 1924 non
1809 1873 2004 1928 metuit

427 1951 607 2005 saeculi
635 1952 966 2022 principibus
980 1951 1311 2008 cruciﬁxum.
1334 1953 1560 2014 Omnem
1589 1956 1746 2025 hujus
1767 1957 2014 2012 lectionis

424 2042 810 2101 continentiam
833 2044 1184 2100 consideretis
1201 2046 1484 2112 exhortor;
1509 2055 1564 2102 et
1583 2047 1832 2106 videbitis
1850 2063 2015 2116 quan-

427 2144 482 2188 to
507 2117 782 2192 molimine
811 2139 974 2203 atque
1002 2144 1219 2201 conatu,
1249 2144 1468 2191 sanctus
1496 2136 1787 2208 Apostolus
1831 2138 2011 2192 homi-

425 2239 552 2278 num
578 2232 784 2284 mentes
805 2241 836 2280 a
859 2233 1085 2282 terrena:
1106 2233 1314 2282 tantum
1337 2228 1698 2298 intelligentize
1721 2229 1924 2284 vilitate
1944 2229 2012 2286 ad

421 2315 600 2371 divina
635 2317 687 2375 in
716 2318 821 2374 hoc
846 2319 1104 2390 mysterio
1133 2327 1188 2373 et
1215 2320 1450 2375 cmlestia
1479 2321 1865 2376 consideranda
1894 2338 2012 2377 sus-

424 2409 593 2465 tollat.
654 2407 897 2469 Breviter
925 2411 1069 2466 enim
1107 2420 1296 2467 cuncta
1342 2425 1577 2478 transeo,
1607 2429 1726 2483 qua:
1755 2414 1854 2483 ipsi
1892 2415 2010 2484 ple-

425 2501 544 2555 nius
589 2507 647 2558 et
689 2501 848 2556 latius
889 2503 1136 2572 poteritis
1164 2503 1465 2558 advertere.
1491 2504 1624 2559 Nam
1649 2513 1704 2559 et
1723 2505 1790 2559 ad
1820 2505 2012 2560 Corino

425 2593 565 2648 thios
584 2593 821 2649 secunda
845 2593 920 2664 (v,
949 2593 1036 2662 13,
1070 2593 1157 2664 14)
1187 2594 1425 2664 quodam
1455 2595 1576 2651 loco
1602 2597 1680 2652 sic
1725 2597 1961 2666 loquitur
1994 2615 2006 2650 :

426 2684 562 2748 Sive,
595 2684 785 2754 inquit,
809 2694 978 2742 mente
996 2688 1325 2752 excessimus,
1351 2685 1460 2740 Deo
1474 2704 1491 2751 ;
1535 2689 1641 2742 sive
1669 2696 2010 2758 temperantes

422 2793 617 2845 sumus,
647 2775 788 2832 vobis
810 2793 828 2830 :
857 2779 1050 2832 caritas
1080 2778 1217 2831 enim
1258 2779 1514 2848 compellit
1544 2795 1640 2837 nos
1665 2796 1681 2833 :
1715 2780 2009 2850 judicantes

422 2869 534 2936 hoc,
563 2870 804 2940 quoniam
825 2885 958 2924 unus
986 2886 1080 2939 pro
1109 2870 1342 2924 omnibus
1368 2879 1597 2924 mortuus
1625 2880 1726 2926 est.
1753 2871 1822 2925 Et
1848 2874 2009 2942 paulo

424 2967 545 3028 post
578 2977 591 3012 :
649 2957 860 3024 Omnia,
911 2959 1104 3027 inquit,
1156 2976 1221 3014 ea:
1265 2957 1395 3023 Deo,
1423 2961 1509 3031 qui
1538 2961 1886 3014 reconciliavit
1915 2979 2009 3017 nos

423 3049 519 3105 sibi
547 3044 960 3135 por.Christum:
983 3059 1032 3103 et
1059 3049 1199 3104 dedit
1220 3047 1366 3104 nobis
1387 3051 1685 3120 mysterium
1705 3053 2009 3106 reconcilia-

2112 1863 2256 1916 tutis.
2288 1861 2407 1933 Ipse
2428 1863 2589 1918 etiam
2607 1872 2832 1934 propter
2859 1867 3090 1935 suscepti
3114 1867 3353 1921 hominis
3381 1867 3671 1936 passionem,

2109 1960 2454 2022 peccatorum
2485 1961 2791 2012 nostrorum
2821 1953 2946 2009 fecit
2970 1956 3380 2023 purgationem;
3408 1964 3460 2009 et
3485 1965 3677 2025 propter

2109 2045 2620 2110 remunerationem,
2652 2045 2812 2099 habet
2835 2046 2887 2098 in
2919 2043 3092 2101 Patris
3111 2045 3341 2100 dextera
3373 2047 3663 2102 sessionem.

2111 2133 2390 2200 Quomodo
2421 2147 2598 2191 autem
2626 2137 2998 2206 purgationem
3029 2135 3158 2192 fecit
3175 2146 3541 2206 peccatorum,
3586 2138 3670 2190 nisi

2109 2226 2282 2280 deleas
2311 2227 2730 2299 chirographum,
2751 2229 2886 2300 quod
2923 2229 3193 2283 adversum
3223 2246 3320 2284 nos
3359 2233 3519 2301 [norm
3555 2227 3667 2301 (Col.

2112 2333 2168 2381 ιι,
2190 2317 2299 2387 Μ),
2325 2318 2540 2374 diabolo
2571 2329 2859 2375 accusante
2883 2322 3249 2390 conscriptum
3267 2323 3292 2375 ?
3317 2322 3574 2390 quomodo
3592 2321 3669 2374 dc-

2112 2407 2258 2468 levit,
2316 2409 2415 2461 nisi
2466 2409 2608 2462 cruci
2657 2411 2890 2479 u/ﬁgens,
2934 2419 2988 2464 et
3017 2411 3280 2478 sanguine
3308 2411 3577 2466 innocente
3600 2411 3669 2463 di-

2111 2498 2298 2552 lncns?
2326 2498 2477 2565 Quod
2508 2514 2637 2567 ergo
2666 2500 2787 2555 olim
2817 2499 2959 2554 Deus
3004 2500 3202 2555 locutus
3254 2512 3332 2556 est
3371 2504 3585 2571 patribus
3622 2504 3666 2556 iu

2110 2592 2390 2661 prophetis,
2415 2601 2464 2644 et
2491 2601 2746 2659 postremo
2774 2603 2849 2647 est
2879 2594 3182 2664 testiﬁcatus
3209 2597 3266 2652 in
3283 2594 3422 2649 Filio
3450 2595 3613 2666 (Hebr.
3634 2613 3664 2658 ι,

2115 2681 2175 2750 1,
2211 2681 2286 2751 2),
2335 2683 2439 2737 hoc
2485 2683 2767 2739 credamus
2789 2725 2802 2749 ,
2837 2684 2938 2740 hoc
2969 2694 3278 2752 teneamus,
3309 2687 3411 2741 hoc
3452 2688 3665 2741 omnibus

2110 2775 2311 2828 viribus
2341 2773 2708 2831 defendamus.
2734 2775 2953 2832 Accedit
2983 2777 3048 2830 ad
3081 2793 3324 2842 causam,
3382 2778 3516 2847 quod
3557 2787 3662 2830 tunc

2110 2866 2428 2936 principatus
2456 2874 2505 2919 et
2526 2874 2801 2936 potestates
2827 2868 3135 2936 exspoliavit
3163 2870 3495 2938 ﬂdrtcialilcr,
3516 2869 3664 2920 trium-

2108 2958 2275 3029 phans
2301 2976 2386 3014 eos
2409 2960 2463 3013 in
2485 2961 2754 3030 semetipso
2786 2957 2921 3030 (Col.
2955 2977 3010 3025 ιι,
3047 2959 3158 3027 15).
3205 2960 3367 3027 Quod
3413 2964 3538 3029 opas
3575 2973 3663 3012 non

2110 3057 2191 3103 est
2219 3049 2438 3104 omnino
2459 3050 2625 3107 solius
2643 3050 2895 3116 hominis,
2927 3051 3020 3106 sed
3045 3051 3240 3106 divina:
3275 3054 3326 3107 in
3350 3053 3552 3106 homine
3572 3066 3662 3101 ma.

425 3115 598 3206 tionis,
628 3115 750 3214 quia
779 3139 921 3197 Deus
946 3148 1057 3195 erat
1083 3141 1138 3195 in
1167 3141 1370 3198 Christo
1401 3115 1647 3196 mundum
1671 3144 2005 3200 reconcilians
2033 3115 2081 3181 (ἶ
2105 3140 2335 3209 jcstatis.
2362 3142 2546 3211 Neque
2573 3142 2716 3197 enim
2752 3115 2915 3198 homo
2945 3143 3099 3198 fortis
3129 3153 3181 3196 et
3201 3153 3418 3213 potens,
3446 3143 3531 3197 sed
3578 3141 3662 3194 Do-

425 3232 525 3287 sibi
553 3232 740 3304 (Ibid,
774 3231 860 3299 18,
894 3231 1007 3299 19).

494 3323 587 3378 lX.
629 3323 821 3391 Qutero
856 3323 1307 3406 quemadmodum
1339 3344 1352 3378 :
1382 3341 1490 3382 non
1542 3327 1696 3382 aliter
1718 3343 1879 3397 quam
1909 3345 2009 3383 na-

426 3415 646 3482 scendo,
696 3416 972 3490 patiendo,
1028 3417 1329 3484 moriendo,
1380 3420 1710 3489 resurgendo
1755 3429 1916 3490 atque
1954 3422 2010 3476 in

427 3509 618 3565 emtum
647 3509 1023 3570 ascendendo?
1051 3508 1244 3584 Quazro
1297 3511 1462 3566 etiam
1504 3511 1648 3581 quod
1697 3512 1766 3569 sit
1805 3521 2011 3584 myste-

427 3600 564 3654 rium
585 3600 1038 3659 reconciliationis
1061 3601 1294 3656 nostrae?
1322 3600 1458 3658 Num
1485 3601 1627 3658 aliud
1657 3618 1819 3673 quam
1847 3603 2013 3658 sacri-

427 3691 606 3746 tlcium
633 3693 776 3760 quod
802 3707 900 3762 per
943 3707 1100 3747 suum
1151 3693 1468 3763 sanguinem
1495 3710 1736 3754 summus
1761 3694 2012 3752 sacerdos

428 3781 624 3835 obtulit
677 3779 958 3836 Christus?
1002 3781 1289 3838 Videamus
1336 3797 1466 3851 ergo
1517 3791 1823 3839 utrumnam
1867 3783 2014 3840 solus

431 3874 597 3929 homo
617 3872 906 3944 perfecerit
933 3892 947 3928 :
978 3875 1252 3943 quoniam,
1281 3877 1422 3930 sicut
1451 3876 1525 3935 illi
1549 3885 1757 3945 putant,
1785 3875 1926 3931 Deus
1946 3876 2013 3932 ab

431 3981 498 4022 eo
547 3966 602 4021 in
648 3967 903 4037 passione
947 3967 1213 4022 discessit.
1261 3965 1369 4022 Sed
1409 3969 1534 4023 huic
1555 3969 1794 4038 opinioni
1819 3967 2014 4025 Paulus

431 4057 706 4128 apostolus
751 4057 1148 4115 evidentissime
1199 4058 1560 4114 contradicit:
1615 4058 1773 4126 Deus,
1820 4061 2010 4129 inquit,

431 4156 544 4201 erat
592 4147 647 4202 in
701 4145 927 4203 Christo.
975 4145 1106 4202 Erat
1150 4148 1205 4203 in
1238 4147 1476 4213 Christo,
1499 4163 1605 4202 non
1633 4147 1954 4223 discesserat
1983 4164 2014 4202 a

433 4236 668 4293 Christo.
714 4237 850 4296 Deus
898 4248 1013 4294 erat
1055 4239 1110 4294 in
1148 4237 1374 4306 Christo,
1407 4240 1656 4294 mundum
1675 4241 2016 4295 reconcilians

434 4325 549 4380 sibi.
573 4325 1034 4392 Quemadmodum
1061 4330 1456 4385 reconcilians?
1483 4347 1587 4384 non
1629 4340 1874 4400 reputans
1910 4331 2016 4386 illis

435 4415 623 4470 delicta
647 4433 845 4474 eorum.
868 4418 949 4473 An
979 4417 1118 4473 forte
1136 4418 1240 4474 hoc
1268 4419 1446 4473 stultis
1474 4419 1686 4489 placet,
1718 4427 1778 4473 ut
1798 4434 1894 4490 per
1912 4419 2014 4474 ho-

435 4506 633 4561 minem
652 4514 863 4562 tantum
883 4506 977 4562 liat
1005 4507 1252 4569 remissio
1273 4509 1654 4577 peccatorum?
1691 4507 1846 4574 Quod
1895 4523 2017 4564 cum

433 4597 598 4652 etiam
647 4596 813 4652 Judaei
849 4603 1165 4668 respuerent
1197 4596 1464 4660 dicendo:
1499 4596 1834 4666 Blasphemat
1862 4614 1879 4651 :
1905 4599 2022 4668 quis

435 4700 604 4762 potest
623 4694 879 4751 dimittere
898 4701 1129 4764 peccata,
1154 4693 1258 4747 nisi
1286 4692 1427 4747 solus
1451 4689 1592 4748 Deus
1615 4689 1805 4761 (Marc.
1838 4707 1893 4754 ιι,
1930 4689 2021 4758 7)?

436 4783 553 4850 ipse
579 4782 853 4850 Dominus,
879 4783 974 4846 Dei
996 4783 1334 4851 hominisque
1357 4781 1544 4848 Filius,
1584 4781 1772 4838 volens
1800 4779 2024 4835 manife-

433 4882 583 4930 stare
627 4875 916 4940 incredulis
942 4892 1051 4934 non
1081 4891 1200 4932 esse
1245 4876 1418 4931 solum
1447 4876 1720 4932 hominem
1748 4890 1912 4945 quem
1941 4875 2022 4928 vi-

438 4968 657 5037 debant,
685 4970 782 5026 sed
809 4970 976 5026 Deum
1007 4972 1167 5030 etiam
1192 4972 1246 5027 in
1275 4987 1435 5041 quem
1463 4972 1682 5027 credere
1709 4981 2023 5032 contemne-

439 5067 586 5130 bant,
611 5074 667 5121 et
693 5074 1017 5137 potestatem
1042 5067 1276 5126 divinam
1304 5066 1509 5123 homini
1550 5082 1765 5138 quoque
1802 5073 2023 5136 propter

439 5155 697 5210 unitatem
727 5172 972 5227 personat
990 5158 1107 5228 ejus
1135 5174 1200 5215 ac
1219 5159 1514 5230 praesentiae
1535 5159 1893 5212 contributam
1921 5159 2025 5212 evi-

438 5247 630 5301 denter
655 5248 938 5304 ostendere
963 5267 974 5303 :
1012 5248 1080 5303 Ut
1108 5251 1301 5315 sciatis,
1333 5250 1424 5315 ait,
1458 5251 1697 5321 quoniam
1725 5257 2025 5317 potestatem

441 5335 595 5392 habet
634 5339 775 5409 filius
801 5339 1026 5394 hominis
1075 5357 1228 5411 super
1257 5351 1444 5395 terram
1490 5341 1750 5395 dimittere
1791 5351 2022 5408 peccata,

440 5437 562 5483 tunc
605 5429 742 5483 dixit
768 5431 1100 5502 paralytico:
1151 5431 1336 5503 Surge,
1388 5431 1509 5488 tolle
1549 5432 1734 5486 lectum
1786 5441 1947 5498 tuum,
1977 5442 2026 5485 et

442 5517 569 5570 trade
595 5518 647 5572 in
672 5519 878 5575 domum
901 5532 1038 5576 tuam
1061 5521 1273 5593 (Matth.
1305 5539 1378 5587 Ix,
1403 5523 1478 5595 6).
1498 5523 1574 5578 Ita
1604 5524 1744 5579 Dcus
1765 5532 1818 5578 cl
1843 5525 2024 5593 homo,

442 5626 580 5668 unus
627 5623 683 5666 et
734 5630 891 5670 verus
943 5615 1238 5670 animarum
1267 5631 1660 5687 corporumque
1687 5617 1942 5681 salvator,
1974 5625 2029 5671 ct

444 5706 766 5762 exteriorem
808 5708 1079 5767 hominem
1122 5707 1310 5764 morbo
1360 5708 1578 5777 carnali,
1612 5717 1665 5763 et
1713 5707 2023 5763 interiorem

1179 5898 1214 5912 ι-

2112 3233 2280 3286 minus
2297 3240 2476 3302 potens
2500 3233 2552 3285 in
2584 3231 2715 3288 bello
2759 3231 2929 3303 (Psal.
2956 3249 3103 3297 χχιιι,
3135 3230 3212 3306 8).

2184 3323 2271 3378 XI.
2311 3323 2444 3377 Item
2474 3323 2579 3378 illic
2606 3331 2727 3392 post
2754 3323 2936 3388 multa,
2961 3325 3157 3393 quibus
3182 3325 3473 3395 Apostolus
3495 3331 3663 3393 mystc-

2111 3416 2248 3470 rium
2279 3415 2414 3469 Novi
2439 3414 2766 3470 Testamenti
2793 3431 2822 3469 a
2849 3415 3062 3471 Veteris
3091 3416 3259 3484 ﬁgura
3309 3416 3561 3477 discrevit,
3600 3415 3662 3466 sic

2113 3507 2188 3560 ait
2215 3524 2226 3558 :
2266 3504 2556 3577 Refragans
2576 3505 2675 3577 legi
2703 3505 2893 3576 Moysi,
2925 3508 3391 3571 sineﬁiseratione
3411 3507 3604 3560 moritur
3621 3499 3666 3548 in

2113 3598 2310 3652 duobus
2332 3608 2421 3650 aut
2443 3597 2604 3652 tribus
2627 3599 2840 3654 testibus
2871 3616 2887 3653 :
2916 3610 3108 3671 quanto
3147 3602 3315 3670 magis
3344 3600 3528 3653 videtur
3547 3595 3662 3648 dete-

2112 3691 2252 3744 riore
2279 3705 2430 3760 paena
2459 3690 2667 3761 dignus,
2697 3691 2784 3759 qui
2813 3689 3010 3745 Filium
3042 3691 3134 3745 Dei
3163 3692 3494 3755 conculcavit,
3533 3696 3575 3742 et
3594 3686 3664 3756 qui

2114 3782 2416 3852 sanguinem
2462 3780 2601 3836 Novi
2633 3782 2944 3836 Testamenti
2972 3783 3299 3836 immundum
3329 3781 3593 3841 cestimarit,
3619 3778 3661 3828 in

2115 3889 2212 3944 quo
2237 3874 2592 3943 sanctiﬁcatus
2612 3883 2706 3939 est,
2725 3884 2774 3928 et
2799 3875 3003 3944 spiritui
3021 3876 3202 3945 gratia:
3222 3873 3325 3928 Dei
3345 3869 3663 3928 contumeliam

2117 3967 2278 4039 fecit?
2322 3965 2574 4021 Nouimus
2603 3967 2740 4020 enim
2777 3983 2894 4020 eum
2929 3969 3017 4038 qui
3043 3967 3177 4020 dixit
3206 3982 3226 4020 :
3273 3966 3410 4020 Mihi
3452 3962 3658 4020 rindicta,

2115 4073 2208 4128 ego
2230 4057 2528 4118 retribuam,
2553 4056 2676 4112 dicit
2704 4056 2957 4112 Dominus
2982 4056 3166 4128 (Hebr.
3192 4074 3248 4122 x,
3276 4055 3486 4124 28—50).
3503 4054 3662 4118 ριιωτο

2115 4147 2346 4218 qualiter
2381 4148 2552 4218 possit
2602 4147 2743 4202 Deus
2792 4148 2886 4202 Dei
2929 4148 3096 4202 Filius
3141 4147 3462 4203 conculcari.
3494 4139 3662 4196 Videtis

2118 4240 2281 4294 etiam
2309 4240 2398 4296 hic
2442 4231 2894 4310 quemadmodum
2941 4257 3044 4296 nec
3091 4241 3320 4303 dubitet,
3357 4256 3450 4296 nec
3472 4240 3659 4294 metuat,

2119 4346 2220 4387 nec
2239 4332 2524 4388 erubescat
2551 4347 2796 4388 asserere
2823 4331 2920 4388 Dei
2944 4333 3135 4387 Filium
3164 4333 3539 4387 conculcatum.
3577 4319 3661 4377 Sed

2122 4422 2377 4490 quoniam
2407 4422 2455 4478 si
2480 4422 2600 4492 quis
2642 4422 2955 4492 sanguinem
2997 4423 3051 4477 in
3079 4437 3188 4490 quo
3210 4420 3555 4477 sanctificatus
3579 4419 3660 4472 es!»

2121 4514 2453 4569 immundum
2478 4513 2770 4582 existimat,
2803 4515 2987 4582 utique
3011 4513 3201 4567 Filium
3233 4511 3331 4566 Dei
3383 4506 3659 4567 concaleat:

2123 4606 2244 4662 ideo
2267 4622 2373 4660 non
2389 4607 2641 4663 discrevit
2665 4607 2896 4660 hominis
2915 4606 3216 4676 passionem
3233 4621 3262 4658 a
3286 4605 3380 4658 Dei
3402 4601 3661 4667 majestate.

2125 4700 2274 4770 cujus
2299 4715 2453 4755 reum
2473 4700 2587 4754 vult
2613 4714 2732 4754 esse
2770 4699 2939 4764 illum,
2967 4697 3057 4766 qui
3108 4713 3208 4767 pro
3238 4697 3405 4751 nihilo
3430 4689 3663 4747 existima-

2125 4773 2264 4846 verit
2291 4807 2393 4861 pro
2421 4805 2480 4845 se
2506 4790 2820 4858 sanguinem
2847 4789 3040 4844 fusum.
3073 4789 3189 4842 Non
3221 4789 3362 4842 enim
3391 4785 3540 4839 Filius
3584 4772 3662 4828 Ι)θί

2127 4883 2492 4947 conculcatur,
2524 4882 2626 4936 nisi
2653 4881 2706 4935 in
2737 4895 2802 4935 eo
2827 4877 2972 4949 quod
3001 4879 3191 4934 mortis
3216 4893 3376 4947 quam
3405 4878 3454 4931 in
3481 4866 3662 4926 homini!

2128 4975 2400 5041 sustinuit,
2420 4972 2739 5028 beneﬁcium
2758 4971 3042 5042 spernitur.
3075 4968 3194 5040 lpse
3219 4981 3429 5038 quoque
3455 4961 3660 5018 Salvamr

2131 5083 2194 5122 ac
2222 5067 2480 5121 Dominus
2510 5065 2667 5120 ﬁdem
2714 5071 3155 5119 remuneraturus
3183 5063 3487 5128 interrogat.
3509 5050 3662 5106 Videte

2130 5158 2256 5227 quid
2285 5158 2480 5212 dixerit
2503 5175 2516 5210 :
2551 5155 2711 5220 Quem
2731 5154 3047 5228 meninquit,
3079 5153 3256 5206 dicunt
3283 5167 3394 5204 esse
3418 5147 3563 5218 ﬁlium
3587 5139 3660 5190 lto-

2131 5250 2284 5308 minis
2315 5247 2528 5318 (Matth.
2553 5263 2663 5309 xvi,
2689 5245 2776 5314 15)
2797 5246 2818 5299 ?
2841 5244 3016 5314 Atque
3042 5259 3164 5298 cum
3205 5241 3439 5296 diversas
3477 5234 3662 5288 aliorum

2134 5339 2415 5410 opiniones
2456 5337 2531 5391 illi
2566 5342 2914 5404 suggererent
2946 5351 2958 5387 :
3000 5333 3104 5388 Vos
3133 5339 3323 5397 autem,
3349 5327 3521 5399 inquit,

2131 5447 2210 5483 me
2239 5429 2408 5490 dicitis
2432 5443 2542 5480 esse
2573 5425 2756 5496 (Ibid.,
2789 5421 2919 5493 15)?
2947 5437 3034 5478 me
3059 5422 3244 5491 utique
3269 5420 3429 5475 lilium
3451 5418 3660 5471 hominis.

2134 5520 2213 5574 Ad
2256 5520 2368 5574 haec
2407 5516 2615 5581 Petrus,
2641 5517 2708 5570 ab
2727 5514 2918 5570 eodem
2952 5514 3262 5584 inspiratus,
3291 5521 3346 5567 et
3373 5512 3424 5565 iu
3446 5509 3535 5563 hac
3559 5513 3659 5554 con-

2135 5614 2366 5668 fessione
2389 5612 2455 5666 ad
2484 5618 2687 5666 rectam
2717 5608 2873 5662 tidem
2901 5607 3072 5661 forma
3091 5607 3172 5662 sui
3196 5605 3450 5661 universis
3462 5592 3660 5668 gentibus

2135 5706 2463 5779 profuturus,
2492 5703 2709 5758 adverte
2730 5707 2930 5768 quanta
2961 5707 3013 5754 et.
3044 5714 3202 5767 quam
3233 5698 3386 5768 plena
3413 5685 3659 5757 integritate
