3920 6176
236 268 339 325 857
1504 262 1521 314 ἱ
1550 260 1796 315 llANlL'S

1935 260 2253 316 ESBYTER.
3393 263 3507 319 858

237 378 604 452 responderit:
632 377 706 432 Tn
727 395 783 432 es
805 377 1036 431 Christus
1060 376 1227 430 Filius
1247 376 1339 429 Dei
1353 377 1451 429 vivi
1470 374 1684 445 (Matth.
1708 391 1817 438 xvi,
1850 377 1895 435 Α
1923 390 2083 443 quam
2109 377 2250 432 Deus
2268 385 2323 431 et
2349 377 2532 444 homo,
2563 392 2700 432 uinus
2725 386 2887 447 atque
2908 376 3096 433 unicus
3114 376 3230 447 ipse
3252 376 3408 444 illius,
3429 378 3500 433 ad

241 473 351 543 16).
382 471 464 525 Tu
495 479 571 534 tu,
602 484 636 522 ο
666 468 774 531 ille,
816 467 909 536 qui
937 474 991 522 te
1021 464 1184 521 ﬁlium
1214 465 1447 521 hominis
1476 465 1626 528 dicis,
1655 473 1712 518 tu
1753 479 1815 519 es
1915 486 2042 527 suos
2069 469 2360 540 discipulos
2402 467 2778 541 perferendam
2806 468 3148 539 inseparabili
3175 468 3396 524 omnino
3415 479 3500 523 ιι.

238 563 484 617 Christus
509 558 673 612 Filius
706 557 798 611 Dei
818 556 942 611 vivi.
967 554 1215 625 Nunquid
1244 570 1349 609 non
1371 555 1533 609 etiam
1561 555 1669 617 hic,
1702 555 1816 608 sive
1916 577 2021 630 que
2043 559 2350 615 indivisibili
2375 559 2648 614 mandavit
2675 558 2889 614 atl'ectu.
2924 560 3165 629 Denique
3189 565 3250 613 ut
3277 558 3496 613 noveri-

241 650 663 718 interrogatione
690 645 902 700 Domini
948 660 1044 700 seu
1087 645 1140 698 in
1179 645 1530 714 responsione
1558 645 1815 714 apostoli,

242 746 518 812 utriusque
573 739 880 795 substantia:
919 753 1022 792 una
1055 746 1384 791 monstratur
1412 736 1819 804 ostenditurque

242 850 509 907 persona;
558 833 684 887 dum
737 840 792 885 et
846 831 935 885 ille
986 845 1046 884 se
1092 830 1320 884 hominis
1365 828 1551 894 lilium,
1582 828 1725 896 quod
1767 828 1821 881 in

242 930 433 993 aperto
462 921 758 984 videbatur,
788 919 965 986 edicit,
985 926 1042 973 et
1064 917 1253 974 Petrus
1280 933 1403 972 eum
1424 916 1697 972 Christum
1724 917 1823 972 Dei

243 1011 455 1077 Filium,
503 1010 647 1079 quod
675 1010 728 1063 in
758 1008 971 1064 occulto
994 1008 1298 1077 gerebatur,
1329 1008 1529 1063 donata
1556 1008 1659 1063 sibi
1687 1024 1821 1063 con-

243 1103 478 1158 tessione
499 1101 852 1156 monstravit?
875 1097 1026 1154 Unde
1056 1099 1300 1153 laudatus
1321 1115 1350 1153 a
1374 1098 1599 1153 Domino
1621 1107 1675 1153 ct
1699 1100 1824 1153 bea-

243 1202 332 1248 tus
374 1200 458 1246 est
508 1190 682 1246 dictus
724 1189 911 1258 (Ιὸὶάη
946 1190 1071 1257 l7);
1120 1190 1374 1259 quoniam
1409 1206 1511 1242 non
1542 1192 1589 1243 ei
1612 1206 1742 1244 caro
1770 1198 1826 1244 et

242 1282 461 1351 sanguis
504 1281 842 1347 revelaverit,
873 1279 966 1333 sed
997 1278 1157 1334 Pater
1181 1281 1270 1349 qui
1293 1281 1345 1334 in
1373 1281 1523 1334 caelis
1543 1289 1642 1335 est.
1670 1280 1825 1347 Quod

242 1386 374 1441 ergo
394 1372 614 1426 credere
631 1371 940 1432 debeamus,
974 1370 1115 1425 Deus
1141 1368 1301 1424 Pater
1326 1385 1421 1440 per
1443 1370 1611 1424 Deum
1634 1369 1824 1424 Filium

245 1465 469 1527 revelet,
505 1480 609 1517 non
638 1478 765 1519 caro
792 1473 846 1517 et
871 1463 1087 1530 sanguis
1107 1462 1359 1517 insinuet.

318 1551 431 1606 ΧΠ.
473 1550 601 1606 Post
630 1552 1079 1606 resurrectionem
1103 1566 1338 1620 quoque,
1377 1567 1500 1607 cum
1544 1551 1827 1609 Dominum

242 1644 411 1698 Maria
441 1643 660 1697 minime
688 1643 1045 1710 cognovisset,
1095 1651 1149 1697 et
1202 1644 1291 1698 ille
1345 1644 1566 1714 proprio
1612 1645 1831 1700 nomine

1918 653 2005 714 tis,
2038 659 2093 704 et
2121 650 2331 718 plenius
2358 648 2655 704 advertatis
2703 649 2776 703 ita
2806 664 2926 703 esse
2972 647 3116 717 quod
3161 648 3381 711 dicitur,
3429 646 3496 700 ad

1919 740 2258 797 dissolvenda
2288 741 2526 795 omnium
2556 740 2931 795 hasreticorum
2977 741 3405 795 machinamenta
3447 746 3501 794 et

1923 832 2197 887 universas
2226 830 2519 885 calumnias
2559 830 2909 896 refellendas;
2942 830 3033 885 ubi
3060 845 3196 900 opus
3222 828 3320 884 fuit
3345 837 3502 883 natu—

1924 939 2040 977 ram
2064 923 2325 979 creatoris
2354 938 2385 976 a
2413 930 2661 978 creatura
2700 924 3028 989 discernere,
3059 922 3236 977 videte
3275 922 3504 990 qualiter

1924 1030 2023 1085 pro
2065 1013 2221 1068 nobis
2269 1013 2443 1083 pietas
2494 1012 2673 1067 divina
2726 1013 2983 1080 vigilavit.
3022 1011 3190 1079 Vade,
3219 1011 3412 1081 inquit,
3434 1010 3504 1064 ad

1925 1111 2115 1181 fratres
2162 1123 2320 1172 meos,
2370 1115 2419 1159 et
2440 1106 2522 1160 die
2550 1106 2659 1159 eis:
2683 1106 2914 1159 Ascendo
2932 1105 2999 1158 ad
3027 1104 3240 1158 Patrem
3268 1119 3435 1157 meum
3456 1110 3505 1156 et

1922 1197 1996 1251 ad
2047 1197 2255 1250 Patrem
2299 1203 2550 1258 vestrum;
2579 1195 2649 1248 ad
2679 1193 2843 1248 Deam
2873 1210 3039 1247 meum
3059 1203 3106 1247 et
3133 1193 3203 1246 ad
3227 1192 3391 1247 Deam
3421 1209 3509 1246 ve-

1926 1296 2108 1341 strum:
2164 1286 2305 1341 Ecce
2334 1286 2420 1340 hic
2447 1285 2728 1341 evidenter
2756 1285 2922 1354 ipsius
2951 1284 3179 1349 Domini,
3234 1283 3285 1337 id
3310 1292 3392 1337 est
3412 1282 3506 1337 Dei

1929 1386 1983 1433 et
2021 1376 2274 1443 hominis,
2316 1392 2347 1429 a
2375 1375 2696 1430 famulorum
2724 1390 2943 1429 suorum
2974 1389 3203 1445 persona
3226 1373 3506 1440 distingui-

1932 1477 2035 1530 tur,
2061 1475 2116 1523 et
2142 1483 2173 1522 a
2201 1475 2391 1522 natura
2417 1466 2627 1521 vocatio
2669 1473 2969 1535 separatur.
3001 1463 3251 1531 Quamvis
3281 1464 3424 1518 enim
3455 1464 3509 1520 id

1930 1559 2075 1628 quod
2112 1558 2417 1624 mandatur,
2444 1558 2556 1628 jam
2596 1557 2784 1612 amicis
2824 1556 3110 1611 mandetur
3135 1564 3189 1610 et
3216 1554 3506 1610 fratribus:

1932 1649 2233 1705 ostenditur
2253 1656 2433 1703 tamen
2453 1647 2582 1716 quid
2612 1648 2841 1703 Domino
2861 1645 3142 1709 debeatur,
3170 1644 3298 1714 quid
3341 1648 3513 1699 servis

243 1734 587 1807 appellando,
639 1736 780 1790 viam
829 1735 906 1789 illi
954 1736 1334 1803 recognitionis
1382 1737 1639 1806 aperiret,
1668 1751 1734 1792 ac
1766 1750 1827 1792 se
1860 1745 1902 1804 Β
1928 1741 2136 1796 caneris
2158 1740 2440 1794 tribuatur.
2475 1736 2658 1793 Potuit
2683 1751 2915 1807 namque
2937 1735 3139 1801 dicere,
3171 1734 3417 1789 Ascendo
3444 1731 3512 1787 ad

244 1836 468 1897 tangere
500 1827 767 1882 volentem
793 1843 861 1881 ne
889 1826 1089 1881 faceret
1108 1827 1452 1896 prohiberet;
1475 1827 1601 1896 quid
1618 1828 1670 1882 ei
1691 1844 1829 1883 nun-

244 1920 487 1976 tiandum
509 1919 782 1987 discipulis
795 1918 1042 1986 delegare
1058 1916 1307 1986 dignatus
1326 1914 1507 1986 fuerit,
1525 1917 1823 1972 audiamus.

253 2011 419 2076 Vade,
451 2011 643 2081 inquit,
671 2010 739 2064 ad
766 2012 955 2080 fratres
984 2027 1143 2075 meos,
1172 2018 1221 2063 et
1249 2011 1331 2063 dic
1352 2010 1465 2064 eis:
1495 2009 1731 2065 Asceudo
1758 2009 1829 2063 ad

245 2105 461 2161 Patrem
480 2121 647 2158 meum
673 2112 723 2156 et
753 2113 952 2173 patrem
979 2111 1229 2167 vestram;
1259 2102 1330 2155 ad
1356 2101 1525 2155 Deum
1563 2117 1729 2154 meum
1779 2109 1831 2155 et

244 2196 316 2250 ad
369 2195 535 2249 Deum
582 2203 803 2249 vestrum
856 2193 1034 2263 (Joan.
1087 2209 1176 2257 xx,
1206 2193 1316 2261 l7).
1342 2192 1454 2261 Age
1477 2207 1639 2257 nunc,
1669 2192 1831 2260 eligat

245 2287 533 2342 hmreticus
559 2295 735 2340 utrum
767 2292 936 2354 putat,
987 2292 1041 2337 et
1068 2282 1220 2352 cujus
1249 2298 1436 2338 vocen
1487 2283 1641 2341 malit
1693 2284 1833 2338 hanc

244 2394 390 2438 esse.
435 2379 547 2447 ipse
574 2378 843 2433 discernat
873 2395 885 2429 :
919 2387 1144 2447 utraque
1190 2384 1345 2447 parte
1398 2382 1557 2431 acuto
1601 2373 1831 2445 spiritali

244 2470 432 2537 gladio
457 2466 695 2523 lerietur.
737 2468 992 2533 Ascendo,
1025 2467 1217 2536 inquit,
1247 2466 1317 2519 ad
1348 2466 1558 2519 Patrem
1585 2481 1754 2519 meum
1781 2472 1833 2518 et

245 2559 323 2612 ad
347 2569 545 2627 patrem
593 2567 843 2622 vestrum;
874 2558 941 2610 ad
990 2555 1152 2611 Deum
1177 2573 1362 2621 meum,
1394 2564 1443 2610 et
1472 2555 1541 2609 ad
1564 2555 1728 2610 Deum
1750 2572 1833 2609 ve-

246 2660 435 2705 strum.
468 2648 522 2701 Si
553 2649 784 2703 hominis
814 2664 917 2703 vox
938 2655 1041 2712 est,
1073 2661 1202 2716 ergo
1243 2646 1408 2701 Filius
1436 2646 1530 2701 Dei
1559 2654 1641 2701 est
1669 2646 1832 2703 homo

247 2740 344 2794 ille
370 2758 383 2792 :
410 2740 478 2792 ad
500 2740 711 2793 Putrem
734 2756 917 2803 meum,
942 2739 1098 2807 dixit,
1124 2739 1364 2793 ascendo.
1388 2737 1446 2793 Si
1474 2738 1569 2793 Dei
1594 2754 1697 2792 vox
1726 2746 1829 2803 est,

246 2845 279 2883 e
315 2842 384 2895 go
415 2829 575 2883 homo
596 2838 677 2883 est
707 2829 846 2884 Deus
870 2829 959 2883 ille
991 2846 1004 2882 :
1036 2829 1105 2882 ad
1132 2827 1298 2883 Deum
1320 2846 1488 2883 meum
1514 2829 1659 2883 enim
1679 2829 1833 2897 dixit,

246 2918 500 2972 ascendo.
527 2919 635 2973 Nec
663 2920 803 2972 enim
831 2919 924 2984 ait,
956 2919 1202 2975 Ascendo
1226 2920 1292 2974 ad
1320 2917 1533 2974 Patrem
1550 2934 1748 2985 meum,
1779 2926 1836 2974 et

249 3009 422 3064 Deum
456 3011 687 3065 hominis
710 3012 811 3065 mei
837 3029 850 3064 :
876 3019 988 3075 aut,
1014 3010 1259 3068 Ascendo
1284 3011 1353 3068 ad
1378 3011 1544 3067 Deum
1563 3026 1762 3079 meum,
1780 3019 1835 3066 et

1931 1831 2143 1887 Patrem
2174 1839 2438 1896 nostrum,
2469 1837 2525 1884 et
2551 1829 2621 1883 ad
2647 1829 2815 1884 Deum
2836 1836 3109 1892 nostrum;
3136 1827 3261 1895 quia
3288 1825 3512 1882 multum

1929 1923 2092 1980 distat
2142 1922 2282 1977 inter
2306 1919 2731 1976 dominationem
2759 1928 2814 1974 et
2841 1917 3232 1985 conditionem,
3262 1917 3401 1971 inter
3426 1928 3515 1982 ge-

1930 2013 2264 2068 nerationem
2286 2019 2341 2066 et
2367 2010 2738 2081 adoptionem,
2769 2009 2909 2064 inter
2936 2008 3287 2064 substantiam
3315 2015 3370 2060 et
3391 2021 3514 2075 gra-

1933 2105 2081 2160 tiam.
2134 2102 2369 2172 Ideoque
2396 2101 2484 2158 hic
2510 2106 2617 2157 neu
2652 2101 2918 2171 permixte
2946 2114 3045 2154 nec
3072 2099 3271 2168 passim
3299 2097 3514 2162 dicitur,

1931 2194 2178 2252 Asceudo
2207 2192 2272 2250 ad
2303 2193 2517 2249 Patrem
2545 2200 2788 2249 nostrum
2837 2200 2887 2246 et
2935 2190 3003 2245 ad
3032 2191 3200 2245 Deum
3229 2196 3472 2244 nostrum
3501 2206 3513 2240 :

1930 2286 2025 2342 sed
2069 2285 2140 2339 ad
2184 2284 2397 2339 Patrem
2450 2299 2618 2339 meum
2671 2291 2721 2336 et
2760 2292 2960 2352 patrem
2989 2290 3227 2341 vestrum,
3252 2278 3321 2332 ad
3352 2277 3516 2331 Deum

1931 2394 2096 2433 meum
2140 2386 2190 2430 et
2216 2374 2287 2430 ad
2314 2373 2479 2429 Deum
2508 2382 2742 2428 vestrum.
2776 2372 2946 2427 Aliter
2973 2373 3117 2427 enim
3139 2371 3213 2425 illi
3244 2370 3384 2424 Deus
3418 2385 3515 2438 pa-

1932 2478 2017 2527 ter
2038 2478 2139 2533 est,
2170 2469 2330 2523 aliter
2350 2468 2526 2522 nobis.
2552 2466 2705 2520 Illum
2734 2466 2997 2536 siquidem
3039 2471 3226 2519 natura
3253 2467 3518 2530 coaequant,

1933 2557 2307 2617 misericordia
2361 2557 2609 2611 humiliat
2635 2573 2647 2609 :
2705 2572 2806 2611 nos
2830 2571 2959 2610 vero
2979 2563 3171 2608 natura
3201 2551 3516 2623 prosternit,

1934 2649 2305 2707 misericordia
2336 2647 2512 2716 erigit.
2543 2645 2659 2702 Hoc
2686 2646 2828 2701 enim
2853 2645 2961 2714 egit
2990 2644 3090 2698 ista
3111 2643 3290 2698 divina
3326 2642 3519 2694 huma-

1934 2743 2076 2797 nitas
2102 2748 2159 2795 et
2178 2740 2412 2794 humana
2437 2737 2707 2802 divinitas,
2753 2735 2843 2789 tali
2873 2751 2937 2789 ac
2977 2741 3126 2788 tanto
3156 2730 3434 2791 miraculo,
3465 2737 3520 2782 ut

1934 2832 2242 2903 huiusmodi
2284 2831 2512 2900 gratiam
2534 2829 2750 2897 indigna
2778 2826 3085 2883 mortalium
3115 2823 3403 2881 meruisset
3432 2822 3515 2874 in-

1937 2923 2183 2980 ﬁrmitas.
2504 2905 2512 2915 ’

2008 3013 2144 3070 Xlll.
2184 3012 2253 3069 Et
2281 3012 2401 3083 quis
2431 3011 2651 3082 poterit,
2680 3010 2764 3065 vel
2792 3010 2877 3065 cui
2930 3007 3161 3065 sufficiat
3204 3006 3521 3075 paginarum

246 3100 324 3153 ad
375 3100 587 3154 Patrem
638 3101 732 3156 Dei
769 3102 893 3156 mei.
925 3100 1026 3167 Qui
1055 3102 1216 3169 igitur
1234 3117 1521 3173 personam
1544 3100 1831 3156 divinitatis

1940 3117 2246 3163 sanctarum
2274 3106 2454 3162 omnia
2476 3119 2585 3159 uno
2605 3104 2658 3158 iu
2686 3110 2933 3172 tempore
2953 3100 3274 3157 documenta
3321 3110 3522 3163 conge-

247 3192 707 3260 liumanitatisque
733 3191 1006 3254 discernit,
1048 3200 1277 3261 utroque
1303 3192 1576 3247 intellectu
1606 3191 1833 3246 convin-

247 3282 414 3335 citur.
476 3282 578 3335 Aut
632 3283 792 3337 homo
818 3282 973 3351 dixit,
1003 3291 1058 3337 et
1085 3282 1229 3338 idem
1258 3283 1372 3353 ipse
1401 3290 1484 3337 est
1505 3280 1601 3336 Dei
1622 3280 1786 3336 Filius
1818 3297 1830 3333 :

248 3385 352 3428 aut
381 3374 521 3427 Deus
548 3375 699 3441 dixit,
748 3385 803 3430 et
849 3376 989 3431 idem
1017 3377 1129 3447 ipse
1157 3384 1240 3431 est
1276 3376 1437 3430 etiam
1465 3376 1628 3429 homo
1653 3387 1836 3430 susce-

249 3473 405 3534 ptus.
433 3464 533 3530 Qui
564 3466 706 3519 enim
728 3466 874 3529 dicit,
904 3468 1137 3521 Ascendo
1167 3466 1237 3520 ad
1263 3466 1478 3520 Patrem
1500 3482 1667 3519 meum
1692 3475 1742 3518 et
1768 3464 1838 3518 ad

253 3555 427 3609 Deum
457 3574 619 3612 meum
636 3574 653 3621 ;
689 3559 981 3628 repetendo
1004 3574 1179 3613 meum
1209 3566 1265 3613 et
1290 3573 1486 3622 meum,
1518 3572 1679 3612 unam
1706 3571 1827 3626 pro-

251 3648 351 3701 hat
405 3647 793 3716 polliceturque
853 3665 1174 3719 personam,
1239 3648 1485 3717 quamvis
1546 3647 1837 3715 distinguat

254 3748 544 3808 utramque
593 3742 962 3797 substantiam.
992 3743 1038 3809 Q
1062 3742 1149 3796 :od
1176 3744 1318 3797 enim
1369 3743 1466 3811 ait,
1491 3742 1725 3797 Ascendo
1767 3740 1836 3795 ad

258 3828 474 3885 Patrem
493 3848 676 3898 meum,
708 3835 976 3903 pertinere
1000 3836 1217 3905 quidem
1244 3836 1456 3890 videtur
1481 3836 1547 3889 ad
1591 3834 1836 3903 unigeni-

256 3929 378 3975 tum
409 3921 598 3978 Filium
631 3942 644 3976 :
675 3925 819 3993 quod
839 3935 1014 3981 autem
1039 3929 1132 3992 ait,
1167 3928 1234 3981 ad
1263 3926 1428 3982 Deum
1459 3944 1643 3991 meum,
1667 3925 1835 3997 perti-

258 4026 394 4067 nere
416 4013 625 4068 videtur
644 4014 711 4069 ad
737 4016 1010 4073 hominem
1039 4018 1258 4074 factum.
1278 4018 1384 4074 Sed
1404 4019 1456 4075 in
1485 4017 1699 4073 Christo
1712 4016 1840 4073 Jesu

261 4120 365 4160 nec
417 4104 581 4161 homo
628 4116 840 4163 creatus
878 4118 1055 4179 potest
1095 4111 1222 4177 dici,
1255 4126 1352 4165 nec
1372 4111 1678 4180 unigenitus
1698 4109 1841 4164 Deus

261 4197 452 4264 negari
480 4197 644 4253 homo
673 4202 871 4270 poterit
900 4211 1073 4257 natus.
1101 4204 1275 4271 Atque
1305 4203 1425 4258 ideo
1461 4218 1558 4258 nec
1592 4202 1686 4256 Dei
1726 4210 1843 4257 tan-

260 4296 401 4353 tum,
423 4305 524 4344 nec
548 4291 778 4348 hominis
799 4302 1021 4358 tantum,
1053 4311 1157 4349 vox
1179 4294 1281 4349 ista
1310 4309 1429 4350 esse
1459 4295 1800 4353 convincitur
1824 4311 1837 4348 :

261 4407 371 4423 -

1937 3216 2079 3265 rere,
2107 3200 2301 3268 quibus
2320 3198 2528 3253 sincera
2549 3196 2662 3251 haec
2690 3203 2747 3249 et
2766 3210 2916 3248 mera
2944 3192 3143 3247 veritas
3166 3187 3522 3260 perdocetur?

1939 3291 2048 3346 Sed
2074 3303 2129 3345 et
2157 3287 2348 3344 modus
2377 3286 2643 3342 sermonis
2668 3284 2760 3352 qui
2776 3283 2888 3352 jam
2919 3281 3116 3336 dudum
3138 3279 3389 3341 excessit,
3419 3277 3522 3330 ali-

1941 3381 2155 3453 quando
2184 3378 2446 3435 tenendus
2482 3386 2582 3441 est,
2624 3391 2726 3430 nec
2767 3373 2896 3427 mihi
2925 3372 3125 3426 diutius
3172 3367 3521 3425 laborandum

1941 3488 2061 3529 curn
2112 3473 2210 3538 eis,
2258 3485 2396 3540 quos
2443 3468 2743 3522 instruente
2788 3463 3014 3519 Domino
3042 3461 3283 3515 eruditos
3303 3459 3517 3525 agnovi.

1941 3564 2141 3620 lnstate
2170 3563 2371 3632 itaque,
2402 3559 2540 3615 sicut
2566 3554 2854 3628 Apostolus
2900 3550 2993 3624 (ΙΙ
3023 3551 3155 3605 Tim.
3188 3565 3259 3613 IV,
3289 3547 3346 3618 2)
3383 3564 3516 3618 pne-

1943 3657 2106 3727 cepit,
2129 3663 2435 3725 opportune
2462 3657 2625 3720 atque
2653 3648 2987 3717 importune;
3021 3651 3076 3698 et
3115 3640 3358 3696 doctrina
3388 3653 3517 3693 sana

1945 3748 2225 3803 universos
2253 3751 2498 3800 errantes
2526 3741 2755 3809 argnite,
2784 3745 3059 3803 revocate,
3114 3732 3379 3795 instrnile,
3431 3745 3521 3783 ro-

1942 3840 2164 3894 borate:
2196 3853 2306 3890 non
2334 3847 2606 3902 mea,qua:
2632 3831 2776 3885 nulla
2800 3837 2891 3883 aut
2912 3842 3074 3899 parva
3096 3832 3239 3886 sunt,
3264 3822 3521 3876 habentes

1944 3931 1998 3986 in
2027 3931 2128 3984 hac
2153 3928 2274 3983 lidei
2322 3926 2501 3994 regula
2527 3925 2870 3984 documenta;
2895 3919 2992 3976 sed
3017 3917 3410 3986 Scripturarum
3434 3910 3517 3964 di-

1946 4022 2209 4083 vinarum,
2241 4034 2305 4074 ac
2352 4031 2664 4086 magnorum
2705 4023 2760 4069 et
2801 4012 3232 4068 doctissimorum
3263 4007 3516 4066 virorum,

1942 4114 2035 4183 qui
2066 4113 2181 4166 hmc
2226 4118 2353 4164 ante
2381 4124 2482 4163 nos
2522 4116 2577 4161 et
2601 4105 2903 4161 ﬁrmissime
2932 4109 3239 4162 tenuerunt,
3264 4106 3319 4153 et
3345 4095 3523 4151 multi-

1941 4206 2168 4276 plicibus
2196 4203 2346 4258 libris
2367 4199 2805 4269 eloquentissime
2834 4197 3153 4251 docuerunt.

2544 4420 2697 4427 .——.—.

1461 4520 1630 4565 ANNO
1672 4520 1902 4565 DOMINI
1946 4518 2289 4564 CCCCXXIII
2302 4544 2316 4559 .

569 4635 1206 4801 URAN
1230 4641 1606 4804 [US
1736 4635 3218 4799 PRESBYTER.

904 5018 997 5076 (Ex
1032 5018 1203 5083 Cave).

340 5105 566 5161 L'ranins
591 5108 871 5180 presbyter,
899 5111 1107 5168 Paulini
1129 5113 1329 5170 Nolani
1351 5117 1655 5185 discipulus,
1687 5118 1769 5171 cui
1789 5119 1844 5171 in

263 5200 508 5254 extremis
554 5202 723 5271 agenti
773 5204 1081 5259 ministrari!
1110 5222 1248 5261 anno
1293 5206 1418 5272 451,
1449 5210 1655 5279 scripsit
1677 5250 1691 5274 ,
1721 5210 1843 5263 hor-

1873 5026 1917 5083 D
1946 5029 2086 5076 tante
2115 5021 2336 5087 Pucato,
2359 5021 2709 5073 narrationem
2728 5018 2792 5070 de
2818 5017 2955 5071 obitu
2977 5015 3143 5069 sancti
3167 5011 3375 5066 Paulini
3384 5052 3397 5073 ,
3418 5023 3532 5080 qm:

1955 5112 2176 5167 habetur
2204 5110 2343 5181 apud
2371 5111 2583 5166 Surium
2609 5108 2756 5163 Junii
2787 5105 2859 5160 ‘22
2882 5115 2931 5161 et
2958 5108 3014 5161 iu
3053 5105 3262 5177 nuperis
3301 5097 3527 5156 omnibus

1957 5206 2163 5260 Paulini
2190 5202 2521 5260 editicnibus.
