3946 6182
318 283 415 338 361

1670 280 1994 336 Ei'lSTOl..\
2042 283 2265 340 UNICA.

3485 294 3593 353 862

321 409 426 450 mu:
451 393 575 448 itne
603 391 741 448 sacri
771 392 1008 463 mysterii
1038 399 1283 448 extorres
1309 407 1430 450 esse
1454 401 1802 465 praeceperat,
1833 395 1900 450 ad
1934 404 1976 461 Α
2007 396 2276 452 dominico
2305 411 2492 467 pacem
2524 399 2915 456 hmreditariam
2948 411 2971 438 ο
3012 403 3315 472 praedicavit
3359 422 3370 456 :
3401 405 3593 462 deinde

322 499 510 554 pacem
539 483 820 555 pristinam
863 493 1162 540 revocaret.

391 577 442 629 5.
476 573 542 629 Et
571 589 689 630 cum
713 575 826 630 lucc
847 576 1024 630 omnia
1054 583 1272 632 sanctus
1294 575 1580 646 cpiscopus
1606 575 1728 632 laeto
1748 584 1910 645 atque

321 662 559 734 perfecto
587 664 776 719 ordine
803 665 1162 728 celebrasset;
1195 667 1372 721 subito
1392 667 1536 721 clara
1574 682 1709 722 voce
1734 667 1908 722 inter-

321 771 512 824 rogare
539 755 720 825 cmpit,
773 755 859 808 ubi
899 764 1080 812 essent
1122 755 1314 810 fratres
1347 756 1449 810 sui.
1483 755 1634 810 Tunc
1673 771 1808 810 unus
1841 771 1909 810 ex

318 844 808 908 circumstantibus,
837 845 928 914 qui
949 846 1156 916 putavit
1171 845 1314 916 quod
1342 844 1534 900 fratres
1554 861 1700 909 suos,
1729 846 1780 898 id
1804 855 1906 911 est,

319 938 605 1008 episcopos
632 937 724 1005 qui
753 945 881 992 tunc
909 937 1149 1001 aderant,
1176 945 1472 1006 quaereret;
1501 937 1578 991 ait
1605 938 1680 992 illi
1706 955 1718 990 :
1750 935 1905 1001 Ecce.

321 1027 407 1082 hic
427 1035 552 1081 sunt
577 1025 771 1082 fratres
787 1027 880 1082 tui.
904 1025 971 1080 At
997 1028 1082 1081 ille
1105 1045 1116 1079 :
1141 1026 1246 1082 Sed
1268 1041 1368 1096 ego
1385 1043 1528 1082 nunc
1548 1027 1738 1082 fratres
1760 1043 1910 1083 meos

319 1117 623 1173 Juvenum:
653 1124 816 1186 atque
847 1116 1132 1172 Mannxuu
1178 1117 1320 1183 dico;
1371 1119 1462 1186 qui
1492 1118 1654 1173 modo
1696 1134 1908 1173 mecum

319 1209 481 1265 locuti
509 1219 652 1274 sunt,
685 1215 738 1264 et
757 1211 1014 1266 continuo
1043 1209 1111 1266 ad
1137 1225 1224 1266 me
1253 1219 1510 1266 venturos
1535 1226 1594 1266 se
1607 1225 1726 1266 esse
1753 1210 1907 1266 dixe-

317 1307 463 1355 runt.
489 1298 532 1353 E
557 1300 752 1369 quibus
788 1300 1081 1356 JANUARIUS
1105 1301 1390 1372 episcopus
1420 1303 1579 1356 simul
1608 1313 1662 1358 et
1683 1313 1906 1376 martyr,

315 1390 685 1462 Neapolitana:
712 1391 859 1446 urbis
889 1391 1117 1446 illustrat
1149 1390 1440 1446 Ecclesium
1466 1409 1479 1458 ;
1511 1393 1788 1450 Mxnrmus
1810 1410 1907 1447 au-

317 1492 428 1538 tem
454 1483 538 1538 vir
559 1498 658 1554 per
685 1484 864 1537 omnia
888 1483 1232 1553 apostolicus,
1259 1483 1411 1552 cujus
1439 1485 1545 1539 vita
1576 1485 1642 1538 ab
1662 1485 1910 1540 omnibus

317 1574 530 1643 legitur,
563 1573 854 1636 Galliarum
897 1575 1180 1646 episcopus
1226 1575 1342 1630 fuit.
1379 1575 1444 1630 Et
1487 1576 1569 1630 bis
1604 1576 1777 1640 dictis,
1810 1591 1908 1630 ex-

317 1666 483 1720 tensis
511 1665 578 1720 ad
607 1666 804 1730 coelum
853 1667 1128 1732 manibus,
1184 1668 1328 1723 hunc
1371 1667 1638 1737 psalmum
1679 1666 1907 1722 Domino

2012 490 2166 559 quasi
2211 505 2276 544 cx
2307 505 2498 548 somno
2527 493 2822 555 excitatus,
2873 493 3183 549 lncernarizc
3234 492 3252 533 ί
3293 495 3596 551 devotionis

2013 589 2224 651 tempus
2245 595 2564 651 agnoscens,
2578 585 2815 638 extensis
2835 587 3101 648 manibus,
3121 585 3264 639 lenta
3287 585 3413 641 licet
3439 601 3592 649 voce,

2012 673 2194 742 paravi
2247 673 2518 728 lucernam
2567 673 2780 730 Christo
2833 690 2985 739 meo,
3017 675 3246 732 Domino
3291 675 3590 731 decantavi.

2014 761 2165 818 Tunc
2191 763 2384 818 deinde
2429 763 2566 818 facto
2596 764 2904 833 aliquandiu
2947 766 3182 830 silentio,
3232 765 3374 821 circa
3405 765 3591 820 horam

2011 861 2256 922 quartam
2288 853 2462 907 noctis
2487 853 2738 908 omnibus
2763 855 2854 924 qui
2883 855 3107 909 aderant
3123 855 3350 910 sollicite
3365 855 3591 924 vigilan-

2014 945 2175 1009 tibus,
2204 944 2384 998 subito
2417 953 2522 1000 tam
2555 945 2756 1013 ingenti
2778 947 2966 1002 cellula
2997 947 3112 1015 ejus
3145 953 3452 1000 terrmmotu
3473 961 3596 1001 con-

2013 1051 2166 1090 cussa
2199 1043 2301 1100 est,
2331 1043 2390 1090 ut
2417 1035 2470 1090 bi
2500 1035 2592 1106 qui
2611 1036 2808 1092 lectulo
2836 1036 2952 1106 ejus
2973 1037 3316 1102 assistebant,
3349 1035 3590 1091 exterriti

2012 1136 2174 1196 atque
2203 1127 2400 1182 turbati
2427 1126 2491 1182 ad
2516 1129 2813 1183 orationem
2841 1143 2900 1184 se
2927 1129 3107 1184 cuncti
3129 1128 3428 1198 iactarent,
3459 1127 3593 1180 nihil

2012 1225 2189 1270 tamen
2227 1216 2515 1272 scientibus
2545 1218 2628 1272 bis
2674 1219 2764 1288 qui
2795 1234 2890 1288 pro
2937 1216 3141 1273 foribus
3179 1218 3544 1274 consistebant
3575 1234 3588 1270 :

2013 1307 2343 1376 nequeenim
2371 1307 2616 1378 publicus
2636 1309 2746 1375 ille,
2777 1309 2870 1365 sed
2899 1311 3138 1380 privatus
3173 1308 3225 1362 in
3255 1307 3444 1363 cellula
3473 1307 3592 1362 tue-

2010 1407 2094 1452 rat
2122 1407 2278 1454 terrze
2307 1407 2503 1455 motus.
2536 1399 2626 1455 lllc
2649 1400 2902 1468 angelicis
2923 1407 3201 1470 susceptus
3234 1398 3480 1453 manibus
3499 1395 3592 1452 de-

2011 1491 2180 1546 bitum
2211 1491 2322 1544 Deo
2352 1489 2595 1560 spiritum
2623 1490 2910 1545 exhalavit.

2083 1579 2138 1634 5.
2179 1580 2422 1635 Vidimus
2455 1577 2551 1650 (fili
2579 1579 2920 1650 carissime),
2953 1580 3198 1644 vidimus,
3244 1587 3300 1636 et
3341 1579 3482 1632 inter
3508 1577 3590 1631 la-

2011 1686 2220 1743 crymas
2250 1681 2412 1743 atque
2456 1671 2716 1742 singultus
2757 1671 2952 1728 vidisse
2996 1670 3316 1740 gaudemus;
3365 1667 3592 1722 vidimus

315 1757 640 1825 decantavit,
671 1755 854 1813 dicens
881 1775 893 1810 :
923 1756 1118 1815 Levavi
1160 1759 1346 1814 oculos
1368 1774 1516 1813 meos
1563 1759 1628 1813 ad
1671 1765 1900 1818 montes,
1937 1744 1982 1804 Β
2007 1761 2276 1830 quomodo
2306 1762 2512 1816 tollitur
2533 1760 2740 1830 justus,
2774 1771 2828 1818 et
2867 1776 3025 1816 nemo
3071 1759 3322 1828 intelligit
3351 1777 3363 1811 :
3411 1765 3467 1811 et
3493 1757 3590 1810 viri

315 1848 457 1903 unde
503 1849 681 1902 veniet.
725 1848 980 1904 auxilium
1029 1848 1182 1902 mihi.
1215 1848 1481 1904 Auxilium
1530 1864 1707 1902 meum
1739 1847 1905 1902 aDo-

313 1939 480 2000 mino,
505 1939 594 2008 qui
620 1939 744 1994 fecit
770 1939 962 1994 cmlum
986 1947 1039 1993 et
1063 1947 1279 1993 terram.
1315 1938 1516 1994 Deinde
1535 1938 1764 1994 collecta
1787 1954 1906 1992 ora-

313 2031 481 2093 tione,
513 2031 872 2086 commonitus
900 2039 976 2084 est
993 2047 1023 2084 a
1045 2038 1231 2086 sancto
1254 2038 1280 2066 ⁸
1303 2029 1652 2084 Postumiane
1680 2029 1904 2101 presby-

315 2130 452 2186 tero,
483 2122 624 2192 quod
656 2138 754 2192 pro
785 2123 1121 2177 vestimentis
1159 2137 1278 2192 quae
1320 2121 1644 2192 pauperibus
1692 2121 1904 2175 fuerant

311 2223 553 2283 erogata,
603 2211 956 2280 quadraginta
1001 2211 1157 2266 solidi
1196 2211 1542 2266 deberentur.
1583 2209 1738 2278 Quod
1780 2226 1900 2266 cum

311 2305 550 2360 audisset
590 2302 647 2358 S.
679 2299 952 2368 Paulinus,
983 2301 1173 2358 leviter
1199 2301 1481 2356 subridens
1517 2301 1591 2355 ait
1621 2319 1634 2354 :
1668 2300 1902 2360 Securus

309 2403 458 2461 esto,
504 2393 608 2457 fili;
640 2391 804 2448 crede
851 2391 984 2454 mihi
1027 2393 1153 2462 quia
1183 2407 1291 2447 non
1327 2392 1500 2448 deerit
1543 2392 1636 2463 qui
1663 2391 1901 2448 debitum

309 2502 608 2558 pauperum
635 2486 828 2540 solvat.
860 2483 928 2540 Et
949 2499 1100 2553 ecce,
1125 2501 1232 2550 non
1257 2485 1414 2556 longa
1443 2484 1903 2554 moraingreditur

314 2579 530 2648 quidam
581 2578 896 2649 presbyter,
953 2577 1022 2632 de
1077 2575 1326 2636 Lucania:
1379 2577 1621 2648 partibus
1657 2575 1900 2643 veniens,

309 2668 502 2727 nussus
530 2683 560 2720 a
590 2677 780 2723 sancto
813 2668 1070 2740 cpisc0po
1099 2667 1128 2707 δ
1157 2667 1538 2738 Exuperantio,
1585 2667 1698 2722 sive
1727 2683 1756 2720 a
1781 2665 1900 2722 viro

309 2759 606 2813 clarissimo
657 2759 820 2814 fratre
849 2757 966 2826 ejus
993 2755 1227 2823 Ursatio,
1259 2759 1350 2827 qui
1378 2757 1428 2812 ei
1456 2773 1554 2827 per
1583 2757 1755 2826 ipsum
1783 2771 1900 2809 mu-

309 2850 452 2904 neris
479 2851 647 2917 gratia
677 2850 1059 2919 quinquaginta
1089 2848 1292 2904 solidos
1313 2848 1586 2902 miserant.
1611 2847 1757 2915 Quos
1777 2861 1897 2902 cum

307 2939 608 3012 accepisset
635 2949 850 2996 sanctus
892 2938 1168 3004 Paulinus,
1202 2937 1476 2996 benedixit
1502 2937 1791 2994 Dominum
1819 2939 1898 2993 di—

307 3047 464 3086 cens:
488 3031 700 3101 Gratias
727 3047 827 3106 ago
859 3033 974 3103 tibi,
1023 3031 1272 3098 Domine,
1311 3031 1400 3102 qui
1433 3048 1537 3085 non
1567 3030 1898 3101 dercliquisti

2001 1851 2129 1922 justi
2159 1852 2436 1916 tolluntur,
2460 1860 2516 1907 et
2543 1866 2702 1906 nemo
2740 1851 3064 1907 considerat.
3097 1851 3280 1920 Neque
3319 1848 3410 1902 ulli
3439 1845 3591 1901 Chri-

2004 1944 2298 2000 stianorum
2320 1943 2630 1999 incredibile
2651 1943 2812 1999 debet
2831 1943 3021 2010 videri,
3041 1944 3084 1997 si
3105 1943 3154 1996 in
3179 1941 3403 1995 transitu
3421 1940 3591 1994 sancti

2006 2033 2234 2099 Paulini,
2265 2050 2400 2089 unus
2428 2035 2655 2104 angulus
2682 2035 2988 2106 specialiter
3010 2043 3164 2090 terra:
3185 2043 3334 2088 motu
3361 2047 3591 2088 concus-

2004 2138 2094 2178 sus
2143 2129 2245 2190 est,
2278 2123 2331 2177 in
2361 2123 2511 2193 cujus
2540 2123 2688 2179 obitu
2724 2133 2869 2178 totus
2889 2137 3026 2195 pene
3059 2124 3204 2180 orbis
3227 2123 3505 2192 ingemuit.
3529 2121 3593 2175 Et

2005 2229 2134 2270 sane
2155 2215 2278 2284 quis
2305 2215 2454 2269 locus
2475 2223 2558 2269 est
2588 2215 2640 2268 in
2671 2215 2800 2270 orbe
2829 2223 3088 2269 terrarum
3107 2223 3218 2267 tam
3241 2219 3480 2269 remotus
3501 2221 3592 2266 aut

2006 2305 2238 2371 abditus,
2269 2321 2428 2374 quem
2459 2307 2714 2361 transitus
2745 2305 2948 2362 domini
2979 2305 3184 2362 Paulini
3213 2321 3317 2360 non
3348 2320 3590 2360 commo-

2006 2395 2176 2452 verit?
2203 2395 2375 2452 Flevit
2420 2397 2577 2466 plane
2617 2394 2881 2462 Ecclesia,
2904 2395 3046 2466 quod
3070 2395 3230 2450 talem
3252 2393 3588 2450 saccrdotcn.

2004 2487 2202 2552 amisit;
2216 2487 2310 2542 sed
2325 2487 2556 2542 exsultat
2567 2487 2862 2558 paradisus,
2880 2486 3022 2556 quod
3041 2487 3203 2542 talem
3217 2494 3460 2541 sanctum
3481 2501 3592 2539 sus-

2004 2577 2182 2648 cepit:
2215 2577 2476 2648 plangunt
2509 2577 2713 2648 populi,
2741 2577 2835 2632 sed
2859 2576 3105 2634 lmtantur
3123 2576 3297 2645 angeli
3323 2594 3334 2628 :
3369 2585 3591 2643 gemunt

2003 2670 2292 2742 provincia:
2323 2670 2620 2734 hominum,
2659 2670 2752 2726 sed
2788 2670 3021 2740 gaudent
3041 2670 3159 2725 loca
3181 2675 3489 2724 sanctorum
3519 2668 3584 2722 ad

2002 2779 2122 2837 qua:
2166 2763 2409 2834 quotidie
2463 2763 2680 2818 evolare
2710 2763 2977 2832 cupiebat,
3007 2778 3129 2816 cum
3158 2759 3387 2816 diceret:
3419 2760 3587 2826 Quam

2001 2854 2250 2908 amabilia
2271 2861 2396 2914 sunt
2413 2853 2754 2907 tabernacula
2779 2861 2887 2918 tua,
2908 2851 3131 2906 Domine
3146 2851 3286 2904 Deus
3304 2850 3553 2904 virtutum
3573 2849 3585 2900 !

2001 2941 2334 3014 concupiscit
2363 2941 2618 2996 etdclicit
2641 2943 2816 2996 anima
2847 2957 2964 2996 mea
3000 2941 3052 2994 in
3083 2939 3234 2995 atriis
3262 2939 3386 2992 tuis.

2072 3035 2124 3088 6.
2168 3035 2212 3090 0
2240 3033 2410 3098 virum
2458 3042 2702 3088 sanctum
2748 3039 2804 3088 et
2839 3033 3078 3089 omnium
3107 3047 3202 3086 ore
3249 3029 3586 3092 laudabilem,

311 3131 619 3194 sperantem
653 3125 702 3177 in
729 3133 798 3194 te,
826 3124 901 3178 De
948 3123 1032 3178 his
1077 3134 1256 3191 autem
1303 3123 1686 3192 quinquaginta
1715 3122 1898 3178 solidis
1927 3113 1972 3178 C
2005 3127 2098 3196 qui
2125 3126 2202 3182 sic
2223 3125 2355 3181 vixit
2383 3132 2441 3180 ut
2470 3141 2576 3180 non
2607 3124 2705 3178 sibi
2729 3132 2952 3189 tantum,
2971 3123 3065 3180 scd
3093 3121 3342 3178 omnibus
3367 3121 3585 3175 viveret!

307 3215 423 3284 ipse
453 3231 531 3286 pri
551 3215 768 3286 sbytero
791 3215 880 3284 qui
910 3231 1004 3270 eos
1027 3215 1362 3280 exhibuerat,
1393 3231 1552 3268 manu
1580 3229 1674 3269 sua
1703 3213 1838 3269 duos
1873 3223 1894 3252 ο

307 3307 490 3371 dedit;
525 3307 759 3378 reliquos
789 3323 916 3361 vero
971 3305 1395 3378 negotiatoribus
1442 3305 1533 3374 qui
1581 3304 1898 3360 vestimenta

306 3399 632 3474 pauperibus
662 3399 940 3466 dederant,
973 3398 1122 3453 reddi
1143 3398 1432 3454 mandavit.

377 3491 429 3546 4.
473 3489 618 3546 lntcr
645 3492 760 3548 lucc
793 3498 973 3546 autem
997 3506 1116 3545 cum
1142 3488 1250 3560 jam
1274 3505 1381 3545 nox
1407 3489 1512 3548 dici
1533 3491 1901 3557 successisset,

306 3599 478 3652 usque
498 3583 563 3637 ad
593 3583 822 3654 mediam
847 3592 1062 3638 noctem
1091 3582 1366 3652 paululum
1396 3583 1565 3654 quieti
1593 3585 1894 3648 concessit;

303 3674 481 3733 donec
509 3674 860 3730 crudescente
887 3671 1074 3728 dolore
1107 3673 1200 3741 qui
1239 3672 1391 3727 lateri
1414 3673 1530 3743 ejus
1559 3674 1754 3745 nimius
1781 3675 1894 3730 ine-

305 3772 410 3833 rat,
427 3767 710 3834 excitatus,
739 3766 920 3835 multis
939 3765 1098 3820 etiam
1121 3782 1189 3822 ex
1210 3765 1481 3838 superfluo
1503 3768 1894 3826 arcbiatrorum

308 3859 610 3914 nationibus
641 3859 916 3928 fatigatus,
947 3873 1118 3930 usque
1157 3859 1224 3929 ad
1255 3860 1496 3928 quintam
1525 3857 1550 3898 δ
1575 3860 1766 3916 horam
1796 3877 1894 3917 no-

304 3949 406 4002 ctis
434 3948 633 4004 lassum
665 3955 828 4018 atque
869 3947 1121 4003 anhelum
1151 3933 1339 4018 pectus
1360 3947 1533 4002 duxit.
1563 3947 1766 4004 Deinde
1795 3949 1890 4004 ad-

305 4038 554 4092 veniente
583 4037 702 4094 luce
726 4036 1168 4094 consuetudinem
1195 4052 1347 4092 suam
1373 4037 1454 4091 vir
1474 4046 1696 4092 sanctus
1723 4053 1893 4108 agno-

302 4129 401 4183 vit.
422 4127 627 4200 Itaque,
660 4139 719 4182 ut
741 4128 968 4194 solebat,
1000 4127 1247 4184 excitatis
1275 4127 1544 4197 omnibus,
1571 4127 1893 4197 matutinum

301 4233 376 4271 ex
397 4232 547 4272 more
574 4225 630 4272 et
653 4218 843 4273 ordine
873 4217 1181 4274 celebravit.
1209 4213 1372 4272 Facta
1403 4224 1584 4278 autem
1606 4216 1712 4280 «lie,
1742 4233 1896 4288 pres-

304 4308 510 4379 byteris
537 4317 592 4364 et
617 4308 930 4365 diaconibus
950 4315 1112 4378 atque
1131 4307 1380 4363 omnibus
1401 4308 1629 4373 clericis,
1649 4310 1898 4381 exemplo

2005 3216 2072 3271 Et
2099 3216 2221 3271 ideo
2245 3217 2369 3286 quia
2400 3215 2580 3269 multis
2629 3215 2758 3268 vixit
2804 3214 2856 3268 in
2885 3214 2991 3268 hoc
3025 3213 3251 3277 saeculo,
3302 3226 3445 3266 nunc
3491 3209 3588 3266 sibi

2003 3308 2136 3364 vivit
2164 3307 2218 3362 in
2244 3306 2491 3362 Christo:
2522 3314 2576 3361 ct
2601 3315 2776 3360 tamen
2804 3322 2912 3360 non
2933 3305 3033 3360 sibi
3065 3312 3292 3370 tantum,
3315 3303 3408 3358 sed
3429 3303 3589 3358 etiam

2008 3400 2182 3470 nobis,
2215 3399 2340 3470 quia
2369 3397 2612 3467 quotidie
2642 3405 2762 3450 orat
2791 3413 2888 3466 pro
2919 3395 3092 3450 nobis.
3113 3393 3238 3448 Fuit
3257 3393 3488 3464 denique
3509 3393 3590 3446 lu-

2005 3506 2166 3547 cerna
2191 3489 2386 3546 ardens
2405 3489 2458 3544 in
2487 3489 2648 3544 domo
2672 3487 2785 3554 Dei,
2812 3504 2918 3542 non
2939 3487 3038 3542 sub
3067 3487 3250 3542 modio
3270 3485 3462 3556 posita,
3495 3484 3587 3538 sed

2006 3600 2168 3656 super
2215 3582 2595 3639 candelabrum
2641 3581 2961 3643 constituta;
3000 3579 3074 3633 ita
3105 3579 3350 3633 utetiam
3394 3576 3588 3630 multas

2002 3674 2246 3729 lucernas
2273 3689 2372 3728 suo
2413 3673 2673 3743 pnuclaro
2719 3671 2919 3726 lumine
2966 3669 3216 3724 redderet
3264 3668 3583 3722 luminosas.

2001 3763 2194 3820 Suavis
2211 3764 2353 3818 enim
2385 3771 2439 3818 et
2464 3762 2608 3817 mitis
2639 3762 2752 3826 fuit,
2783 3762 2944 3817 etiam
2968 3776 3087 3816 cum
3119 3759 3170 3814 in
3209 3758 3457 3830 superbia
3487 3773 3588 3812 sze-

2001 3857 2105 3915 culi
2143 3865 2468 3913 versaretur.
2501 3855 2634 3912 Cum
2677 3863 2853 3911 autem
2891 3853 2957 3908 ad
2985 3851 3256 3909 Christum
3294 3865 3588 3906 conversus

1997 3957 2112 4014 est,
2158 3949 2368 4019 aperuit
2397 3949 2589 4004 horrea
2633 3964 2728 4003 sua
2769 3947 3111 4018 pauperibus,
3145 3944 3436 4014 apothecas
3464 3958 3589 3996 suas

1999 4039 2408 4094 advenientibus
2428 4039 2700 4109 patefecit.
2734 4039 2864 4093 Nam
2889 4053 3075 4108 parum
3098 4037 3146 4091 ei
3173 4042 3290 4090 erat
3311 4031 3590 4104 proximos

2000 4130 2166 4195 alere,
2219 4130 2318 4184 nisi
2349 4131 2509 4186 etiam
2533 4129 2768 4198 undique
2791 4136 3044 4184 evocaret
3071 4143 3209 4197 quos
3237 4133 3482 4196 pasceret
3507 4131 3589 4175 at-

1999 4235 2105 4290 que
2134 4219 2375 4275 vestiret.
2407 4221 2650 4288 Quantos
2675 4220 2913 4290 captivos
2948 4217 3206 4273 redemit!
3239 4223 3473 4285 quantos
3503 4213 3586 4266 in-

1997 4313 2282 4369 tricatores
2313 4322 2337 4361 ις
2366 4311 2534 4368 debiti
2563 4328 2593 4366 a
2623 4311 2976 4366 creditoribus
3013 4309 3123 4364 suis
3166 4307 3366 4363 reddita
3423 4322 3586 4375 pecn-

380 4515 405 4578 ?
444 4507 606 4564 Vides
632 4507 722 4563 hic
767 4505 983 4578 titulum
1019 4507 1204 4578 sancti,
1259 4514 1368 4578 non
1389 4507 1562 4562 solum
1599 4507 1886 4578 episcopis,
1917 4513 1966 4574 υ
1989 4507 2282 4566 hodiedum
2305 4509 2509 4566 faciunt
2531 4525 2718 4566 omnes
2738 4508 2875 4573 ltali,
2904 4516 3093 4564 contra
3113 4522 3452 4564 communem
3485 4521 3587 4578 νεφ-

303 4576 407 4633 sed
463 4586 518 4649 et
571 4577 900 4649 presbyteris
951 4575 1114 4649 dari”:
1157 4592 1220 4649 ac
1267 4574 1510 4649 fortassis
1550 4574 1890 4649 invenientur

301 4646 588 4719 exempla;
603 4646 796 4717 quibus
824 4662 888 4702 ea
929 4647 1220 4717 appellatio
1253 4647 1352 4701 ιοιὶ
1381 4647 1526 4702 clero
1555 4646 1718 4703 fuisse
1739 4663 1892 4703 com-

303 4718 484 4774 munis
511 4718 790 4774 doceatur.

377 4788 405 4828 δ
434 4787 620 4844 Nullus
665 4787 1088 4860 Exuperantigu,
1107 4787 1251 4860 alias
1276 4787 1438 4860 etiam
1484 4785 1888 4860 Exuberantius,

299 4859 542 4915 occurrit
587 4867 703 4913 toto
745 4855 895 4912 torno
926 4855 1014 4912 Vll
1050 4855 1273 4925 Ughelli,
1323 4857 1604 4926 episcopos
1645 4856 1891 4912 Lucania:

298 4937 359 4984 ct
381 4929 606 4998 Apulia},
630 4935 894 4998 quotquot
917 4928 1140 4982 inveniri
1171 4935 1478 4998 potuerunt,
1511 4927 1816 4996 complexa.

381 5011 403 5039 ε
434 4997 659 5054 ίδυτίυς
693 5014 922 5066 euntque
972 5007 1186 5053 secutus
1223 4997 1484 5066 Bai-opius
1529 5006 1787 5066 notarunt
1839 5000 1892 5054 in

301 5071 693 5148 rnargirie,t_ton
721 5062 874 5148 duos,
893 5068 984 5122 sed
1011 5068 1181 5120 decent
1201 5062 1482 5148 legendum
1504 5065 1675 5148 videri
1697 5085 1710 5132 ;
1736 5069 1891 5139 quasi

300 5141 534 5210 pretium
559 5139 764 5193 itineris
777 5139 979 5210 justum
1006 5147 1131 5192 tunc
1155 5137 1599 5210 tcmporisvideri
1622 5137 1894 5210 nequeant

229 5231 247 5249 ·
299 5205 428 5266 duo.
458 5209 568 5277 Ego
601 5209 670 5262 nil
693 5205 1006 5264 mnia-natum
1029 5223 1224 5262 censeo
1253 5205 1374 5263 cum
1406 5205 1696 5263 Cbifﬂctio.

374 5277 400 5318 δ
433 5279 774 5350 Theodosius
799 5277 1350 5350 Rutbens,Allorarium
1383 5279 1684 5350 universale
1706 5295 1894 5350 perpe-

305 5361 452 5406 tnum
475 5348 744 5417 condidit,
771 5349 860 5419 ubi
892 5364 1016 5419 pag.
1041 5348 1142 5419 277
1168 5358 1364 5403 notans
1396 5349 1648 5419 proipolo
1684 5348 1889 5405 boreali

296 5422 512 5476 elevato
539 5421 690 5488 grad.
730 5416 795 5472 ll
830 5416 1001 5488 ρι’ᾇό
1039 5418 1214 5488 (inter
1231 5433 1368 5488 quos
1388 5427 1471 5473 est
1493 5416 1656 5485 Nola,
1686 5419 1888 5475 habens

295 5486 566 5547 elevatnni
593 5490 772 5560 polum
821 5487 975 5560 grati.
1020 5486 1109 5556 49.)
1141 5486 1824 5560 definitnoetisrspatium,
1857 5508 1886 5545 τι

296 5563 428 5616 solis
455 5558 647 5617 occasu
677 5575 844 5628 usque
868 5559 933 5613 ad
964 5568 1162 5622 ortum,
1190 5575 1288 5628 pro
1316 5559 1402 5613 die
1434 5558 1494 5612 21
1531 5559 1708 5625 Junii,
1739 5561 1888 5616 horis

296 5631 403 5686 Ret
425 5632 641 5685 minutis
664 5629 764 5695 56;
799 5629 942 5684 unde
989 5644 1327 5697 consequens
1372 5629 1602 5696 videtur,
1631 5631 1740 5698 jam
1775 5639 1884 5684 tum

299 5702 516 5758 Nolanis
561 5704 722 5757 horas
754 5701 1020 5756 munerari
1049 5708 1252 5769 emptas
1281 5699 1347 5754 ab
1389 5716 1580 5756 occasu
1627 5701 1777 5768 solis,
1811 5703 1885 5756 uti

1994 4586 2234 4636 terarum
2279 4583 2520 4649 gentium
2567 4587 3094 4636 transmontanarnm
3125 4594 3302 4643 usum,
3347 4573 3583 4649 atncdia

1997 4658 2157 4705 nocte
2187 4646 2349 4708 horas
2379 4665 2662 4706 numerare
2707 4649 3074 4716 incipienlium
3109 4667 3120 4702 :
3153 4649 3232 4702 sic
3273 4647 3415 4701 enim
3451 4646 3583 4716 hora

1995 4719 2183 4790 quinta
2213 4720 2356 4784 diem
2387 4723 2702 4778 habuissent
2728 4715 2947 4784 Nolani;
2981 4735 3121 4790 nunc
3151 4727 3339 4790 autem
3359 4716 3454 4770 tali
3479 4715 3584 4778 die,

1994 4788 2125 4844 liora
2155 4793 2338 4862 quinta
2381 4793 2446 4848 iis
2486 4790 2886 4862 comparabitur
2922 4805 3043 4845 cum
3084 4789 3215 4843 hora
3262 4788 3430 4858 prima
3464 4796 3585 4856 post

1992 4869 2207 4916 noctem
2239 4862 2488 4918 mediam.

2069 4939 2092 4969 ο
2125 4929 2530 4987 ereditan'am
2558 4930 2826 5001 intelligo,
2877 4943 3201 5001 perpetuam,
3244 4928 3328 4983 vel
3368 4927 3584 5001 qualem

1994 4999 2242 5073 Qhristus
2289 5001 2400 5073 suis
2452 5018 2552 5073 pro
2605 4997 2927 5056 haereditate
2971 4997 3042 5056 se
3076 4999 3379 5069 relinquere
3427 4997 3583 5062 dixit,

1995 5066 2150 5126 Joan.
2183 5087 2292 5132 xiv,
2318 5070 2408 5127 27.
2455 5066 2472 5073 ’
3229 5066 3248 5069 ’
3579 5121 3588 5132 .

2073 5141 2497 5212 τιαεεηιανὲιιηι
2546 5140 2721 5198 Latini
2773 5140 3056 5212 dicebant,
3105 5155 3329 5212 prcces_
3357 5135 3586 5193 funden-

1991 5211 2114 5276 das,
2161 5227 2284 5268 cum
2328 5211 2610 5287 occidente
2653 5212 2767 5268 sole
2809 5209 3261 5287 accendebantur
3315 5209 3581 5287 lucorum;

2034 5298 2127 5338 uas
2167 5297 2357 5352 preces
2377 5284 2618 5352 vesperis
2640 5283 2891 5354 praemitti
2925 5283 3112 5338 solitas
3140 5281 3303 5336 docet
3331 5277 3579 5354 lilagrius.

2027 5353 2147 5408 {nuc
2169 5349 2292 5408 cum
2331 5349 2569 5423 vesperae
2593 5349 2720 5408 ante
2746 5353 2875 5408 solis
2905 5369 3153 5409 occasum
3183 5349 3580 5422 persolvuntur,

1997 5423 2306 5546 [Pniceréiarii
2334 5423 2456 5480 loco
2478 5424 2740 5480 successit
2767 5424 3174 5495 completorium,
3187 5429 3310 5490 post
3333 5434 3585 5489 vcsperas

1997 5509 2145 5546 ιιίτοιι
2193 5509 2297 5546 um.

1992 5509 2297 5547 (llt'CllOllm.

2067 5573 2090 5610 ε
2121 5560 2385 5619 Omnibus
2432 5564 2694 5636 exemplis
2733 5564 2824 5622 hic
2861 5561 3324 5636 convertiontibus,
3355 5575 3585 5636 nonan-

1994 5632 2099 5687 dco
2131 5643 2339 5689 mutare
2362 5644 2416 5688 ct
2444 5629 2643 5704 legere,
2673 5636 2942 5690 iutricalos
2972 5632 3187 5704 debitis;
3219 5646 3347 5704 ergo
3369 5629 3584 5685 intrica-

1995 5714 2128 5759 τοι-τες
2159 5705 2310 5759 debiti
2343 5722 2436 5762 eos
2465 5701 2722 5774 intelligo,
2767 5706 2882 5771 qui,
2923 5705 3046 5768 quia
3068 5701 3326 5758 solvendo
3367 5720 3424 5758 sc
3456 5715 3583 5755 scn-
