3920 6176
1766 192 1984 212 M---'

459 308 564 363 863

1411 297 1641 353 URANII
1682 295 2117 352 PllESBYTERl
2158 296 2490 353 EPISTOLA
2532 298 2755 355 UNICA.

3576 311 3665 367 864

440 426 528 481 nia
567 419 841 478 liberavit!
877 436 981 475 una
1025 419 1233 475 scilicet
1285 418 1501 489 pietatis
1548 416 1915 484 negotiatione
1973 423 2028 470 et
2056 419 2105 475 Α
2133 415 2275 469 enim
2321 415 2485 470 solius
2514 416 2627 471 haec
2658 432 2776 471 mea
2829 433 2932 470 vox
2979 426 3105 472 est:
3151 426 3315 474 testes
3352 430 3466 474 sunt
3510 440 3669 483 euntes

439 517 685 587 planctus
711 510 1012 567 debitorum
1054 509 1304 573 extersit,
1337 517 1391 563 et
1441 508 1766 563 creditorum
1822 505 2020 575 gaudia

443 603 731 675 reparavit.

512 697 562 750 7.
603 694 737 750 Cum
766 702 943 749 autem
965 692 1031 747 ad
1050 707 1317 747 summum
1346 691 1631 746 sacerdotii
1652 690 1872 759 gradum
1905 705 2025 759 pro-

440 796 627 844 vectus
647 798 805 853 esset,
837 786 1011 841 noluit
1037 785 1200 839 talem
1227 799 1287 838 se
1313 783 1569 839 exhibere
1589 783 1896 853 episcopum
1926 782 2018 850 qui

442 879 510 933 ab
539 878 719 947 aliquo
757 877 1064 940 timeretur;
1099 878 1194 931 sed
1224 876 1383 932 talem
1408 890 1467 929 se
1495 874 1726 928 reddidit
1751 873 2016 928 sacerdo-

442 978 550 1024 tem
570 969 663 1039 qui
704 969 772 1023 ab
804 968 1052 1022 omnibus
1091 975 1381 1021 amaretur.
1425 965 1705 1035 Nunquam
1733 966 1813 1019 sic
1853 966 2023 1019 iratus

442 1067 545 1123 est,
578 1066 638 1113 ut
660 1073 767 1113 non
796 1058 848 1113 in
869 1058 948 1112 ira
976 1058 1356 1113 misericordia:
1392 1072 1602 1113 memor
1627 1048 1771 1113 eeset
1802 1075 1815 1109 :
1848 1070 2022 1126 neque

447 1151 589 1206 enim
611 1158 825 1221 poterat
845 1150 928 1205 vir
947 1150 1036 1205 ille
1065 1149 1242 1214 irasci,
1269 1150 1357 1219 qui
1385 1148 1737 1205 contumelias
1763 1147 2025 1219 despicie-

444 1243 556 1312 bat,
587 1251 642 1298 et
670 1242 791 1299 odia
819 1243 1039 1298 vitabat.
1083 1242 1363 1311 Nunquam
1392 1243 1445 1295 in
1462 1240 1668 1309 judicio
1696 1241 1815 1297 sine
1853 1242 2023 1296 mise-

444 1333 677 1390 ricordia
704 1333 861 1400 sedit,
892 1333 1014 1403 quia
1040 1340 1262 1387 noverat
1287 1329 1712 1387 misericordiam
1741 1330 2019 1385 meliorem

445 1438 564 1480 esse
591 1438 750 1494 quam
775 1424 1122 1489 sacriﬁcium;
1144 1420 1876 1493 misericordia_vestiendum
1906 1435 2025 1475 esse

447 1531 607 1570 omne
665 1516 1089 1571 Christianorum
1138 1514 1419 1584 judicium,
1460 1513 1670 1569 dicente
1731 1513 2023 1568 venerabili

448 1603 764 1676 Scriptura:
810 1605 1228 1661 Misericordiam
1253 1614 1310 1661 et
1330 1605 1590 1675 judicium
1632 1605 1864 1661 cantabo
1906 1606 2020 1671 tibi,

444 1697 687 1752 Domine.
712 1696 977 1753 Justitiam
999 1712 1213 1769 quoque
1235 1699 1373 1753 votis
1396 1698 1797 1766 benignioribus
1828 1707 2027 1767 tempe-

2125 507 2435 576 provincize,
2464 507 2617 561 testis
2638 514 2721 561 est
2741 507 2919 562 omnis
2940 516 3081 562 terra
3102 523 3259 577 quam
3274 507 3533 567 Romanus
3550 515 3672 575 orbis

2125 597 2379 662 includit;
2409 606 2572 653 testes
2592 598 2755 654 etiam
2784 607 2909 654 sunt
2929 599 3175 656 barbara:
3196 603 3455 668 nationes,
3484 607 3544 660 ad
3561 622 3675 676 quas

2124 687 2262 742 fama
2288 686 2502 743 Domini
2541 687 2748 743 Paulini
2792 698 3134 759 pervenerat.
3174 691 3282 747 Nec
3327 693 3577 751 immerito
3616 700 3673 754 ab

2126 781 2375 835 omnibus
2402 780 2701 846 amabatur,
2732 780 2823 852 qui
2848 781 3036 836 aderat
3063 783 3329 839 omnibus.
3351 783 3511 852 Quem
3550 790 3672 844 enim

2120 871 2390 941 jacentem
2417 888 2523 927 non
2553 889 2651 928 sua
2687 873 2913 928 dextera
2951 876 3163 930 erexit?
3186 891 3346 945 quem
3375 878 3678 949 interpellan-

2125 973 2235 1020 tem
2256 980 2315 1019 se
2344 981 2451 1020 non
2483 966 2568 1036 pia
2596 981 2730 1020 voce
2752 967 3063 1022 consolatus
3092 970 3214 1023 est?
3237 966 3366 1023 Erat
3401 971 3533 1024 enim
3560 974 3676 1040 pius.

2126 1056 2453 1120 misericors,
2488 1056 2722 1121 humilis,
2747 1058 2803 1111 et
2846 1056 3146 1126 benignus:
3192 1057 3392 1113 nullum
3430 1074 3675 1130 spernens,

2128 1145 2333 1200 nullum
2363 1147 2693 1216 despiciens;
2723 1148 2974 1202 omnibus
3003 1148 3309 1217 tribuebat,
3357 1150 3586 1205 omnibus
3609 1153 3677 1205 in-

2126 1239 2424 1307 dulgebat:
2467 1241 2738 1294 animabat
2774 1240 3045 1312 trepidos,
3100 1240 3377 1309 mitigabat
3421 1242 3676 1308 violentos;

2128 1331 2228 1386 hos
2246 1332 2447 1399 verbis,
2493 1332 2615 1387 illos
2643 1330 2944 1387 :ediﬁcabat
2972 1332 3220 1402 exemplo
3252 1350 3265 1385 :
3302 1331 3435 1387 alios
3453 1333 3676 1402 epistolis,

2128 1423 2264 1478 alios
2286 1424 2586 1493 sumptibus
2612 1423 2917 1493 adjuvabat.
2951 1423 3134 1478 Nullas
3173 1438 3329 1493 opes,
3375 1423 3539 1477 nullas
3564 1424 3671 1477 divi-

2128 1515 2253 1583 tias,
2284 1515 2383 1570 nisi
2401 1531 2534 1585 quas
2561 1516 2760 1570 sanctis
2786 1516 2897 1570 suis
2915 1515 3162 1570 Christus
3183 1514 3519 1584 promiserat,
3541 1515 3677 1568 mira-

2128 1608 2306 1661 batur.
2332 1607 2532 1662 Aurnm
2563 1616 2727 1677 atque
2754 1616 3055 1676 argentum,
3087 1613 3143 1662 et
3165 1614 3361 1662 caetera
3390 1607 3466 1661 sic
3490 1604 3679 1659 deﬁnie-

2126 1698 2241 1765 bat,
2263 1705 2323 1751 ut
2346 1714 2410 1752 ea
2438 1698 2538 1752 sibi
2560 1698 2626 1753 ad
2648 1698 2979 1768 largiendum
3009 1698 3331 1765 liberalitas,
3360 1711 3464 1751 non
3488 1696 3548 1750 ad
3574 1697 3681 1750 reti-

444 1787 628 1853 rabat;
682 1790 858 1845 sciens
911 1790 1165 1857 quoniam
1211 1788 1443 1860 Spiritus
1492 1799 1710 1846 sanctus
1761 1799 2020 1860 quantum
2056 1784 2095 1841 Β
2128 1787 2362 1843 nendum
2402 1788 2665 1859 cupiditas
2692 1789 3005 1843 vindicaret.
3036 1786 3135 1854 Et,
3165 1798 3227 1841 ut
3254 1786 3487 1843 breviter
3512 1787 3680 1852 dicam,

442 1878 683 1948 :equitati
707 1888 763 1933 et
778 1878 999 1947 justitize
1027 1879 1186 1945 favet,
1220 1887 1424 1934 tantum
1457 1882 1568 1937 suis
1600 1881 1826 1949 gratiam
1856 1881 2028 1951 pieta-

448 1969 518 2023 tis
555 1968 817 2037 benignus
853 1969 1094 2039 indulget
1136 1988 1148 2023 :
1192 1977 1248 2025 et
1287 1970 1408 2025 ideo
1457 1971 1672 2026 tenebat
1712 1972 1943 2039 rigorem
1974 1973 2025 2026 in

442 2059 842 2116 examinatione
865 2060 1106 2129 justitire,
1151 2061 1574 2117 misericordiam
1604 2070 1784 2118 autem
1811 2063 1867 2118 in
1894 2062 2027 2119 deti-

441 2149 648 2205 nitione
678 2152 961 2207 sententize
989 2150 1314 2222 proferebat.
1898 2202 1905 2209 .

514 2242 568 2297 8.
612 2240 656 2297 Ο
684 2243 1053 2301 admirabilem
1083 2245 1254 2300 virum
1294 2254 1456 2314 atque
1497 2246 1738 2301 omnium
1766 2246 2025 2303 virtutum

443 2342 470 2371 ι
494 2332 651 2389 laude
674 2335 1004 2391 censendum
1023 2336 1036 2389 l
1070 2334 1169 2391 llic
1191 2337 1391 2393 etenim
1430 2338 1668 2393 omnium
1689 2338 2027 2408 patriarcha-

442 2443 560 2483 rum
584 2429 833 2498 exempla
862 2436 1098 2496 secutus,
1119 2428 1225 2484 fuit
1239 2429 1408 2486 ﬁdelis
1430 2438 1488 2485 ut
1516 2429 1809 2495 Abraham,
1831 2431 2027 2488 credu-

441 2515 524 2574 lus
545 2526 603 2573 ut
641 2518 810 2584 Isaac,
834 2520 1098 2588 benignus
1125 2528 1184 2574 ut
1209 2519 1396 2588 Jacob,
1418 2521 1702 2578 muniﬁcus
1723 2531 1781 2578 ut
1805 2523 2028 2579 Melchi-

440 2609 661 2677 sedech,
693 2612 946 2681 providus
974 2620 1034 2667 ut
1056 2610 1277 2683 Ioseph,
1301 2628 1470 2683 rapax
1501 2622 1556 2669 ut
1585 2613 1865 2684 Benjamin
1893 2634 1905 2668 :
1937 2632 2026 2671 ra-

441 2703 558 2772 puit
586 2705 725 2757 enim
747 2704 1024 2783 divitibus,
1049 2713 1104 2759 et
1124 2706 1448 2776 pauperibus
1468 2708 1710 2771 erogavit
1735 2726 1748 2771 ;
1772 2715 1827 2762 et
1849 2717 2026 2766 tamen

441 2795 561 2866 plus
580 2796 834 2857 divitibus
854 2813 1017 2867 quam
1044 2800 1366 2869 pauperibus
1388 2799 1649 2869 profuisse
1664 2804 2025 2873 cognoscitur,

442 2886 571 2956 quia
602 2889 929 2958 pauperibus
958 2891 1008 2943 in
1040 2890 1145 2944 hoc
1172 2891 1367 2946 szcculo
1397 2891 1615 2961 profuit,
1648 2893 1900 2949 divitibus
1929 2911 2028 2951 au-

443 2989 553 3034 tem
600 2979 654 3034 in
682 2981 863 3036 futuro
892 2982 1147 3051 providit.
1174 2982 1317 3052 Ergo
1341 2985 1357 3053 (
1381 2984 1504 3053 quia
1525 2985 1704 3041 dicere
1733 2991 2025 3065 cmperam)

442 3070 539 3124 fuit
575 3078 889 3126 mansuetus
917 3080 976 3127 ut
1006 3071 1234 3144 Moyses,
1265 3074 1613 3131 sacerdotalis
1636 3086 1693 3133 ut
1713 3079 1912 3149 Aaron,
1940 3083 2025 3138 in-

441 3176 641 3215 nocens
671 3170 729 3215 ut
766 3160 1004 3228 Samuel,
1036 3164 1344 3220 misericors
1391 3174 1448 3220 ut
1477 3167 1642 3224 David
1663 3211 1679 3238 ,
1706 3172 1922 3243 sapiens
1969 3185 2027 3231 ut

440 3251 715 3319 Salomon,
739 3254 1067 3324 apostolicus
1097 3265 1152 3310 ut
1182 3255 1394 3323 Petrus,
1412 3260 1655 3317 amabilis
1695 3271 1751 3318 ut
1770 3263 2023 3332 Joannes,

440 3350 630 3399 cautus
658 3352 717 3398 ut
750 3343 1002 3412 Thomas,
1040 3345 1232 3403 doctor
1258 3357 1317 3404 ut
1345 3347 1559 3415 Paulus,
1604 3349 1878 3410 videns'ut
1907 3356 2027 3411 Ste-

445 3433 673 3504 phanus,
701 3434 914 3492 fervens
944 3446 1003 3493 ut
1027 3439 1220 3509 Apollo
1253 3459 1266 3494 :
1295 3440 1362 3497 de
1382 3443 1741 3502 sollicitudine
1766 3456 1946 3504 autem
1972 3460 2027 3506 et

439 3541 567 3582 cura
593 3523 975 3595 Ecclesiarum,
1001 3529 1055 3584 in
1077 3529 1180 3586 lide
1201 3543 1256 3586 et
1282 3532 1508 3588 caritate
1536 3550 1724 3591 omnes
1752 3540 2027 3608 apostolos

439 3623 496 3670 et
532 3617 817 3688 episcopos
872 3618 1113 3675 imitatus
1141 3630 1242 3676 est.
1270 3622 1394 3678 llazc
1422 3626 1601 3681 omnia
1628 3626 1681 3681 in
1711 3643 1769 3683 se
1817 3629 2021 3700 habuit,

439 3707 553 3764 haec
580 3710 635 3763 in
659 3718 901 3781 tempore
926 3715 1356 3771 conversationis
1382 3732 1493 3772 suae
1531 3716 1760 3776 ﬁdeliter
1786 3724 2026 3779 custodi-

440 3802 536 3856 vit.
568 3799 636 3856 Et
665 3802 786 3858 ideo
816 3820 941 3859 cum
970 3805 1037 3862 de
1057 3806 1162 3863 hoc
1207 3824 1436 3879 corpore
1474 3810 1541 3866 ad
1569 3814 1787 3869 cmleste
1811 3816 2024 3872 habita-

439 3894 615 3948 culum
642 3882 968 3968 vocaretur‘(
989 3898 1129 3954 sicut
1171 3902 1416 3971 superius
1439 3903 1611 3975 dixi),
1655 3906 2020 3976 doluitterra,

439 3983 531 4039 sed
557 3984 797 4041 lmtatum
835 3997 920 4043 est
938 3989 1163 4058 ccelum;
1194 3991 1341 4047 flevit
1374 4010 1521 4061 caro,
1550 3997 1642 4053 sed
1674 4000 1891 4070 spiritus
1909 4002 2026 4071 glo-

439 4074 631 4136 riatur.

509 4164 562 4219 9.
605 4166 848 4239 Denique
870 4185 978 4226 non
1003 4170 1178 4227 solum
1204 4172 1516 4243 Christiani,
1543 4178 1637 4233 sed
1668 4182 1827 4236 etiam
1856 4181 2025 4240 Judmi

439 4263 599 4326 atque
627 4260 840 4328 pagani,
872 4260 1073 4331 ingenti
1102 4261 1251 4329 ﬁetu,
1283 4266 1466 4323 scissis
1503 4270 1666 4325 etiam
1698 4273 1933 4330 vestibus
1958 4276 2027 4331 ad

436 4349 640 4406 domini
680 4352 888 4409 Paulini
915 4357 1200 4425 exsequias
1226 4370 1627 4417 convenerunt:
1654 4373 1898 4435 ereptum
1924 4368 2026 4424 sibi

435 4447 749 4511 patronum,
774 4444 1132 4514 defensorem,
1156 4456 1390 4505 tutorem
1413 4467 1516 4506 una
1539 4469 1727 4509 omnes
1747 4456 2025 4513 nobiscum

434 4546 573 4589 voce
598 4534 940 4604 planxerunt.
974 4536 1042 4593 Et
1069 4553 1195 4595 vere
1243 4542 1361 4597 talis
1405 4553 1539 4610 erat,
1564 4553 1623 4600 ut
1664 4546 1733 4601 ab
1777 4549 2027 4607 omnibus
2055 4516 2103 4577 θ

433 4636 734 4682 amaretur:
766 4627 899 4682 vixit
928 4630 1070 4684 enim
1100 4633 1312 4689 cunctis
1339 4634 1393 4688 in
1418 4638 1722 4707 exemplum
1741 4641 2025 4710 acquiren-

432 4711 519 4768 ὼε
564 4715 773 4785 salutis,
802 4724 860 4773 et
905 4718 959 4774 in
1009 4719 1353 4792 refrigerium
1402 4717 1807 4785 consolationis.
1843 4729 2029 4801 Neque

431 4941 578 5017 giuut
606 4957 713 4997 non
738 4958 879 5014 esse,
902 4944 1081 5017 ipsum
1112 4946 1348 5004 debitum
1378 4951 1620 5007 studiose
1650 4953 1905 5010 intrieant
1930 4974 1943 5008 :
1969 4963 2026 5012 et

430 5011 816 5096 fluusp'ectare
841 5011 1001 5096 etiam
1033 5018 1246 5096 videtur
1270 5022 1513 5090 gaudium
1533 5023 1866 5093 creditorum,
1900 5011 2021 5082 mo?

430 5082 887 5157 destisjllistricis
915 5082 1307 5157 expeditorum.

508 5151 1007 5279 ἓὲίετῑΜθάίαηιιιιιζ
1030 5161 1260 5215 omnium
1279 5173 1596 5233 sanctorum,
1618 5164 1761 5235 quod
1772 5167 2026 5236 :nquchic

578 5241 658 5279 rut
690 5265 704 5279 .

428 5239 704 5279 εοηιῑηιιῑ.

507 5239 537 5276 n
578 5237 704 5279 rult.

507 5237 720 5377 fidem
733 5296 905 5377 solum
924 5298 1015 5354 hic
1035 5300 1472 5377 _interseri_t,qu:e
1486 5303 1555 5361 de
1582 5306 1841 5377 servitute
1858 5306 2026 5360 Wano

433 5364 604 5444 viatica
635 5366 796 5444 habet
823 5368 1115 5444 Gregorius
1144 5373 1210 5444 in,
1241 5364 1487 5442 dialogis,
1535 5385 1589 5429 et
1616 5376 1831 5444 quidem
1864 5386 1921 5430 ut
1950 5379 2016 5431 ab

435 5433 639 5518 Uranio
653 5439 851 5518 scripta
871 5458 883 5492 :
905 5433 1051 5518 quod
1066 5433 1768 5518 Possivinumvin'Apparatu
1784 5448 2014 5518 decepit;

435 5523 558 5562 cum
586 5508 700 5579 ipse
727 5508 1018 5580 Gregorius
1047 5511 1244 5581 alleget
1272 5512 1483 5570 auditos
1511 5508 1555 5571 a'
1578 5508 1638 5573 se
1666 5519 1745 5573 rei
1775 5508 2021 5571 illins'teL

432 5585 546 5659 stes
572 5595 806 5659 quorum,
831 5581 1034 5659 inquit,
1068 5599 1149 5635 me
1186 5600 1387 5659 necesse
1416 5596 1491 5639 est
1515 5590 1879 5659 grandwvitati
1915 5598 2020 5641 lant

434 5650 830 5724 cerlo'crederc.
864 5650 923 5704 ac
944 5654 987 5724 si
1016 5669 1077 5706 ca
1104 5670 1218 5724 (μιαν
1248 5656 1490 5717 (fixerunt
1514 5650 1638 5712 ἷηρὶδ
1661 5660 1823 5712 oculis
1866 5659 2023 5712 ridis-

434 5735 541 5772 sem
576 5736 590 5774 ;
622 5719 779 5778 aliter
810 5739 933 5776 vero
959 5719 1196 5794 loquilttr
1231 5726 1520 5792 Gregorius
1567 5730 1631 5783 de
1676 5738 1827 5785 lcrm‘
1874 5737 2023 5784 motu

2128 1879 2309 1933 omnia
2339 1880 2478 1935 bona
2506 1880 2559 1935 in
2579 1895 2639 1936 se
2663 1880 2873 1948 habuit,
2903 1879 3028 1949 quia
3059 1878 3333 1934 Christum
3360 1878 3583 1934 amavit:
3608 1878 3681 1932 ha-

2125 1968 2244 2024 buit
2257 1970 2399 2024 enim
2422 1968 2606 2040 ﬁdem,
2623 1970 3112 2038 mansuetudinem,
3128 1984 3314 2025 curam
3329 1969 3680 2040 proximorum;

2121 2059 2305 2133 jugem
2330 2077 2431 2139 pro
2459 2062 2670 2117 miseris
2696 2061 3136 2129 sollicitudinem,
3163 2060 3579 2131 compassionem
3597 2075 3679 2128 pro

2128 2153 2388 2220 inﬁrmis;
2419 2154 2550 2209 nihil
2579 2154 2722 2210 aliud
2751 2155 3044 2225 respiciens
3071 2154 3173 2208 nisi
3204 2168 3396 2224 pacem
3423 2160 3478 2208 et
3513 2153 3682 2207 carita-

2129 2254 2236 2301 tem
2270 2262 2288 2302 ;
2317 2246 2465 2301 solus
2491 2246 3090 2316 namquemendicabat,
3124 2254 3186 2301 ut
3206 2245 3454 2302 omnibus
3479 2244 3682 2299 abundao

2128 2345 2231 2395 ret.
2262 2336 2503 2408 Denique
2530 2338 2649 2409 quis
2678 2337 2828 2393 locus
2876 2345 2957 2392 eSt
3010 2337 3064 2391 in
3111 2337 3248 2392 orbe
3286 2344 3559 2404 terrarum,
3586 2351 3684 2405 qum

2128 2426 2382 2493 solitudo,
2405 2443 2525 2497 qua:
2570 2427 2736 2481 maria
2757 2469 2774 2495 ,
2804 2442 2922 2497 qua:
2967 2425 3025 2482 S.
3073 2425 3287 2482 Paulini
3323 2425 3569 2482 beneﬁcia
3595 2442 3684 2481 non

2127 2521 2454 2575 senserunt?
2481 2518 2680 2576 Omnes
2707 2535 2827 2575 eum
2859 2534 3152 2589 agnoscere
3180 2520 3499 2590 cupiebant,
3526 2533 3684 2573 omnes

2130 2610 2313 2666 videre
2339 2610 2734 2666 desiderabant.
2776 2611 2907 2678 Quis
2936 2611 3001 2664 ad
3033 2611 3181 2665 illum
3227 2627 3335 2665 non
3383 2612 3526 2665 laetus
3551 2611 3684 2665 adve-

2132 2705 2249 2759 nit?
2297 2712 2389 2759 aut
2415 2705 2537 2774 quis
2580 2703 2649 2758 ab
2688 2704 2779 2758 illo
2826 2720 2932 2759 non
2973 2703 3382 2759 desideraturus
3426 2705 3683 2758 abscessit?

2132 2796 2263 2851 Nam
2293 2796 2385 2864 qui
2413 2810 2643 2867 corpore
2679 2811 2805 2851 eum
2833 2794 3016 2850 videre
3044 2810 3153 2850 nou
3203 2803 3489 2866 poterant,
3524 2795 3682 2851 saltem

2131 2892 2247 2960 ejus
2268 2889 2523 2960 epistolas
2542 2892 2853 2959 contingere
2881 2888 3193 2959 cupiebant.
3217 2886 3350 2943 Erat
3376 2889 3510 2944 enim
3535 2888 3684 2942 suavis

2132 2994 2186 3039 et
2216 2984 2441 3039 blandus
2463 2982 2742 3046 inlitteris,
2760 2981 2930 3037 dulcis
2945 2988 3001 3037 et
3022 2982 3159 3036 bene
3181 2982 3366 3037 suavis
3386 2982 3439 3036 in
3458 2980 3682 3037 versibus.

2132 3075 2267 3143 Quid
2287 3076 2476 3146 plura?
2504 3073 2605 3130 Vix
2634 3087 2966 3144 qmecunque
2995 3072 3062 3127 de
3083 3072 3175 3127 illo
3206 3072 3477 3140 dicuntur,
3518 3072 3682 3126 admit-

2132 3176 2271 3226 teret
2290 3165 2579 3223 credulitas
2606 3164 2750 3232 fidei,
2775 3163 2873 3218 nisi
2898 3163 3270 3234 propellerent
3289 3179 3385 3219 sua
3407 3162 3535 3219 facta
3559 3179 3681 3216 meu-

2129 3260 2363 3316 dacium.
2397 3257 2697 3312 Taceamus
2724 3255 2938 3326 generis
2967 3253 3334 3324 nobilitatem,
3352 3255 3575 3326 paternis
3594 3268 3683 3306 ma-

2129 3352 2405 3420 ternisque
2434 3348 2703 3403 natalibus
2749 3347 2802 3401 in
2848 3355 3155 3402 senatorum
3186 3362 3456 3417 purpuras
3491 3345 3683 3400 admira-

2128 3443 2312 3500 biliter
2339 3442 2650 3497 rutilantem
2678 3460 2690 3494 :
2717 3448 2975 3511 praeterea
2997 3447 3050 3494 et
3071 3439 3380 3510 opulentias
3395 3440 3683 3501 divitiarum,

2128 3551 2264 3607 quas
2295 3541 2517 3606 propter
2538 3533 2708 3588 Deum
2736 3532 3061 3603 pauperibus
3080 3534 3347 3600 erogavit.
3371 3531 3517 3587 Nunc
3538 3529 3683 3586 venia

2127 3643 2247 3683 mus
2274 3626 2343 3681 ad
2369 3642 2433 3681 ea
2454 3625 2481 3665 δ
2523 3641 2643 3696 quae
2668 3625 2736 3681 de
2766 3624 2915 3680 obitu
2938 3623 3056 3692 ejus
3082 3623 3265 3680 dicere
3295 3638 3629 3694 coeperamus.

2201 3716 2286 3771 lO.
2328 3716 2494 3785 Igitur
2520 3731 2643 3772 cum
2671 3722 2888 3770 sanctus
2916 3712 3171 3769 Paulinus
3195 3713 3435 3769 debitum
3463 3713 3564 3769 Deo
3596 3712 3684 3783 spi—

2127 3812 2288 3866 ritum
2337 3809 2680 3876 reddidisset,
2728 3808 2803 3862 ita
2849 3807 3009 3862 niveo
3052 3807 3293 3863 candore
3318 3808 3495 3863 vultus
3519 3807 3621 3877 ejus
3643 3813 3684 3860 et

2127 3917 2289 3958 omne
2318 3916 2514 3972 corpus
2545 3897 2793 3955 affectum
2842 3904 2945 3965 est,
2976 3904 3035 3953 ut
3074 3912 3268 3953 omnes
3295 3898 3435 3953 inter
3460 3895 3683 3966 singultus

2127 4001 2182 4048 et
2209 3990 2475 4064 lacrymas
2500 3989 2883 4045 henedicerent
2920 3988 3209 4043 Dominum
3252 3987 3425 4044 Deum
3453 3997 3683 4052 nostrum,

2127 4085 2218 4156 qui
2246 4084 2424 4141 educit
2452 4091 2667 4138 sanctos
2695 4097 2823 4136 suos
2852 4081 2905 4134 in
2930 4079 3355 4150 magniﬁcentia,
3384 4090 3444 4134 ut
3469 4075 3684 4133 ostendat

2127 4176 2299 4233 servis
2320 4175 2428 4230 suis
2458 4174 2583 4245 quia
2604 4174 2720 4229 lucc
2747 4181 2829 4229 est
2855 4171 3026 4240 gloria
3046 4171 3303 4227 omnibus
3332 4170 3526 4227 sanctis
3551 4168 3646 4224 suis
3671 4183 3683 4219 :

2128 4276 2184 4325 et
2215 4267 2338 4323 ideo
2365 4265 2613 4321 laudetur
2650 4264 2703 4319 in
2734 4262 2846 4318 Deo
2891 4263 3069 4317 anima
3119 4262 3238 4331 ejus
3261 4305 3277 4331 ,
3314 4270 3370 4317 et
3414 4260 3684 4315 revelentur

2128 4375 2291 4431 opera
2316 4357 2432 4427 ejus
2461 4358 2514 4412 in
2545 4356 2795 4412 omnibus
2820 4353 3131 4409 timentibus
3158 4352 3353 4419 Deum,
3375 4352 3492 4422 quia
3512 4364 3683 4405 concu-

2126 4452 2261 4523 pivit
2289 4451 2341 4504 in
2364 4447 2635 4504 mandatis
2663 4446 2756 4502 Dei
2778 4446 2893 4509 sui,
2918 4453 2975 4500 et
2995 4444 3263 4499 intellexit
3302 4458 3464 4514 super
3487 4453 3682 4508 egenum

2129 4553 2187 4602 et
2204 4558 2518 4616 pauperem,
2540 4549 2600 4598 ut
2627 4548 2821 4611 potens
2848 4545 2993 4594 esset
3023 4538 3077 4592 in
3105 4545 3252 4593 terra
3281 4551 3463 4592 semen
3492 4534 3613 4603 ejus,
3639 4536 3685 4584 et

2124 4638 2332 4709 justitia
2361 4636 2477 4705 ejus
2497 4641 2741 4689 maneret
2777 4632 2831 4687 in
2859 4631 3112 4687 saxulum
3133 4629 3333 4686 saeculi.

2205 4730 2291 4784 ll.
2323 4728 2705 4782 Verumtamen
2734 4731 2789 4780 et
2816 4724 2920 4779 hoc
2968 4721 3113 4795 quod
3139 4721 3207 4775 ad
3245 4720 3496 4775 meritum
3535 4710 3683 4770 sancti

2134 4970 2246 5025 quo
2276 4949 2845 5025 cubiculunrtremuit,
2878 4948 2943 5001 de
2980 4947 3159 5017 cujus,
3189 4944 3379 5025 inquit,
3407 4944 3551 5025 client
3570 4937 3684 5025 afuit!

2132 5006 2271 5094 3m
2283 5006 2395 5094 ad:
2415 5006 2683 5094 ecclesiam
2705 5006 2949 5089 scriptum
2966 5006 3065 5094 est,
3096 5006 3286 5094 nempe
3327 5016 3379 5094 in
3410 5011 3490 5094 vel
3519 5025 3578 5062 ει
3601 5006 3683 5094 Mf

2133 5044 2269 5141 αἴτια
2283 5044 2395 5094 ejus
2415 5044 2683 5076 eccwsmm
2705 5044 2949 5089 scriptum
2971 5044 3065 5082 aut,
3096 5044 3286 5084 ucutpc
3327 5044 3379 5068 ιιι
3414 5044 3490 5064 vn
3519 5044 3578 5062 ι..
3601 5044 3682 5083 ...ηε

2133 5095 2322 5167 iranii
2351 5092 2598 5167 epistola.
2634 5085 3278 5167 apparetetiamuassuti
3309 5081 3518 5167 aliunde
3547 5088 3683 5167 patuit

2130 5147 2605 5220 hiulea‘ednnexio
2627 5147 2755 5215 dum
2795 5158 3028 5213 dicitur:
3057 5155 3212 5211 Nunc
3252 5156 3513 5209 veniamus
3539 5147 3600 5201 nd
3633 5158 3683 5196 ea

2129 5252 2243 5309 qua:
2271 5245 2415 5309 gestu
2463 5242 2602 5309 sunt.
2655 5229 2791 5284 Dum
2816 5228 3139 5309 swvientiuin
3165 5224 3685 5309 Wandalomuy‘til:

2129 5287 2419 5379 Maium
2438 5287 2482 5357 si
2522 5318 2621 5379 ιιι-9
2666 5307 2865 5370 puncto
2891 5298 3205 5379 ‘sub-stituas
3252 5309 3477 5379 comma,
3508 5287 3683 5379 relidit:

2123 5357 2719 5446 per-iiidusintperfec'ta
2767 5368 3042 5446 pendebit,
3082 5376 3142 5446 _et
3169 5364 3320 5437 quasi
3370 5380 3466 5418 suo
3507 5357 3682 5446 carrij

2122 5433 2322 5515 capite.
2393 5433 2572 5498 Finito
2632 5433 2811 5515 autem
2868 5433 3313 5515 interpolamento
3375 5433 3682 5515 resumunttlt

2127 5501 2216 5573 hic
2272 5516 2523 5571 intercisa
2579 5513 2739 5567 verba
2761 5552 2775 5574 ,
2807 5501 3161 5585 repetendo
3182 5508 3359 5585 priora
3403 5523 3417 5558 :
3452 5501 3537 5585 sed
3567 5508 3681 5585 nunc

2127 5572 2396 5641 veniamus
2427 5586 2497 5639 ad
2522 5602 2616 5647 ea;
2652 5592 2705 5637 et
2742 5572 3119 5649 s‘ubju'ngendo
3148 5572 3231 5633 his
3276 5572 3571 5631 immediate
3611 5578 3680 5620 se-

2122 5658 2341 5727 quentia
2364 5699 2377 5717 ,
2413 5672 2527 5727 (μιαν
2556 5656 2616 5707 de
2659 5654 2797 5706 obitu
2829 5653 2939 5722 ejus
2968 5651 3138 5704 dicere
3163 5651 3549 5718 intmperamus.
