3946 6182
217 264 310 320 869

1230 248 1631 305 HEXAEMERI
1674 245 2155 302 METAPHIUSIS
2197 246 2394 301 LIBER
2432 246 2469 303 i.
3386 247 3488 301 870

220 390 327 431 rum
355 371 550 427 civium
574 386 628 425 se
658 367 942 430 convertit,
969 371 1255 419 contentus
1286 372 1309 397 ιι
1342 360 1588 413 afllictari
1611 358 1789 427 potius
1820 361 1865 418 Α
1894 372 1999 427 que
2027 357 2293 425 discretis,
2325 367 2474 411 ortus
2503 357 2789 426 obitusque
2821 356 3098 427 perficere,
3127 364 3183 411 ct
3211 356 3265 411 in
3307 373 3496 427 perse-

220 481 334 520 cum
364 462 562 533 populo
586 460 699 525 Dei,
724 474 883 528 quam
917 458 1143 511 fructum
1191 453 1397 524 peccati
1427 466 1624 520 capere
1657 458 1796 504 tem-

224 555 474 628 poralem.
506 550 605 618 Qui
637 547 1114 617 amorenrjustitia:
1161 544 1230 599 de
1260 544 1373 613 ipsa
1420 551 1612 595 natura
1639 540 1801 593 sorti-

224 657 302 701 tus
327 651 429 713 est,
449 643 647 712 quippe
675 641 766 710 qui
797 634 1104 711 priusquam
1134 636 1309 707 plebis
1346 632 1615 702 acciperet
1649 631 1800 701 prin-

220 741 470 809 cipatum,
495 744 717 805 propter
739 732 923 788 odium
951 730 1202 800 nequitia:
1234 726 1498 789 naturale,
1540 738 1709 792 usque
1734 721 1802 776 ad

223 844 401 886 necem
431 828 644 882 videtur
691 825 968 895 improbos
1007 830 1339 893 persecutus.
1372 821 1473 886 Qui
1505 818 1572 873 ab
1602 818 1685 871 his
1725 815 1803 870 ef-

224 922 428 989 fugatus
471 926 574 986 est,
623 918 819 990 quibus
866 917 980 988 ipse
1020 916 1191 970 fuerat
1231 914 1524 983 opitulatus
1556 928 1568 963 :
1600 910 1692 980 qui
1739 909 1803 963 li-

225 1012 529 1069 beatissime
558 1010 874 1066 tumultibus
900 1008 1120 1080 Egypti
1149 1007 1443 1073 derelictis,
1474 1004 1539 1059 ad
1585 1002 1804 1059 IEthio-

227 1105 359 1175 pimn
383 1101 656 1174 profectus
684 1110 787 1171 est,
814 1100 995 1170 ibique
1037 1107 1357 1155 cancrorum
1388 1112 1589 1152 vacuus
1634 1109 1801 1163 nego-

230 1197 262 1249 ti
288 1211 439 1257 :rum,
494 1211 593 1265 per
639 1209 810 1249 annos
851 1191 1203 1263 quadraginta
1248 1206 1429 1245 rerum
1478 1189 1807 1259 contempla-

230 1286 354 1339 tioni
398 1285 531 1340 dans
579 1299 831 1354 Operam,
876 1282 1375 1351 octogesimumque
1426 1281 1601 1335 anatis
1645 1295 1810 1349 agens

228 1392 290 1428 an
320 1390 448 1440 um,
474 1353 820 1438 viditDeum,
854 1380 911 1427 ut
942 1381 1064 1428 erat
1090 1372 1297 1427 homini
1325 1371 1509 1425 videre
1529 1353 1807 1440 possibile,

237 1466 341 1519 imo
374 1474 430 1518 ut
474 1464 669 1517 tt‘...iili
708 1463 885 1532 potius
930 1463 1077 1518 licuit
1125 1461 1235 1528 alii,
1272 1462 1296 1498 ι’
1328 1461 1617 1516 secundum
1660 1461 1813 1515 testi-

228 1555 463 1610 monium
498 1554 663 1625 ipsius
696 1554 788 1609 Dei
821 1574 832 1607 :
869 1552 1004 1620 Quia
1034 1556 1079 1608 si
1113 1555 1271 1626 fuerit
1297 1552 1549 1623 propheta
1589 1553 1700 1623 quis
1730 1570 1813 1606 re-

228 1657 387 1702 strum
414 1645 660 1714 Domino,
691 1648 900 1717 praprie
920 1663 1013 1718 per
1040 1648 1201 1700 visum
1221 1647 1268 1698 ei
1297 1661 1602 1715 cognoscar,
1641 1652 1690 1698 et
1718 1660 1811 1715 per

228 1740 482 1793 somnium
508 1736 691 1808 loquar
732 1753 753 1792 :

231 1831 315 1902 qui
345 1830 399 1883 in
427 1829 569 1884 onmi
598 1828 746 1883 domo
769 1846 883 1882 mea
910 1828 1086 1899 ﬁdelis
1111 1836 1206 1882 est.
1235 1825 1340 1893 Ore
1368 1826 1436 1879 ad
1458 1844 1521 1885 ,οδ
1551 1827 1817 1899 colloquar

229 1920 275 1973 ei
308 1935 327 1972 .'
357 1920 411 1973 in
441 1920 631 1990 specie,
670 1927 719 1971 et
747 1935 850 1973 non
889 1935 981 1989 per
1004 1918 1231 1989 ﬁguram
1277 1914 1479 1988 (Num.
1526 1934 1620 1980 xu,
1653 1916 1753 1970 6-8
1774 1918 1814 1987 ).

229 2006 323 2064 Hic
377 2008 558 2078 itaque
604 2008 697 2077 qui
738 2009 791 2062 in
834 2007 1103 2077 potiendis
1153 2008 1506 2078 prmsentibus
1547 2007 1641 2063 Dei
1683 2024 1818 2063 con—

227 2100 519 2170 spectibus,
556 2110 577 2136 ε
612 2097 817 2168 angelis
846 2096 1021 2152 fuerat
1067 2106 1373 2167 comquatus
1403 2114 1420 2151 :
1455 2112 1574 2165 qua:
1616 2098 1824 2153 auscul-

227 2192 360 2246 tavit
388 2208 419 2246 a
451 2192 562 2247 Deo
585 2189 805 2247 disserit
830 2191 1005 2246 nobis.
1036 2190 1326 2250 Audiamus
1354 2189 1515 2258 igitur
1538 2190 1821 2245 veritatem

226 2282 536 2348 verborum,
587 2298 696 2337 non
743 2283 797 2336 in
842 2281 1191 2353 persuasit’me
1232 2279 1482 2333 humana:
1523 2278 1820 2349 sapientiae,

225 2374 322 2428 sed
354 2375 409 2427 in
456 2373 849 2444 probatissimis
877 2371 1133 2444 Spiritalis
1178 2370 1436 2427 doctrina:
1462 2371 1819 2439 sermonibus,

227 2478 460 2532 quorum
490 2462 611 2519 finis
634 2478 740 2518 non
768 2460 1097 2518 audientium
1126 2460 1243 2516 laus
1262 2468 1365 2529 est,
1383 2461 1479 2517 sed
1505 2459 1822 2518 discentium

230 2555 398 2609 salus.

300 2643 354 2698 2.
398 2642 466 2697 In
496 2644 750 2715 principio
782 2646 906 2716 fecit
940 2643 1081 2699 Deus
1117 2643 1299 2700 cretum
1333 2651 1384 2698 et
1426 2653 1621 2699 terram
1652 2641 1817 2716 (Cen.

233 2754 272 2806 ι,
306 2736 378 2807 1).
410 2735 669 2791 Retardat
692 2736 851 2804 igitur
878 2751 1184 2792 sermonem
1209 2750 1392 2790 meum
1421 2737 1619 2792 mentis
1647 2736 1822 2791 admi-

235 2829 376 2883 ratio
411 2846 424 2880 :
457 2826 700 2895 cogitans
748 2825 878 2896 quid
924 2826 1154 2896 primum
1202 2824 1399 2891 dicam,
1427 2824 1516 2878 vel
1558 2825 1699 2880 unde
1742 2840 1827 2881 ca-

236 2920 378 2989 piam
408 2917 733 2973 narrationis
755 2916 1059 2985 exordium,
1089 2930 1378 2985 arguamne
1409 2918 1699 2972 vanitatem
1726 2934 1827 2972 δευ-

238 3010 524 3077 cularium,
547 3017 641 3062 aut
661 3015 967 3061 nostrorum
993 3007 1173 3077 potius
1199 3007 1483 3077 praedicem
1508 3008 1828 3062 veritatem?

1902 450 2264 505 Veratioribus
2310 450 2630 521 corporibus
2688 450 3126 521 complexionem
3187 458 3493 505 atomorum

1903 542 2156 608 locatam,
2186 543 2418 597 validius
2445 558 2633 597 causas
2658 544 2977 597 :cternitatis
3004 542 3328 612 exprimere.
3356 543 3495 596 Vere

1903 634 2065 687 telam
2111 649 2323 687 aranea:
2370 642 2579 701 texunt,
2612 635 2702 703 qui
2733 635 2837 689 ista
2885 635 3195 690 describunt
3239 652 3252 688 :
3304 644 3355 690 et
3400 635 3492 703 qui

1902 731 2015 778 tam
2035 738 2198 779 vacua
2230 725 2513 793 inaniaque
2541 725 2822 795 principia,
2855 727 3012 789 coelo,
3040 735 3213 790 terrm,
3249 728 3493 795 marique

1903 817 2267 872 conscribunt.
2294 816 2479 887 Neque
2512 818 2654 872 enim
2686 818 2932 873 sciebant
2966 818 3147 873 dicere
3182 836 3195 871 :
3237 817 3301 871 In
3339 820 3489 887 priu—

1907 909 2042 979 cipio
2084 911 2207 981 fecit
2249 908 2392 963 Deus
2442 910 2625 964 caelum
2670 918 2721 963 et
2762 919 2953 963 terram
2994 925 3013 962 :
3054 917 3337 979 propterea
3381 910 3498 963 sine

1913 1016 1934 1039 υ
1964 1000 2352 1067 moderamine,
2398 1010 2455 1056 et
2496 1000 2917 1069 gubernatione,
2968 1001 3297 1068 fortuitoque
3347 1015 3495 1054 casu.

1909 1094 1993 1162 agi
2024 1100 2077 1146 et
2100 1091 2227 1147 ferri
2273 1093 2476 1160 omnia,
2507 1093 2667 1146 insito
2706 1092 2809 1147 sibi
2849 1091 3136 1161 impietatis
3173 1091 3384 1160 decepti
3414 1105 3502 1144 er-

1910 1201 2051 1249 rore,
2083 1184 2356 1240 dixerunt.
2381 1185 2535 1252 Quod
2566 1201 2633 1241 ne
2663 1201 2762 1239 nos
2782 1199 2998 1255 quoque
3022 1193 3351 1253 pateremur,
3389 1182 3501 1251 pri-

1912 1278 2012 1332 mis
2058 1278 2241 1332 statim
2287 1292 2399 1331 suae
2453 1277 2777 1331 narrationis
2819 1275 3006 1345 elogiis
3048 1273 3235 1330 mundi
3282 1275 3503 1330 fabrica.

1914 1369 2074 1423 tionis
2098 1368 2395 1438 expositor,
2414 1367 2510 1423 Dei
2533 1368 3049 1422 commemoratione
3068 1381 3260 1422 sensus
3287 1374 3503 1421 nostros

1914 1462 2239 1526 illuminans,
2271 1461 2410 1516 dixit
2442 1479 2455 1514 :
2481 1460 2547 1514 In
2569 1460 2828 1531 principio
2862 1460 2987 1529 fecit
3020 1459 3178 1512 Deus.
3207 1456 3376 1524 Quam
3405 1458 3505 1511 bo-

1913 1571 2013 1610 nus
2042 1554 2175 1609 ordo
2207 1552 2227 1591 ί
2260 1552 2578 1623 principium
2612 1552 2782 1620 trimo
2808 1551 2990 1621 posuit
3019 1568 3032 1602 :
3063 1558 3121 1603 ut
3150 1566 3256 1604 non
3293 1550 3502 1618 ingeni-
3566 1598 3571 1602 .

1915 1658 2028 1702 tum
2054 1645 2272 1716 quidam
2300 1644 2559 1699 mundum
2582 1642 2993 1697 arbitrarentur.
3016 1640 3215 1694 Deinde
3244 1639 3503 1705 subdidit,

794 1737 885 1791 scd
914 1755 1017 1791 non
1048 1738 1122 1790 ita
1153 1738 1376 1807 famulus
1405 1753 1545 1797 meus
1578 1734 1803 1805 Moyses,
1840 1732 1884 1790 Β
1912 1739 2035 1808 quia
2067 1728 2234 1792 fecit:
2269 1744 2329 1790 ut
2369 1735 2683 1790 ostenderet
2727 1733 2852 1803 quia
2895 1740 3157 1787 creatura:
3184 1746 3341 1800 opus,
3382 1746 3507 1801 pars

1920 1832 2111 1898 exigua
2136 1828 2352 1883 virtutis
2373 1835 2457 1882 est
2480 1826 2796 1882 conditoris.
2814 1824 2946 1879 Nam
2968 1825 3108 1879 sicut
3128 1824 3338 1893 figulus,
3366 1825 3509 1878 vasis

1919 1919 2254 1987 deformatis,
2286 1933 2385 1972 nec
2414 1927 2586 1972 artem
2609 1923 2791 1987 potest
2810 1915 3079 1980 amittere,
3106 1929 3206 1970 nec
3218 1916 3505 1970 virtutem:

1919 2012 1998 2067 sic
2024 1994 2207 2079 opifex
2232 2025 2410 2063 rerum
2440 2009 2610 2075 Deus,
2652 2016 2761 2062 non
2788 2006 2880 2061 uni
2911 2006 3127 2061 factum
3154 2004 3509 2061 sufficientem

1921 2102 2218 2173 potentiam
2261 2100 2558 2171 possidens,
2603 2099 2698 2154 sed
2727 2108 2753 2146 tt
2784 2098 3048 2152 infinitate
3093 2098 3308 2167 penitus
3346 2112 3508 2151 exce-

1921 2192 2073 2257 dens,
2104 2190 2224 2246 solo
2249 2198 2528 2244 momento
2564 2189 2796 2259 propriae
2824 2187 3142 2253 voluntatis,
3185 2185 3510 2256 magnitudi-

1922 2297 2046 2339 nem
2068 2297 2255 2338 eorum
2280 2296 2400 2351 qua:
2423 2290 2717 2337 cernuntur
2727 2281 3012 2339 exstruxit.
3037 2278 3195 2347 Quod
3220 2280 3267 2335 si
3290 2286 3345 2334 et
3365 2279 3512 2349 prin-

1924 2375 2125 2445 cipium
2154 2374 2385 2430 mundus
2409 2374 2594 2441 habet,
2628 2382 2684 2428 et
2713 2371 2886 2428 factus
2924 2380 3034 2439 est;
3062 2386 3245 2443 qumre
3285 2370 3405 2440 quis
3434 2370 3510 2424 illi

1922 2464 2070 2521 dedit
2096 2465 2438 2536 principium,
2462 2473 2517 2520 ct
2537 2465 2657 2535 quis
2677 2465 2793 2533 ejus
2822 2463 3113 2518 fabricator
3131 2471 3232 2518 est.
3262 2462 3418 2529 Quod
3446 2478 3513 2517 ne

1924 2556 2157 2611 humana
2203 2554 2428 2609 forsitan
2473 2555 2800 2622 cogitatione
2842 2554 3153 2619 discutiens,
3199 2570 3229 2607 a
3274 2553 3513 2609 veritatis

1925 2645 2138 2700 tramite
2166 2644 2411 2700 deviares
2442 2662 2456 2697 :
2489 2644 2749 2715 praevenit
2786 2644 3053 2699 instruens
3079 2659 3180 2698 nos
3217 2644 3476 2699 doctrinis
3496 2685 3510 2703 ,

1924 2746 1980 2791 et
2007 2736 2200 2789 animis
2230 2736 2444 2799 nostris,
2475 2743 2730 2804 tanquam
2750 2734 3081 2802 signaculum
3112 2735 3387 2804 cujusdam
3416 2751 3515 2789 cu-

1926 2829 2115 2884 stodim
2144 2829 2344 2896 figens,
2378 2827 2689 2882 venerabile
2734 2842 2861 2881 mox
2902 2826 2998 2881 Dei
3046 2842 3240 2880 nomen
3291 2826 3517 2881 inseruit

1926 2919 2147 2975 dicens:
2173 2917 2240 2973 In
2255 2919 2510 2989 principio
2541 2918 2662 2989 fecit
2685 2916 2849 2972 Deus.
2879 2915 3045 2985 igitur
3062 2916 3222 2971 beata
3245 2925 3518 2984 natura,et

1933 3010 2189 3081 opulenta
2228 3009 2473 3075 bonitas,
2509 3007 2965 3077 dilectissimaque
3004 3006 3211 3061 cunctis
3251 3008 3518 3063 rationem

239 3095 476 3152 Plurima
523 3113 685 3169 super
712 3112 894 3152 rerum
938 3105 1128 3151 natura
1171 3094 1479 3151 Graecorum
1525 3097 1831 3168 philosophi
1858 3087 1910 3152 C
1937 3102 2277 3168 habentibus,
2310 3117 2373 3157 ac
2398 3101 2619 3157 nimium
2644 3099 2926 3156 carissima
2962 3097 3328 3168 pulchritudo,
3371 3097 3520 3167 prin-

238 3189 582 3259 disputarunt
611 3205 624 3241 :
653 3186 747 3242 sed
774 3187 952 3242 nullus
990 3186 1131 3256 apud
1159 3202 1253 3241 eos
1274 3201 1452 3242 sermo
1494 3184 1631 3243 fixus
1663 3188 1828 3243 habe—

243 3290 330 3336 tur
373 3290 429 3335 et
457 3280 687 3345 stabilis,
728 3281 910 3349 priore
957 3294 1169 3350 semper
1213 3294 1243 3333 a
1291 3289 1551 3349 sequente
1594 3280 1827 3349 dejecto.

240 3371 490 3441 Nihilque
520 3372 676 3426 nobis
703 3386 881 3442 operte
909 3370 1141 3439 pretium
1169 3379 1273 3438 est,
1319 3384 1439 3439 qua:
1467 3370 1679 3426 illorum
1707 3380 1834 3426 sunt

241 3460 515 3516 infirmare
546 3479 559 3512 :
586 3475 705 3514 cum
743 3459 810 3513 ad
855 3458 1270 3513 destructionem
1301 3459 1575 3528 propriam
1621 3461 1835 3515 sibimet

242 3554 338 3623 ipsi
368 3550 663 3607 sufficiant.
695 3549 720 3589 ἀ
745 3551 846 3619 Qui
876 3551 1020 3607 cnim
1061 3550 1227 3605 Deum
1275 3552 1482 3606 nescire
1522 3560 1834 3622 potuerunt,

243 3645 562 3716 sapientiam
590 3643 748 3699 rebus
770 3658 996 3713 prmesse
1024 3644 1330 3699 mortalium
1370 3645 1672 3709 nullatenus
1701 3661 1827 3700 con-

245 3742 547 3797 cesserunt,
597 3734 692 3788 sed
733 3733 979 3789 familiari
1026 3734 1361 3799 ignoratione
1407 3735 1644 3805 subiapsi
1676 3737 1838 3791 variis

246 3828 425 3882 omnia
451 3825 856 3882 definitionibus
892 3826 1288 3882 concluserunt.
1337 3824 1635 3897 Propterea
1684 3830 1836 3885 multi

248 3933 435 3973 eorum
482 3916 552 3973 ad
595 3915 873 3972 confusam
916 3915 1307 3987 informemque
1335 3933 1393 3973 se
1420 3921 1704 3974 materiam
1747 3937 1837 3976 re-

248 4010 516 4081 degerunt
547 4009 879 4079 ,_elementis
923 4008 1106 4067 mundi
1144 4026 1334 4069 causas
1376 4014 1619 4067 omnium
1661 4030 1840 4069 rerum

250 4098 595 4170 deputantes.
624 4099 726 4154 Alii
758 4108 987 4166 atomos,
1016 4107 1073 4155 et
1093 4100 1364 4157 individua
1394 4118 1645 4173 corpora,
1676 4112 1731 4158 et
1756 4114 1842 4160 tu-

250 4206 451 4257 mores,
481 4198 538 4246 et
565 4199 774 4246 meatus
812 4191 1087 4246 continere
1129 4201 1376 4248 naturam
1405 4195 1691 4250 visibilium
1735 4205 1843 4251 tra-

252 4280 507 4336 diderunt
538 4300 550 4334 :
583 4281 743 4337 modo
772 4282 1216 4337 concurrentibus
1238 4283 1339 4338 sibi
1369 4284 1573 4341 levibus
1611 4286 1715 4341 illis
1751 4302 1842 4341 ro-

253 4373 546 4441 tundisque
598 4372 960 4442 corpusculis,
1001 4372 1162 4428 modo
1201 4375 1574 4431 recedentibus
1602 4391 1631 4432 α
1659 4393 1719 4436 se
1758 4389 1843 4434 at-

331 4621 356 4683 9
397 4612 561 4683 Colb.
589 4610 874 4683 secundus,
903 4610 1067 4683 afﬂigi
1090 4613 1280 4683 potius.

329 4681 554 4756 b__(_Iolb.
580 4681 862 4747 secundus,
878 4681 1157 4756 secundum
1182 4684 1526 4737 testimonium
1547 4686 1707 4756 ipsius
1733 4687 1845 4742 Dei.

260 4749 510 4826 Basilius,
538 4756 670 4826 nardi
688 4758 777 4826 τήν
804 4754 1090 4826 prap'rupimh
1110 4756 1268 4826 ᾳύτήν
1287 4762 1377 4826 τοᾷ
1397 4761 1544 4815 Θεοῦ,
1566 4749 1848 4812 secundum

255 4822 428 4889 ipsum
460 4820 562 4875 Dei
589 4819 1157 4889 testimonium.'Editi,
1185 4823 1463 4877 secundum
1501 4827 1848 4883 testimonium

256 4892 424 4959 ipsius
448 4890 681 4946 Domini.

334 4972 354 4998 ι·
389 4959 569 5043 βῶιὶ,
601 4961 798 5043 angelis
824 4962 996 5043 fuerat
1025 4963 1259 5043 (aqualis.
1293 4962 1473 5025 Codex
1502 4966 1847 5043 Sanctifica-

261 5031 404 5101 mani
420 5046 585 5100 quem
612 5031 925 5101 simpliciter
945 5031 1187 5086 nostrum
1204 5049 1479 5097 vocamus,
1504 5045 1560 5089 et
1587 5036 1741 5090 Colb.
1768 5054 1848 5090 sc-

259 5099 495 5176 cundus,
519 5102 688 5173 fuerat
715 5099 914 5176 aligelis
955 5107 1249 5176 eamquatus
1286 5104 1464 5171 :quod
1496 5107 1672 5162 verius
1713 5118 1843 5176 puto

260 5179 316 5219 et
338 5169 550 5248 melius,
573 5185 697 5248 cum
733 5169 914 5248 Grgeca
939 5211 955 5236 ,
994 5169 1159 5237 ἕξίὰου
1190 5182 1296 5234 τοῖς
1326 5169 1547 5248 air/nsi;
1594 5169 1839 5243 ἀξιωδεὶς,

263 5238 442 5311 aptius
469 5241 698 5311 exprimi
734 5241 1032 5297 videantur.

334 5307 359 5344 ιι
400 5305 558 5367 ϐοιδῖ
589 5312 877 5379 secundus,
898 5315 983 5383 qui
1011 5313 1148 5367 enim
1178 5311 1344 5367 Deum
1381 5315 1513 5368 scire
1543 5333 1646 5369 non
1675 5326 1851 5383 potue-

266 5388 404 5432 runt.

338 5457 362 5516 ξ
402 5446 560 5504 Colb.
590 5450 873 5516 secundus,
894 5450 1003 5506 sine
1033 5451 1395 5507 admiratione.

341 5513 380 5593 ξ-
402 5516 568 5587 Editi,
595 5513 903 5593 principium
923 5525 1147 5592 primum
1172 5525 1362 5593 posuit.
1388 5524 1572 5580 Codex
1604 5536 1786 5579 noster
1801 5537 1856 5580 et

267 5584 421 5643 Colb.
464 5584 775 5664 sec‘undusf
799 5584 1109 5664 principium
1151 5584 1319 5663 primo
1354 5596 1542 5664 posuit,
1572 5596 1733 5650 bene.
1782 5596 1854 5651 Ita

274 5660 613 5731 prosequitur
662 5660 1001 5729 Eustathius,
1052 5674 1107 5716 ut
1151 5660 1258 5718 non
1312 5660 1596 5736 ingenitum
1645 5668 1856 5734 quidam

1940 3210 2063 3265 ceps
2087 3195 2325 3250 omnium
2355 3209 2474 3264 quae
2505 3201 2647 3259 sunt,
2678 3191 2798 3247 fons
2825 3192 2974 3259 vitaz,
3017 3188 3042 3227 ¹³
3074 3190 3406 3259 lnteliigibile
3440 3190 3522 3243 lu-

1933 3300 2080 3349 men,
2113 3282 2494 3340 inaccessibilis
2518 3282 2779 3352 sapientia
2798 3323 2814 3349 ,
2862 3280 2985 3352 Ipse
3014 3282 3133 3351 fecit
3164 3281 3219 3333 in
3256 3281 3513 3350 principio

1933 3378 2114 3432 caelum
2140 3388 2189 3431 et
2209 3387 2417 3431 terram.

2008 3466 2059 3520 ὅ.
2101 3465 2215 3519 Non
2245 3478 2376 3533 ergo
2404 3462 2601 3518 infecta
2626 3476 2744 3518 esse
2765 3461 2850 3517 vel
2872 3459 3168 3530 improvida
3201 3472 3318 3525 qua:
3334 3459 3518 3514 viden-

1938 3566 2026 3611 tur
2050 3557 2305 3626 Opineris,
2336 3571 2371 3611 ο
2400 3555 2593 3619 homo;
2623 3567 2725 3608 nec
2743 3553 2869 3622 quia
2897 3553 3100 3607 circum
3129 3557 3184 3604 te
3214 3550 3519 3604 discurrunt

1938 3664 2002 3703 ea
2030 3663 2149 3718 quae
2180 3655 2465 3701 moventur
2492 3647 2544 3700 in
2574 3646 2744 3711 cmlo,
2796 3659 2897 3699 nec
2943 3642 3089 3714 quod
3128 3643 3294 3714 ipsius
3336 3642 3521 3698 circuli

1939 3740 2169 3805 initiata,
2205 3746 2390 3793 nostro
2415 3738 2595 3793 sensui
2624 3736 3107 3807 comprehensibile
3131 3752 3239 3791 non
3268 3736 3518 3801 habetur,

1941 3830 2142 3885 idcirco
2166 3830 2283 3884 sine
2309 3829 2577 3899 principio
2605 3843 2726 3884 esse
2747 3827 3072 3883 vertibilium
3101 3842 3391 3897 corporum
3424 3843 3522 3880 na-

1941 3929 2062 3976 tura
2086 3920 2351 3976 credenda
2378 3929 2480 3975 est.
2498 3919 2681 3990 Neque
2704 3920 2849 3975 enim
2864 3920 3011 3975 orbis
3032 3921 3153 3983 iste,
3186 3918 3239 3973 id
3278 3928 3379 3983 θυι,
3406 3918 3522 3988 pla-

1943 4030 2070 4069 num
2100 4015 2203 4069 hoc
2223 4012 2625 4082 rotundumque
2654 4011 2892 4076 schema,
2920 4010 3064 4081 quod
3103 4011 3201 4065 sub
3242 4025 3352 4065 uno
3382 4025 3521 4081 pun-

1941 4114 2033 4162 clo
2057 4104 2379 4167 continetur,
2397 4104 2521 4171 quia
2551 4109 2793 4157 nostrum
2820 4099 3029 4169 diffugit
3058 4100 3526 4161 intellectummec

1945 4196 2086 4252 unde
2113 4194 2355 4265 coeperit,
2381 4202 2473 4248 aut
2500 4207 2608 4263 quo
2633 4192 2889 4248 reciderit
2915 4207 3200 4261 possumus
3236 4191 3477 4246 invenire
3509 4209 3526 4246 :

1945 4287 2017 4343 ob
2048 4288 2151 4341 hoc
2187 4286 2349 4340 etiam
2380 4300 2487 4340 non
2515 4298 2634 4339 esse
2677 4283 3035 4354 compositum
3078 4282 3336 4337 debemus
3376 4297 3527 4337 asse-

1946 4393 2089 4442 rere,
2119 4386 2212 4431 aut
2239 4375 2363 4446 quia
2392 4390 2579 4432 sensus
2606 4375 2825 4431 omnino
2859 4382 3075 4431 nostros
3111 4372 3364 4439 elabitur,
3407 4371 3530 4427 ideo

1882 4628 1928 4686 ι)
1955 4621 2198 4676 mundum
2225 4618 2601 4674 arbitrarentur
2623 4635 2641 4672 :
2666 4616 2808 4686 quod
2832 4632 2954 4672 cum
2981 4616 3261 4683 scriberet,
3293 4631 3400 4686 non
3444 4631 3535 4670 sa-

1955 4694 2028 4746 tis
2056 4691 2289 4745 attendit
2330 4691 2398 4743 ad
2435 4691 2545 4760 vim
2589 4684 2737 4743 vocis
2777 4685 2993 4760 Graecae,
3044 4685 3292 4760 ἆνᾳρχξγ.
3343 4684 3535 4740 Melius

1956 4762 2115 4830 igitur
2135 4762 2214 4817 sic
2241 4759 2685 4829 iuterpretabere,
2718 4774 2783 4811 ne
2810 4759 2980 4828 [orent
3033 4758 3118 4827 qui
3144 4754 3535 4811 arbitrarentur

1954 4834 2202 4886 mundum
2232 4833 2345 4885 sine
2369 4830 2624 4899 principio
2652 4844 2781 4882 esse.

2028 4910 2052 4948 ε
2094 4900 2253 4963 Editi,
2287 4896 2547 4969 inﬁnitate
2572 4900 2742 4969 potius
2771 4896 3040 4951 excedens.
3067 4896 3134 4969 At
3159 4896 3312 4969 Colb.
3345 4913 3537 4953 secun-

1951 4971 2070 5033 dus,
2093 4967 2353 5041 inﬁnitate
2374 4967 2581 5041 penitus
2604 4969 2874 5041 excedens,
2906 4967 3228 5041 emendate.
3244 4968 3537 5036 Aliquanto

1950 5050 2075 5109 post
2101 5035 2207 5093 duo
2230 5035 2395 5109 mss,
2412 5040 2672 5093 instruens
2693 5055 2785 5091 nos
2808 5038 3066 5092 doctrina.
3090 5035 3251 5102 Editi,
3278 5035 3536 5092 ins;ruens

1952 5108 2047 5164 nos
2076 5110 2344 5182 doctrinis.
2378 5108 2481 5163 Scd
2506 5109 2803 5182 vitn‘verbi
2830 5111 2955 5182 rpoi
2978 5114 3108 5182 eam
3141 5110 3409 5182 nonsatis
3438 5122 3535 5158 cx—

1953 5183 2148 5249 ρινςεὶι
2182 5181 2463 5249 interpres.
2514 5178 2693 5232 Malim
2737 5178 2917 5247 igitur,
2965 5180 3061 5234 hoc
3102 5195 3194 5233 nos
3234 5180 3538 5232 documento

1952 5260 2295 5321 prworcupat.

2029 5322 2053 5356 ιι
2096 5316 2312 5389 Antiqui
2349 5319 2457 5372 duo
2498 5318 2618 5372 libri
2652 5329 2713 5374 et
2751 5319 2910 5382 editi,
2943 5316 3289 5374 intellectibile
3328 5334 3536 5383 nomen,

1957 5399 2229 5462 corrupte.
2283 5389 2436 5445 Colb.
2486 5389 2712 5462 primus,
2750 5391 3073 5462 intelligibile
3118 5391 3317 5462 (uinea,
3370 5397 3536 5462 recte.

1962 5457 2209 5528 Basilius,
2248 5464 2307 5516 τὸ
2337 5457 2503 5528 νοερὸῦ
2524 5468 2645 5528 φῶς.
2675 5459 2865 5515 Statim
2893 5457 3020 5513 editi
3056 5468 3109 5513 et
3128 5457 3283 5513 Colb.
3316 5460 3543 5528 primus,

1960 5532 2158 5602 infecta
2197 5548 2326 5586 esse.
2373 5528 2474 5585 Alii
2520 5528 2628 5585 duo
2656 5546 2785 5585 mss.
2809 5572 2822 5590 ,
2850 5528 3330 5602 infecta.__Subindc
3387 5528 3546 5583 Colb.

1961 5597 2264 5665 secundus,
2320 5612 2495 5656 nostra
2543 5618 2695 5656 sensu
2739 5597 3212 5669 comprehensibilc.
