3964 6198
461 337 555 392 8'7!

1935 320 2288 380 EUSTATllll

3596 334 3684 390 87‘!

462 464 648 504 revera
681 459 703 484 ⁸⁵
735 448 909 501 minus
937 446 1151 500 aliunde
1181 446 1406 513 cmpiSse
1441 442 1731 512 putabitur.
1765 439 1853 493 Sic
1890 448 1943 492 et
1983 447 2037 491 tu
2069 443 2116 496 Α
2140 440 2343 506 judicm
2367 438 2587 509 dignam
2633 441 3117 497 remunerationem
3166 436 3361 512 cuique
3386 461 3476 514 pro
3500 447 3596 500 suis
3619 450 3686 504 fa-

462 556 572 594 non
595 539 718 609 quia
746 538 798 592 in
822 536 1109 605 semetipsa
1135 534 1376 589 feruntur
1405 549 1466 587 ea
1500 547 1618 601 qua:
1648 529 1905 584 volvenda
1936 529 2042 582 cir-

465 629 771 699 cumspicis,
813 634 869 683 et
913 626 1058 697 quod
1105 626 1354 695 planities
1406 638 1592 677 eorum
1648 622 1806 674 nullis
1854 619 2045 673 mediis

467 718 491 755 δ
518 720 891 787 interponatur
917 716 1231 782 obstaculis,
1263 715 1333 769 ob
1363 714 1470 768 hoc
1512 713 1629 767 sine
1662 711 1927 781 principio
1963 709 2048 762 vel

467 811 571 865 line
599 808 856 863 mundum
879 807 1066 862 haberi
1093 805 1399 875 decipiaris.
1430 804 1640 858 Transit
1666 803 1803 855 enim
1839 802 2048 854 schema

466 902 579 969 ejus
606 896 661 969 (Ι
702 896 824 952 Cor.
854 913 945 960 vu,
990 895 1111 966 Si);
1154 902 1228 958 et,
1275 894 1456 947 calum
1493 902 1727 962 terraque
1767 889 2052 959 praeteribit

468 988 683 1061 (Matth.
713 1004 855 1048 xxrv,
882 986 975 1055 51)
1018 1005 1031 1038 :
1072 984 1384 1055 praedicatio
1423 991 1601 1036 autem
1638 989 1953 1035 cunctorum
1983 978 2052 1033 de

464 1081 932 1136 consummatione
960 1078 1139 1133 saeculi
1168 1075 1574 1138 mandatorum,
1608 1083 1665 1127 et
1699 1072 1765 1127 de
1794 1070 2052 1125 reforma-

472 1174 618 1228 tione
644 1170 848 1237 mundi,
872 1168 1164 1224 secundum
1194 1167 1528 1221 notationem
1559 1163 1851 1231 magisterii
1889 1161 2052 1230 spiri-

474 1262 616 1325 talis,
650 1276 715 1313 ex
748 1259 832 1313 his
860 1273 979 1328 qua:
1021 1257 1074 1312 in
1116 1256 1401 1327 praesentia
1447 1255 1683 1309 breviter
1706 1252 1901 1306 tradita
1931 1258 2056 1305 sunt

471 1354 792 1408 declaratur.
827 1349 894 1404 In
932 1351 1186 1421 principio
1217 1350 1339 1420 fecit
1383 1347 1519 1401 Deus
1548 1346 1727 1399 caelum
1754 1353 1805 1398 et
1839 1354 2049 1397 terram.

472 1446 663 1501 Omnia
687 1460 806 1514 quae
838 1460 907 1499 ex
938 1451 1178 1513 tempore
1198 1449 1496 1511 coeperunt,
1534 1453 1754 1494 necesse
1793 1444 1878 1492 est
1920 1446 2058 1491 tem-

476 1553 604 1608 pore
653 1536 951 1591 terminari.
1001 1532 1059 1589 Si
1105 1542 1189 1589 est
1234 1532 1444 1588 initium
1486 1528 1807 1598 temporale,
1839 1526 1907 1581 de
1951 1523 2058 1579 line

480 1642 499 1664 τ
532 1643 640 1683 non
671 1626 904 1681 dubites.
934 1623 1277 1679 Geometrica
1306 1630 1363 1676 et
1390 1619 1729 1674 arithmetica
1754 1615 2052 1684 disciplina,

477 1717 965 1785 commentitimque
1004 1715 1317 1784 scripturae,
1356 1720 1413 1767 et
1450 1711 1692 1765 fabulosa
1743 1706 2054 1775 astrologia,

2148 532 2420 588 cinoribus
2453 532 2792 585 tributurum.
2828 534 2926 598 Qui
2957 550 3056 589 nec
3096 535 3289 590 futura:
3318 537 3690 597 examinationis

2148 625 2362 686 intuitu,
2405 636 2697 691 congruam
2735 624 3115 692 cogitationem
3153 627 3222 679 de
3271 641 3448 680 rerum
3486 631 3692 686 omnium

2150 715 2254 771 line
2291 721 2553 785 ceperunt
2585 733 2596 766 :
2630 716 3052 779 considerantes,
3076 717 3201 785 quia
3232 716 3484 771 mundum
3509 733 3694 789 quoque

2150 807 2429 862 reformari
2459 805 2477 844 ί
2509 821 2726 862 necesse
2758 815 2858 874 est,
2890 809 2935 861 si
2962 808 3028 861 ad
3058 808 3199 861 aliud
3232 809 3351 861 vita:
3379 810 3581 864 schema
3602 811 3696 864 ani-

2151 914 2361 952 morum
2392 904 2562 950 status
2595 895 2994 953 transferendus
3022 905 3121 953 est.
3155 898 3309 953 Sicut
3331 901 3467 953 enim
3498 916 3699 970 praesens

2151 990 2260 1044 vita
2282 996 2563 1057 cognatam
2592 989 2757 1043 habet
2783 990 2967 1044 mundi
3007 990 3164 1058 hujus
3210 999 3451 1043 naturam
3496 1009 3507 1043 :
3551 992 3616 1045 ita
3655 1002 3702 1047 et

2154 1080 2332 1133 futura
2363 1080 2666 1133 animorum
2696 1081 3037 1135 conversatio
3067 1080 3385 1133 familiarem
3408 1082 3591 1152 speciei
3609 1058 3699 1139 sm;

2154 1179 2433 1241 sumptura
2463 1178 2546 1226 est
2586 1172 2846 1225 habitum.
2878 1170 2986 1227 Sed
3027 1179 3235 1225 tantum
3283 1172 3474 1225 absunt
3514 1174 3701 1228 credere

2155 1264 2300 1334 quod
2346 1265 2459 1319 haec
2490 1279 2615 1318 vera
2660 1264 2785 1327 sint,
2837 1272 2897 1318 ut
2937 1265 3132 1334 passim
3187 1263 3259 1318 de
3310 1264 3464 1318 nobis
3500 1263 3702 1331 rideant,

2157 1373 2279 1414 cum
2307 1357 2493 1413 mundi
2521 1356 2682 1426 hujus
2723 1357 3246 1412 consummationem
3290 1364 3348 1411 et
3404 1356 3703 1412 reformatio-

2158 1466 2281 1506 nem
2319 1450 2499 1505 szeculi
2536 1449 2907 1519 prmdicamus.
2940 1447 3082 1504 Sane
3121 1448 3380 1517 quoniam
3427 1448 3706 1503 naturaliter

2160 1542 2397 1596 omnium
2428 1555 2608 1595 rerum
2637 1547 2762 1594 sunt
2788 1539 2960 1608 prima
3000 1538 3265 1609 principia
3292 1581 3309 1603 ,
3341 1537 3536 1592 idcirco
3571 1554 3704 1608 super

2161 1632 2243 1686 his
2284 1644 2403 1700 qua:
2451 1645 2520 1685 ex
2566 1636 2808 1698 tempore
2854 1637 3163 1698 coeperunt,
3202 1629 3441 1697 scriptor
3478 1628 3708 1685 disserens

2161 1723 2303 1778 hanc
2331 1734 2519 1776 vocem
2544 1719 2799 1790 praemisit
2824 1719 3008 1775 dicens
3040 1738 3054 1771 :
3089 1717 3155 1774 In
3177 1719 3437 1789 principia
3460 1720 3591 1789 fecit.

480 1814 532 1867 id
560 1822 644 1867 est
674 1808 1087 1880 occupatissima
1112 1807 1336 1860 vanitas.
1384 1803 1466 1858 Ad
1495 1803 1711 1873 qualem
1743 1800 1906 1870 igitur
1945 1807 2049 1853 ter-
2091 1800 2139 1859 Β
2232 1813 2286 1869 δ,
2327 1812 2459 1868 Em
2499 1812 2643 1867 enim
2671 1810 2933 1881 quaedam,
2961 1818 3019 1865 ιιι
3047 1811 3219 1876 vides,
3253 1818 3381 1865 ante
3421 1810 3555 1864 hunc
3579 1825 3709 1864 ηιιω-

481 1903 682 1957 minum
710 1895 1083 1955 concludenda
1105 1903 1209 1963 est,
1236 1909 1359 1950 cum
1390 1894 1426 1947 ii
1454 1893 1546 1961 qui
1574 1892 1717 1947 circa
1744 1895 2066 1945 memorata-

480 2010 601 2049 rum
629 2006 809 2047 rerum
839 1989 1142 2057 indaginem
1172 1993 1524 2047 vacaverunt,
1554 1990 1879 2039 eomternum
1906 1995 2063 2035 crea-

485 2086 589 2141 tori
617 2084 854 2141 omnium
884 2082 1027 2146 Deo,
1047 2080 1310 2134 visibilem
1340 2079 1483 2133 hunc
1511 2076 1765 2131 mundum
1791 2090 1910 2130 esse
1939 2089 2066 2143 pro-

484 2175 750 2238 nuntiant,
779 2173 847 2228 ad
875 2172 1019 2227 illius
1037 2170 1262 2241 gloriam
1284 2167 1580 2225 referentes
1603 2166 2065 2234 circumscriptum

483 2268 625 2320 hunc
650 2263 859 2325 orbem,
880 2270 1198 2332 corpusque
1224 2261 1517 2315 habentem
1537 2256 1916 2327 compositum,
1947 2269 2067 2324 quae

482 2364 565 2412 est
599 2352 1155 2424 incomprehensibilis
1183 2350 1572 2419 invisibilisque
1600 2349 1830 2403 natura?
1859 2346 1963 2413 Qui
1998 2360 2066 2400 ne

440 2506 459 2513 _
481 2448 585 2501 hoc
613 2443 829 2516 quidem
851 2443 1158 2514 perspicere
1179 2448 1476 2511 potuerunt
1515 2457 1528 2493 :
1570 2439 1695 2509 quia
1739 2438 1826 2494 cui
1855 2435 2066 2503 singula

484 2534 724 2591 membra
747 2533 1005 2589 solutioni
1034 2532 1467 2601 corruptelaeque
1495 2531 1733 2599 subjecta
1763 2535 1917 2594 sunt,
1949 2525 2067 2595 ejus

483 2628 647 2682 etiam
672 2626 982 2681 universum
1015 2638 1213 2693 corpus
1239 2622 1426 2677 iisdem
1468 2620 1681 2676 casibus
1709 2619 1932 2674 interire
1967 2630 2066 2671 ne-

483 2734 632 2775 cesse
653 2726 753 2773 est.
784 2715 891 2773 Sed
913 2730 1082 2784 usque
1097 2713 1233 2769 adeo
1255 2707 1649 2784 cogitationibus
1664 2717 1997 2773 evanuerunt,
2016 2716 2069 2763 et

484 2816 797 2862 excarcatum
820 2813 897 2860 est
923 2802 1284 2858 irrationabile
1305 2819 1393 2857 cor
1413 2818 1608 2869 eorum,
1626 2802 1651 2839 α
1673 2802 1996 2872 dicentesque
2015 2816 2071 2854 se

486 2915 595 2954 esse
615 2899 895 2969 sapientes,
918 2897 1060 2949 stulti
1086 2910 1300 2965 prorsus
1320 2894 1487 2962 effecti
1510 2901 1631 2948 sunt
1651 2892 1820 2964 (Rom.
1837 2888 2088 2960 t,‘2l,22),

489 3000 548 3046 ut
591 2990 752 3045 etiam
780 2988 1001 3058 quidam
1029 3002 1215 3043 eorum
1259 2987 1644 3056 sempiternum
1664 2998 1785 3040 esse
1808 2996 1931 3038 cum
1958 2978 2071 3038 Deo

487 3083 693 3153 polum,
717 3088 774 3135 et
800 3081 917 3135 sine
937 3078 1198 3149 principio
1220 3093 1284 3134 ac
1305 3075 1410 3133 flne
1430 3076 1637 3143 haberi,
1666 3088 1956 3144 rerumque
1976 3089 2075 3144 per

2164 1904 2289 1959 dum
2320 1913 2345 1951 8
2373 1902 2668 1958 subStantia
2697 1901 2992 1956 intellectui
3036 1901 3257 1971 quidem
3288 1908 3473 1954 nostro
3498 1907 3709 1955 contem-

2163 1993 2396 2066 plabilis,
2421 1992 2520 2048 sed
2540 1991 2776 2047 inaudita
2817 1991 3004 2047 relicta
3031 1999 3114 2045 est
3145 2008 3157 2043 :
3190 1998 3483 2061 propterea
3505 1989 3636 2058 quod
3658 1988 3712 2043 alt

2164 2086 2249 2140 his
2285 2085 2376 2154 qui
2405 2082 2777 2137 imbuebantur
2803 2088 3025 2152 propter
3064 2095 3256 2134 sensus
3298 2074 3621 2149 parvitatem,
3646 2074 3712 2130 fa-

2165 2175 2268 2231 cile
2314 2172 2698 2245 comprehendi
2746 2188 2852 2227 non
2900 2176 3133 2242 poterat.
3194 2169 3328 2225 Erat
3380 2168 3713 2238 antiquissima

2165 2273 2426 2322 creatura:
2472 2263 2771 2330 ordinatio;
2823 2263 2927 2318 illis
2973 2271 3092 2331 quae
3135 2269 3292 2315 extra
3322 2259 3567 2315 mundum
3592 2264 3711 2322 sunt,

2167 2366 2292 2429 apta
2335 2356 2644 2420 virtutibus,
2675 2363 2793 2410 orta
2830 2355 2944 2409 sine
2973 2362 3235 2423 tempore,
3268 2351 3584 2422 sempiterna
3608 2346 3713 2402 sibi-

2167 2463 2274 2519 que
2318 2447 2535 2519 propria
2583 2462 2596 2500 :
2647 2446 2699 2501 in
2728 2459 2833 2515 qua
2859 2445 3110 2502 conditor
3137 2444 3381 2499 omnium
3418 2442 3551 2497 Deus
3575 2453 3713 2511 opera

2167 2548 2362 2596 cuncta
2391 2538 2686 2602 constituit,
2720 2536 2770 2591 id
2798 2543 2900 2599 est,
2930 2535 3108 2589 lumen
3138 2531 3505 2588 intellectibile
3541 2543 3713 2585 conve-

2171 2631 2323 2686 niens
2359 2627 2671 2684 beatitudini
2699 2626 2990 2680 amantium
3023 2624 3330 2678 Dominum.
3363 2618 3711 2681 Rationabiles.

2169 2718 2569 2787 invisibilesque
2615 2715 2739 2771 dico
2777 2724 3016 2783 naturas,
3047 2723 3101 2769 et
3128 2715 3373 2769 omnium
3418 2706 3714 2767 intellectibi-

2171 2811 2300 2865 lium
2328 2808 2747 2871 decorationem,
2780 2821 2898 2876 quas
2925 2805 3283 2876 capacitatem
3314 2812 3508 2858 nostra:
3547 2798 3712 2855 mentis

2171 2899 2452 2965 excedunt,
2483 2912 2708 2967 quorum
2755 2912 2857 2952 nec
2902 2895 3159 2951 vocabula
3206 2895 3450 2964 reperire
3497 2888 3714 2963 possibile

2173 3000 2273 3049 est.
2324 2990 2449 3046 Hzec
2492 2989 2845 3045 substantiam
2894 2988 3170 3043 invisibilis
3221 2986 3410 3041 mundi
3460 2982 3714 3054 replevisse

2172 3082 2448 3140 sciendum
2478 3091 2579 3147 est,
2622 3081 2763 3135 sicut
2786 3078 2944 3134 docet
2984 3093 3083 3132 nos
3123 3076 3326 3133 Paulus
3361 3076 3537 3131 dicens
3565 3093 3576 3125 :
3603 3070 3713 3136 Quia

490 3180 673 3243 Ραῐῑεδ
714 3182 735 3209 ⁸
778 3170 1143 3227 institutarum
1180 3175 1455 3224 λυοιοΐθω
1478 3208 1498 3237 .
1539 3167 2074 3238 dispensatoremque
2099 3164 2143 3227 C
2174 3175 2230 3227 in
2258 3175 2371 3243 ipso
2402 3181 2577 3226 creata
2606 3180 2725 3225 sunt
2760 3170 2953 3233 omnia,
2983 3170 3086 3221 sive
3112 3166 3355 3229 visibilia,
3394 3167 3496 3220 sive
3518 3162 3712 3217 invisibi-

491 3279 609 3319 esse
637 3261 872 3317 audeant
898 3258 1187 3315 afﬁrmare.

564 3356 616 3410 4.
658 3355 882 3423 Quibus,
926 3353 1041 3422 ubi,
1081 3352 1164 3408 vel
1203 3351 1423 3422 quando
1465 3350 1731 3423 sapientia
1777 3350 2068 3415 saecularis,

493 3448 829 3504 formidinem
875 3446 1065 3499 futurae
1118 3443 1584 3499 condemnationis
1630 3443 1824 3508 initiet,
1855 3443 1946 3511 qui
1993 3442 2075 3498 sic

494 3548 649 3595 acute
677 3554 765 3594 res
786 3537 1100 3592 vanissimas
1120 3535 1408 3597 intuentes,
1426 3533 1494 3589 ad
1513 3534 1917 3604 concipiendam
1933 3533 2072 3589 veri-

496 3631 620 3685 tatis
646 3627 1009 3700 prudentiam,
1050 3634 1246 3696 sponte
1272 3626 1455 3682 caecati
1483 3632 1626 3681 sunt.
1670 3625 1774 3679 Alii
1801 3625 2075 3680 stellarum

495 3720 776 3777 intervalla
804 3718 1166 3784 dinumerant,
1189 3732 1482 3786 earumque
1519 3723 1733 3771 arctoas
1759 3730 1971 3785 semper
1998 3719 2077 3769 lu~

496 3817 682 3865 centes
710 3807 1039 3871 describunt,
1087 3814 1142 3860 et
1182 3814 1396 3874 quantas
1424 3806 1636 3860 illarum
1683 3820 1802 3875 quin
1848 3806 1948 3861 sub
1976 3820 2080 3860 axe

499 3908 783 3955 moventur
811 3897 1053 3964 australi,
1084 3911 1115 3950 a
1141 3897 1305 3952 certis
1332 3897 1546 3965 quidem
1585 3897 1949 3967 suspiciuntur
1981 3897 2081 3952 ho-

498 3990 753 4055 minibus,
779 3988 934 4043 nobis
961 3994 1140 4041 autem
1161 3986 1427 4042 habentur
1448 3987 1663 4055 ignotas.
1688 3986 1784 4042 Vel
1806 3988 2081 4043 borealem
2120 4020 2123 4023 ν

501 4078 856 4143 latitudinem,
883 4092 984 4134 nec
1009 4093 1118 4132 non
1147 4075 1456 4145 signiferum
1484 4078 1743 4134 circulum
1771 4080 1918 4134 mille
1954 4095 2081 4149 spa-

503 4171 590 4226 tiis
618 4169 935 4234 dividentes,
959 4177 1335 4239 astrorumque
1363 4168 1655 4236 discursus,
1687 4179 1744 4226 et
1769 4172 2083 4242 praeclusio-

501 4277 620 4329 nes,
645 4269 702 4317 et
730 4260 966 4316 omnium
997 4268 1177 4315 motus
1216 4261 1539 4333 principales
1582 4262 1850 4318 subtiliter
1894 4264 2084 4319 obser-

501 4361 711 4420 vantes,
741 4358 798 4406 et
819 4358 940 4420 post
959 4359 1216 4420 quantum
1242 4354 1519 4423 temporis,
1541 4336 1872 4422 unaquaeque
1899 4354 2087 4423 plane-

502 4456 676 4499 tarum
706 4442 980 4513 propriam
1029 4442 1402 4498 circuitionem
1443 4444 1584 4499 solet
1629 4445 1850 4514 explere
1882 4462 1895 4497 :
1925 4459 2087 4499 unam

2172 3264 2266 3328 lia,
2307 3264 2411 3317 sive
2458 3262 2652 3327 throni,
2700 3261 2803 3314 sive
2848 3259 3241 3321 dominationes,
3276 3260 3384 3311 sive
3411 3256 3711 3327 principatus,

2172 3355 2277 3408 sive
2302 3360 2596 3425 potestates,
2627 3367 2717 3405 seu
2735 3352 2944 3405 virtutes
2967 3348 3100 3420 (Col.
3128 3349 3301 3419 1,16),
3320 3363 3416 3403 seu
3445 3345 3714 3415 angelorum

2174 3447 2399 3514 militi-.2,
2419 3461 2516 3501 seu
2545 3444 2989 3513 archangelorum
3015 3450 3335 3498 conventus.
3357 3441 3489 3496 Cum
3514 3451 3716 3494 verone-

2175 3552 2328 3594 cesse
2377 3542 2495 3591 erat
2538 3534 2823 3606 superduci
2860 3533 3026 3588 rebus
3072 3534 3215 3589 hunc
3242 3533 3523 3598 mundum,
3549 3527 3627 3599 qui
3651 3532 3717 3579 est

2177 3630 2447 3701 pmcipue
2475 3628 2774 3697 castigatio,
2818 3635 2875 3682 et
2908 3626 3150 3682 doctrina
3182 3624 3206 3662 ιι
3237 3627 3583 3680 humanorum
3619 3618 3715 3673 ani-

2178 3737 2415 3791 morum,
2460 3721 2654 3777 deinde
2693 3719 2898 3775 cunctis
2938 3733 3058 3789 quas
3106 3717 3357 3773 oriuntur
3397 3722 3454 3771 et
3484 3710 3717 3769 occidunt,

2180 3823 2541 3886 opportunum
2570 3809 2895 3867 domicilium
2929 3827 2941 3862 :
2973 3816 3101 3864 tunc
3138 3808 3301 3863 etiam
3332 3805 3568 3863 decursio
3602 3809 3717 3855 tem-

2182 3905 2347 3977 poris,
2376 3902 2534 3959 simul
2561 3914 2680 3957 eum
2711 3901 2826 3970 ipso
2848 3900 3067 3967 mundo,
3097 3906 3153 3954 et
3179 3898 3534 3953 animantibus
3558 3907 3658 3963 qua:
3676 3889 3716 3941 in

2182 4013 2248 4053 eo
2276 4003 2423 4066 sunt,
2448 4000 2807 4064 congenerata
2833 3993 3198 4061 dignoscitur:
3230 3978 3403 4060 eaque
3430 3978 3624 4058 semper
3642 3997 3717 4036 ur—

2183 4095 2358 4157 getur,
2385 4095 2442 4141 et
2464 4083 2651 4151 efﬂuit,
2684 4082 2953 4153 ﬁnemque
2980 4096 3317 4151 nequaquam
3346 4077 3563 4152 percipit
3594 4085 3718 4130 eom-

2186 4177 2422 4232 meandi.
2450 4175 2554 4229 Aut
2582 4190 2689 4230 non
2718 4171 2982 4242 ejusmodi
3009 4180 3221 4244 tempus
3250 4187 3372 4227 esse
3398 4169 3622 4230 dicimus,
3640 4175 3719 4217 cu-

2181 4264 2270 4335 jus
2295 4279 2421 4337 pars
2465 4277 2586 4335 quae
2621 4277 2836 4319 emensa
2875 4271 2959 4317 est
3001 4278 3109 4318 non
3154 4262 3385 4327 videtur,
3424 4273 3537 4328 quae
3569 4260 3720 4307 autem

2186 4365 2416 4412 ventura
2437 4362 2519 4410 est
2544 4354 2772 4411 necdum
2802 4353 2987 4418 adfuit,
3021 4369 3140 4424 qua:
3166 4368 3295 4409 vero
3318 4359 3507 4422 praesto
3533 4355 3622 4410 est.
3644 4355 3721 4395 δυ’

2191 4454 2407 4516 tequam
2435 4448 2617 4502 sensui
2646 4453 2833 4501 nostro
2856 4452 3119 4509 notescat,
3151 4444 3411 4499 elabitur?
3437 4439 3571 4494 Talis
3587 4434 3721 4490 etiam

506 4536 745 4590 omnium
775 4534 1038 4588 rationem
1068 4534 1306 4603 reperire
1332 4535 1549 4590 minime
1577 4543 1886 4605 potuerunt,
1915 4546 1974 4591 ut
2001 4538 2085 4592 di-
2113 4533 2165 4594 D
2190 4549 2381 4596 natura
2428 4540 2760 4609 gignentium
2815 4545 2918 4603 est,
2970 4543 3065 4592 aut
3097 4550 3348 4591 crescens
3374 4531 3623 4591 videlicet,
3647 4527 3720 4577 aut

502 4633 686 4683 cet-ent
716 4623 882 4677 Deum
915 4622 1095 4677 mundi
1143 4624 1304 4678 totius
1351 4640 1470 4681 esse
1509 4626 1789 4695 factorem,
1830 4629 2086 4699 justoque

580 4891 603 4919 ι
643 4880 795 4937 Colb.
820 4882 1107 4950 secundus,
1129 4885 1296 4939 minus
1318 4883 1573 4940 alicunde.
1606 4884 1801 4941 Statim
1821 4888 1962 4943 idem
1991 4904 2088 4945 eo-

506 4953 633 5025 des,
654 4954 897 5025 [eruatur
918 4954 1026 5009 lucc
1055 4969 1191 5025 qum.

584 5022 609 5062 δ
650 5022 789 5096 Editi
820 5031 874 5078 et
894 5025 1002 5079 duo
1031 5022 1185 5096 mss_.,
1213 5025 1599 5096 interpolatur._
1614 5026 1684 5080 At
1702 5024 1859 5081 Colb.
1896 5042 2090 5082 secun-

507 5094 637 5166 dus,
649 5094 1036 5166 interponatur;
1065 5100 1117 5148 et
1141 5094 1214 5148 ita
1250 5093 1529 5166 scripsisse
1563 5093 1900 5166 Eustathium
1929 5106 2083 5166 puto,

509 5165 578 5246 ob
609 5163 734 5303 ἰιέιά
777 5163 957 5217 Basilii
985 5163 1386 5235 δωκοπτόμινοιᾱ.
1440 5164 1565 5220 Mox
1598 5165 1770 5220 codex
1801 5163 2007 5234 noster,
2039 5176 2090 5221 et

509 5250 620 5288 “lle
682 5250 760 5286 ne.

507 5250 620 5288 “lle
641 5250 760 5288 nne.

586 5314 607 5341 ο
639 5301 807 5366 Ἐιιὶιί,
831 5316 934 5355 non
964 5301 1267 5357 dubitemus.
1296 5305 1362 5359 At
1387 5320 1538 5371 mss.,
1569 5322 1673 5359 non
1698 5304 1915 5360 dubites.
1943 5304 2091 5360 Basi-

512 5375 633 5455 lius.
675 5381 740 5446 μὴ
795 5372 1124 5447 suaserim.
1163 5373 1362 5430 Ibidem
1411 5391 1540 5429 mss.
1568 5418 1583 5437 .
1629 5377 2088 5447 continentiaeque

512 5457 782 5496 scriptum
829 5428 1033 5496 Vocula
1061 5459 1157 5496 aue
1177 5443 1327 5496 deest
1358 5446 1411 5496 in
1444 5446 1693 5496 vuluatis.

739 5458 782 5496 te
834 5446 1033 5496 Vocula
1061 5459 1157 5496 aue
1177 5446 1327 5496 deest
1358 5446 1411 5496 in
1444 5446 1670 5496 vulaatis

511 5447 782 5515 scriptura:
835 5447 1033 5497 Vocula
1061 5459 1157 5514 que
1177 5447 1327 5499 deest
1358 5447 1411 5498 in
1444 5447 1693 5515 vulgatis.

584 5512 608 5549 ’ί
650 5513 814 5581 Edttt,
855 5529 909 5567 se
954 5510 1228 5571 savientci.
1272 5512 1425 5568 Colb.
1456 5515 1741 5580 secundus,
1770 5532 1825 5570 se
1862 5532 1971 5570 esse
2008 5532 2093 5569 sa-

516 5586 707 5647 pientes
732 5601 747 5638 :
777 5585 918 5655 quod
949 5585 1013 5637 ad
1032 5584 1251 5659 verbum
1280 5600 1590 5655 expressum
1611 5594 1694 5640 est
1722 5600 1753 5639 e
1779 5586 1987 5651 Graeco,
2005 5590 2096 5659 φά-

519 5676 723 5713 σκοντες
750 5671 874 5708 Ξ¹ναι
916 5658 1080 5723 σοφοί.

587 5737 594 5749 '
634 5723 790 5789 ΞΛΜ,
815 5726 1160 5780 institutarum
1184 5734 1426 5778 actorem.
1452 5723 1529 5779 Co
1548 5724 1633 5779 lex
1663 5734 1845 5780 noster
1865 5733 1917 5780 et
1938 5723 2090 5781 Colb.

2184 4631 2505 4689 decrescens
2552 4650 2565 4684 :
2599 4630 2750 4700 cujus
2778 4629 3041 4685 stabilitas
3068 4634 3127 4682 et
3165 4623 3406 4680 fundatio
3445 4618 3566 4677 nihil
3589 4615 3725 4671 habet

2192 4887 2460 4944 secundus
2486 4895 2747 4940 auctorem
2779 4902 2792 4937 :
2823 4898 2984 4955 quam
3012 4883 3329 4955 scripturam
3347 4888 3530 4955 _veram
3557 4875 3727 4955 esset}

2192 4937 2648 5024 éEéﬂdEiaaiféi
2670 4937 3140 5024 eoiinjtelligitur,‘
3166 4953 3309 5024 quod
3347 4951 3571 5024 legamus
3610 4937 3724 5024 apud

2193 5028 2467 5091 Basilium,
2508 5023 2687 5081 αἴτιον.
2729 5023 2880 5079 Haud
2922 5018 3079 5093 longe
3114 5018 3250 5077 editi
3281 5028 3336 5075 et
3362 5018 3721 5093 eodeXAHQS‘?’

2194 5096 2262 5149 ad
2287 5081 2749 5167 concupiscendam
2778 5081 3388 5167 veritatisvprudentiam.
3422 5087 3486 5141 At
3505 5081 3641 5139 Colb.
3666 5090 3727 5129 se-

2192 5165 2535 5246 cundusgad.
2555 5165 2961 5246 concipiendam,
2988 5165 3203 5218 rectius.
3368 5230 3382 5246 ‘
3480 5230 3496 5246 ‘
3524 5224 3568 5246 ._
3598 5213 3703 5246 Mm

2269 5217 2539 5303 Γιῦξὶιίὶῗιιιί
2564 5217 2673 5289 duo
2702 5217 2859 5303 'libri,
2888 5217 3093 5289 necesse
3126 5241 3219 5287 est.
3251 5230 3386 5286 Illud
3425 5230 3496 5281 est
3524 5224 3571 5277 in
3597 5217 3727 5273 editis

2191 5304 2618 5360 desiderabatur.

2267 5352 2840 5429 is"ii6é£.i{}i.'s.mmsa
2868 5372 3167 5427 addidimus
3207 5386 3275 5426 ex
3314 5366 3463 5424 Colb.
3505 5352 3722 5417 secundo.

2196 5444 2307 5499 Nec
2337 5447 2408 5497 ita
2454 5444 2623 5497 multo
2665 5454 2787 5513 post
2831 5443 2984 5498 Colb.
3014 5443 3321 5513 secundus,
3365 5452 3512 5508 opera
3538 5431 3720 5513 ,διέδεξ-

2196 5494 2983 5584 Εἶιῖιίξὲειὲὶὶἶόρετῖι’ἶριξᾷἶῆ
2998 5494 3146 5584 μετέω
3172 5494 3506 5584 massam
3531 5494 3722 5584 nam;

2198 5564 2355 5638 an;
2381 5564 3184 5653 isgii‘ui’s‘u‘emsiia.'suam
3222 5564 3311 5635 ιιίὲ
3345 5564 3452 5649 ips'e
3486 5569 3655 5630 codex,
3682 5564 3722 5611 ιι

2199 5656 2427 5709 omnium
2461 5653 2876 5723 intellijibilium.

2273 5727 2300 5762 ιι
2331 5725 2483 5778 Colb.
2517 5720 2802 5790 secundus,
2833 5723 3175 5777 humanarum
3202 5720 3503 5774 animarum.

3751 5748 3762 5789 l
