3964 6198
881 250 905 261 ..ο

284 286 392 351 875

1305 293 1696 349 HEXAEMEBI
1737 287 2211 347 METAPHRASIS
2253 283 2453 346 LIBER
2492 289 2532 347 Ῑ.

3425 292 3527 345 8η

281 411 436 467 certi.
481 420 505 446 ἰ
537 408 690 463 Paria
721 408 932 464 fuerunt
954 423 1081 476 ergo
1110 412 1461 463 animantium
1490 410 1858 462 arbustorum—
1882 411 1925 465 Α
1958 416 2094 472 sunt,
2132 407 2388 461 intellecta
2433 410 2814 472 conspiciuntur
2844 408 3018 471 (Rom.
3054 425 3087 469 ι,
3122 408 3232 474 20}.
3265 407 3527 461 Fortassis

280 514 386 567 que
413 513 661 569 corpora,
694 506 945 567 tanquam
989 501 1038 553 vi
1069 498 1346 568 cujusdam
1382 498 1636 553 torrentis
1660 497 1726 550 ad
1757 510 1856 550 ne—

279 589 583 643 cessitatem
606 588 815 642 insitam
834 588 1093 657 relegata,
1117 597 1171 643 et
1195 588 1271 642 illi
1293 588 1459 641 motui
1482 587 1749 655 subjecta,
1765 584 1858 655 qui

280 678 349 731 ad
377 686 527 732 ortus
555 677 838 747 obitusque
865 678 1126 746 perducit,
1155 687 1207 733 et
1253 693 1321 732 ex
1357 685 1546 730 natura
1602 675 1859 744 temporis

281 767 603 829 continetur,
629 776 911 833 cognatam
937 767 1319 836 proprietatem
1338 767 1494 819 rebus
1515 765 1859 819 mutabilibus

281 856 609 925 possidente.
658 854 792 909 Hinc
820 863 1209 923 consequenter
1252 855 1452 909 relator
1489 868 1713 908 exorsus
1753 863 1856 917 est,

281 943 564 999 manifeste
591 943 660 998 de
702 943 886 996 mundi
932 943 1332 997 constructione
1376 956 1473 996 nos
1518 942 1774 1008 edocens,
1802 940 1858 995 in

280 1035 545 1108 principio
573 1034 762 1089 fecisse
790 1033 973 1088 Deum.
1017 1032 1344 1102 Principium
1384 1041 1561 1087 autem
1593 1040 1676 1087 est
1714 1031 1857 1101 quod

285 1126 351 1181 ad
382 1134 591 1194 tempus
618 1124 870 1193 pertinet,
904 1138 1009 1177 non
1033 1123 1175 1191 quod
1204 1123 1271 1176 ad
1312 1122 1338 1159 ι)
1369 1122 1742 1189 antiquitatem
1769 1136 1859 1175 re-

282 1214 461 1283 apicit,
486 1228 603 1281 qua:
631 1221 715 1268 est
741 1212 988 1266 omnibus
1009 1212 1171 1265 rebus
1190 1211 1449 1265 anterior.
1471 1209 1611 1277 Ergo
1640 1224 1747 1262 non
1774 1224 1862 1263 sc-

281 1304 516 1358 cundum
556 1318 676 1357 eam
719 1303 853 1357 dixit
900 1301 966 1355 In
996 1302 1251 1373 principio
1278 1302 1399 1371 fecit
1426 1298 1587 1365 Deus,
1615 1300 1708 1353 sed
1738 1308 1860 1368 post

284 1393 374 1447 illa
422 1393 706 1447 invisibilia
747 1401 801 1446 et
844 1391 1231 1447 intellectibilia
1260 1390 1467 1444 initium
1495 1389 1859 1455 generationis

285 1499 474 1539 eorum
510 1499 628 1551 qua:
669 1492 980 1548 cernuntur,
1008 1472 1281 1549 sensuque
1309 1478 1857 1547 comprehenduntur,

283 1581 520 1626 enarrat.
553 1572 756 1626 Dicitur
776 1570 991 1639 quidem
1017 1568 1357 1639 principium,
1377 1572 1432 1621 et
1452 1565 1624 1635 prima
1646 1568 1814 1619 motio
1840 1583 1853 1618 :

283 1660 425 1716 sicut
460 1661 769 1730 principium
796 1660 921 1712 recti
958 1658 1156 1711 itineris
1193 1665 1269 1709 est
1300 1656 1445 1726 justa
1474 1657 1644 1724 facere
1674 1653 1853 1723 (Prov.

1961 507 2140 552 autem
2167 508 2389 568 propter
2427 500 2756 554 celeritatem
2797 508 3076 556 creatum.
3108 514 3227 567 quae
3263 498 3379 552 sine
3420 500 3528 553 ullo

1959 598 2233 642 momento
2278 590 2532 658 temporis
2578 599 2661 643 cst
2705 597 3034 653 constructa,
3073 589 3273 643 dictum
3301 597 3384 643 est
3415 605 3428 640 :
3462 587 3530 641 In

1959 679 2213 747 principio
2240 680 2395 750 fecit;
2437 680 2691 747 quoniam
2720 678 2990 733 individua
3020 678 3261 747 quiedam
3306 692 3396 732 res
3424 685 3529 745 est,

1958 773 2013 820 et
2055 767 2382 833 indistincta,
2422 768 2760 837 principium.
2802 768 2953 823 Sicut
2994 770 3136 823 enim
3184 771 3393 828 initium
3429 775 3528 829 viae

1958 854 2184 910 necdum
2214 855 2297 911 via
2326 865 2427 919 est,
2458 863 2513 910 et
2555 857 2763 909 initium
2807 856 3015 923 domus,
3065 859 3293 914 necdum
3338 860 3530 916 domus
3590 858 3595 863 θ

1957 952 2039 997 est
2065 961 2079 996 :
2102 943 2182 998 sic
2209 952 2263 998 et
2284 944 2541 1013 temporis
2568 944 2797 1010 initium,
2828 945 3053 999 necdum
3075 947 3290 1015 plenum
3321 957 3534 1019 tempus

1957 1040 2066 1097 est;
2094 1032 2187 1087 sed
2208 1049 2306 1088 nec
2328 1034 2519 1102 exigua
2541 1048 2666 1103 pars
2686 1034 2960 1103 temporis.
2985 1034 3137 1100 Quod
3159 1037 3203 1090 si
3226 1052 3529 1107 repugnans

1954 1118 2095 1175 forte
2113 1121 2378 1192 quispiam
2407 1122 2727 1191 principium
2753 1122 2949 1177 dixerit
2976 1138 3095 1178 esse
3123 1132 3354 1195 tempus,
3394 1128 3531 1183 sciat

1955 1211 2061 1266 hoc
2086 1226 2205 1267 esse
2230 1213 2522 1267 divisurum
2550 1214 2604 1267 in
2625 1213 2946 1283 multiplices
2973 1216 3269 1283 portiones,
3291 1217 3343 1270 id
3369 1219 3528 1272 estin

1955 1301 2205 1370 primam,
2246 1302 2476 1357 mediam
2519 1310 2576 1358 et
2617 1314 2933 1358 extremam.
2979 1302 3303 1372 Principium
3349 1312 3528 1359 autem

1954 1391 2200 1461 principii
2218 1406 2458 1461 quaerere
2480 1392 2758 1447 ridiculum
2779 1393 2990 1461 penitus
3010 1400 3065 1446 et
3083 1392 3320 1462 ineptum
3341 1400 3443 1447 est.
3462 1392 3529 1446 Et

1955 1483 2048 1551 qui
2075 1482 2262 1539 dividit
2284 1464 2622 1554 principium,
2644 1483 2779 1538 duas
2797 1484 3099 1538 necessario
3125 1482 3285 1539 faciet
3304 1499 3402 1554 pro
3421 1499 3528 1539 una

1955 1581 2153 1643 partes,
2168 1575 2252 1629 vel
2268 1575 2466 1643 potius,
2480 1574 2685 1644 plures;
2704 1573 2991 1641 equoniam
3011 1588 3220 1643 semper
3239 1575 3364 1627 illud
3384 1574 3528 1641 quod

1956 1664 2181 1720 divisum
2229 1664 2407 1730 fuerit,
2453 1665 2507 1720 in
2543 1665 2675 1719 duas
2712 1665 2829 1720 sine
2855 1664 3016 1719 dubio
3043 1665 3299 1720 scinditur
3325 1666 3528 1734 portio-

262 1767 396 1814 xw,
419 1749 495 1819 5).
526 1750 606 1804 Ex
636 1749 796 1818 juslis
841 1748 983 1803 enim
1012 1747 1265 1817 operibus
1294 1746 1579 1800 imitamur
1604 1744 1673 1798 ad
1699 1745 1856 1800 beate
1887 1742 1931 1800 Β
1957 1768 2073 1808 nes.
2105 1753 2244 1821 Ergo
2283 1763 2342 1807 ut
2375 1754 2695 1809 doceremur
2735 1753 2891 1807 simul
2940 1768 3064 1807 cum
3108 1752 3205 1806 Dei
3251 1755 3528 1808 voluntate

264 1843 588 1897 vivendum.
622 1841 825 1896 Dicitur
849 1839 1011 1894 etiam
1032 1838 1356 1909 principium
1383 1836 1502 1905 ejus
1537 1835 1617 1891 rei
1653 1850 1772 1904 qua:
1798 1834 1857 1890 ﬁt

284 1946 356 1986 ex
400 1934 574 2001 aliqua
606 1942 627 1970 ο
661 1932 985 1986 subsistente
1032 1929 1275 1994 materia,
1325 1928 1464 1982 sicut
1510 1926 1563 1980 in
1609 1924 1856 1981 domibus

287 2023 705 2088 fundamentum,
736 2022 790 2075 in
820 2021 1041 2075 navibus
1067 2020 1272 2083 carina,
1301 2026 1357 2072 et
1394 2017 1685 2073 secundum
1712 2016 1857 2086 quod

287 2113 485 2167 dictum
523 2122 645 2168 est:
689 2111 903 2166 Initium
930 2112 1200 2181 sapientia:
1240 2111 1391 2162 timor
1432 2107 1644 2161 Domini
1671 2106 1853 2176 (Prov.

288 2218 327 2271 ι,
351 2204 426 2274 7).
458 2203 665 2257 Etenim
697 2211 950 2271 tanquam
984 2201 1373 2254 munimentum
1399 2206 1454 2253 et
1490 2197 1858 2253 fulcimentum

286 2294 553 2362 quoddam
583 2294 648 2346 ad
677 2292 799 2345 lidei
830 2292 1153 2355 firmitatem,
1183 2288 1465 2359 praefertur
1488 2303 1700 2357 semper
1735 2304 1857 2344 cum

286 2383 487 2436 timore
534 2382 741 2449 religio.
772 2378 876 2434 Sed
921 2388 977 2434 et
1013 2378 1391 2434 struetibilium
1431 2392 1652 2447 cperam
1685 2376 1859 2446 prima

284 2485 416 2541 pars
444 2472 757 2541 principium
786 2478 1123 2540 nuncupatur
1153 2488 1166 2522 :
1191 2470 1330 2524 sicut
1349 2469 1609 2538 sapientia
1639 2467 1857 2524 Besele-

288 2564 378 2617 hel
405 2577 530 2631 erga
560 2563 889 2618 tabernaculi
930 2562 1113 2617 decus.
1146 2561 1375 2618 Actuum
1398 2576 1613 2632 quoque
1659 2557 1719 2615 ﬁt
1744 2560 1860 2631 ple-

288 2667 514 2721 rumque
544 2652 858 2721 principium
884 2653 1057 2706 bonus
1084 2653 1262 2707 exitus
1288 2638 1624 2722 inceptorum
1669 2670 1682 2705 :
1721 2653 1861 2709 sicut

289 2742 342 2796 in
365 2743 605 2810 largitate
626 2743 1021 2810 misericordize,
1043 2744 1294 2811 sequitur.
1310 2745 1637 2813 prosperitas
1664 2744 1780 2810 Dei,
1805 2753 1861 2799 et

289 2829 340 2884 in
364 2833 672 2902 operatione
695 2834 970 2899 virtutum,
1001 2831 1119 2887 linis
1148 2833 1236 2888 ille
1263 2833 1507 2900 habetur,
1531 2835 1621 2904 qui
1646 2834 1699 2888 in
1729 2850 1857 2905 pro-

288 2921 627 2977 missionibus
646 2929 728 2976 est
752 2922 977 2977 locatus.

358 3015 411 3067 6.
452 3012 633 3069 Toties
661 3015 820 3083 igitur
861 3013 1136 3069 nominato
1177 3015 1463 3084 principio,
1503 3014 1784 3069 considera
1812 3016 1857 3068 si

1954 1844 2210 1897 mundum
2238 1842 2354 1898 sine
2393 1852 2635 1913 tempore
2676 1842 2993 1903 substitisse,
3025 1842 3158 1895 dixit
3196 1859 3210 1894 :
3244 1840 3308 1894 In
3335 1844 3530 1911 princi-

1954 1933 2041 2002 pio
2084 1933 2227 2003 fecit.
2258 1930 2428 1998 Quam
2456 1947 2571 1987 rem
2599 1933 2735 1987 certi
2763 1933 3081 2001 interpretes
3110 1931 3318 2001 planius
3358 1947 3527 2001 expo-

1955 2030 2165 2086 nentes,
2190 2023 2440 2077 dixerunt
2471 2040 2484 2076 :
2517 2022 2827 2078 Summatim
2856 2024 2975 2092 fecit
3002 2021 3162 2085 Deus,
3193 2022 3246 2076 id
3271 2030 3353 2077 est
3378 2023 3528 2076 brevi

1955 2111 2259 2181 subitoque.
2292 2111 2456 2180 igitur
2490 2127 2654 2181 super
2700 2111 2961 2181 principio
3008 2126 3177 2181 pauca
3229 2112 3297 2167 de
3348 2113 3530 2167 multis

1955 2200 2215 2255 hactenus
2243 2200 2556 2255 disseruisse
2584 2199 2832 2255 sufficiat.

2028 2291 2081 2345 7.
2118 2289 2137 2329 ί
2165 2290 2308 2346 Sane
2335 2292 2606 2347 sciendum
2634 2291 2886 2361 quoniam
2915 2291 3106 2346 artium
3128 2292 3382 2354 omnium,
3410 2293 3526 2348 alia:

1955 2380 2222 2446 factriccs,
2264 2381 2380 2436 alite
2427 2380 2720 2449 negotiaies
2745 2380 3101 2450 appellantur,
3129 2381 3244 2434 alia:
3284 2390 3526 2436 contem-

1955 2471 2216 2542 platorize,
2240 2480 2295 2525 et
2321 2469 2881 2539 contemplatoriarum
2908 2468 3120 2538 quidem
3151 2466 3268 2523 linis
3294 2479 3377 2524 est
3411 2471 3526 2525 sola

1956 2563 2153 2617 tuentis
2189 2561 2434 2626 intentio,
2468 2560 2810 2629 negotialium
2852 2568 3030 2613 autem
3060 2567 3236 2613 motus
3263 2561 3377 2629 ipse
3405 2577 3525 2614 cor—

1957 2652 2104 2721 poris
2134 2668 2148 2704 :
2190 2651 2282 2721 qui
2309 2666 2428 2705 cum
2458 2649 2694 2716 desierit,
2721 2648 2854 2702 nihil
2883 2648 3072 2716 reliqui
3100 2655 3209 2711 est,
3241 2663 3342 2703 nec
3389 2649 3525 2703 ultra

1955 2744 2258 2799 videntibus
2284 2744 2697 2798 demonstratur.
2726 2742 2859 2796 Nam
2887 2741 3183 2796 saltationis
3203 2748 3257 2795 et
3274 2748 3524 2795 cantuum

1956 2837 2133 2891 nullus
2177 2837 2351 2891 exitus
2390 2844 2472 2890 est
2503 2854 2516 2888 :
2550 2835 2642 2890 sed
2672 2836 2725 2888 in
2773 2833 3111 2903 semetipsam
3140 2833 3384 2902 operatio
3413 2840 3524 2886 tota

1955 2925 2308 2979 consumitur.
2339 2924 2395 2978 In
2423 2925 2626 2979 artibus
2649 2939 2774 2978 vero
2794 2923 3116 2989 factricibus,
3142 2922 3348 2978 etiamsi
3376 2922 3529 2978 labor

1956 3022 2216 3085 actusque
2241 3015 2550 3079 cessaverit,
2583 3012 2920 3069 manifestum
2949 3021 3128 3068 tamen
3155 3021 3238 3067 est
3270 3028 3404 3082 opus
3435 3028 3526 3067 ea-

286 3119 395 3159 non
424 3120 656 3174 priesens
698 3121 802 3160 vox
850 3106 1097 3159 omnibus
1149 3103 1457 3173 signiﬁcatis
1508 3105 1853 3159 accommoda
1882 3098 1926 3160 C
1956 3121 2093 3167 rum,
2140 3105 2277 3159 sicut
2304 3104 2626 3169 fabrilitatis,
2659 3112 2714 3158 et
2743 3113 2767 3151 Β
2797 3104 3188 3167 architecturae,
3219 3112 3275 3159 et
3302 3112 3526 3159 textura:

283 3202 388 3249 est.
411 3194 619 3249 Etenim
646 3211 712 3250 ex
738 3211 804 3251 eo
836 3204 1075 3265 tempore
1103 3211 1210 3264 quo
1241 3196 1420 3249 mundi
1440 3196 1606 3264 coepit
1642 3195 1857 3255 institu-

285 3285 381 3348 tio,
405 3286 655 3354 possibile
676 3287 770 3340 tibi
793 3294 876 3339 est
897 3286 1094 3348 dicere,
1116 3286 1247 3339 side
1269 3286 1618 3354 prmsentibus
1640 3286 1706 3338 ad
1728 3301 1860 3354 prw

284 3378 443 3431 terita
465 3376 489 3413 ιι
515 3378 841 3447 repedando,
868 3378 1212 3446 principalem
1244 3377 1384 3431 diem
1406 3377 1688 3430 mundana:
1713 3392 1859 3430 crea-

284 3467 446 3520 tionis
465 3467 735 3534 inquiras:
763 3467 901 3521 unde
930 3466 1159 3534 tempori
1187 3476 1367 3520 motus
1394 3466 1597 3534 primus
1625 3480 1859 3520 accesse-

284 3559 372 3611 rit.
425 3557 625 3612 Deinde
668 3559 791 3626 quia
820 3560 966 3613 velut
1002 3558 1160 3613 sedes
1203 3565 1257 3612 et
1283 3557 1538 3627 repagula
1578 3557 1854 3627 quadam,

282 3648 474 3702 emtum
523 3656 771 3717 terraque
816 3650 1033 3704 fundata
1075 3657 1244 3715 sunt;
1288 3658 1345 3704 et
1386 3650 1510 3720 quia
1545 3658 1627 3705 est
1663 3650 1855 3705 artifex

283 3737 539 3802 Verbum,
570 3739 714 3807 quod
741 3739 1139 3794 decorationem
1179 3741 1417 3795 omnium
1461 3755 1580 3809 qua:
1606 3739 1856 3796 videntur

281 3827 478 3893 elfecit,
509 3829 649 3884 sicut
674 3844 780 3883 vox
804 3830 963 3883 relati
991 3838 1255 3884 monstrat
1286 3831 1424 3884 initii
1455 3849 1467 3883 :
1501 3838 1556 3885 et
1583 3832 1705 3902 quia
1744 3847 1853 3888 non

278 3919 398 3972 sine
419 3919 643 3983 ratione,
665 3919 751 3972 vel
775 3919 967 3973 frustra
990 3919 1247 3974 formatus
1270 3929 1351 3974 est
1375 3919 1621 3975 mundus.
1647 3920 1855 3991 Quippe

278 4006 373 4073 qui
402 4006 585 4059 utilem
614 4009 1081 4077 necessariumque
1122 4009 1283 4063 rebus
1314 4018 1455 4064 esset
1480 4010 1683 4064 exitum
1710 4026 1853 4080 prte-

279 4096 507 4159 biturus,
537 4098 581 4151 si
607 4112 794 4152 revera
823 4098 1121 4153 animorum
1163 4100 1577 4165 rationabilium,
1607 4102 1747 4157 sicut
1771 4103 1855 4157 di-

278 4186 473 4253 ximus,
504 4187 889 4255 magisterium,
913 4195 967 4241 et
988 4187 1179 4242 divinat
1210 4190 1445 4245 nationis
1472 4190 1849 4258 eruditionem,

278 4290 377 4342 per
421 4277 642 4330 visibilla
673 4277 784 4332 haec
813 4285 868 4331 et
894 4278 1162 4333 sensibilia
1210 4279 1395 4332 tribuit
1440 4281 1606 4334 menti
1655 4291 1852 4339 nustrae

278 4379 470 4432 regens
497 4382 613 4431 nos,
647 4376 704 4421 ut
733 4369 804 4421 ita
831 4368 1076 4433 dixerim,
1127 4385 1306 4434 manu,
1331 4386 1439 4439 quo
1476 4372 1680 4428 facilius
1708 4375 1845 4428 invi-

1956 3203 2011 3249 et
2035 3195 2119 3248 bis
2146 3194 2418 3260 similium,
2438 3209 2663 3261 quarum
2690 3195 2815 3249 licet
2842 3193 3034 3249 artifex
3055 3204 3248 3264 praesto
3268 3198 3388 3250 non
3414 3194 3527 3251 fue-

1954 3294 2043 3350 rit,
2075 3289 2213 3341 ratio
2244 3297 2421 3341 tamen
2462 3287 2593 3339 artis
2642 3286 2809 3354 ipsius
2851 3294 3096 3356 apparet,
3140 3301 3528 3357 possumusquc

1954 3378 2023 3432 de
2051 3393 2215 3447 opere
2235 3383 2527 3445 conspecto
2554 3376 2802 3444 peritiam
2832 3376 3087 3445 cujusque
3115 3376 3333 3432 artiﬁcis
3359 3380 3529 3433 admi-

1955 3470 2080 3524 rari.
2115 3468 2255 3536 Ergo
2276 3476 2333 3522 ut
2361 3474 2570 3522 certum
2600 3466 2755 3521 ﬁeret
2782 3467 2906 3536 quia
2943 3466 3171 3521 mundus
3204 3477 3320 3524 arte
3347 3471 3526 3539 perfe-

1954 3571 2072 3617 ctus
2101 3569 2202 3623 est,
2234 3560 2326 3629 qui
2372 3566 2685 3614 cunctorum
2715 3558 2913 3613 visibus
2955 3558 3180 3613 habetur
3224 3561 3525 3630 expositus,

1952 3658 2218 3719 quatenus
2242 3664 2340 3719 per
2366 3664 2489 3704 eum
2518 3647 2854 3703 fabricatoris
2881 3648 2962 3702 sui
2989 3648 3251 3719 sapientia
3279 3665 3527 3705 noscere-

1954 3748 2043 3795 tur
2075 3758 2088 3793 :
2136 3755 2244 3795 non
2272 3740 2377 3793 alia
2408 3754 2539 3793 voce
2566 3738 2779 3809 Moyses
2805 3754 2930 3793 usus
2958 3748 3058 3805 cst,
3107 3741 3202 3797 sed
3249 3742 3384 3798 dixit
3412 3762 3425 3796 :
3459 3743 3526 3798 In

1952 3832 2205 3901 principio
2246 3831 2365 3901 fecit
2403 3828 2563 3883 Deus.
2595 3828 2711 3905 Non
2741 3831 3040 3885 construxit
3076 3840 3168 3885 aut
3205 3835 3526 3903 composuit,

1952 3919 2045 3974 sed
2063 3920 2203 3990 fecit.
2227 3918 2480 3983 Quamvis
2502 3919 2743 3973 nonnulli
2780 3933 2967 3973 eorum
2994 3920 3087 3988 qui
3108 3936 3243 3975 vana
3272 3923 3528 3991 opinione

1952 4009 2210 4079 praeventi
2238 4015 2382 4073 sunt,
2414 4009 2800 4076 sempiternum
2827 4009 3082 4063 mundum
3110 4025 3231 4064 cum
3258 4010 3371 4066 Deo
3409 4028 3526 4068 esse

1952 4100 2211 4165 dicentes,
2241 4098 2387 4152 nullo
2417 4099 2576 4153 modo
2621 4099 2688 4153 ab
2735 4099 2852 4168 ipso
2898 4100 3095 4153 factum
3123 4114 3522 4166 concesserunt,

1950 4192 2045 4246 sed
2086 4199 2337 4258 tanquam
2366 4190 2831 4244 obumbrationem
2858 4191 3140 4260 quamdam
3171 4193 3379 4249 virtutis
3408 4211 3527 4251 esse

1949 4280 2163 4335 divinm.
2193 4280 2217 4315 ιι
2248 4279 2449 4334 Ferunt
2494 4281 2634 4334 enim
2664 4295 2786 4333 eum
2825 4290 3018 4349 sponte
3065 4285 3441 4353 compositum,
3473 4298 3527 4343 et

1949 4372 2193 4441 quamvis
2229 4371 2394 4425 Deum
2436 4371 2552 4439 ejus
2595 4371 2779 4425 haberi
2817 4370 3082 4426 fateantur
3110 4385 3421 4443 auctorem;
3455 4380 3527 4432 ita

274 4458 449 4510 sibilia
479 4460 921 4529 contemplemur,
951 4462 1090 4516 sicut
1113 4461 1243 4516 dicit
1270 4463 1587 4532 Apostolus:
1606 4464 1741 4529 Quia
1759 4468 1844 4521 in-
1873 4448 1927 4508 Ῑ)
1952 4470 2132 4515 tamen
2173 4459 2430 4523 fatentur,
2461 4467 2520 4514 ut
2547 4460 2661 4515 sine
2688 4462 2963 4517 voluntate
3000 4462 3166 4532 ipsius
3204 4469 3526 4533 processisse

270 4547 493 4601 uisibitia
527 4551 660 4620 ejus,
686 4568 718 4602 a
746 4551 922 4604 mundi
951 4552 1319 4619 compositione
1345 4569 1438 4622 per
1474 4570 1539 4607 ea
1567 4572 1682 4623 qua:
1709 4558 1848 4627 facta

350 4694 371 4719 ι·
395 4682 576 4765 {Index
587 4684 763 4751 Colb.,
786 4688 934 4756 paria
956 4687 1179 4758 fuerunt.
1204 4685 1350 4740 Editi
1373 4694 1429 4741 et
1448 4687 1537 4740 alii
1559 4687 1663 4744 duo
1691 4708 1843 4760 mss.,

269 4770 370 4859 pa:
591 4824 660 4899 ait
705 4826 1061 4899 antguitatem
1107 4826 1393 4899 perspicit,
1425 4826 1569 4899 Libri
1604 4837 1846 4899 veteres,

268 4894 498 4970 respicit.
528 4891 763 4948 Subinde
791 4891 945 4948 Colb.
975 4891 1259 4959 secundus,
1290 4902 1339 4947 et
1377 4896 1722 4968 intelligibiliu
1750 4891 1849 4955 ini;

270 4970 423 5012 (tum.

346 5040 367 5067 ε
391 5028 546 5102 Colb.
588 5030 873 5102 secundus,
902 5048 967 5085 ea;
992 5031 1165 5102 aliqua
1197 5032 1545 5087 substenlante
1574 5039 1790 5092 materia
1821 5055 1840 5093 :

266 5097 417 5172 quod
442 5096 698 5172 fortassis
744 5101 973 5172 cuipiam
1013 5096 1202 5172 melius
1226 5102 1393 5156 videri
1439 5107 1636 5172 poterit
1674 5115 1727 5159 et
1771 5108 1840 5161 ad

266 5167 413 5243 hunc
440 5167 615 5243 locum
640 5167 1111 5243 accommodatius.
1126 5169 1239 5243 Nec
1261 5173 1341 5243 ita
1357 5167 1522 5225 multo
1546 5184 1666 5243 post
1687 5176 1839 5243 eiliti,

263 5235 362 5307 sed
388 5245 438 5290 et
466 5237 897 5307 inslrucbbilium.
925 5240 1139 5307 Antiqui
1166 5240 1270 5293 duo
1298 5242 1431 5303 libri,
1455 5235 1838 5298 structibitium.

264 5306 439 5384 alius,
470 5305 908 5384 exstructibitium.
942 5305 1175 5363 Subinde
1196 5306 1346 5364 Colb.
1370 5313 1654 5377 secundus,
1686 5315 1846 5384 signi-

266 5376 439 5442 ficatis
464 5376 864 5442 accommodata,
892 5387 996 5432 etc.

343 5441 552 5518 d_Co_lb.
599 5447 882 5518 secundus,
930 5450 998 5500 ad
1044 5450 1306 5517 prwterita
1353 5452 1647 5518 repetendo.
1696 5451 1836 5506 haud

265 5513 509 5586 dissimili
544 5513 1187 5586 seusu._Aliquanto'post
1216 5519 1353 5574 idem
1384 5513 1575 5584 codex,
1600 5530 1646 5573 et
1676 5523 1839 5575 sensi—

264 5581 401 5706 fil‘ia
422 5582 623 5638 tribuat.
649 5581 884 5640 Subinde
913 5586 1001 5651 ille
1029 5581 1139 5657 ipse
1160 5590 1346 5653 codex,
1372 5607 1403 5643 α
1435 5581 1612 5644 muniti
1638 5592 1835 5644 consti-

296 5671 328 5705 ιι
353 5667 485 5706 ioue.

296 5663 485 5706 unctio.

559 5750 827 5809 PATROL.
871 5747 1028 5808 LIII.

1958 4554 2293 4619 conﬁrment,
2323 4552 2462 4606 sicut
2506 4565 2575 4606 ex
2623 4566 2850 4622 corpore
2897 4552 3158 4621 umbram,
3203 4555 3286 4611 vel
3313 4571 3379 4611 ex
3409 4558 3526 4615 luce

2026 4703 2049 4730 θ
2080 4690 2242 4754 Editi,
2273 4704 2387 4742 cum
2426 4685 2576 4741 illud.
2617 4682 2799 4738 Codex
2846 4691 3049 4755 noster,
3088 4687 3331 4755 quoniam
3372 4690 3521 4744 iltud.

1951 4762 2105 4817 Colb.
2136 4758 2417 4836 secundus,
2449 4756 2690 4827 quoniam
2718 4769 2935 4836 semper.
2961 4753 3209 4822 Basilius,
3231 4764 3323 4811 τοῦ
3343 4758 3524 4836 διαιρε-

1950 4836 2115 4889 θέντος
2141 4832 2221 4898 ἀεζ
2248 4831 2316 4887 εἰς
2342 4831 2493 4898 ἕτερα
2520 4827 2835 4898 murcidum).
2893 4892 2904 4898 ἡ
2999 4891 3008 4898 _
3032 4878 3043 4889 .

2027 4899 2046 4938 ί
2076 4900 2168 4953 Sic
2193 4897 2345 4967 Colb.
2378 4891 2677 4967 secundus.
2697 4891 2808 4967 v9;
2832 4891 3094 4967 sciendum
3114 4892 3264 4948 abest
3289 4910 3319 4949 a
3342 4898 3526 4967 vulga-

1951 4971 2040 5024 tis.
2065 4968 2187 5021 Mox
2215 4964 2367 5019 Colb.
2399 4961 2687 5033 secundus,
2719 4961 3002 5033 videntibus
3024 4961 3405 5019 demonstratur
3420 4961 3523 5033 {ei

1952 5039 2024 5094 ita
2046 5050 2261 5106 quoque
2293 5034 2549 5106 scriptqu
2581 5030 2881 5106 invenimus
2907 5031 2958 5106 in
2988 5040 3172 5106 nostro
3200 5034 3405 5106 codice,
3420 5030 3522 5095 sed

1947 5096 2367 5163 secunda-manu
2394 5096 2671 5156 duntaxat.
2705 5096 2864 5164 Editi,
2894 5100 3170 5155 visentibus
3201 5096 3522 5160 demonstra-

1949 5189 2049 5291 mi
2076 5243 2248 5303 Editi,
2278 5241 2631 5294 architecturae
2658 5248 2706 5291 et
2745 5240 2827 5292 liis
2854 5239 3117 5293 similium.
3149 5239 3298 5296 Colb.
3332 5258 3521 5298 secun-

1947 5314 2067 5376 dus,
2090 5312 2446 5365 architectura:
2465 5321 2513 5363 et
2541 5321 2755 5362 textura:
2781 5317 2831 5362 et
2858 5310 2922 5361 iis
2949 5309 3223 5362 similium:
3254 5328 3370 5377 qum
3391 5316 3521 5367 scri-

1948 5392 2107 5453 ptura
2141 5382 2425 5453 quin‘vera
2469 5380 2538 5433 sit
2574 5379 2803 5453 dubitari
2833 5395 2939 5432 non
2970 5388 3183 5448 potest,
3216 5394 3340 5435 cum
3368 5382 3517 5450 lega~

1950 5448 2228 5521 iuus_ap_ud
2259 5448 2542 5521 Basiliam,
2559 5451 2956 5521 καὶρφφιτικῆς.

2016 5519 2044 5557 δ
2074 5515 2235 5580 Editi,
2269 5519 2432 5588 fertur
2463 5519 2616 5571 enim.
2643 5515 3038 5588 codexnoster
3063 5526 3119 5588 et
3141 5515 3519 5588 Colb._sccun.

1944 5588 2065 5712 duls,
2091 5586 2279 5710 gerunt.
2309 5587 2588 5656 Aliquanto
2610 5597 2729 5658 post
2750 5586 2900 5641 Colb.
2925 5586 3210 5649 secundus,
3234 5586 3310 5640 vel
3325 5604 3386 5642 ex
3408 5593 3520 5644 loco

1944 5676 2002 5711 ετ
2026 5676 2084 5711 en
2128 5674 2284 5709 orem.
3402 5688 3407 5695 ρ

1944 5674 2284 5711 satenaorem.
3402 5688 3407 5695 ν
