3964 6198
478 287 494 305 .
529 249 646 310 1376

1978 240 2334 304 FIJSTATHII

3639 264 3732 325 875

535 362 817 433 fulgorem.
844 359 1042 415 Veiens
1065 358 1245 428 itaque
1273 356 1575 428 hujusmodi
1600 371 1839 413 errorem
1862 357 2123 428 propheta
2148 361 2196 416 Α
2222 357 2313 425 qui
2336 357 2553 413 minime
2572 357 2765 413 fortem
2791 367 3134 433 crassamqne
3154 373 3393 421 naturam
3418 367 3470 421 in
3487 371 3596 425 emit
3613 388 3733 429 com.

532 452 834 522 corrigere,
864 452 967 507 hac
1005 451 1291 507 verborum
1329 450 1625 506 subtilitate
1666 450 1848 521 potius
1885 466 2013 504 usus
2040 456 2123 503 est

534 543 723 602 dicens
756 561 770 597 :
804 541 871 598 In
898 542 1153 613 principio
1196 543 1318 614 fecit
1365 541 1527 609 Deus,
1559 541 1613 597 id
1656 549 1740 597 est
1767 556 1873 596 non
1904 556 2121 596 causam

534 635 780 703 praestitit
802 639 859 689 ut
880 641 1026 689 esset
1045 633 1237 699 solum,
1268 632 1364 688 sed
1393 633 1512 704 fecit
1545 639 1604 686 ut
1630 632 1804 688 bonus
1830 631 2034 691 utilem,
2061 639 2121 684 ut

527 726 744 796 sapiens
770 727 1065 795 optimum,
1110 732 1167 778 ut
1212 732 1406 793 potens
1449 723 1761 777 maximum.
1792 721 1927 775 Cum
1973 720 2118 774 enim

529 815 697 871 dicit:
730 813 868 889 Quia
896 812 1042 878 fecit,
1073 814 1357 883 quemdam
1387 814 1504 868 sine
1524 812 1687 867 dubio
1716 811 1955 866 declarat
1983 810 2117 863 arti-

527 901 707 972 ficem,
731 903 825 973 qui
848 903 1177 970 singulorum
1198 902 1592 971 compositione
1613 901 1999 964 membrorum,
2017 916 2117 970 per

526 992 708 1048 omnia
736 992 1147 1047 convenientem
1194 992 1410 1046 sibimet
1437 999 1492 1046 et
1520 1004 1815 1059 congruum
1862 990 2117 1045 formavit

523 1083 802 1139 mundum.
836 1081 903 1136 In
931 1083 1186 1153 principio
1224 1082 1345 1152 fecit
1391 1080 1531 1135 Deus
1577 1082 1758 1136 malum
1805 1090 1855 1134 et
1898 1089 2111 1133 terram.

522 1171 604 1227 Ex
649 1172 859 1227 duobus
908 1171 1071 1240 igitur
1115 1170 1470 1226 summatibus
1518 1171 1822 1238 elementis,
1871 1171 2112 1225 omnium

522 1263 879 1318 substantiam
933 1262 1178 1331 designat
1226 1273 1251 1299 ιι
1292 1270 1620 1318 exstructam
1660 1244 1841 1317 :‘unlo
1893 1259 2109 1329 quidem

519 1353 797 1424 privilegia
820 1352 1075 1422 digniora
1106 1353 1472 1417 contribueris,
1506 1361 1705 1407 terram
1749 1366 1877 1406 vero
1919 1350 1974 1404 in
2017 1364 2108 1404 se-

517 1444 1088 1500 cundoxcreaturarum
1117 1444 1239 1499 loco
1267 1445 1603 1500 constituens
1628 1460 1641 1508 ;
1674 1450 1730 1497 et
1750 1443 1794 1498 si
1815 1441 1943 1512 quid
1971 1441 2116 1496 aliud

2219 447 2488 515 positione
2510 447 2804 503 substituit.
2836 449 2912 506 De
2939 452 3208 509 schemate
3228 454 3388 509 etiam
3411 457 3518 524 ejus
3548 463 3655 515 satis
3682 465 3735 517 ab

2216 549 2284 590 eo
2311 537 2516 593 dictum
2544 548 2648 606 est,
2684 555 2805 595 cum
2836 539 3224 610 gloriﬁcatione
3250 545 3365 600 Dei.
3392 544 3512 610 Quis
3536 550 3737 608 stabilia?

2213 625 2415 692 caelum,
2455 636 2513 680 ut
2552 645 2812 683 cameram
2849 629 3004 700 (Isai.
3037 648 3127 698 η,
3156 632 3284 703 22)?
3311 633 3500 690 Eadem
3528 640 3667 694 etiam
3687 642 3739 696 de

2213 723 2363 772 terra
2384 719 2573 774 sentiri
2602 720 2888 776 suademus
2921 739 2933 775 :
2980 723 3202 779 minime
3229 725 3471 782 videlicet
3492 728 3738 787 discutien-

2213 814 2296 862 tes
2324 808 2498 876 qualis
2535 809 2607 864 sit
2636 809 2753 878 ejus
2778 811 3076 867 substantia
3096 852 3110 876 ,
3137 828 3235 869 nec
3253 814 3513 871 conﬁcere
3536 831 3555 855 ε
3576 835 3737 876 nosco-

2200 898 2559 966 gitalionibus
2612 909 3014 970 perscrutantes
3058 903 3189 973 quid
3241 904 3292 959 ei
3338 906 3619 976 subjaceat,
3664 926 3738 967 nec

2209 991 2438 1044 scrutari
2468 1000 2714 1064 naturam
2743 992 3091 1061 qualitatibus
3118 1008 3343 1049 vacuam
3382 1005 3435 1050 et
3471 998 3736 1064 informem,

2208 1078 2302 1133 sed
2334 1088 2539 1134 tantum
2568 1082 2707 1136 scire
2737 1096 2838 1137 nos
2866 1083 3138 1148 convenit,
3170 1085 3296 1153 quia
3318 1086 3492 1139 omnia
3512 1102 3617 1156 quze
3637 1103 3733 1157 erga

2209 1176 2405 1224 terram
2447 1172 2707 1237 videmus,
2758 1172 2827 1227 ad
2864 1174 2968 1239 hoc
3002 1175 3177 1230 solum
3218 1184 3279 1230 ut
3317 1185 3494 1233 essent
3535 1178 3734 1235 ordinata

2206 1269 2350 1323 sunt,
2377 1261 2571 1329 quibus
2591 1262 2751 1317 rebus
2779 1263 3079 1318 substantia
3108 1266 3490 1335 compleretur.
3510 1265 3669 1336 Itaque
3685 1269 3735 1325 ad

2204 1352 2411 1406 nullum
2442 1354 2726 1422 pervenies
2754 1356 3062 1422 terminum,
3091 1358 3138 1411 si
3164 1357 3402 1426 singulas
3427 1358 3536 1427 ejus
3558 1361 3735 1428 qualita-

2202 1448 2286 1496 tes
2316 1444 2561 1513 persequi
2592 1460 2843 1500 sermone
2878 1447 3190 1501 tentaveris.
3225 1446 3281 1502 Si
3305 1448 3450 1503 enim
3469 1448 3735 1505 discreverit

515 1542 599 1589 est
624 1534 880 1599 medium,
911 1550 1033 1589 cum
1076 1534 1459 1604 principalibus
1501 1534 1616 1589 istis
1661 1549 1764 1588 una
1809 1531 2106 1602 perfectum
2196 1531 2321 1601 ejus
2348 1534 2636 1602 nigrorem,
2668 1534 2688 1573 ί
2721 1535 3084 1605 frigiditatem,
3107 1539 3512 1607 gravitudinem,
3540 1540 3736 1595 densita-

515 1632 618 1678 est.
645 1624 721 1678 lta
750 1624 993 1693 quamvis
1021 1623 1154 1677 nihil
1182 1624 1248 1678 de
1277 1639 1421 1687 aere,
1455 1624 1540 1677 vel
1570 1625 1711 1691 igne,
1742 1624 1826 1678 vel
1855 1637 1993 1691 aqua
2019 1621 2104 1675 di-
2202 1629 2334 1690 tem,
2356 1631 2411 1677 et
2439 1638 2532 1678 eas
2552 1616 2841 1694 qualitates
2858 1642 2976 1695 quae
3004 1643 3199 1697 sapore
3226 1637 3414 1697 gustus
3433 1631 3737 1699 comprehen-

514 1724 659 1772 ctum
684 1716 755 1769 sit
785 1734 797 1768 :
829 1724 884 1769 te
913 1723 1092 1769 tamen
1121 1716 1406 1784 prudentia
1438 1715 1651 1784 prepria
1676 1729 1897 1769 necesse
1926 1719 2008 1767 est
2027 1712 2104 1766 in-
2128 1719 2177 1779 Β
2196 1714 2381 1771 sibiles
2407 1716 2693 1782 habentur,
2725 1718 2859 1772 nihil
2886 1720 2991 1772 erit
3019 1719 3231 1788 penitus
3264 1720 3413 1788 quod
3441 1720 3603 1775 telluri
3636 1722 3736 1776 sub-

513 1805 773 1872 telligere.
807 1803 988 1859 Primo
1008 1805 1247 1874 quidem,
1271 1806 1395 1873 quia
1418 1805 1597 1859 omnia
1629 1805 1682 1858 in
1712 1803 1960 1860 omnibus
1978 1812 2103 1857 sunt

515 1897 798 1966 permixta.
831 1894 1110 1965 Siquidem
1140 1911 1353 1965 aquam,
1385 1904 1439 1950 et
1465 1910 1668 1958 aerem,
1690 1905 1745 1950 et
1783 1895 1959 1963 ignem
1988 1902 2099 1949 ter-

512 2001 585 2041 ra:
606 1985 879 2041 cohmrere
907 1986 1266 2041 certissimum
1294 1994 1377 2041 est
1402 2004 1414 2039 :
1452 2000 1578 2040 nam
1599 1994 1654 2041 et
1681 2000 1747 2041 ex
1778 1985 1919 2041 ferro
1948 1991 2003 2039 et
2031 1999 2100 2039 ex

514 2075 778 2147 lapidibus
806 2075 941 2144 ignis
981 2090 1080 2146 per
1108 2073 1134 2113 ι’
1177 2075 1514 2131 fricationem
1544 2077 1681 2132 solet
1721 2076 1899 2131 excuti
1937 2094 1949 2128 :
1980 2091 2099 2145 quae

511 2169 697 2237 utique
726 2166 794 2223 de
825 2168 1015 2223 tellure
1038 2176 1349 2224 nascuntur.
1382 2166 1450 2221 Et
1477 2177 1561 2222 est
1587 2168 1782 2222 mirum
1826 2166 2099 2235 quomodo

506 2260 634 2314 dum
678 2260 732 2313 in
760 2259 1073 2315 memoratis
1120 2259 1362 2314 abstrusa
1402 2266 1485 2313 est
1521 2257 1753 2320 ﬂamma,
1782 2257 2099 2326 corporibus

507 2349 737 2404 habetur
765 2350 1003 2415 innoxia,
1036 2363 1158 2403 cum
1186 2363 1316 2404 vero
1336 2346 1506 2403 fuerit
1533 2348 1868 2402 extrinsecus
1897 2347 2092 2413 elicita,

506 2438 733 2495 devorat
760 2454 880 2494 eam
908 2439 1189 2493 materiam
1210 2439 1264 2493 in
1288 2453 1394 2508 qua
1415 2437 1591 2493 fuerat
1610 2436 1899 2493 custodita.
1924 2436 2097 2505 Aqua-

505 2548 626 2588 rum
668 2546 886 2602 quoquc
934 2541 1179 2587 naturam
1226 2533 1377 2587 venis
1419 2532 1640 2586 subesse
1687 2539 1949 2585 terrarum
1980 2531 2093 2585 tos-

505 2640 658 2681 sores
684 2624 921 2679 indicant
949 2632 1235 2694 puteorum
1269 2642 1282 2677 :
1313 2624 1507 2695 quibus
1553 2624 1720 2679 etiam
1762 2638 1942 2679 aerem
1967 2637 2093 2677 esse

504 2716 827 2787 permixtum
869 2731 937 2770 ex
976 2731 1043 2771 eo
1083 2730 1411 2784 cognoscere
1462 2729 1768 2785 possumus,
1797 2712 1941 2784 quod
1968 2728 2091 2768 cum

502 2803 666 2864 fuerit
691 2807 999 2861 bumectata
1025 2804 1203 2871 tellus,
1230 2814 1286 2861 et
1308 2807 1622 2876 temperiem
1642 2805 1771 2859 solis
1798 2803 2087 2874 acceperit,

503 2911 630 2951 mox
649 2911 879 2966 vapores
903 2895 1121 2951 exhalat
1149 2895 1497 2963 largissimos.
1523 2894 1727 2949 Deinde
1753 2894 1798 2949 si
1826 2892 2088 2947 naturali-

502 2994 588 3042 ter
614 2987 796 3042 sedcm
817 2986 1150 3055 superiorem
1181 2985 1377 3040 coelum
1396 2985 1641 3041 sortitum
1664 2993 1765 3050 est,
1793 2992 1938 3039 terra
1956 2998 2087 3039 vero

2193 1806 2393 1877 jaceat.
2416 1807 2543 1862 limo
2571 1808 2732 1875 igitur
2759 1810 3097 1875 amittentes,
3115 1826 3214 1865 nec
3242 1811 3372 1865 illud
3401 1812 3653 1866 hortamur
3670 1812 3734 1866 in-

2198 1898 2363 1966 quiri,
2386 1914 2549 1968 super
2578 1900 2708 1970 quid
2736 1900 2807 1954 sit
2835 1908 2975 1955 terra
3008 1901 3235 1955 ﬁrmata.
3263 1901 3607 1970 Torquehitur
3622 1904 3735 1959 enim

2195 2003 2349 2044 mens
2376 1990 2445 2045 ad
2471 1990 2674 2045 nullum
2703 1999 2909 2046 certum
2944 1993 3148 2046 exitum
3181 1995 3525 2062 perveniente
3563 1993 3733 2049 discur-

2194 2080 2361 2134 sionis
2387 2080 2654 2150 indagine.
2674 2081 2800 2138 Sive
2826 2083 2969 2137 enim
2993 2099 3172 2138 aerem
3197 2085 3399 2140 dixeris
3426 2085 3539 2155 ejus
3554 2087 3734 2142 subesse

2191 2172 2489 2228 fundamini
2527 2192 2539 2226 :
2568 2174 2811 2242 profecto
2840 2174 3059 2230 deﬁcies
3086 2177 3401 2245 cogitando,
3427 2179 3734 2249 quemadmo-

2192 2262 2318 2317 dum
2348 2262 2548 2333 liquida
2576 2271 2629 2318 et
2651 2263 2842 2319 dilfusa
2864 2274 3073 2331 natura,
3109 2275 3260 2322 tanto
3290 2268 3526 2336 pondere
3547 2268 3733 2338 depres-

2190 2367 2250 2407 sa
2305 2352 2549 2411 subsistit
2585 2368 2648 2408 ac
2694 2368 2806 2409 non
2855 2355 3036 2425 potius
3084 2356 3285 2410 labitur
3317 2373 3332 2409 :
3364 2355 3585 2426 undique
3609 2366 3733 2411 terra

2188 2442 2475 2512 diﬂ‘ugiens
2519 2443 2862 2506 densitatem.
2915 2460 2981 2500 ac
3025 2458 3242 2517 semper
3287 2447 3599 2503 eminentior
3636 2463 3733 2502 cum

2187 2544 2467 2603 premente
2487 2534 2812 2590 consistens.
2841 2534 2997 2601 Quod
3029 2536 3074 2591 si
3103 2550 3300 2604 aquam
3333 2538 3567 2607 posueris
3590 2548 3732 2591 terre-

2187 2638 2272 2678 nae
2289 2623 2569 2679 stabilitati
2588 2639 2709 2679 esse
2729 2624 3022 2690 subditam,
3064 2626 3418 2681 nihilominus
3441 2625 3731 2698 percunctari

2192 2729 2418 2770 necesse
2446 2723 2550 2780 est,
2575 2717 2849 2786 quomodo
2897 2719 3069 2774 moles
3112 2727 3220 2773 tam
3257 2721 3441 2787 gravis
3483 2728 3535 2774 et
3571 2720 3731 2789 spissa,

2186 2805 2411 2860 minime
2437 2807 2538 2861 sub
2566 2822 2704 2875 aqua
2728 2807 3092 2877 .demergitur,
3122 2809 3218 2864 sed
3257 2808 3331 2864 ab
3360 2809 3628 2865 inﬁrmiore
3650 2823 3731 2864 ua-

2187 2906 2326 2967 tura,
2366 2898 2692 2969 superjectio
2735 2901 2870 2954 tanti
2901 2901 3153 2970 ponderis
3179 2910 3530 2957 sustentatur.
3565 2902 3619 2958 Si
3634 2901 3729 2970 qui-

2185 2987 2309 3044 dem
2337 2989 2502 3059 ipsius
2529 2990 2691 3044 etiam
2719 3005 2871 3061 aqua:
2911 2990 3254 3047 fundamenta
3284 2991 3567 3061 quaerenda
3606 2996 3724 3055 sunt,

501 3078 730 3137 habetur
758 3076 1010 3142 inferior;
1041 3076 1111 3132 ob
1154 3077 1259 3133 hoc
1283 3079 1408 3147 quia
1436 3092 1558 3147 quae
1600 3077 1799 3133 leviora
1840 3086 1968 3132 sunt
2003 3076 2086 3133 fe-
2111 3076 2156 3139 C
2188 3087 2247 3136 et
2296 3080 2493 3137 iterum
2540 3080 2891 3137 deiiciendum
2940 3091 3024 3137 est
3073 3098 3195 3138 cum
3253 3085 3495 3140 invenire
3536 3083 3728 3139 volueris

406 3150 420 3161 δ
500 3177 691 3226 rtmtur
712 3168 781 3224 ad
810 3168 1022 3233 cmlum,
1047 3182 1167 3237 quae
1192 3175 1376 3223 autem
1403 3180 1422 3207 ο
1455 3168 1637 3236 gravia
1666 3176 1790 3222 sunt
1808 3167 2085 3223 devehun-

500 3272 589 3318 tur
613 3261 683 3316 ad
721 3268 940 3315 terram.
985 3257 1268 3313 Contraria
1299 3268 1482 3314 autem
1511 3258 1610 3313 sibi
1640 3266 1766 3313 sunt
1794 3257 2002 3312 inferna
2029 3265 2086 3312 et

498 3369 748 3424 superna.
794 3350 932 3418 Quid
978 3350 1263 3407 dicendum
1304 3359 1405 3417 est,
1440 3350 1541 3405 nisi
1583 3351 1712 3419 quia
1751 3350 1839 3404 ille
1866 3349 1959 3420 qui
1997 3362 2085 3404 res

496 3445 940 3515 disiunctissimas
986 3446 1238 3515 prmcepti
1286 3445 1545 3500 societate
1573 3444 1870 3513 conjunxit,
1920 3443 2083 3498 etiam

496 3552 557 3592 ea
585 3551 703 3606 qua:
726 3535 933 3591 medius
954 3535 1232 3603 utriusque
1263 3534 1515 3588 elementi
1545 3534 1693 3588 locus
1721 3531 2078 3602 amplectitur,

495 3640 596 3681 suo
643 3625 973 3695 dispensavit
1017 3623 1274 3678 arbitrio?
1313 3614 1431 3677 Non
1460 3636 1588 3691 ergo
1616 3636 1827 3691 qumras
1863 3621 1932 3676 de
1972 3622 2083 3675 sin-

494 3716 634 3786 gulis
677 3716 962 3779 rationem,
1010 3714 1107 3768 sed
1149 3714 1237 3767 illa
1282 3727 1497 3781 quoque
1524 3727 1646 3780 quae
1681 3711 1894 3766 silentio
1938 3710 2082 3766 Scri-

494 3818 649 3880 ptura
673 3807 954 3879 praeteriit,
975 3822 1041 3860 ex
1062 3805 1145 3860 his
1168 3820 1289 3874 qua:
1316 3804 1488 3858 relata
1516 3810 1640 3858 sunt
1660 3801 2081 3858 debebisadver-

495 3910 632 3956 tere.
1382 3972 1383 3975 η

563 3993 616 4048 8.
662 3992 728 4047 In
757 3993 1011 4062 principio
1042 3992 1159 4063 fecit
1188 3990 1329 4045 Deus
1357 3990 1539 4044 calum
1583 4000 1632 4044 et
1667 3998 1879 4044 terram.
1913 3988 2077 4059 [gitur

493 4092 706 4140 terrena
735 4083 1053 4145 substantia,
1086 4090 1141 4137 et
1169 4082 1444 4152 inquisitio
1473 4081 1805 4150 singulorum
1832 4095 1951 4150 quae
1978 4097 2076 4135 no-

491 4177 618 4233 stris
645 4176 891 4231 sensibus
911 4175 1150 4245 exposita
1166 4182 1310 4241 sunt,
1337 4184 1446 4229 tam
1468 4174 1683 4243 longum
1707 4173 1863 4228 nobis
1877 4172 2081 4227 faciunt

491 4267 816 4323 narrationis
837 4264 1079 4332 allatum,
1110 4274 1170 4320 ut
1198 4266 1367 4321 multo
1395 4264 1577 4335 plures
1597 4278 1875 4318 sermones
1903 4263 1957 4316 in
1984 4263 2081 4316 hu-

487 4356 725 4430 iusmodi
762 4357 1163 4412 examinatione
1190 4356 1488 4411 disserendi
1530 4355 1655 4420 sint,
1688 4370 1847 4423 quam
1879 4355 1932 4408 in
1973 4369 2077 4409 caa-

2182 3186 2295 3244 quo
2323 3171 2597 3229 fulcimine
2630 3173 2921 3228 resistente
2966 3172 3159 3229 fundus
3199 3174 3422 3230 ultimus
3447 3174 3725 3229 continetur.

2253 3262 2309 3319 9.
2338 3263 2433 3319 Sin
2457 3271 2638 3319 autem
2681 3263 2828 3318 aliud
2854 3263 3124 3333 quoddam
3164 3262 3404 3319 validius
3429 3278 3544 3320 esse
3565 3273 3726 3331 corpus

2181 3354 2457 3411 induxeris
2478 3395 2495 3422 ,
2539 3354 2685 3424 quod
2713 3362 2914 3410 terram
2959 3354 3247 3424 prohibeat
3285 3355 3360 3410 ad
3397 3357 3499 3411 ima
3536 3353 3724 3409 descen-

2178 3447 2309 3502 dere
2352 3464 2367 3500 :
2411 3447 2649 3516 cogitare
2690 3446 2915 3501 debebis
2954 3445 3084 3499 illud
3124 3459 3347 3514 quoque
3394 3447 3557 3516 ipsum
3597 3441 3723 3498 simili

2179 3532 2458 3590 fundatum
2488 3534 2765 3605 repagulo,
2794 3534 2942 3605 quod
2970 3549 3076 3590 non
3112 3535 3254 3588 sinat
3276 3533 3497 3589 inferius
3519 3531 3723 3588 decidere

2179 3640 2299 3694 qua:
2318 3633 2621 3696 portantur.
2648 3623 2783 3679 Huic
2803 3638 3021 3693 quoque
3043 3623 3163 3693 ipsi,
3188 3624 3231 3678 si
3252 3624 3385 3692 quid
3404 3621 3723 3691 contingentes

2179 3717 2517 3786 potuerimus
2563 3729 2839 3786 opponere
2863 3756 2879 3782 ,
2929 3714 3107 3770 denuo
3140 3714 3285 3768 aliud
3332 3716 3548 3770 subesse
3582 3709 3722 3765 muni-

2179 3820 2303 3861 men
2338 3822 2351 3859 :
2388 3805 2694 3861 necessario
2720 3804 3024 3859 discursura
3051 3812 3136 3858 est
3163 3818 3340 3871 mens,
3373 3813 3429 3859 et
3455 3804 3524 3858 ita
3551 3801 3597 3856 in
3624 3798 3721 3853 inﬁ-

2178 3900 2352 3955 nitum
2395 3898 2722 3967 cogitatione
2750 3897 3046 3963 ducamur,
3076 3911 3292 3965 semper
3335 3896 3422 3952 his
3460 3909 3571 3964 quae
3604 3892 3722 3946 inve.

2176 3990 2399 4045 niuntur
2428 3988 2795 4054 ﬁrmamentis,
2828 3987 2933 4041 alia
2964 4001 3103 4041 nova
3123 3995 3444 4054 quaerentes.
3474 3984 3537 4039 Et
3554 3988 3721 4052 quanto

2177 4080 2389 4148 longius
2415 4092 2667 4134 sermone
2697 4076 3092 4147 progredimur,
3126 4083 3279 4131 tanto
3310 4076 3484 4142 magis
3509 4075 3721 4127 virtutem

2175 4171 2606 4229 sustentatricem
2634 4179 2792 4225 terra:
2811 4168 3171 4239 superducere
3189 4168 3567 4237 compellemur
3589 4182 3603 4218 :
3625 4175 3723 4232 qua:

2175 4265 2336 4321 simul
2374 4264 2555 4319 omnia
2602 4277 2723 4331 qua:
2759 4260 3065 4330 superiecta
3103 4267 3227 4315 sunt
3255 4259 3432 4313 valeat
3472 4268 3496 4306 ε
3540 4263 3722 4311 susten-

2174 4363 2311 4409 tare.
2363 4352 2659 4424 Propterea
2692 4349 3058 4420 disquisitioni
3105 4358 3277 4402 metas
3321 4347 3540 4402 debebis
3580 4346 3721 4411 impo-

489 4449 623 4506 teris
667 4448 918 4504 omnibus
955 4460 1075 4517 qua:
1101 4445 1357 4515 explicari
1386 4446 1638 4514 possibile
1666 4454 1766 4499 est.
1791 4444 1868 4498 De
1887 4459 1992 4512 qua
2021 4458 2080 4498 re
2104 4431 2157 4492 Ι)
2181 4461 2310 4502 nere
2334 4464 2346 4498 :
2367 4461 2434 4502 ne
2454 4444 2775 4515 quandoque
2791 4440 3086 4497 curiositati
3120 4452 3243 4507 tuae,
3270 4440 3430 4493 nimis
3453 4440 3720 4504 incompre-

487 4540 636 4598 nulla
652 4539 866 4612 penitus
887 4534 1241 4594 commoditas
1261 4534 1584 4591 aediﬁcanda:
1607 4535 1879 4591 confertur
1889 4533 2076 4590 Eccle-

485 4634 597 4699 siae,
630 4631 727 4689 sed
755 4645 918 4702 super
938 4628 1060 4685 οωιί
1080 4627 1296 4698 quidem
1325 4637 1512 4682 natura
1538 4628 1776 4683 contenti
1804 4628 1971 4682 simus
1991 4627 2077 4682 his

486 4740 606 4795 quin
650 4724 835 4780 retulit
862 4722 1049 4789 Isaias,
1092 4721 1183 4791 qui
1211 4721 1387 4775 verbis
1413 4735 1540 4775 usus
1565 4718 1895 4788 simplicibus
1919 4718 2075 4775 sufﬁ-

489 4815 723 4870 cientem
762 4815 919 4870 nobis
963 4812 1032 4882 de
1072 4826 1139 4866 eo
1165 4811 1438 4881 perhibuit
1466 4809 1795 4864 intellectum
1841 4808 2026 4866 dicens
2059 4828 2071 4863 :

491 4902 592 4970 Qui
621 4905 849 4976 ﬁrmavit
875 4904 1056 4960 mlum
1084 4899 1111 4939 δ
1139 4903 1272 4957 sicut
1293 4903 1490 4973 fumum
1520 4898 1673 4971 (Isai.
1697 4916 1775 4965 ιι,
1801 4900 1901 4970 6),
1925 4901 1974 4956 id
1994 4912 2079 4957 est

556 5048 585 5079 ι
613 5038 1487 5120 Ειὶίιὶ,“ᾴεξξ9ηαιυῳιῃιοωναηι.
1529 5034 1929 5120 ΑηῑίᾳιιίΙΙὶιρνί,
1976 5052 2073 5091 ca:-

484 5120 758 5166 structam.
789 5105 983 5163 Statim
1011 5106 1158 5170 editi,
1201 5117 1392 5161 terram
1427 5121 1543 5158 vero
1580 5105 1806 5160 secundo
1833 5106 1888 5160 in
1922 5123 2072 5161 crea-

488 5194 606 5237 tura
632 5181 764 5235 loco.
796 5177 951 5234 Colb.
974 5177 1239 5231 secundus
1266 5185 1324 5230 ut
1352 5178 1406 5229 in
1430 5183 1708 5229 contextu.

561 5255 586 5291 ιι
618 5249 780 5317 Editi,
800 5264 891 5319 per
912 5248 1224 5319 frictionem.
1248 5246 1319 5299 At
1339 5244 1511 5300 nostri
1536 5253 1647 5299 tres
1674 5259 1828 5309 mss.,
1859 5263 1951 5315 per
1971 5248 2070 5317 {ri-

488 5325 764 5377 cntionem.

564 5405 585 5432 ο
616 5391 762 5446 Libri
792 5396 1023 5453 veteres,
1055 5386 1251 5459 gravia.
1283 5385 1444 5455 Editi,
1486 5386 1745 5459 graviora.

562 5462 588 5501 δ
617 5461 756 5517 Editi
787 5468 842 5515 et
867 5459 974 5513 duo
1003 5452 1154 5518 mss.,
1180 5452 1578 5527 super-fumum,
1610 5456 1766 5509 male.
1801 5458 1868 5508 At
1906 5452 2061 5511 Colb.

491 5533 773 5596 secundus,
799 5531 929 5583 sicut
959 5530 1173 5600 fumum,
1202 5524 1370 5600 bene.
1389 5525 1448 5600 in
1472 5524 1680 5589 Graeco,
1711 5529 1837 5600 «licet
1855 5528 2060 5600 καπνὸν.

566 5614 588 5640 ε
610 5594 768 5658 Colb.
794 5594 1079 5661 secundus,
1112 5611 1205 5650 nec
1225 5595 1485 5665 conﬁdere
1512 5611 1606 5648 nos
1630 5594 2062 5665 cogitationibus:

491 5689 601 5743 quo
637 5671 880 5745 exeuaplo
899 5711 915 5739 ,
952 5678 1011 5725 ut
1040 5668 1157 5725 aliis
1186 5668 1384 5735 multis,
1411 5673 1592 5734 palam
1618 5676 1701 5722 est
1730 5673 1892 5723 t0tam
1925 5679 2064 5728 Saepe

2177 4535 2459 4593 hensibilia
2490 4531 2839 4604 ρει-περιεωιί
2865 4579 2880 4603 ,
2931 4531 3156 4586 verbum
3200 4527 3302 4584 Job
3330 4528 3569 4583 videatur
3604 4521 3721 4579 obsi-

2177 4639 2344 4693 stere,
2367 4636 2423 4683 et
2451 4624 2797 4691 iuterrogeris
2817 4638 2968 4693 super
2991 4620 3114 4693 quid
3133 4621 3314 4675 circuli
3330 4621 3443 4691 ejus
3470 4618 3609 4689 inﬁxi
3625 4620 3722 4668 sunt

2180 4719 2301 4791 (Job
2355 4733 2575 4781 xxxviii,
2608 4716 2686 4784 6).
2727 4714 2832 4768 Sed
2859 4722 2913 4767 et
2940 4714 2985 4767 si
3012 4728 3246 4782 unquam
3270 4713 3323 4766 in
3350 4711 3551 4781 psalmo
3576 4704 3722 4760 audio

2178 4812 2256 4867 ris
2290 4828 2302 4863 ε
2348 4808 2462 4879 Ego
2501 4805 2808 4876 conﬁrmari
2853 4804 3119 4857 columnas
3165 4802 3277 4872 ejus
3325 4792 3721 4872 (Psal.uxt1,l),

2183 4897 2623 4971 compositoriam
2652 4892 2896 4965 profecto
2926 4892 3178 4946 virtutem
3204 4891 3343 4961 ejus,
3376 4891 3634 4945 columnas
3659 4883 3722 4935 in-

2181 5030 2287 5088 loci
2333 5028 2560 5097 alicujus
2605 5028 2926 5083 sententiam
2970 5027 3268 5082 mutatione
3314 5027 3467 5082 unius
3507 5019 3719 5078 litterrla

2175 5097 2746 5172 corrutnpi._Basi|iu_s,
2772 5098 2896 5167 μηδέ
2911 5100 3320 5172 Δξεοιαιτοιτηοῦῗισθοις
3340 5107 3443 5157 τοῖς
3466 5099 3719 5172 ξογιεμ-ίῖι

2175 5166 2414 5226 Subinde
2445 5169 2583 5223 idem
2612 5168 2802 5231 codex,
2835 5166 3016 5238 quibus
3044 5166 3211 5221 rerum
3236 5166 3537 5238 substantia.

2252 5239 2271 5279 ί
2307 5239 2468 5303 Editi,
2507 5235 2863 5309 frigiditatem,
2894 5238 3320 5309 magnitudinem.
3352 5235 3526 5309 Codex
3566 5237 3723 5309 noster

2171 5321 2229 5366 et
2256 5309 2411 5365 Colb.
2455 5300 3134 5431 secuitdus,}{rigiditateiit,
3184 5306 3568 5377 gravitudiuem.
3608 5300 3723 5376 bene

2173 5381 2429 5431 Basilius.
2462 5380 2520 5431 τὸ
2564 5380 2717 5431 ϐαρύ.
2802 5376 2903 5430 aud
2933 5377 3089 5431 longe
3118 5375 3275 5431 Colb.
3306 5374 3594 5431 secundus.
3632 5367 3717 5419 άιε·

2173 5381 2429 5452 Basilius,
2460 5380 2541 5452 ττὸΔ
2563 5367 2903 5452 βᾳρύίῌπςῖςι
2933 5377 3089 5452 longe
3118 5367 3275 5452 Covlb.
3306 5374 3594 5436 secundus,

2170 5450 2424 5525 cusaionis
2452 5447 2718 5520 indagine.
2762 5447 3002 5502 Subinde
3030 5447 3198 5502 nostri
3240 5455 3348 5501 tres
3376 5459 3522 5525 mss.,
3554 5450 3715 5516 prope.

2168 5523 2598 5575 sueristerrcnce.
2670 5585 2684 5590 _
2888 5586 2898 5590 _
2982 5580 2994 5590 _
3090 5585 3101 5590 _
3406 5523 3413 5525 ’
3508 5589 3513 5590 γ
3618 5574 3663 5590 Α,

2247 5600 2270 5639 s
2300 5590 2452 5644 Colb.
2487 5585 2786 5655 secundus,
2816 5585 2994 5643 valeat
3019 5585 3345 5653 subvectare,
3373 5588 3625 5657 propterea
3646 5585 3711 5628 ut-

2166 5660 2428 5728 quisitioni
2458 5667 2642 5714 metas.
