3964 6198
730 252 787 281 ,1-

234 286 329 341 S77

1219 283 1609 344 HEXAEMERI
1650 282 2129 343 METAPllRASIS
2169 287 2368 342 LlBEB
2405 287 2445 342 l.

3382 284 3486 341 878

234 398 429 467 tellige.
458 396 611 464 Quod
648 406 825 453 autem
872 396 1072 452 dictum
1114 404 1239 450 est:
1280 394 1399 465 Ipse
1439 409 1593 464 super
1640 394 1806 447 maria
1837 398 1882 455 Α
1909 397 2184 450 miracula.
2252 394 2435 464 Neque
2489 395 2630 448 enim
2696 394 2966 448 minuetur
3024 406 3202 446 rerum
3257 392 3487 459 dignitas

236 488 464 560 {undavit
501 504 615 542 eam
645 487 816 559 (Psal.
852 503 1003 545 nm.
1036 486 1122 557 ‘2),
1162 484 1290 554 quid
1316 483 1462 539 aliud
1499 483 1705 540 scilicet
1731 485 1808 540 si-

236 578 468 651 gniﬁcat,
498 592 658 647 quam
687 576 813 646 quia
850 577 1086 645 undique
1113 576 1301 630 orbem
1331 581 1515 638 terrae,
1549 588 1801 642 aquarum

235 676 423 722 natura
444 665 762 721 circumfusa
790 664 1201 735 complectitur?
1230 662 1510 730 Quomodo
1532 674 1661 730 ergo
1686 677 1806 716 eum

234 758 303 812 sit
329 773 468 828 aqua
495 757 653 813 ﬂuida
671 797 686 821 ,
717 771 1034 827 semperque
1063 757 1131 813 ad
1155 756 1442 811 decliviora
1480 753 1811 810 contendere

233 846 423 912 soleat,
451 844 683 915 pendula
721 853 841 912 est,
884 853 938 900 et
968 844 1021 899 in
1064 854 1310 899 neutram
1346 843 1661 898 diﬁunditur
1688 859 1811 913 par-

235 946 339 991 tem
363 938 385 991 ?
412 935 550 991 Illud
577 951 793 1007 quoque
829 952 936 991 non
964 943 1202 1006 reputas,
1231 936 1355 1004 quia
1386 949 1494 989 non
1522 934 1809 1003 minorem,

233 1028 326 1080 sed
364 1027 530 1080 etiam
575 1026 836 1094 majorem
877 1024 1245 1080 difﬁcultatem
1295 1022 1452 1079 nobis
1496 1022 1612 1092 ipsa
1654 1022 1811 1077 tellus

235 1117 507 1185 importat,
539 1131 663 1171 cum
692 1124 842 1171 tanto
869 1116 951 1170 sui
979 1116 1217 1185 pondere
1251 1115 1444 1170 librata
1480 1122 1728 1169 teneatur
1756 1114 1811 1169 in

233 1218 377 1259 aere.
408 1203 514 1259 Sed
540 1219 762 1260 necesse
787 1213 870 1259 est
892 1245 909 1272 ,
956 1205 1070 1259 sive
1097 1219 1260 1274 super
1285 1218 1345 1259 se
1374 1203 1545 1273 ipsam
1581 1203 1812 1259 locatam

233 1312 351 1353 esse
375 1298 726 1362 concesseris,
769 1298 882 1353 sive
909 1312 1073 1368 super
1098 1311 1265 1366 aquas
1294 1311 1413 1352 eam
1443 1295 1571 1352 ferri
1610 1295 1813 1352 dixeri-

236 1403 352 1444 mus
382 1407 397 1443 :
448 1404 712 1460 nusquam
741 1404 838 1443 nos
866 1404 898 1442 a
927 1389 1145 1458 pietatis
1183 1386 1511 1455 cogitatione
1536 1386 1813 1444 discedere

234 1479 552 1542 conveniet,
583 1476 679 1533 sed
707 1477 972 1533 contineri
1000 1478 1199 1532 virtute
1235 1478 1494 1533 creatoris
1522 1476 1703 1533 omnia
1733 1475 1813 1531 fa-

234 1574 460 1621 teamur.
494 1566 617 1621 Haec
647 1566 825 1635 itaque
855 1582 955 1621 nos
984 1574 1218 1636 oportet,
1256 1574 1311 1620 et
1339 1568 1495 1622 nobis
1531 1566 1661 1636 ipsis
1688 1580 1812 1620 sua-

233 1656 381 1720 dere,
411 1664 467 1710 et
493 1656 893 1711 sciscitantibus
935 1658 1025 1711 ubi
1054 1658 1124 1711 sit
1151 1658 1356 1728 ampla,
1392 1666 1447 1712 et
1489 1658 1814 1712 insustenta-

1911 483 2288 549 maximarum,
2320 484 2367 538 si
2395 485 2513 554 qua:
2541 484 2610 538 sit
2630 499 2815 538 earum
2847 484 2983 535 ratio
3024 481 3366 550 deteguntus,
3396 494 3490 537 aut

1910 573 1955 625 si
1984 587 2143 628 secus
2167 572 2424 637 evenerit,
2455 572 2852 643 simplicitatem
2893 570 3011 625 ﬁdei
3035 569 3298 641 potiorem
3327 577 3487 623 caete-

1911 664 1987 718 ris
2012 663 2126 718 lieri
2155 664 2356 719 suadeo
2385 664 2743 720 documentis.

1985 752 2072 807 ll.
2119 752 2196 807 De
2224 754 2362 809 cmlo
2408 768 2622 823 quoque
2656 754 2703 808 si
2746 753 2935 809 eadem
2977 752 3178 807 dixeris
3207 768 3314 807 non
3361 767 3486 823 pec~

1912 842 2091 908 cabis,
2123 842 2249 898 licet
2290 843 2735 914 philosophorum
2790 843 3147 912 multiloquax
3201 844 3492 914 disputatio

1918 943 1942 973 ο
2001 932 2289 1002 plurimum
2346 948 2508 1003 super
2554 934 2677 989 caeli
2724 942 2911 988 natura
2964 933 3297 988 disseruerit.
3356 932 3488 999 Quo-

1916 1036 2036 1077 rum
2064 1021 2156 1075 alii
2183 1022 2538 1091 compositum
2563 1038 2631 1077 ex
2658 1031 2890 1093 quatuor
2916 1030 3163 1078 asserunt
3191 1023 3490 1083 elementis,

1916 1109 2200 1180 ipsumque
2237 1125 2356 1165 esse
2384 1111 2723 1175 invisibilem,
2753 1118 3069 1180 partemque
3098 1111 3299 1165 habere
3341 1110 3495 1165 tellu-

1915 1202 2007 1263 ris,
2034 1210 2255 1271 propter
2279 1202 2491 1256 insitam
2519 1203 2623 1258 sibi
2647 1202 2920 1270 duritiem,
2948 1202 3148 1257 habere
3176 1202 3338 1256 etiam
3360 1202 3496 1270 ignis

1913 1292 2231 1348 societatem
2254 1334 2269 1359 ,
2314 1307 2382 1347 ex
2409 1307 2517 1361 quo
2545 1295 2698 1362 quasi
2725 1294 3066 1363 perspicuum
3096 1301 3316 1363 putatur
3343 1308 3461 1348 esse
3479 1333 3494 1357 ,

1914 1383 2263 1439 nihilominus
2290 1385 2453 1439 etiam
2481 1385 2807 1455 reliquarum
2844 1386 3151 1455 portionum
3179 1386 3496 1456 permixtio-

1914 1487 2012 1528 nes
2039 1473 2395 1543 amplectitur.
2425 1474 2675 1530 Nonnulli
2695 1483 2894 1541 autem,
2924 1474 3227 1545 hujusmodi
3244 1476 3497 1546 opinione

1914 1572 2246 1634 contempta,
2272 1564 2513 1634 quintam
2536 1564 2818 1633 quamdam
2843 1572 3109 1629 naturam,
3136 1565 3187 1618 in
3210 1565 3329 1619 οωιί
3356 1580 3496 1620 com-

1917 1654 2184 1723 positione
2214 1654 2434 1723 proprio
2463 1654 2754 1710 commenti
2784 1654 3026 1720 arbitrio,
3058 1654 3445 1722 subjunxerunt
3480 1672 3493 1705 :

233 1744 353 1800 bilis
375 1753 533 1800 terrae
562 1746 846 1813 gravitudo
884 1745 1112 1813 ﬁrmata,
1145 1747 1494 1817 respondere,
1520 1747 1763 1802 dicentes
1794 1765 1807 1798 :
1845 1746 1890 1804 Β
1914 1743 2108 1811 quibus
2131 1742 2341 1797 videtur
2362 1742 2385 1779 ἀ
2418 1759 2610 1812 corpus
2636 1744 3073 1810 :cthereum,non
3096 1759 3189 1797 aer
3218 1758 3356 1808 esse,
3387 1759 3497 1797 non

235 1836 368 1901 Quia
398 1846 549 1893 terra:
587 1839 721 1908 ﬁnes
758 1840 811 1893 in
849 1855 1008 1893 manu
1037 1848 1158 1893 sunt
1186 1838 1286 1892 Dei
1321 1837 1492 1910 (Psal.
1526 1852 1682 1899 χειν,
1733 1837 1810 1909 Il).

233 1929 348 1984 Hoc
390 1930 769 1993 nihilominus,
802 1930 889 1985 vel
919 1930 1074 1985 nobis
1116 1930 1183 1985 ad
1217 1927 1544 1989 credendum
1574 1943 1817 1985 commo-

234 2020 370 2085 dius,
401 2021 487 2074 vel
514 2021 940 2076 auscultantibus
967 2022 1149 2076 utilius
1173 2021 1374 2091 poterit
1402 2021 1649 2075 inveniri.

304 2108 394 2165 lO.
419 2109 565 2166 Licet
583 2110 803 2179 quidam
833 2110 899 2166 de
919 2112 1152 2182 physicis
1172 2111 1506 2181 philosophis
1525 2121 1550 2148 ιι
1567 2111 1659 2165 tali
1684 2127 1816 2181 qua-

232 2199 356 2253 dam
395 2199 751 2269 dispositione
788 2208 1216 2256 commententur
1253 2209 1451 2255 terram
1489 2200 1816 2255 immobilem

232 2302 572 2356 permanere.
613 2286 815 2343 Ferunt
843 2290 984 2344 enim
1013 2287 1160 2357 quod
1190 2289 1242 2342 in
1284 2288 1486 2343 mundo
1514 2289 1615 2343 sita
1644 2289 1735 2355 sit,
1764 2298 1820 2344 et

232 2379 456 2447 paribus
491 2379 725 2447 undique
752 2378 977 2434 collecta
1006 2360 1216 2449 spatiis,
1245 2378 1312 2433 ad
1340 2378 1702 2433 summitatem
1726 2394 1819 2433 us-

231 2485 342 2537 que
384 2486 493 2525 non
522 2469 721 2525 habere
743 2509 758 2534 ,
792 2486 901 2541 quo
941 2471 1110 2539 magis
1136 2469 1315 2524 valeat
1362 2468 1635 2533 inclinari,
1667 2476 1723 2523 et
1750 2469 1821 2523 ob

234 2558 341 2613 hoc
367 2572 585 2628 semper
630 2559 685 2612 in
723 2559 1013 2629 semetipsa
1058 2558 1345 2626 consistit,
1386 2558 1822 2628 impossibileque

235 2663 355 2702 esse
380 2686 399 2713 ,
440 2656 499 2701 ut
528 2663 646 2702 eam
674 2648 911 2717 patiatur
944 2648 1224 2717 :equalitas
1253 2646 1623 2713 circumdata,
1653 2647 1820 2702 ullum

238 2737 481 2792 invenire
523 2744 854 2793 momentum
879 2778 896 2805 ,
945 2737 1000 2790 in
1042 2735 1205 2791 alium
1246 2734 1495 2790 ﬂectendi
1534 2750 1592 2791 se
1620 2734 1817 2791 locum.

239 2823 468 2881 Mediam
497 2833 683 2880 autem
722 2826 1025 2894 regionem,
1065 2840 1176 2879 non
1209 2821 1431 2879 fortuito
1468 2824 1555 2879 vel
1582 2831 1817 2894 sponte:

240 2930 337 2972 nec
364 2915 543 2986 aliqua
571 2923 719 2970 sorte
745 2914 1025 2984 quresitam
1054 2921 1239 2971 tenere
1266 2915 1512 2969 tellurem
1544 2932 1558 2967 :
1589 2915 1681 2969 sed
1712 2928 1817 2968 na-

239 3007 487 3062 turaliter
513 3006 923 3075 necessarieque
945 3005 1069 3061 situi
1089 3004 1205 3075 ejus
1229 3020 1351 3062 esse
1376 3005 1669 3061 decretam.
1697 3003 1823 3061 Cm-

1927 1839 2069 1885 terra
2089 1873 2104 1897 ,
2149 1848 2255 1886 non
2284 1847 2451 1901 aqua,
2484 1848 2589 1887 non
2619 1834 2755 1901 ignis
2793 1849 2893 1888 nec
2921 1832 3064 1886 aliud
3111 1834 3323 1901 penitus
3348 1835 3495 1913 quod

1918 1921 2148 1991 simplex
2177 1937 2297 1977 esse
2331 1923 2603 1990 credatur,
2635 1924 2706 1978 ob
2754 1924 2858 1978 hoc
2887 1922 3158 1990 videlicet,
3187 1921 3334 1991 quod
3364 1923 3495 1977 sim-

1919 2011 2145 2082 plicibus
2174 2012 2436 2067 familiare
2483 2021 2595 2076 est,
2629 2019 2834 2066 tnotum
2872 2026 3085 2081 semper
3125 2011 3324 2065 habere
3353 2009 3496 2065 dire-

1917 2109 2083 2166 ctum,
2109 2116 2336 2170 quorum
2358 2102 2558 2155 leviora
2585 2116 2796 2155 sursum
2816 2115 3029 2170 semper
3048 2100 3348 2165 intendunt,
3370 2114 3493 2169 gra-

1918 2191 2070 2246 viora
2099 2207 2227 2247 vere
2256 2192 2508 2247 deorsum
2540 2192 2807 2246 labuntur.
2837 2191 2946 2246 Sed
2984 2206 3086 2246 nec
3122 2190 3369 2260 superior
3399 2201 3494 2245 aut

1919 2280 2144 2336 inferior
2170 2297 2296 2351 pars
2325 2282 2546 2347 telluris,
2583 2291 2607 2319 ε
2635 2282 2869 2336 vertibili
2906 2290 3073 2347 motu,
3107 2281 3247 2335 idem
3276 2282 3495 2337 omnino

1920 2376 2007 2430 vel
2036 2375 2300 2431 directum
2330 2390 2455 2446 erga
2498 2378 2681 2433 circuli
2726 2379 3106 2433 rotunditatem
3148 2382 3388 2436 continet
3414 2381 3496 2435 in—

1921 2464 2222 2518 tervallum.
2267 2464 2505 2531 Quorum
2534 2475 2714 2522 autem
2761 2469 3032 2523 naturales
3078 2479 3257 2526 motus
3298 2473 3495 2526 mutari

1920 2556 2115 2620 solent,
2146 2572 2332 2611 eorum
2373 2559 2536 2613 etiam
2568 2560 2855 2630 qualitates
2884 2563 3025 2631 ipsas
3054 2564 3338 2620 mutabiles
3377 2578 3497 2619 esse

1921 2660 2141 2701 necesse
2166 2654 2267 2701 est.
2311 2645 2462 2701 Licet
2490 2663 2591 2703 nec
2617 2648 2685 2704 de
2718 2649 2822 2704 illis
2845 2651 3225 2720 principalibus
3252 2653 3497 2722 corpori-

1920 2737 2041 2801 bus,
2071 2752 2189 2805 quae
2205 2748 2467 2792 vocantur
2493 2739 2779 2807 elementa,
2811 2741 3061 2810 possibile
3091 2741 3244 2796 nobis
3270 2749 3355 2798 est
3380 2756 3499 2797 cre-

1921 2824 2051 2880 dere
2094 2827 2287 2881 ccelum
2327 2826 2489 2882 fuisse
2529 2830 2883 2907 compositum
2920 2848 2933 2883 :
2965 2830 3218 2899 quoniam
3268 2846 3331 2886 ea
3377 2846 3498 2901 quae

1921 2929 1991 2969 ex
2020 2914 2235 2970 diversa
2276 2918 2500 2970 materia
2528 2925 2929 2982 construuntur,
2977 2920 3196 2974 minime
3224 2921 3324 2975 sibi
3361 2937 3495 2977 con-

1921 3004 2179 3070 veniunt,
2233 3019 2333 3060 nec
2360 3014 2587 3076 possunt
2613 3007 2728 3061 sine
2767 3008 2819 3062 vi
2846 3008 3021 3078 aliqua
3065 3017 3272 3065 motum
3313 3018 3498 3066 tenere

240 3097 358 3152 lesti
387 3096 533 3152 enim
561 3111 808 3167 corpore,
840 3096 1149 3151 ulteriorem
1179 3096 1235 3150 in
1262 3095 1631 3165 superioribus
1662 3101 1819 3151 nacto
1846 3090 1894 3154 C
1923 3094 2248 3151 concordem
2271 3136 2286 3160 ,
2312 3102 2370 3149 ut
2399 3104 2526 3166 pote
2567 3096 2789 3165 singulis
2815 3098 3056 3167 partibus
3082 3140 3097 3166 ,
3136 3098 3298 3153 alium
3338 3108 3499 3168 atque

239 3188 451 3253 sedem;
484 3202 816 3257 quaecunque
838 3228 853 3253 ,
900 3187 1173 3256 inquiunt,
1220 3187 1546 3241 arbitramur
1578 3187 1816 3256 pondera

239 3275 306 3330 de
336 3278 472 3332 locis
498 3277 877 3332 summioribus
897 3276 966 3330 ad
986 3277 1095 3331 ima
1122 3275 1469 3341 descendere,
1498 3275 1551 3329 in
1580 3275 1818 3330 medium

239 3373 632 3434 congregantur
676 3366 887 3431 locum;
918 3373 973 3420 et
1008 3366 1062 3420 in
1092 3380 1183 3421 eas
1225 3365 1487 3421 stationes
1522 3372 1693 3420 totum
1718 3364 1817 3420 de-

239 3452 359 3509 duci
383 3469 610 3510 necesse
638 3464 723 3510 est
750 3470 945 3526 corpus
972 3455 1025 3509 in
1051 3470 1187 3524 quas
1214 3455 1435 3523 singultu
1467 3462 1651 3524 partes
1674 3454 1820 3510 coic-

240 3544 363 3598 rint.
406 3544 571 3612 Quod
612 3547 661 3601 si
688 3545 892 3616 lapides
918 3553 974 3601 et
1019 3546 1161 3612 ligna
1186 3585 1202 3610 ,
1244 3551 1542 3614 cunctaque
1571 3552 1816 3609 terrena,

240 3647 449 3704 semper
480 3635 548 3689 ad
588 3634 839 3691 inferiora
884 3635 1156 3705 pelluntur
1187 3652 1200 3687 :
1233 3634 1306 3689 ibi
1354 3635 1458 3688 erit
1500 3634 1617 3689 sine
1655 3634 1818 3688 dubio

240 3726 454 3794 propria
488 3728 919 3795 conveniensque
947 3736 1104 3781 terrae
1129 3725 1346 3795 positio.
1375 3725 1431 3780 Si
1461 3740 1590 3780 vero
1615 3725 1819 3795 aliquid

242 3813 308 3869 de
345 3815 641 3872 levioribus
668 3831 735 3871 ex
776 3816 952 3871 media
987 3817 1209 3884 regione
1247 3816 1569 3878 movebitur,
1604 3814 1630 3854 ι’
1664 3815 1718 3869 id
1747 3815 1816 3869 ad

242 3919 471 3974 superna
519 3906 644 3961 ferri
686 3908 1041 3962 certissimum
1082 3914 1166 3962 est
1210 3908 1509 3977 :quoniam
1554 3907 1817 3964 familiare

242 4003 319 4049 est
354 3998 518 4067 rebus
546 3998 870 4065 gravissimis
910 3998 1014 4050 ima
1044 4012 1261 4067 semper
1287 4004 1562 4066 appetere.
1592 3997 1700 4052 Ima
1729 4013 1819 4052 au-

242 4093 345 4139 tem
370 4087 619 4153 dicimus,
648 4088 882 4142 medium
913 4088 1078 4143 totius
1099 4088 1281 4142 mundi
1313 4088 1507 4155 locum.
1542 4087 1656 4142 Non
1685 4101 1815 4155 ergo

240 4177 468 4247 mireris,
517 4180 562 4233 si
594 4194 852 4249 nusquam
880 4194 940 4234 sc
969 4180 1127 4233 tellus
1164 4180 1405 4245 inclinat,
1442 4188 1500 4232 ut
1534 4187 1662 4248 pote
1700 4194 1815 4234 me-

239 4263 373 4317 diam
404 4268 644 4320 omnium
688 4269 878 4321 sortita
923 4268 1145 4333 sedem,
1197 4269 1249 4321 in
1278 4283 1383 4337 qua
1426 4284 1545 4323 eam
1588 4283 1809 4323 necesse

240 4361 318 4406 est
345 4370 557 4424 semper
584 4366 729 4411 stare
748 4399 764 4425 ,
793 4359 1204 4425 nullatenusque
1232 4367 1417 4413 contra
1448 4367 1715 4426 naturam,
1745 4359 1813 4414 de

1920 3184 2084 3238 alium
2126 3185 2382 3253 impetum
2410 3184 2729 3241 habentibus
2769 3202 2835 3241 ex
2864 3196 3077 3257 natura,
3117 3189 3390 3258 nimioque
3420 3190 3498 3244 la-

1919 3272 2052 3328 bore
2078 3287 2203 3341 qua?
2224 3273 2523 3342 composita
2549 3283 2697 3341 sunt,
2733 3275 2785 3328 in
2815 3285 2965 3331 motu
2992 3278 3337 3332 continentur
3362 3280 3498 3333 assi-

1920 3364 2047 3419 duo.
2078 3363 2263 3434 Neque
2308 3364 2449 3419 enim
2499 3371 2679 3434 potest
2732 3381 2838 3419 una
2884 3375 3046 3438 atque
3090 3368 3282 3422 eadem
3327 3370 3495 3433 ratio,

1925 3453 1946 3490 ί
1977 3452 2138 3508 rebus
2166 3452 2308 3508 inter
2344 3467 2403 3508 se
2431 3451 2780 3509 dissimilibus
2823 3470 2886 3510 ac
2922 3457 3342 3525 repugnantibus
3368 3473 3499 3511 con-

1919 3557 2117 3597 sonare
2146 3560 2160 3595 :
2192 3557 2314 3597 cum
2352 3557 2417 3597 ea
2443 3557 2562 3612 quae
2599 3543 2889 3599 levioribus
2911 3553 3036 3599 sunt
3064 3546 3257 3607 amica,
3284 3548 3498 3613 gravio—

1918 3633 2068 3689 ribus
2107 3633 2377 3688 contraria
2402 3632 2728 3702 judiceutur.
2760 3626 2893 3689 Nam
2928 3650 3049 3689 eum
3079 3636 3147 3690 ad
3184 3650 3414 3706 superna
3442 3646 3499 3690 et

1919 3723 2156 3778 ctelestia
2190 3738 2564 3793 properamus,
2596 3723 2837 3795 pondere
2866 3734 3084 3780 terreno
3124 3724 3495 3795 deprimimur.

1920 3813 2053 3870 Cum
2081 3826 2259 3871 autem
2289 3817 2354 3872 ad
2401 3817 2507 3872 ima
2534 3817 2914 3887 demergimur,
2974 3819 3081 3873 vim
3112 3818 3334 3875 facimus
3363 3820 3493 3887 igni,

1918 3917 2106 3961 contra
2159 3916 2402 3963 naturam
2451 3925 2602 3964 suam
2658 3925 2781 3965 eum
2835 3911 3209 3981 pertrahentes
3254 3908 3495 3968 inferius.

1921 3995 2318 4054 Elementorum
2355 4012 2534 4055 autem
2572 4002 2849 4057 distractio
2892 4004 2946 4057 in
2984 4011 3165 4073 partes
3205 4003 3362 4060 ducta
3415 4005 3497 4057 di-

1917 4104 2099 4143 versas
2148 4092 2315 4145 ruina:
2358 4107 2552 4147 causas
2589 4099 2646 4147 et
2690 4093 2976 4147 solutionis
3019 4094 3293 4163 importat.
3341 4094 3497 4161 Quod

1917 4180 2060 4233 enim
2110 4180 2372 4234 violenter
2400 4190 2590 4234 natura
2629 4191 2915 4236 recusante
2952 4190 3210 4245 tentatur,
3248 4184 3498 4251 celeriter

1915 4270 2205 4339 dissipatur
2236 4288 2250 4323 :
2293 4279 2352 4323 ut
2371 4281 2498 4339 pote
2527 4272 2750 4339 singulis
2778 4271 3017 4340 partibus
3043 4287 3142 4341 per
3163 4287 3297 4341 quas
3324 4275 3495 4329 moles

1916 4368 2226 4415 constructa
2252 4360 2493 4415 subsistit
2518 4400 2533 4424 ,
2576 4360 2645 4413 ad
2674 4377 2829 4415 suum
2860 4362 3177 4432 principium
3222 4363 3497 4419 redeunti-

238 4444 460 4511 propriis
513 4445 706 4498 ﬁnibus
752 4447 1081 4501 submoveri.
1126 4447 1329 4500 Horum
1377 4447 1536 4514 igitur
1591 4448 1638 4502 si
1685 4449 1810 4516 quid
1849 4416 1893 4473 Ι)
1918 4449 2036 4504 bus.
2081 4448 2311 4519 Propter
2351 4450 2539 4503 harum
2581 4449 2741 4517 igitur
2768 4416 3080 4519 opinionum
3113 4454 3494 4519 necessitates,

239 4528 327 4583 tibi
349 4533 626 4600 probabile
656 4533 925 4598 videatur,
962 4535 1027 4587 ad
1053 4534 1371 4604 sapientiam
1401 4537 1690 4602 creatoris,
1719 4537 1810 4605 qui

239 4618 347 4676 haec
375 4623 447 4677 ita
497 4621 793 4692 disposuit,
837 4633 1053 4692 oportet
1089 4633 1144 4679 te
1180 4623 1485 4693 hujusmodi
1524 4626 1813 4681 transferre

308 4761 330 4788 ἰ
367 4751 534 4815 Editi,
587 4754 679 4807 tali
724 4752 949 4823 quadam
995 4753 1329 4823 dispositione
1377 4764 1804 4813 commentautur.

242 4816 444 4901 ferrum
468 4816 778 4904 immobilem
806 4816 1110 4904 permanere
1139 4824 1499 4904 feruntnguod
1528 4826 1592 4904 iri
1617 4827 1806 4904 m_u_ndo

239 4891 333 4963 sita
361 4891 442 4963 sit.
477 4893 545 4944 At
572 4891 724 4945 Colb.
757 4891 1023 4945 secundus
1046 4892 1117 4963 ita
1140 4891 1207 4945 ἰιι
1239 4891 1518 4947 edidimus.
1554 4893 1803 4963 Basilius,

240 4954 317 5037 διᾱξ
345 4960 400 5037 ῖρ
539 4964 698 5037 μέσην
723 4969 814 5015 τοῦ
840 4964 1025 5037 Trinitas:
1056 4962 1297 5037 εἰληφέναι
1327 4966 1530 5037 χώραν.

307 5024 330 5062 ι’
359 5026 518 5095 Editi,
539 5024 689 5100 idad
712 5045 871 5100 supra
900 5031 1044 5100 ferri.
1078 5024 1224 5100 Libri
1255 5024 1466 5100 veiérés
1484 5070 1498 5094 ,
1541 5031 1597 5083 id
1626 5032 1695 5085 ad
1722 5050 1809 5087 su-

239 5108 392 5159 perna
421 5100 563 5166 ferri.
596 5098 705 5167 Nec
731 5097 803 5150 ita
832 5097 1002 5153 multo
1029 5108 1152 5167 post
1179 5097 1331 5154 Colb.
1364 5100 1649 5164 secundus,
1679 5118 1807 5157 nus-

241 5177 385 5236 quam
396 5183 450 5236 se
471 5167 634 5220 tellus.
652 5166 849 5236 Vocula
865 5183 919 5220 se
931 5167 981 5221 in
993 5166 1221 5236 vulgatis
1233 5167 1657 5224 desiderabatur.
1672 5170 1811 5226 Sub—

152 5234 161 5243 “
243 5227 535 5304 inde_Colb.
565 5234 849 5297 secundus,
867 5253 1041 5289 earum
1065 5227 1216 5291 ratio.
1248 5236 1408 5299 Editi,
1426 5254 1622 5304 eorum,
1650 5244 1806 5295 male.

244 5298 529 5424 co‘ll'éld‘iti,
555 5304 871 5376 plurima....
903 5306 1163 5361 disseruit.
1193 5305 1347 5362 Colb.
1380 5298 1643 5371 Secundus
1671 5319 1730 5363 ut
1755 5311 1808 5365 in

312 5386 338 5421 η
400 5387 430 5424 Χ
455 5389 507 5424 u.

312 5386 507 5426 ntextu.

310 5436 530 5515 fEditi,
557 5460 742 5515 corpus
783 5454 1051 5515 retentum,
1091 5445 1341 5513 pessime.
1374 5446 1558 5503 Codex
1601 5443 1804 5515 noster,

245 5508 524 5586 cibarium.
553 5508 658 5567 Alii
684 5514 810 5579 duo,
842 5508 1137 5580 tethereimi,
1168 5516 1390 5586 Optime.
1418 5515 1477 5571 ln
1505 5514 1716 5584 Graeco,
1745 5508 1804 5575 τὲ

246 5577 447 5651 αίθέρέονν
476 5596 642 5651 wes-

316 5638 494 5705 °'Editi
510 5638 563 5707 ei
580 5650 733 5707 Colb.
747 5654 969 5723 primus,
989 5652 1219 5709 vestibuli
1233 5662 1393 5724 metu,
1415 5655 1561 5724 gravi
1584 5656 1802 5713 mendo.

1922 4549 1947 4587 κ
1975 4547 2122 4594 secta
2165 4540 2403 4608 priorum
2432 4539 2871 4610 philosophorum
2891 4582 2905 4606 ,
2940 4542 2991 4594 hi
3032 4542 3120 4610 qui
3164 4550 3350 4611 postea
3379 4560 3496 4599 sur-

1918 4642 2133 4684 cessere
2175 4628 2430 4693 rescissa,
2476 4630 2724 4700 proprias
2763 4631 3088 4685 assertiones
3115 4630 3379 4701 subjicere
3413 4632 3492 4687 [ρ-

1912 4760 2014 4814 Alii
2042 4761 2150 4817 duo
2164 4778 2366 4837 _mss._,__
2392 4763 2612 4819 oertibili
2628 4775 2777 4837 Amotu
2803 4780 2970 4837 :‘qute
2996 4766 3278 4837 scriptura,
3316 4782 3486 4837 quan-

1910 4844 2072 4953 guam
2103 4833 2436 4887 tolerabilior
2457 4845 2560 4902 est,
2589 4835 2696 4889 vim
2728 4833 2905 4888 Lumen
2931 4851 3035 4889 non
3063 4833 3495 4904 eiprimit'vocis

1962 4916 2130 4953 mecm.
2162 4912 2223 4953 τῆ
2261 4904 2457 4953 multari
2485 4910 2814 4953 πείικινήσει.
2840 4913 2980 4953 motu
3000 4905 3324 4953 arbiculntim
3353 4917 3491 4953 actu-

2261 4904 2457 4978 κνιᾲιικῇ
2485 4926 2577 4975 περ
2589 4910 2814 4978 tuturis-et,
2840 4913 2980 4978 προίει
3000 4905 3324 4978 orbiculatim
3352 4917 3491 4978 acto.

1992 4967 2009 5005 ε
2055 4967 2208 5024 Εόὶῑῖ
2239 4979 2294 5025 et
2332 4967 2443 5026 duo
2470 4967 2628 5036 mss”
2679 4973 2828 5026 rebus
2863 4973 3109 5027 interesse
3137 4976 3493 5031 dissimilibus.

1914 5036 2068 5091 Colb.
2113 5039 2406 5102 secundus,
2439 5043 2589 5095 rebus
2629 5043 2764 5095 inter
2802 5059 2857 5095 se
2891 5043 3243 5099 dissimilibus.
3293 5046 3494 5101 Ibidem

1914 5107 2463 5189 editikpuguantibus.
2480 5111 2711 5189 _Antiqui
2739 5111 2891 5189 libri,
2924 5114 3349 5189 repugnantibus.

1988 5185 2013 5222 κ
2043 5176 2221 5250 Editi,
2263 5187 2385 5250 acta
2410 5176 2687 5250 priorum':
2716 5181 2858 5249 quod
2889 5176 3018 5250 quid
3050 5176 3165 5239 'sibi
3192 5184 3322 5238 velit
3364 5184 3495 5241 satis

1913 5260 2023 5300 non
2041 5246 2384 5321 intelligitur.
2411 5246 2493 5301 Ἀι
2522 5250 2690 5321 nostri
2724 5246 2832 5305 [res
2859 5246 3014 5319 m'ss.,
3042 5263 3182 5307 secta
3216 5255 3442 5321 priorum
3474 5270 3492 5306 :

1912 5315 2057 5382 quod
2088 5315 2287 5396 nemini
2319 5333 2431 5396 non
2453 5319 2800 5388 probabitur,
2832 5321 2879 5396 si_
2910 5315 3069 5376 modo
3101 5340 3201 5376 vox
3216 5315 3450 5396 rescissa
3475 5364 3491 5389 ,

1909 5397 2029 5450 quas
2056 5387 2237 5460 statim
2266 5387 2526 5460 sequitur,
2558 5400 2837 5444 moveatur
2867 5391 2986 5445 loco
3014 5406 3113 5445 suo
3131 5430 3145 5453 ,
3179 5400 3317 5443 secta
3343 5387 3491 5460 prio;

1909 5469 2023 5505 rum
2062 5453 2481 5531 philosophorum
2508 5460 2727 5531 rescissa
2751 5501 2765 5525 ,
2809 5460 2994 5531 [tiqui
3027 5470 3203 5531 postea
3240 5453 3493 5513 successe-

1907 5530 2049 5597 runt,
2081 5524 2338 5597 proprias,
2370 5534 2474 5581 etc.
2507 5525 2659 5582 Colb.
2693 5524 2978 5589 secundus,
3022 5524 3287 5597 propriam
3315 5545 3491 5582 asser-

1910 5590 2115 5666 tionem_.
2149 5590 2360 5666 Necita
2392 5597 2562 5652 multo
2589 5607 2709 5666 post
2735 5597 2885 5652 Colb.
2921 5590 3207 5665 secundus,
3235 5600 3492 5653 siderum-

1904 5676 2000 5730 que
2026 5659 2333 5717 substantia.
