3964 6198
502 265 610 328 879

1966 267 2006 322 Ε
2017 260 2325 324 USTATllll

3640 263 3728 325 ,3,

505 385 772 440 stinarunt
804 398 816 437 :
861 382 1105 452 quintam
1134 381 1424 453 quamdam
1453 389 1700 437 naturam
1740 381 2000 450 corporis,
2034 389 2093 435 ut
2121 389 2168 443 Α
2195 396 2336 434 mur.
2362 377 2431 432 Et
2452 392 2519 433 ex
2543 375 2912 446 magnitudine
2942 389 3228 444 corporum
3257 374 3730 447 circumscriptum

507 473 738 530 diximus
763 515 778 542 ,
821 474 877 529 in
916 475 1039 530 caeli
1087 475 1429 544 siderumque
1477 474 1829 530 substantiam
1869 473 2089 530 subesse

509 565 803 619 firmantes.
847 563 998 620 Alius
1041 572 1224 620 autem
1251 565 1470 634 quidam
1512 563 1580 619 de
1610 563 1906 618 acrioribus
1929 602 1944 627 ,
1977 562 2093 616 haec

506 654 725 730 quidem
755 671 874 725 qua:
901 656 1236 710 narravimus
1261 664 1450 711 cuncta
1480 635 1779 718 destruxit,
1812 652 2092 722 proprium

504 759 637 800 vero
667 746 862 816 dogma
890 747 1035 802 visus
1064 753 1146 801 est
1176 745 1581 801 commendare.
1607 743 1684 798 De
1713 743 1907 811 quibus
1935 741 1980 795 si
2002 755 2090 795 re-

503 837 647 892 ferre
673 838 882 906 singula
911 838 1278 902 maluerimus,
1319 837 1548 892 similem
1578 836 1684 890 illis
1710 835 1979 904 patiemur
2006 847 2095 886 er-

506 943 708 984 rorem.
741 927 849 982 Sed
869 943 964 983 eos
988 943 1019 982 a
1041 928 1346 996 semetipsis
1370 926 1606 981 vicissim
1633 924 1793 992 dejici
1823 923 2097 989 relinqua-

505 1038 647 1088 mus,
669 1028 726 1076 et
753 1022 902 1077 omni
934 1022 1146 1076 illorum
1168 1021 1517 1077 contentione
1544 1019 1874 1089 postposita,
1904 1030 2098 1085 sequa-

505 1129 628 1168 mur
647 1112 868 1184 Moysen
889 1112 1158 1168 dicentem
1189 1130 1201 1165 :
1236 1111 1302 1165 In
1323 1111 1578 1181 principio
1606 1110 1726 1180 fecit
1754 1107 1895 1161 Deus
1917 1107 2098 1161 caelum

504 1216 554 1260 et
585 1215 797 1272 terram,
830 1205 1286 1273 Conditoremque
1315 1203 1576 1274 optimum
1605 1216 1787 1256 rerum
1815 1199 2101 1269 sapientis-

507 1298 642 1352 sime
673 1297 1027 1352 formatarum
1063 1296 1446 1366 glorificenius,
1479 1303 1534 1349 et
1561 1310 1629 1349 ex
1656 1293 1946 1348 visibilium
1974 1291 2089 1361 pul-

507 1389 810 1444 chritudine
835 1431 849 1456 ,
903 1389 1052 1444 illum
1079 1388 1170 1459 qui
1198 1388 1358 1443 nimis
1386 1387 1624 1457 optimus
1659 1393 1742 1440 est
1767 1383 2100 1454 contemple-

2196 471 2484 526 metiamur
2504 467 2660 524 illum
2690 468 2952 522 infinitum
2973 509 2988 535 ,
3019 474 3074 520 et
3103 467 3415 531 maximum,
3459 483 3733 538 omnemque

2197 564 2584 633 cogitationem
2611 561 2786 617 cordis
2813 561 3034 615 humani
3063 575 3169 614 sua:
3196 560 3411 614 virtutis
3435 559 3736 629 amplitudine

2199 652 2704 721 transgredientem.
2756 650 2890 705 Nam
2931 651 3057 705 licet
3094 658 3354 705 creaturae
3401 663 3625 704 naturain
3659 655 3738 704 mi-

2199 745 2344 799 nime
2372 742 2923 814 comprehendamus,
2956 753 3135 796 tamen
3165 742 3400 810 idipsum
3437 741 3573 810 quod
3599 745 3738 798 tenuio

2201 842 2285 890 ter
2323 842 2510 889 nostro
2533 834 2814 902 subjicitur
2838 832 3153 893 intellectui,
3185 839 3395 885 tantum
3425 832 3580 886 habet
3605 833 3739 886 admi-

2198 926 2448 994 rationis,
2481 933 2539 980 ut
2565 926 2730 980 etiam
2751 925 3090 980 velocissima
3120 939 3273 977 mens
3304 922 3520 976 inferior
3538 923 3739 977 videatur

2201 1019 2287 1074 his
2310 1019 2474 1073 rebus
2499 1033 2618 1087 quae
2646 1017 2699 1071 in
2730 1017 2834 1071 hoc
2861 1016 3062 1071 mundo
3093 1016 3363 1070 habentur
3387 1016 3596 1081 exigum,
3623 1017 3739 1068 debi-

2207 1119 2426 1179 tamque
2465 1124 2628 1178 super
2655 1108 2904 1163 onmibus
2947 1105 3160 1162 laudem
3182 1106 3466 1162 Conditori
3493 1107 3738 1161 referamus

2203 1202 2496 1272 impensius
2539 1219 2552 1253 :
2583 1201 2672 1256 cui
2698 1199 2870 1268 gloria
2898 1207 2955 1253 et
2981 1199 3176 1264 honor,
3220 1215 3367 1254 nunc
3394 1206 3448 1253 et
3477 1209 3678 1268 semper,
3700 1209 3741 1253 et

2203 1295 2258 1350 in
2287 1295 2481 1351 saecula
2510 1293 2849 1350 seculorum.
2884 1292 3076 1348 Amen.

506 1519 3707 1547 W—W

1409 1621 1889 1732 LIBER
1971 1617 2858 1729 SECUNDUS.

582 1819 632 1871 i.
669 1808 892 1871 Medicis
920 1825 1077 1867 mane
1102 1808 1341 1866 decursis
1370 1804 1732 1870 sermonibus,
1765 1815 1936 1869 usque
1965 1799 2101 1854 adeo
2132 1807 2178 1866 Β
2205 1801 2342 1856 dixit
2369 1801 2440 1855 ob
2467 1801 2601 1856 duas
2622 1809 2831 1867 causas,
2859 1809 2952 1855 aut
2973 1802 3096 1871 quia
3126 1801 3357 1856 necdum
3385 1809 3640 1870 spectator
3655 1799 3744 1866 ejus

509 1907 756 1964 abditam
787 1903 1124 1959 altitudinem
1161 1899 1466 1954 intellectus
1500 1895 1834 1959 invenimus,
1865 1899 1924 1944 ut
1961 1889 2099 1943 libe-

509 2010 592 2055 ret
613 1999 834 2054 omnino
861 1995 928 2049 de
959 1991 1308 2062 sequentibus
1349 1988 1638 2056 desperare
1672 2002 1684 2036 :
1727 1984 1772 2040 si
1802 1983 1946 2038 enim
1977 1996 2101 2034 san-

508 2102 723 2146 ctorum
773 2088 895 2142 talis
935 2085 1188 2140 introitus
1228 2090 1330 2149 est,
1361 2089 1415 2134 et
1460 2076 1779 2133 vestibulum
1811 2072 1996 2142 templi
2025 2072 2102 2126 sic

513 2181 772 2236 decorum
799 2187 856 2232 et
895 2174 1254 2246 splendidum,
1283 2181 1343 2226 ut
1370 2169 1634 2239 elegantia
1663 2182 1773 2223 suae
1802 2163 2102 2235 pulchritu-

507 2273 649 2328 dinis
678 2271 869 2328 oculos
898 2277 1097 2325 nostra:
1127 2265 1324 2321 mentis
1347 2262 1590 2326 irradiet,
1621 2259 1799 2330 qualia
1835 2255 2100 2312 censenda

506 2375 631 2422 sunt
658 2373 844 2420 sancta
885 2358 1239 2416 sanctorum?
1277 2356 1408 2420 Quis
1438 2367 1567 2421 ergo
1596 2352 1666 2406 sit
1694 2364 1857 2404 ausus
1898 2347 2100 2416 impos-

505 2456 680 2523 sibilia
712 2463 1090 2517 contrcctare;
1132 2457 1226 2502 aut
1266 2447 1388 2517 quis
1438 2442 1733 2498 intuebitur
1781 2436 2095 2498 ineffabilia,

507 2562 736 2618 quorum
761 2556 816 2601 et
843 2545 987 2599 visus
1011 2552 1092 2598 est
1123 2538 1528 2604 iuaccessibilis,
1559 2545 1614 2589 ct
1637 2533 1774 2588 ratio
1798 2529 2100 2584 intellectus

507 2638 828 2695 inell'abilis?
857 2637 1059 2692 Tamen
1091 2635 1346 2703 quoniam
1374 2630 1515 2701 apud
1538 2628 1739 2698 justum
1762 2623 2013 2695 judicent,
2044 2627 2100 2674 et

511 2748 614 2804 pro
660 2733 778 2788 solo
808 2731 986 2787 studio
1016 2729 1330 2791 meliorum,
1373 2740 1473 2780 nos
1511 2717 1930 2790 contemptibilis
1959 2729 2100 2769 mer-

507 2838 601 2880 ces
647 2832 730 2878 est
774 2822 1031 2890 deputata
1081 2836 1094 2870 :
1141 2817 1358 2870 minime
1407 2827 1506 2868 nos
1553 2813 1734 2882 pigeat
1781 2808 2094 2878 explorare.

509 2910 642 2967 Nam
681 2910 927 2980 quamvis
974 2907 1200 2962 nmltum
1245 2903 1508 2972 dignitate
1553 2898 1860 2970 lmjusmodi
1908 2897 2098 2950 abesse

507 3005 828 3067 credamur,
879 3010 1056 3055 tamen
1093 2998 1138 3052 si
1186 2996 1520 3050 voluntatem
1565 2991 1860 3060 Scriptum:
1899 3002 2095 3056 sequa-

509 3109 650 3157 mur,
682 3090 1008 3157 sutiragante
1035 3094 1224 3140 sancto
1251 3083 1476 3153 Spiritu,
1508 3096 1606 3136 nec
1643 3095 1740 3134 nos
1770 3073 2098 3146 improbabi-

2203 1898 2546 1961 processerat
2573 1891 2758 1956 homo,
2810 1899 2904 1944 aut
2930 1892 3056 1959 quia
3085 1891 3184 1945 sub
3215 1892 3373 1959 aquis
3391 1932 3404 1955 ,
3436 1905 3550 1958 qua:
3577 1899 3684 1943 tunc
3706 1888 3743 1943 ei

2203 1989 2541 2050 supererant,
2572 1981 2764 2044 latens,
2794 1981 2942 2036 nullo
2966 1980 3128 2035 modo
3155 1981 3500 2034 cernebatur.
3543 1979 3744 2032 Nondum

2203 2075 2345 2128 enim
2387 2082 2540 2143 aqua:
2581 2083 2917 2140 congregata:
2961 2070 3174 2126 fuerant
3203 2073 3257 2126 in
3288 2072 3520 2141 propriis
3543 2070 3566 2106 ά
3587 2085 3745 2124 conce-

2201 2163 2470 2232 ptaculis,
2519 2176 2654 2231 quas
2705 2162 2761 2216 in
2810 2179 2973 2216 unum
3022 2171 3212 2231 postea
3251 2163 3507 2216 collectas
3532 2160 3744 2214 Dominus

2200 2253 2370 2307 maria
2413 2253 2758 2322 nuncupavit.
2805 2253 3073 2306 invisibile
3114 2253 3299 2320 itaque
3348 2260 3467 2315 est,
3513 2250 3592 2304 vel
3631 2247 3742 2317 quod

2201 2343 2374 2398 oculis
2393 2359 2500 2398 non
2521 2352 2703 2412 potest
2725 2343 3030 2397 carnalibus
3047 2341 3455 2411 comprehendi,
3475 2340 3602 2393 sicut
3625 2353 3743 2391 mens

2202 2441 2388 2488 nostra
2414 2473 2428 2496 ,
2460 2433 2546 2487 vel
2576 2433 2706 2487 illud
2735 2433 2878 2501 quod
2909 2442 3102 2486 natura
3132 2430 3356 2502 quidem
3403 2431 3544 2486 cerni
3580 2436 3738 2498 potest,

2200 2523 2295 2578 sed
2326 2523 2548 2592 propter
2577 2523 2868 2578 obductum
2898 2523 3000 2576 sibi
3028 2517 3393 2577 vclamentum
3420 2520 3643 2588 corporis
3667 2517 3740 2569 ali-

2201 2612 2356 2682 cujus
2404 2613 2772 2678 absconditur,
2821 2613 2960 2667 sicut
3006 2611 3206 2666 ferrum
3254 2611 3404 2681 quod
3444 2611 3493 2662 in
3520 2606 3740 2677 profundo

2198 2703 2359 2774 jacet.
2401 2703 2515 2758 Hac
2563 2704 2744 2772 itaque
2792 2703 3002 2756 ratione
3050 2717 3191 2756 nunc
3233 2699 3550 2754 invisibilem
3582 2705 3739 2750 terram

2202 2795 2402 2850 dictam
2449 2799 2570 2849 esSe
2599 2794 2895 2864 putandum
2933 2801 3042 2858 est,
3076 2802 3098 2828 ο
3124 2802 3182 2846 ut
3210 2800 3348 2860 pote
3385 2803 3501 2858 quae
3525 2797 3739 2855 aquarum

2201 2885 2487 2959 superficie
2511 2887 2809 2956 tegebatur.
2859 2885 3066 2940 Deinde
3093 2885 3218 2953 quia
3254 2884 3485 2940 necdum
3512 2882 3614 2936 luce
3636 2893 3739 2933 cono

2199 2980 2384 3034 stituta
2403 3010 2420 3042 φ
2449 2977 2642 3030 mirum
2671 2991 2777 3030 non
2804 2985 2886 3030 est
2913 2975 2959 3029 si
2981 2974 3270 3029 haberetur
3301 2970 3570 3027 invisibilis
3601 2987 3614 3021 :
3645 2979 3739 3021 cum

2201 3086 2296 3126 aer
2321 3070 2436 3139 ipse
2464 3067 2749 3138 splendore
2775 3081 2963 3122 carens
2990 3073 3132 3120 esset
3153 3065 3438 3120 obscurus.

509 3183 587 3237 les
613 3147 994 3250 jndicabiinur,
1023 3185 1079 3230 et
1117 3184 1247 3228 nutu
1287 3147 1474 3241 gratim
1514 3169 1750 3226 cmlestis
1791 3166 2094 3221 mditicatio—
2121 3163 2166 3226 C
2266 3161 2320 3215 2.
2362 3160 2470 3215 Sed
2498 3160 2887 3214 obtrectatores
2915 3156 3176 3218 veritatis,
3206 3170 3374 3210 sensu
3403 3151 3602 3223 proprio
3627 3147 3738 3201 Scri-

510 3287 634 3326 nem
665 3270 896 3338 aliquam
925 3265 1266 3322 conferemus
1294 3262 1568 3318 Ecclesim.
1604 3259 1765 3314 Terra
1791 3268 1984 3325 autem,
2016 3257 2096 3310 in-

510 3362 654 3432 quit,
699 3368 810 3413 erat
839 3356 1106 3413 invisibilis
1147 3365 1194 3408 et
1222 3353 1582 3424 incomposita.
1617 3347 1903 3416 Quomodo
1938 3348 2099 3416 igitur

510 3451 752 3519 utrisque
792 3448 1109 3511 elementis,
1154 3445 1206 3498 id
1258 3453 1341 3499 est
1386 3443 1523 3498 coelo
1564 3448 1619 3495 et
1648 3448 1824 3503 terra,
1855 3437 1971 3508 pari
1999 3437 2099 3491 ho-

510 3555 644 3594 noro
673 3535 995 3592 constructis
1013 3576 1028 3601 ,
1060 3533 1256 3588 cadum
1284 3531 1500 3602 quidem
1541 3527 1842 3597 perfectum
1873 3525 2049 3580 fuerat
2078 3562 2094 3589 ,

513 3631 672 3684 tullus
702 3644 830 3683 vero
859 3627 1034 3680 adhuc
1063 3623 1417 3692 incomposita
1439 3623 1561 3676 est?
1589 3619 1696 3674 Aut
1722 3618 1848 3688 quid
1878 3617 2099 3672 omnino

513 3735 689 3776 causa:
719 3717 856 3783 fuit,
899 3730 1010 3785 quo
1041 3715 1220 3768 minus
1246 3711 1626 3782 perficeretur,
1655 3717 1710 3764 et
1741 3707 1964 3762 visibilis
1991 3723 2098 3762 non

515 3812 690 3867 esset?
720 3809 887 3878 igitur
922 3816 1078 3862 terrae
1115 3807 1273 3876 plena
1304 3802 1623 3872 compositio
1653 3808 1737 3854 est
1779 3799 1996 3869 propria
2026 3799 2101 3852 te-

513 3903 784 3968 cundita‘s,
826 3901 877 3954 id
905 3909 988 3955 est
1017 3899 1390 3953 universarum
1421 3893 1744 3964 germinatio
1767 3893 2092 3961 plantarum,

513 4007 569 4052 et
610 3997 864 4052 arborum
909 3991 1308 4047 fructiferarum
1338 3989 1423 4042 vel
1455 3999 1477 4024 η
1521 3984 1974 4041 infructiferarum
2004 3999 2100 4036 co-

515 4091 600 4160 pia
621 4128 636 4153 ,
687 4104 787 4142 nec
828 4101 938 4139 non
969 4083 1180 4138 colores
1209 4080 1509 4147 odoresque
1539 4077 1720 4141 ilorei,
1753 4083 1808 4130 et
1851 4075 1956 4128 alia
1984 4088 2102 4141 qua:

516 4181 680 4252 paulo
709 4187 832 4249 post
866 4177 1049 4232 divino
1075 4174 1225 4244 jussu
1252 4172 1554 4243 progenita,
1586 4169 1912 4225 decoravere
1940 4165 2101 4220 tellu-

519 4291 654 4329 rem.
697 4271 936 4338 Quorum
965 4269 1090 4338 quia
1129 4265 1366 4321 nomium
1406 4259 1610 4330 aliquid
1652 4259 1954 4322 exstiterat,
1987 4270 2103 4310 me-

521 4366 627 4419 rito
654 4377 774 4417 eam
816 4375 996 4416 sermo
1026 4358 1318 4427 Scriptura:
1347 4353 1756 4422 incompositam
1787 4347 2100 4402 nominavit.

520 4453 648 4510 llmc
678 4462 858 4506 autem
899 4449 1063 4503 etiam
1101 4448 1169 4502 de
1197 4446 1334 4501 caalo
1365 4441 1680 4513 imperfecto
1709 4440 1814 4494 rite
1840 4438 2099 4503 dicemus,

2199 3263 2386 3325 pturas
2414 3252 2634 3307 minime
2662 3257 3077 3318 consequentes,
3107 3247 3177 3300 ad
3221 3260 3487 3314 suumque
3514 3239 3737 3296 arbitrium

2201 3341 2707 3412 interpretationem
2753 3340 3029 3394 trahentes
3057 3352 3264 3404 earum,
3294 3335 3566 3390 materiam
3599 3341 3737 3383 rerum

2202 3434 2391 3489 dicunt
2429 3447 2527 3502 per
2564 3429 2934 3498 hujuscemodi
2962 3428 3127 3483 verba
3151 3425 3461 3489 monstrari,
3491 3429 3598 3492 qua:
3622 3413 3737 3488 quasi

2203 3535 2394 3583 natura
2423 3524 2704 3579 invisibilis
2725 3530 2780 3577 et
2810 3520 3166 3591 incomposita
3195 3527 3364 3587 atque
3393 3513 3614 3571 informis
3635 3514 3736 3566 erat,

2201 3631 2258 3677 et
2295 3619 2442 3676 omni
2469 3618 2649 3687 specie
2695 3616 3078 3684 schemateque
3112 3613 3346 3682 privata,
3379 3621 3535 3678 quam
3574 3612 3734 3656 assum-

2200 3721 2350 3784 ptam
2373 3709 2565 3764 artifex
2584 3723 2683 3778 pro
2711 3716 2806 3762 sua
2834 3705 3098 3776 sapientia
3125 3701 3502 3766 eonformavit,
3529 3704 3666 3764 atque
3686 3691 3739 3744 ita

2201 3818 2301 3873 per
2327 3817 2446 3856 eam
2476 3799 2655 3854 omnia
2679 3812 2798 3868 qua:
2825 3795 3073 3851 videntur
3095 3793 3290 3849 effecit.
3319 3791 3489 3857 Quam
3515 3788 3556 3842 si
3579 3779 3734 3840 dixeri-

2203 3908 2322 3947 mus
2373 3890 2684 3958 ingenitam,
2727 3888 2844 3942 sine
2873 3886 3035 3942 dubio
3066 3885 3083 3921 ῐ
3118 3883 3391 3952 comquari
3431 3880 3536 3934 Deo
3576 3887 3675 3930 cum
3697 3870 3735 3922 in

2203 3983 2576 4056 promerendis
2603 3981 2900 4035 aestimatur
2927 3977 3242 4041 honoribus,
3291 3985 3349 4029 et
3376 3973 3552 4029 iisdem
3586 3963 3738 4034 quibus

2207 4055 2299 4131 ille
2326 4074 2620 4147 privilegiis
2649 4073 2811 4140 digna
2848 4071 3172 4128 censebitur.
3205 4067 3322 4134 Quo
3354 4064 3480 4136 quid
3506 4061 3568 4116 sit
3591 4055 3738 4112 nefan—

2203 4171 2324 4226 dius
2349 4184 2411 4223 ac
2441 4165 2776 4229 sceleratius,
2805 4177 2967 4232 quam
3007 4171 3068 4216 ut
3107 4175 3193 4215 res
3221 4159 3445 4214 confusa
3480 4152 3742 4224 penitusqne

2205 4259 2480 4322 deformis,
2505 4257 2618 4326 pari
2644 4255 2902 4324 dignitate
2922 4252 3145 4323 praedita
3160 4250 3433 4320 judicetur
3457 4261 3554 4315 qua
3571 4237 3740 4326 sapiens

2205 4359 2262 4407 et
2306 4358 2499 4420 potens
2547 4346 2878 4412 nimiumque
2923 4343 3096 4397 bonus
3152 4350 3207 4395 et
3263 4338 3500 4393 omnium
3542 4325 3742 4420 conditor

2205 4409 2390 4495 Deus?
2418 4435 2619 4491 Deinde
2657 4435 2701 4489 si
2733 4409 2880 4487 tanta
2909 4438 2991 4486 est
3018 4437 3078 4484 ut
3105 4443 3320 4485 omnem
3349 4426 3570 4481 divinam
3610 4409 3741 4486 p05Sit

519 4547 543 4585 ιι
577 4545 832 4614 quoniam
858 4557 957 4596 nec
986 4540 1160 4609 ipsum
1187 4537 1464 4607 proprium
1483 4532 1801 4602 sumpsisset
1829 4537 2100 4595 ornatum,
2131 4529 2180 4588 1)
2207 4544 2400 4600 capere
2445 4525 2798 4595 disciplinam,
2842 4520 3190 4577 nihilominus
3225 4528 3249 4564 ε
3285 4516 3402 4586 ejus
3440 4504 3740 4569 substantiam

2912 4613 2919 4614 ,
3377 4608 3389 4614 -
3633 4591 3740 4614 ---Ιιιι

519 4641 718 4709 quippe
755 4634 900 4705 quod
929 4633 1148 4688 minime
1178 4631 1308 4686 solis
1337 4627 1511 4682 adhuc
1539 4635 1594 4680 et
1632 4627 1771 4680 luna:
1799 4623 1973 4678 fuerat
2003 4622 2104 4675 ful-

520 4745 650 4800 gore
677 4731 963 4784 lustratum
989 4767 1004 4793 ,
1046 4739 1147 4778 nec
1174 4722 1354 4778 choris
1396 4719 1630 4774 siderum
1659 4723 1994 4772 coronatum.
2027 4713 2104 4767 ita

523 4839 632 4878 non
659 4822 928 4877 videberis
961 4834 991 4871 a
1019 4816 1250 4871 veritate
1279 4811 1566 4868 deflectere
1590 4848 1604 4873 ,
1634 4809 1680 4864 si
1717 4808 1880 4863 etiam
1909 4805 2106 4860 coelum

523 4915 944 4986 incompositum
970 4910 1192 4967 dixeris.
1241 4905 1462 4961 Terram
1493 4911 1676 4958 autem
1718 4911 1741 4940 ο
1787 4896 2108 4954 invisibilem

599 5149 623 5178 ⁸
652 5137 808 5205 illud,
833 5136 910 5190 uel
937 5133 1404 5206 infructiferarum,
1425 5123 1726 5206 addidi-mus
1746 5135 1813 5176 ex
1833 5117 1986 5174 Colb.
2017 5130 2106 5170 se—

525 5213 724 5271 eundo.
755 5198 1008 5271 Basilius,
1035 5198 1302 5271 καρτξίμων
1334 5219 1388 5254 τε
1419 5201 1498 5250 καὶ
1519 5198 1780 5271 ἀκάρττςιςδ.

601 5255 1244 5336 Vsus};“diefiidiu
1267 5308 1285 5334 ,
1326 5284 1441 5324 cum
1479 5281 1591 5319 nec.
1619 5255 1839 5318 'lbidem
1869 5260 1923 5314 in
1951 5255 2106 5312 Colb.

527 5354 764 5411 secundo
797 5363 893 5418 pro
922 5344 1019 5418 rite
1048 5343 1242 5418 legitur
1275 5347 1428 5418 recte.

603 5397 902 5489 2"l{{.iiei{ii_
922 5397 1051 5489 ilqu
1075 5397 1205 5489 libri.
1225 5418 1279 5489 et
1307 5407 1453 5489 editi,
1474 5399 1937 5489 .invisillrilern,tol:‘
1948 5397 2110 5489 unus.

527 5467 995 5550 e..1b'.'§e'e'i{i{dds,
1035 5478 1338 5536 inuisibilem
1378 5467 1508 5530 dixit
1537 5476 1599 5529 ob
1629 5473 1782 5526 duas.
1815 5469 1872 5522 In
1899 5467 2109 5530 Graeco,

527 5559 828 5636 ἀῖραειτεέέ
857 5561 948 5636 τὴν
974 5561 1067 5625 γῆν
1091 5556 1362 5636 προσεῖπε

603 5606 657 5671 ἴ
669 5606 1198 5683 έᾶἰῖἷεῖὂυῖπιδὲη
1224 5615 1615 5685 ronceptaculis.
1649 5612 1802 5685 Colb.
1828 5606 2113 5669 secundus,

531 5681 884 5764 saepiussi".
912 5692 1015 5753 Sed
1033 5692 1147 5752 sive
1167 5681 1293 5752 hoc.
1321 5681 1434 5744 sive
1459 5685 1548 5741 illo
1576 5683 1733 5738 modo
1756 5681 1986 5750 legatur,
2012 5690 2118 5730 vox

2211 4591 2307 4676 Dei
2351 4591 2677 4673 videbuntur
2716 4613 2972 4683 potentiae
2999 4623 3304 4678 coaequare,
3347 4608 3392 4661 si
3441 4613 3599 4658 tamen
3633 4591 3740 4646 valet

2211 4712 2369 4767 tellus
2393 4716 2641 4764 cunctam
2666 4720 2764 4775 per
2790 4719 2849 4758 se
2878 4702 2972 4756 Dei
2993 4699 3313 4770 sapientiam
3353 4693 3539 4750 metiri.
3568 4687 3646 4741 Sin
3670 4696 3741 4775 att-

2213 4811 2322 4858 tem
2351 4802 2528 4854 minor
2568 4804 2652 4852 est
2690 4794 2916 4849 materia
2961 4791 3156 4846 divintn
3201 4787 3452 4858 potentia:
3480 4823 3494 4847 ,
3535 4788 3581 4834 et
3621 4774 3681 4828 sic
3704 4769 3741 4820 in

2217 4891 2542 4948 atrociorem
2605 4883 2995 4956 blasphemiam
3050 4894 3236 4934 eorum
3289 4890 3465 4930 sermo
3521 4868 3742 4922 ducetur;

2213 5111 2403 5167 Graeca
2431 5107 2577 5190 haud
2608 5107 3104 5197 felic‘iterhexpressa
3125 5107 3225 5183 est.
3250 5094 3448 5155 Malim,
3475 5092 3523 5143 in
3550 5078 3741 5157 propri“

2216 5188 2660 5253 congregationes,
2693 5188 2762 5236 εἰς
2786 5188 2847 5231 τά
2869 5188 3026 5229 omisi
3048 5189 3380 5230 auarnuwra.

2291 5263 2313 5289 °
2356 5249 2500 5303 Libri
2524 5258 2753 5310 veteres,
2782 5252 2960 5315 utpote
2980 5256 3113 5315 qua.
3144 5237 3501 5315 Editizﬂutpote
3525 5222 3656 5298 quod.

2294 5323 2313 5360 ί
2354 5319 2507 5373 Colb.
2542 5305 3254 5383 secundus,'cowq'uaricum
3280 5305 3410 5383 _Deo.
3464 5373 3474 5383 ι
3541 5353 3670 5383 mm.

2296 5349 2308 5360 .
2355 5349 2507 5373 υυιυο
2542 5349 2827 5380 θῠυυιιυυο,
2858 5349 3114 5383 cunctim...
3143 5349 3254 5360 νη...
3280 5349 3410 5358 νη..
3606 5362 3616 5372 ι
3662 5353 3670 5362 α

2289 5402 2313 5438 8
2355 5390 2558 5444 Rursus
2586 5386 2740 5442 Colb.
2772 5384 3056 5446 secundus,
3086 5380 3196 5449 ejus
3226 5373 3506 5449 substantia
3635 5349 3740 5449 ngf“

2219 5462 2266 5515 bi
2273 5428 2375 5514 ων.
2383 5428 2558 5528 ἵδῖἕῆ
2558 5428 3056 5528 τίὲνῖδίεῖἆᾶίὲψνδνίῖ
3074 5428 3240 5528 latitet:
3282 5444 3465 5528 ualeret

2219 5491 2343 5586 ’Χίὶἒέ
2368 5491 2901 5585 η¹ὂῖι’ἷὲἐὶ“ἒειῖῖἆι“ἲῖἔ.’
2917 5491 3488 5580 ἓιᾶίίιὶἷῖἒῐέὶηῖὸόέί,
3511 5491 3738 5559 ematur

2221 5609 2437 5658 cerctttr.

3889 3179 3891 3336 ί
