3964 6178
231 352 325 406 881,

1256 348 1658 404 HEXAEMERI
1677 355 1680 358 ’
1701 347 2184 405 METAPHRASIS
2222 349 2422 407 LIBER
2458 352 2523 408 ll.

3399 352 3502 403 88?.

229 469 420 537 quippe
457 465 548 534 qui
572 469 794 534 propter
818 461 1054 532 impiam
1102 462 1358 526 materia},
1385 458 1711 515 inefﬁcacem
1760 465 1814 512 et
1846 465 1887 518 Α
1920 460 2200 530 figmentis,
2228 479 2291 517 ac
2321 461 2609 519 miserabili
2631 476 2847 517 suarum
2876 463 3260 532 cogitationum
3291 461 3308 501 τ
3339 478 3500 521 sensu

228 559 453 613 oti0sum
477 556 529 608 in
550 555 661 608 suis
679 552 932 622 operibus
944 551 1111 607 Deum
1127 559 1390 605 conantur
1403 566 1665 614 asserere,
1679 565 1816 618 quos

227 647 436 716 quidem
485 645 736 698 humame
764 651 971 696 natura:
1017 642 1143 696 talia
1189 642 1390 696 sentire
1429 640 1642 710 decepit
1675 639 1816 693 indi-

227 739 422 806 gentia.
454 736 596 790 Sane
612 744 635 770 λ
658 734 912 803 quoniam
937 733 1074 802 apud
1099 749 1196 788 nos
1219 749 1305 786 ars
1328 747 1661 801 unaquasque
1687 744 1818 797 erga

227 829 456 895 aliquam
486 824 780 878 adhibitam
821 823 1101 878 materiam
1141 831 1448 890 exercetur,
1481 824 1620 877 sicut
1647 821 1813 876 fabris

227 921 342 974 litas
373 920 516 974 circa
546 915 766 980 ferrum,
791 917 1125 986 carpentaria
1156 917 1298 971 circa
1321 917 1542 984 lignum,
1574 924 1628 970 et
1649 917 1701 971 in
1732 917 1814 972 his

226 1010 363 1065 aliud
395 1017 478 1063 est
521 1007 664 1076 quod
702 1007 971 1075 subjacet,
1017 1007 1161 1061 aliud
1199 1009 1445 1077 species,
1478 1008 1622 1062 aliud
1667 1008 1813 1078 quod

226 1103 488 1156 formatur
508 1116 574 1153 ex
602 1099 779 1168 specie
810 1116 821 1150 :
851 1115 974 1152 nam
1010 1099 1234 1152 materia
1277 1107 1360 1153 est
1386 1115 1503 1169 qua:
1547 1100 1814 1154 extrinse-

225 1209 313 1248 cus
344 1191 656 1254 assumitur,
694 1189 900 1259 species
928 1204 1046 1258 qua:
1077 1207 1143 1244 ex
1173 1191 1646 1259 arte‘producitur,
1685 1206 1811 1260 per-

223 1285 383 1339 fectio
417 1291 598 1336 autem
627 1289 709 1334 est
737 1295 855 1349 quae
883 1295 950 1337 ex
983 1290 1208 1350 utraque
1235 1282 1596 1351 componitur,
1635 1281 1687 1335 id
1729 1289 1812 1336 est

222 1376 285 1430 de
310 1374 493 1444 specie
521 1380 683 1441 atque
730 1373 952 1426 materia
990 1391 1001 1424 :
1035 1374 1112 1428 sic
1140 1375 1429 1442 Opinantur
1453 1381 1509 1426 et
1535 1372 1602 1426 de
1631 1372 1812 1427 divina

222 1466 556 1536 operatione,
586 1467 804 1521 schema
833 1464 1048 1535 quidem
1078 1464 1278 1519 mundo
1299 1463 1367 1518 de
1394 1464 1656 1534 sapientia
1681 1481 1812 1520 con-

222 1558 409 1614 ditoris
439 1557 466 1596 δ
510 1559 751 1626 allatum,
793 1541 1072 1612 materiam
1119 1572 1248 1611 vero
1279 1559 1612 1612 extrinsecus
1659 1573 1811 1612 crea-

221 1650 324 1706 tori
358 1648 521 1703 fuisse
551 1649 844 1718 subjectam
873 1666 885 1700 :
916 1659 1076 1716 atque
1117 1649 1188 1702 ita
1217 1649 1522 1716 universum
1554 1648 1810 1704 mundum

220 1757 343 1796 esse
372 1751 759 1807 constructum,
809 1742 897 1810 qui
929 1742 1282 1797 substantiam
1327 1743 1541 1812 quidem
1574 1743 1813 1814 possidet

219 1832 436 1887 aliunde
461 1834 758 1904 quaesitam,
804 1833 1022 1887 schema
1059 1848 1190 1888 vero
1232 1842 1288 1888 et
1327 1833 1570 1902 figuram,
1619 1850 1687 1890 ex
1716 1834 1810 1890 Dei

219 1924 421 1977 virtute
445 1931 774 1991 perceptam.
804 1933 826 1961 ο
857 1922 992 1978 Hine
1013 1923 1116 1978 illis
1144 1923 1301 1978 datur
1326 1926 1537 1980 occasio
1561 1925 1810 1993 negandi,

218 2013 399 2069 causis
448 2014 616 2067 Deum
666 2028 895 2083 praeesse
923 2014 1228 2084 mundanis,
1258 2024 1313 2071 et
1359 2025 1618 2087 tanquam
1652 2017 1678 2055 ά
1711 2019 1810 2073 sti—

217 2105 300 2173 pis
331 2103 557 2171 alicujus
580 2119 758 2158 rerum
788 2105 1046 2171 genitura:
1074 2107 1378 2175 portionem
1401 2108 1645 2176 exiguam
1676 2124 1806 2163 eon-

215 2196 440 2249 tulisse:
465 2197 682 2250 minime
702 2196 956 2262 valentes,
982 2206 1202 2267 propter
1224 2199 1526 2253 intellectus
1550 2201 1806 2270 inopiam,

216 2287 280 2340 ad
311 2287 527 2341 culmen
549 2287 820 2356 respicere
842 2287 1099 2341 veritatis.
1125 2287 1235 2342 Nec
1255 2287 1665 2343 eonsiderarunt
1685 2291 1809 2359 quia

216 2377 305 2431 hic
335 2375 552 2444 quidem
589 2391 678 2430 ars
716 2384 840 2444 post
869 2377 1149 2431 materiam
1178 2378 1419 2432 noscitur
1445 2379 1698 2445 adhibita,
1725 2380 1809 2434 vi-

215 2475 282 2520 tce
315 2467 491 2534 gratia
538 2466 928 2536 dispensanda;
959 2467 1090 2521 Nam
1131 2468 1248 2522 lana
1285 2468 1498 2536 quidem
1528 2469 1625 2523 fuit
1653 2477 1808 2525 ante-

213 2559 351 2623 rior,
382 2558 599 2612 texendi
628 2567 805 2612 autem
836 2573 962 2613 usus
1008 2568 1195 2628 postea
1240 2566 1487 2627 repertus
1524 2568 1625 2625 est,
1657 2567 1715 2614 ut
1757 2560 1808 2614 id

211 2648 365 2717 quod
394 2664 490 2718 per
517 2657 764 2703 naturam
788 2651 964 2704 minus
993 2649 1166 2704 fuerat
1192 2651 1531 2720 supplere’tur
1550 2668 1616 2706 ex
1651 2661 1766 2707 arte
1791 2671 1804 2720 ;

211 2742 422 2810 lignum
451 2756 666 2810 quoque
687 2741 834 2809 prius
858 2741 975 2802 fuit,
1000 2743 1144 2811 quod
1161 2759 1262 2819 _ars
1290 2743 1552 2797 dolatoria
1574 2753 1810 2813 postmo-

209 2834 350 2889 dum
395 2835 731 2904 percipiens,
790 2835 842 2888 in
886 2850 1117 2904 ususque
1169 2837 1500 2891 necessarios
1546 2837 1803 2900 formans,

208 2926 656 2981 commoditatem
684 2926 840 2981 nobis
890 2943 996 2981 non
1026 2942 1246 2996 parvam
1292 2929 1538 2982 contulit.
1589 2927 1720 2982 Nam
1752 2936 1806 2982 et

208 3033 424 3073 remum
456 3017 652 3084 nautis,
682 3026 737 3071 et
764 3018 1172 3086 agricultoribus
1201 3020 1576 3084 ventilabrum,
1608 3029 1661 3073 et
1689 3021 1803 3075 bel-

207 3107 477 3164 latoribus
514 3110 722 3163 hastam
763 3109 927 3164 dedit.
963 3110 1102 3164 Deus
1131 3119 1330 3176 autem,
1364 3112 1672 3180 priusquam
1704 3113 1802 3166 ﬁe-

1917 555 2168 609 virtutem
2196 563 2377 610 mente
2405 555 3001 626 incomprehensibilem
3031 564 3084 610 et
3111 555 3360 612 humanis
3387 571 3504 612 ser-

1917 645 2166 700 monibus
2195 644 2517 700 inelfabilem
2543 651 2904 700 contrectare.

1987 736 2038 789 5.
2075 735 2220 789 Fecit
2244 735 2383 790 Deus
2405 737 2585 790 ctelum
2617 745 2666 790 et
2710 747 2923 796 terram.
2954 752 3058 790 non
3085 738 3290 805 singula
3318 753 3384 794 ex
3414 740 3500 794 di-

1916 828 2077 882 midia
2115 835 2290 898 parte,
2336 828 2430 882 sed
2458 829 2723 896 integrum
2753 829 2945 882 emlum
2992 838 3046 884 et
3095 830 3358 898 integram
3387 843 3498 886 ter-

1916 934 2049 982 ram,
2082 917 2134 972 id
2167 926 2251 972 est
2287 919 2456 988 ipsam
2497 919 2850 974 substantiam
2880 935 3000 972 cum
3031 920 3209 988 specie
3249 935 3497 990 compre-

1914 1007 2154 1061 hensam.
2183 1006 2302 1062 Non
2323 1008 2464 1062 enim
2487 1008 2816 1063 schematum
2843 1016 3088 1077 repertor
3110 1017 3193 1062 est
3214 1007 3376 1077 Deus,
3405 1011 3498 1064 sed

1917 1101 2079 1156 totius
2106 1109 2310 1155 natura:
2335 1108 2568 1155 creator.
2617 1100 2749 1154 Nam
2779 1100 3140 1170 respondeant
3178 1102 3332 1156 nobis
3361 1117 3498 1170 quo-

1915 1191 2076 1246 modo
2106 1192 2206 1248 sibi
2235 1192 2562 1248 conveniunt
2593 1193 2866 1262 operatrix
2895 1192 2990 1246 Dei
3018 1193 3190 1248 virtus
3228 1201 3282 1248 et
3323 1197 3498 1263 passi-

1915 1285 2036 1339 bilis
2072 1295 2264 1339 natura
2293 1286 2554 1350 materiae,
2602 1301 2826 1355 quarum
2856 1301 2981 1350 una,
3027 1285 3170 1355 quod
3198 1285 3497 1354 subjectum

1915 1383 2016 1440 est,
2045 1375 2383 1431 solummodo
2409 1376 2524 1431 sine
2554 1376 2719 1444 figura
2744 1376 3027 1446 praestitit;
3059 1377 3226 1430 altera
3249 1377 3498 1432 schema-

1914 1475 2027 1522 tum
2057 1468 2304 1537 peritiam
2345 1467 2645 1538 possidens,
2673 1467 2940 1522 ordinavit
2966 1467 3166 1532 oblata,
3201 1476 3260 1522 ut
3287 1469 3500 1537 utrique

1914 1557 2057 1627 quod
2086 1558 2273 1612 deerat
2299 1559 2628 1628 praeberetur
2648 1573 2716 1612 ex
2740 1558 2930 1622 altero,
2954 1557 3232 1613 Conditori
3258 1557 3497 1628 quidem,

1914 1656 1974 1702 ut
1993 1649 2216 1704 haberet
2235 1649 2289 1704 iu
2317 1663 2423 1717 quo
2451 1657 2636 1718 posset
2664 1649 2797 1703 artis
2819 1658 2842 1695 8
2865 1649 3150 1703 ostendere
3177 1650 3454 1704 scientiam
3483 1667 3497 1706 ἒ

1914 1740 2152 1794 materiae
2171 1755 2301 1794 vero
2340 1748 2400 1793 ut
2426 1740 2756 1794 informitate
2785 1740 3048 1809 deposita,
3074 1741 3276 1794 vultum
3316 1755 3500 1796 sume-

1846 1819 1890 1877 Β
1916 1835 2000 1883 ret
2029 1830 2352 1898 speciosum.
2387 1828 2495 1883 Sed
2522 1845 2684 1898 super
2715 1829 2795 1884 his
2821 1829 3083 1883 hactenus
3107 1846 3122 1895 ;
3155 1829 3222 1882 ad
3253 1829 3340 1883 illa
3369 1843 3500 1883 vero

1915 1933 2034 1989 qua:
2062 1918 2440 1988 proposuimus
2463 1926 2798 1972 revertamur
2830 1936 2842 1971 :
2879 1918 3040 1972 Terra
3069 1929 3240 1974 autem
3278 1927 3391 1973 erat
3418 1921 3500 1974 in-

1913 2009 2124 2064 visibilis
2145 2016 2193 2062 et
2213 2010 2568 2078 incomposita.
2603 2007 2736 2061 Cum
2765 2007 2964 2063 diceret
3009 2027 3020 2060 :
3049 2007 3113 2061 In
3146 2010 3401 2079 principio
3423 2011 3500 2080 fe-

1913 2101 1981 2152 cit
2003 2098 2142 2152 Deus
2162 2098 2342 2153 caelum
2362 2106 2410 2151 et
2432 2107 2644 2163 terram,
2671 2097 2818 2166 plura
2846 2098 3078 2163 reticuit,
3100 2098 3151 2151 id
3179 2107 3278 2163 est,
3300 2099 3494 2166 ignem,

1912 2203 2128 2257 aquam,
2152 2201 2488 2256 aerem,qu:e
2513 2187 2696 2256 utique
2724 2186 3002 2255 passiones
3029 2187 3273 2255 quaedam
3299 2185 3366 2241 de
3396 2187 3498 2242 illis

1910 2278 2295 2349 principalibus
2337 2285 2633 2348 procreatae
2680 2284 2831 2342 sunt,
2883 2291 3003 2346 quae
3041 2278 3250 2343 omnia,
3283 2285 3341 2332 ut
3371 2286 3497 2348 pote

1911 2369 2093 2424 mundi
2130 2368 2604 2432 consummatoria,
2633 2367 2791 2422 simul
2837 2367 2953 2422 sine
3000 2366 3166 2422 dubio
3213 2383 3494 2438 processe-

1908 2467 2055 2514 runt.
2105 2458 2210 2515 Sed
2248 2459 2537 2514 historicus
2566 2459 2676 2514 haec
2705 2459 2950 2513 consulto
2979 2459 3256 2528 praeteriit,
3302 2465 3361 2514 ut
3399 2475 3497 2520 no.

1909 2557 2078 2606 strum
2107 2566 2204 2607 cor
2230 2558 2450 2606 acueret
2476 2549 2542 2604 ad
2568 2549 2881 2605 industriam
2909 2566 2974 2604 ex
2997 2551 3183 2620 paucis
3207 2551 3503 2611 occasionis

1909 2641 2008 2696 bus
2031 2642 2344 2712 capiendam
2363 2684 2377 2706 ,
2409 2656 2528 2710 qnze
2559 2641 2685 2696 facit
2712 2656 2812 2695 nos
2841 2642 3142 2708 cogitantes
3172 2642 3496 2712 investigare

1907 2747 2026 2800 qua:
2051 2731 2266 2786 desunt.
2287 2730 2312 2768 δ
2343 2731 2484 2799 Ergo
2512 2731 2764 2801 quoniam
2793 2730 3014 2786 minime
3041 2731 3108 2785 de
3129 2746 3265 2801 aqua
3294 2732 3495 2786 dictum

1906 2821 2078 2875 fuerat
2105 2821 2230 2890 quia
2271 2821 2396 2875 fecit
2431 2835 2570 2884 eam,
2603 2820 2740 2874 dixit
2768 2827 2948 2874 autem
2977 2819 3122 2888 quod
3143 2831 3284 2876 terra
3310 2822 3496 2878 invisi-

1905 2913 2025 2968 bilis
2052 2911 2368 2975 habebatur,
2414 2919 2471 2964 tu
2502 2919 2676 2964 tecum
2706 2918 2959 2981 reputare
2997 2913 3220 2970 debebis
3244 2929 3353 2984 quo
3382 2923 3494 2982 teg-

1904 3005 2050 3059 mine
2075 3013 2219 3062 terra
2260 3002 2436 3056 velata
2487 3017 2592 3057 non
2643 3003 2954 3072 apparebat,
3005 3020 3163 3075 quam
3211 3021 3310 3062 nec
3355 3006 3498 3076 ignis

1906 3093 2239 3149 abscondere
2301 3101 2556 3161 poterat,
2617 3094 2708 3162 qui
2781 3095 2965 3163 utique
3043 3096 3250 3152 lucidus
3315 3098 3497 3167 potius

206 3209 340 3256 rent
365 3215 484 3268 qua:
513 3199 778 3264 videntur,
812 3202 992 3254 omnia
1015 3207 1195 3254 mente
1223 3202 1558 3270 complexus,
1587 3202 1805 3256 volens-
1833 3170 1878 3234 Ο
1909 3199 2070 3254 quam
2115 3182 2433 3268 ῐεηθδτοδυξ
2478 3191 2588 3247 θεῖν
2641 3197 2742 3237 nec
2779 3197 2873 3237 εει·
2900 3185 3146 3253 operire,
3202 3187 3352 3254 cuius
3386 3203 3494 3244 θετ-

204 3305 321 3361 que
370 3291 424 3343 in
454 3299 476 3326 ο
501 3290 834 3344 nativitatem
864 3289 1165 3360 producere
1189 3304 1307 3358 qua:
1337 3306 1441 3344 non
1473 3299 1646 3354 erant,
1677 3307 1807 3344 eon-

205 3382 474 3438 sideravit
501 3380 674 3450 qualis
711 3381 940 3435 mundus
987 3395 1105 3436 esse
1151 3381 1391 3447 deberet,
1424 3381 1645 3450 ejusque
1679 3398 1804 3451 spe-

206 3472 312 3525 ciei
347 3484 641 3538 congruam
683 3470 958 3526 materiam
988 3473 1387 3539 congeneravit.
1418 3472 1484 3525 Et
1511 3473 1648 3528 cmlo
1682 3473 1804 3542 qui-

205 3562 337 3614 dem
369 3560 645 3629 deputavit
671 3559 952 3615 decentem
973 3561 1075 3614 sibi
1096 3569 1362 3625 naturam,
1387 3569 1652 3617 terrarum
1677 3578 1804 3618 vero

205 3652 476 3706 schemati
523 3650 838 3706 familiarem
884 3651 1227 3722 debitamque
1253 3654 1605 3708 substantiam
1652 3670 1804 3709 com-

211 3741 481 3796 modavit.
517 3741 696 3808 Ignem
735 3757 888 3806 vero,
932 3751 988 3797 et
1014 3757 1227 3811 aquam,
1260 3751 1317 3799 et
1354 3759 1534 3799 aerem
1563 3744 1807 3800 distinxit

207 3843 268 3887 ut
312 3833 482 3886 voluit
517 3852 529 3884 :
571 3843 627 3888 et
665 3834 718 3888 in
749 3833 991 3889 ordinem
1036 3834 1257 3890 deduxit
1285 3850 1445 3905 quem
1476 3837 1803 3905 singulorum

201 3926 354 3978 ratio
375 3923 666 3992 ﬂagitabat.
692 3923 885 3978 Totum
914 3933 1093 3979 autem
1117 3925 1393 3992 mundum,
1413 3943 1531 3981 cum
1549 3936 1699 3981 esset
1722 3929 1803 3982 sui

202 4015 510 4082 dissimilis,
551 4023 605 4069 et
639 4030 704 4069 ex
751 4015 1062 4074 diversitate
1090 4017 1442 4086 compositus,
1475 4019 1802 4074 inviolabili-

203 4107 312 4162 bus
341 4106 618 4174 cujusdam
647 4106 948 4162 concordiae
977 4107 1201 4162 vinculis
1236 4115 1521 4175 arctatum,
1554 4110 1607 4163 in
1638 4126 1798 4165 unam

200 4199 531 4254 societatem
563 4198 1200 4267 compaginationemque
1228 4198 1499 4266 devinxit,
1541 4209 1599 4255 ut
1637 4203 1799 4256 etiam

202 4289 297 4342 illa
327 4303 447 4355 quae
470 4287 693 4340 multum
716 4303 747 4340 a
763 4303 822 4342 se
843 4288 1112 4357 positione
1135 4289 1428 4356 distabant,
1445 4293 1801 4361 permixtione

201 4389 396 4433 mutua
449 4378 698 4445 cirpulata
746 4378 1050 4434 credantur.
1094 4379 1318 4434 Cessent
1363 4395 1493 4450 ergo
1545 4381 1802 4440 fabulosis

281 4524 310 4552 α
351 4513 506 4567 Colb.
557 4515 823 4568 secundus
872 4522 927 4568 et
974 4516 1127 4578 alter,
1169 4532 1297 4570 sane

201 4602 336 4638 sane
383 4583 656 4651 quomodo.
701 4582 901 4637 Ibidem
944 4583 1097 4638 Colb.
1156 4582 1441 4650 secundus,
1493 4582 1797 4646 adhibitam.

203 4654 371 4732 Editi,
401 4651 650 4705 adhibita.
697 4653 902 4732 Rursus
948 4654 1101 4708 Colb.
1132 4655 1418 4722 secundus,
1453 4673 1519 4710 ea:
1564 4668 1796 4732 utraque.

202 4725 310 4793 Alii
335 4725 442 4793 duo
473 4738 602 4779 mss.
631 4733 684 4793 _et
707 4723 856 4789 editi,
883 4740 946 4777 ex
968 4733 1198 4793 utroque.

282 4791 308 4827 λ)
347 4792 491 4844 Editi
536 4799 590 4844 et
617 4791 770 4845 Colb.
806 4793 1026 4860 primus,
1070 4791 1318 4848 ablatum.
1366 4794 1468 4850 Alii
1499 4795 1606 4852 duo
1643 4814 1771 4855 mss.

201 4865 452 4935 allatum,
480 4861 640 4935 bene.
673 4861 920 4935 Basilius,
953 4866 1199 4935 ἔπῆχθαι.

284 4937 304 4964 ⁸
347 4931 515 5003 Editi,
546 4931 668 4983 data
691 4933 977 5003 occasione
1003 4931 1208 5002 grandi,
1239 4938 1430 5003 causis,
1462 4944 1590 5001 etc.,
1633 4939 1793 4994 male.

198 5001 364 5074 Colb.
410 5002 632 5074 primus,
657 5001 820 5074 tiatur
858 5001 1127 5057 occasione
1159 5006 1381 5074 grandi,
1419 5001 1614 5074 causis,
1663 5016 1792 5069 etc.,

202 5073 379 5126 nihilo
406 5071 629 5139 melius,
646 5070 829 5125 Codex
860 5079 1044 5126 noster
1062 5081 1118 5127 et
1143 5070 1300 5135 Colb.,
1329 5070 1614 5136 secundus,
1642 5077 1797 5131 datur

198 5143 415 5216 occasio
428 5143 671 5216 negandi,
686 5141 875 5216 cau_sis,
888 5149 992 5216 etc.
1002 5183 1016 5206 ,
1030 5143 1359 5216 optime.Est
1378 5155 1525 5202 certe
1538 5147 1797 5216 ejusmodi

201 5214 325 5266 inec
356 5209 539 5277 lectio,
570 5218 628 5264 ut
655 5209 1201 5282 conlirn‘tatione’non
1250 5215 1485 5282 indigeat
1517 5234 1528 5268 :
1565 5209 1671 5270 'sed
1714 5227 1797 5269 ta-

201 5298 336 5337 men
365 5282 412 5336 si
437 5296 596 5350 quam
621 5281 742 5350 quis
767 5282 1030 5349 requirat;
1072 5284 1238 5351 possit
1265 5281 1570 5339 contirmari
1597 5302 1667 5340 ex
1695 5285 1798 5341 illis

200 5353 516 5418 Basilianis,
547 5354 600 5405 ἐκ
626 5352 678 5406 δὲ
708 5356 895 5406 τούτου
924 5355 1100 5414 aid-toi;
1128 5356 1359 5422 ὑπάρχει
1381 5358 1661 5422 ἀρνεῖσθαι.

284 5422 309 5459 ιι
344 5407 515 5486 Editi,.
530 5430 580 5473 et
609 5430 854 5493 tanquam
872 5407 1361 5492 stirpis,'corrtlple.
1595 5407 1800 5480 noster

200 5503 266 5547 et
294 5493 777 5562 Colluﬂsecundus,
807 5500 856 5544 et
897 5502 1140 5561 tanquam
1184 5495 1353 5562 stipis,
1394 5495 1698 5551 emendate.
1738 5494 1798 5548 In

199 5565 419 5622 GI‘IBCO,
438 5560 536 5636 φῖον
630 5566 806 5636 ἐρὼν-ογ)
831 5564 964 5636 nua;
980 5560 1268 5633 τὲληρωτήνζ
1287 5563 1601 5633 Quanquam
1618 5572 1797 5619 autem

200 5649 322 5688 vox
340 5634 488 5702 stipis
518 5631 826 5704 miliiivalde
850 5631 1125 5704 probatur,
1155 5648 1261 5704 _no_n
1309 5631 1592 5704 propterea
1620 5641 1800 5689 tamen

201 5700 450 5773 putanda
496 5711 578 5757 est
619 5703 831 5772 placere
878 5700 1007 5754 mihi
1052 5700 1320 5770 periodus
1339 5700 1450 5758 tota
1485 5723 1496 5757 :
1531 5706 1640 5760 imo
1669 5707 1802 5762 mihi

204 5775 675 5841 persuasissimum
699 5781 782 5829 est
808 5785 926 5828 eam
954 5786 1200 5826 mancam
1241 5787 1382 5842 esse,
1410 5789 1511 5830 nec
1553 5778 1801 5834 omnibus

1336 4517 1599 4586 quoniam.
1636 4518 1798 4587 Editi,
1831 4527 1880 4586 Ι)

1911 3286 1961 3330 te
2014 3281 2205 3329 natura
2247 3262 2526 3342 perspicua
2576 3280 2658 3326 est
2707 3291 2720 3324 :
2770 3274 2969 3347 quippe
2997 3276 3088 3344 qui
3119 3277 3357 3331 omnium
3405 3294 3494 3333 re-

1904 3381 2024 3421 rum
2046 3366 2252 3436 species
2272 3363 2473 3433 liquido
2501 3363 2518 3402 ί
2543 3363 2838 3418 visentibus
2859 3365 3183 3420 manifestat.
3212 3367 3494 3439 Reliquum

1906 3465 1988 3513 est
2033 3458 2194 3529 igitur
2240 3465 2300 3511 ut
2345 3456 2706 3522 intelligamus
2751 3471 2945 3526 aquam
2995 3456 3158 3513 fuisse
3202 3462 3494 3516 summitati

1908 3549 2114 3604 telluris
2159 3547 2486 3611 obductam;
2523 3545 2762 3599 nondum
2801 3548 2945 3600 enim
2993 3548 3045 3601 in
3074 3562 3171 3602 sua
3201 3557 3492 3620 concepta-

1911 3641 2030 3696 cula
2052 3640 2293 3694 humoris
2319 3646 2509 3693 natura
2539 3637 2856 3692 defluxerat.
2885 3637 2966 3694 0b
2993 3639 3100 3694 hoc
3118 3655 3247 3709 ergo
3277 3657 3383 3696 non
3412 3657 3498 3697 so-

1911 3733 2021 3791 lum
2051 3731 2330 3785 invisibilis
2359 3737 2522 3794 terra,
2553 3728 2648 3782 sed
2675 3728 2839 3782 etiam
2869 3728 3227 3800 incomposita
3251 3732 3492 3786 nomina-

1911 3834 2018 3878 tur.
2051 3823 2204 3878 Licet
2238 3821 2400 3876 etiam
2447 3835 2588 3874 nunc
2617 3833 2876 3889 aquarum
2916 3821 3238 3876 abundantia
3267 3821 3490 3892 impedi-

1910 3928 2093 3973 mento
2122 3925 2204 3971 est
2227 3923 2403 3981 terrae,
2430 3913 2716 3984 quominus
2745 3912 3010 3970 fructuum
3037 3915 3193 3984 COpia
3220 3915 3492 3970 ministre-

1909 4018 2016 4064 tur.
2040 4008 2167 4063 Haac
2192 4021 2320 4075 ergo
2347 4019 2507 4059 causa
2535 4004 2760 4070 exstitit,
2794 4011 2852 4058 ut
2879 4019 2980 4060 nec
3005 4005 3176 4060 videri
3197 4007 3366 4076 possit
3391 4007 3488 4061 ari-

1903 4105 1971 4159 da
1996 4145 2011 4168 ,
2043 4111 2097 4157 et
2123 4100 2417 4155 haberetur
2441 4097 2818 4166 incomposita.
2853 4095 2909 4150 Si
2939 4097 3155 4166 quidem
3179 4107 3334 4153 terrm
3354 4114 3491 4154 com-

1903 4199 2100 4270 positio
2150 4203 2234 4250 est
2277 4209 2424 4258 suus,
2478 4200 2538 4246 ut
2565 4191 2814 4255 diximus,
2863 4191 3122 4246 naturalis
3169 4201 3413 4258 ornatus,
3441 4191 3490 4246 id

1874 4299 2007 4357 .est,
2031 4296 2242 4356 segetes
2271 4287 2322 4341 in
2351 4283 2573 4355 planitie
2600 4282 2940 4347 fluctuantes,
2971 4295 3073 4336 nec
3102 4297 3208 4336 non
3233 4291 3389 4352 prata
3416 4283 3488 4335 vi.

1903 4382 2100 4446 rentia,
2148 4378 2409 4446 varioque
2460 4374 2653 4429 ﬂorum
2699 4371 2885 4427 colore
2930 4371 3285 4442 splendentia,
3330 4373 3491 4436 colles

1905 4523 2018 4578 suis
2045 4531 2284 4572 numeris
2306 4511 2628 4567 absolutam.
2661 4509 2930 4582 Scriptum
2961 4517 3291 4582 oportuerat,
3325 4513 3484 4582 faten-

1905 4600 1990 4645 tur
2007 4599 2172 4643 tamen
2199 4584 2365 4638 Deum
2388 4593 2630 4650 tanquam
2650 4580 2951 4634 collatorem
2970 4580 3117 4650 stipis
3129 4580 3367 4650 alicujus.
3387 4590 3491 4636 etc.

1906 4661 2060 4716 Colb.
2091 4657 2295 4724 primus
2344 4649 2510 4724 prima
2557 4665 2748 4724 manu,
2778 4650 2946 4718 stipis,
2992 4649 3247 4724 secunda,
3262 4649 3490 4721 stirpis.

1905 4731 2016 4785 Nec
2043 4719 2131 4783 hi'c
2172 4719 2366 4783 solum;
2399 4720 2493 4775 sed
2523 4727 2579 4778 et
2623 4719 2749 4772 alibi
2789 4733 2950 4787 smpe,
2989 4719 3077 4787 qui
3108 4719 3496 4779 eorrigere‘vn-

1902 4801 2052 4862 lunt,
2098 4796 2266 4863 magis
2311 4793 2473 4846 etiam
2518 4796 2873 4856 corrumpunt
2918 4803 3037 4858 quae
3065 4788 3358 4844 emendare
3399 4808 3497 4846 vo-

1904 4869 2285 4997 Ιωξεὲἷῖἶιὶίίη
2314 4932 2601 4984 nativitate.
2631 4927 2814 4983 Codex
2839 4935 3021 4984 noster
3049 4935 3102 4980 et
3123 4926 3280 4984 Colb.
3306 4945 3498 4986 secun-

1900 5009 2023 5075 dus,
2054 5009 2108 5060 in
2138 5004 2477 5075 nativitatem.

1976 5069 2195 5134 f'Editi.
2222 5071 2413 5126 sensui.
2447 5069 2588 5122 Libri
2621 5074 2849 5126 veteres.
2889 5083 3062 5121 sensu.

1975 5157 2001 5195 s
2042 5145 2204 5208 Editi,
2254 5149 2515 5195 ostentare
2542 5138 2949 5208 conscientiam.
2992 5136 3149 5193 Colb.
3205 5140 3492 5196 secundus.

1899 5217 2170 5273 ostendere
2195 5207 2488 5267 scientiam.
2528 5207 2711 5262 Codex
2755 5216 2941 5262 noster
2961 5250 2981 5276 ,ν
3025 5219 3285 5264 ostentare
3327 5211 3493 5262 scien-

1902 5299 2175 5410 uarlsibri
2204 5349 2468 5422 impressi,
2496 5347 2635 5420 Ergo
2662 5364 2797 5403 cum.
2823 5346 3164 5421 Antiquiduo
3187 5348 3327 5425 libri,
3355 5346 3494 5418 Erqo

1902 5438 2193 5550 φξηὲιῶιά
2228 5489 2514 5566 secundus,
2558 5438 2754 5566 liquido
2789 5488 3092 5566 videntibus.
3123 5486 3322 5541 Ibidem
3346 5487 3491 5566 idem

1903 5568 2098 5631 codex,
2129 5581 2277 5638 aqua
2296 5562 2456 5632 fuisse
2483 5556 2982 5638 sitinntitatent._f\lii
3013 5557 3121 5638 duo
3142 5565 3359 5638 mssuet
3387 5556 3494 5638 edi.

1905 5639 1964 5704 ti,
1993 5625 2188 5710 aquam'
2202 5625 2362 5710 fuisse
2381 5631 2691 5710 summitati,
2717 5644 2822 5710 no_n
2847 5625 3054 5710 diversa
3074 5627 3364 5708 sententia.
3387 5625 3495 5680 Nec

1906 5695 2001 5775 ita,
2035 5695 2211 5763 multo
2234 5703 2389 5765 infra,
2412 5698 2566 5754 Colb.
2595 5695 2885 5762 secundus,
2918 5695 3010 5751 sed
3039 5711 3201 5751 uacua
3229 5699 3492 5768 incompo-

1907 5785 2111 5846 situque
2140 5779 2495 5844 nuncupatur.
