3964 6198
505 363 612 420 383

1979 371 2342 430 EUSTATIIII

3638 385 3721 442 885

504 484 791 552 uberrimi,
849 484 1216 556 montiumque
1259 487 1493 546 vertices
1532 489 1815 546 arboribus
1856 488 2090 546 excelsis
2116 490 2165 547 Α
2193 484 2505 556 disputant,
2546 500 2644 541 nec
2695 486 3038 543 tenebrarum
3100 488 3438 560 principalem
3484 496 3724 562 quamdam

502 574 679 644 opaci,
713 589 941 644 quorum
966 577 1097 632 nihil
1123 579 1358 635 habebat
1384 588 1547 646 terra,
1570 580 1876 651 parturiens
1904 579 2086 636 adhuc

501 665 832 720 nativitatem
879 676 1191 723 cunctorum
1256 677 1481 741 propter
1533 671 1748 726 insitam
1794 671 2006 726 sibimet
2055 684 2086 724 a

497 763 742 810 creatore
772 757 1022 812 virtutem
1054 776 1066 812 :
1098 759 1193 815 sed
1222 767 1433 830 tempus
1458 760 1831 831 exspectabat,
1858 767 1917 815 ut
1940 775 2083 831 prae-

497 847 747 916 ceptione
773 848 950 903 divina
978 858 1272 920 conceptus
1297 865 1426 906 suos
1451 849 1722 921 proferret
1754 849 1821 904 ad
1849 850 2044 906 lucem.

566 939 621 994 4.
652 938 725 993 Et
751 949 920 1003 erant,
952 941 1145 1011 inquit,
1178 941 1399 997 tenebrae
1441 959 1594 1013 super
1620 940 1883 1013 abyssum.
1937 940 2083 995 Rur-

495 1046 695 1101 susque
722 1031 840 1085 alia:
868 1029 1168 1086 fabularum
1184 1033 1517 1098 occasiones,
1535 1039 1590 1088 et
1618 1032 1955 1088 infaudorum
1986 1030 2084 1101 ﬁg-

498 1130 804 1176 mentorum
848 1120 1046 1176 dantur
1072 1123 1155 1177 his
1195 1124 1285 1192 qui
1315 1123 1380 1178 ad
1410 1124 1686 1178 arbitrium
1715 1140 1867 1179 suum
1900 1123 2082 1179 detor-

497 1221 665 1283 quent
693 1213 855 1268 verba
884 1211 1193 1282 Scripturze.
1222 1212 1494 1269 Tenebras
1521 1215 1662 1268 enim
1694 1230 1800 1269 non
1828 1230 1895 1269 eo
1921 1213 2083 1270 modo

496 1321 605 1375 quo
628 1314 651 1340 η
684 1313 825 1358 nata:
852 1311 977 1359 sunt
1010 1303 1450 1373 interpretantur,
1496 1303 1550 1358 id
1577 1310 1658 1359 est
1683 1318 1861 1358 aerem
1891 1319 2085 1373 quem-

495 1398 618 1451 dam
648 1396 956 1462 obscurum,
981 1394 1067 1449 vel
1094 1395 1270 1449 locum
1300 1394 1675 1463 interiectione
1703 1394 1931 1462 alicujus
1958 1410 2082 1449 cor-

495 1487 644 1557 poris
658 1486 1000 1542 obscuratum
1020 1502 1034 1550 ;
1052 1485 1144 1540 sed
1173 1485 1425 1539 virtutem
1455 1484 1639 1539 dicunt
1664 1485 1970 1553 malignam,
1996 1485 2084 1539 vel

496 1577 675 1647 potius
704 1578 874 1648 ipsam
903 1576 1161 1631 malitiam
1192 1576 1477 1631 habentem
1520 1590 1587 1630 ex
1616 1578 1905 1646 semetipsa
1931 1577 2083 1645 prin-

513 1668 733 1739 cipium,
764 1668 1125 1723 adversariam
1153 1666 1380 1722 bonitati
1410 1666 1527 1734 Dei,
1574 1675 1630 1721 et
1664 1667 1803 1723 hanc
1839 1676 2087 1724 asserunt

498 1759 842 1813 tenebrarum
866 1771 986 1812 esse
1012 1764 1283 1810 naturam.
1323 1754 1382 1810 Si
1408 1756 1552 1811 enim
1585 1756 1723 1811 Deus
1762 1757 1940 1812 lumen
1980 1768 2081 1823 est,

2190 576 2591 647 malignamque
2618 577 2996 645 substantiam,
3028 579 3359 651 bonitatique
3384 596 3720 654 repugnantem

2188 681 2310 723 esse
2337 667 2582 724 dicimus.
2610 667 2729 723 Duo
2756 669 2900 725 enim
2932 671 3208 741 proposita
3233 673 3333 728 sibi
3360 689 3456 743 per
3472 680 3723 732 contrarie.

2188 767 2375 826 tatem,
2410 775 2630 816 necesse
2659 768 2742 815 est
2770 762 2992 817 alterum
3034 762 3152 818 fore
3195 764 3481 833 perniciosa
3512 768 3722 823 substan.

2188 850 2294 914 tim,
2306 850 2592 919 jurgiaque
2620 851 2722 906 sibi
2748 852 3077 922 sempiterna
3106 854 3397 924 parientia;
3419 863 3606 926 utpote
3627 875 3722 913 mu—

2187 940 2293 996 tuis
2321 940 2463 995 inter
2489 957 2549 997 se
2576 943 2849 1012 pugnandi
2876 944 3316 1000 contentionibus
3344 945 3585 1015 obligata.
3608 953 3723 1015 Quo-

2185 1047 2303 1086 rum
2342 1033 2387 1086 si
2431 1049 2593 1087 unum
2621 1036 2977 1104 superaverit,
3021 1036 3140 1091 sine
3166 1036 3329 1092 dubio
3356 1040 3601 1094 contraria
3626 1057 3723 1110 pars

2185 1121 2396 1177 devicta
2423 1125 2776 1178 consumitur.
2806 1123 2963 1192 Quod
2987 1126 3033 1180 si
3061 1141 3278 1197 semper
3304 1127 3614 1198 aequiparare
3637 1147 3723 1183 ma-

2186 1212 2355 1267 litiam
2394 1213 2625 1269 bonitati
2656 1215 2962 1281 voluerint;
3002 1215 3029 1253 ἀ
3061 1216 3429 1273 incessabilem
3452 1217 3596 1272 rebus
3619 1235 3725 1277 com

2185 1301 2388 1357 llictum
2422 1304 2892 1374 corruptelamque
2920 1305 3238 1375 subjicient,
3269 1306 3431 1360 modo
3466 1309 3723 1376 superanti-

2185 1389 2285 1444 bus
2306 1390 2534 1447 invicem
2559 1407 2618 1447 se
2638 1393 2901 1462 partibus,
2918 1395 3080 1449 modo
3105 1394 3210 1449 sibi
3231 1394 3723 1451 madentibus.me

2185 1479 2230 1534 si
2259 1481 2518 1535 malitiam
2548 1496 2579 1536 a
2607 1482 2850 1539 bonitate
2869 1485 3110 1554 superari
3148 1486 3513 1554 pronuntient.
3542 1502 3726 1557 quaem

2187 1570 2262 1626 tio
2292 1578 2374 1625 est
2404 1579 2463 1624 ut
2489 1579 2682 1627 natura
2707 1574 2924 1629 malitia:
2952 1590 3059 1629 non
3091 1575 3337 1630 videatur
3360 1575 3581 1632 funditus
3597 1578 3727 1632 inter-

2187 1658 2357 1713 iisse?
2405 1658 2499 1714 Sin
2525 1670 2549 1698 ε
2600 1671 2801 1728 autem,
2853 1662 3000 1731 quod
3046 1663 3227 1719 dicere
3272 1664 3424 1720 nefas
3466 1674 3563 1732 est,
3596 1668 3727 1723 miror

2186 1749 2459 1817 quomodo
2483 1765 2590 1805 non
2622 1750 2848 1820 fugiunt,
2884 1761 2991 1807 tam
3030 1754 3352 1821 sacrilegam
3388 1755 3728 1826 blasphemiam

496 1846 745 1917 inquiunt
765 1889 779 1911 ,
819 1848 936 1902 sine
976 1847 1138 1901 dubio
1183 1860 1485 1915 repugnans
1513 1848 1563 1901 ei
1590 1848 1757 1902 virtus
1785 1849 2082 1906 obscuritas
2115 1853 2156 1910 Β
2185 1840 2541 1910 proferentes.
2572 1841 2680 1898 Sed
2707 1859 2804 1898 nos
2833 1845 3089 1900 malitiam
3121 1846 3372 1901 nascendi
3395 1848 3682 1917 principium
3702 1862 3727 1900 a

499 1950 582 1996 est
600 1941 896 1996 secundum
932 1940 1193 1994 rationem
1234 1954 1443 2003 sensus,
1474 1955 1584 1992 non
1618 1953 1687 1993 ex
1715 1940 1821 1994 alio
1848 1941 2079 2011 quodam

499 2038 741 2087 mutuata
769 2030 1139 2093 substantiam,
1167 2027 1264 2083 sed
1291 2036 1373 2083 est
1393 2028 1593 2083 malitia
1621 2030 1703 2083 sui
1729 2029 1980 2097 genitrix,
2004 2032 2084 2085 la-

499 2124 595 2179 bes
634 2123 956 2189 auimarum,
987 2120 1176 2175 mortis
1210 2118 1470 2180 effectrix.
1496 2120 1750 2190 probitati
1793 2123 2084 2191 contraria,

499 2226 661 2283 quam
687 2220 744 2266 et
769 2211 1084 2276 subsistere,
1114 2216 1169 2263 et
1197 2224 1227 2262 a
1273 2208 1384 2263 Deo
1403 2207 1431 2246 ιι
1459 2207 1656 2264 factam
1700 2225 1819 2265 esse
1862 2222 2087 2268 conten-

499 2304 649 2359 dunt.
682 2301 763 2355 Ex
787 2301 893 2357 hoc
921 2301 1082 2369 igitur
1108 2298 1253 2369 quod
1282 2314 1391 2355 non
1432 2300 1654 2371 impium
1700 2308 1757 2357 et
1803 2301 2085 2372 profanum

499 2394 690 2462 dogma
720 2391 997 2461 fingatur?
1028 2388 1129 2456 Qui
1159 2405 1270 2444 non
1309 2390 1421 2460 lupi
1463 2399 1730 2460 raptores,
1768 2391 2090 2448 dilaniantes

500 2497 718 2554 gregem
768 2481 999 2547 Domini,
1030 2496 1100 2536 ex
1148 2480 1249 2535 hac
1295 2495 1427 2535 voce
1468 2489 1744 2536 sumentes
1785 2482 2085 2548 exordium,

501 2576 833 2648 simplicibus
872 2573 1154 2629 animabus
1198 2572 1519 2642 obripiant?
1549 2572 1685 2629 Ilinc
1709 2574 1996 2631 Marcionis
2033 2582 2089 2630 et

501 2666 796 2731 Valentini,
821 2674 878 2721 et
903 2663 1248 2720 exsecrabilis
1275 2662 1692 2719 Manichaeorum
1729 2672 1875 2720 secta
1903 2681 2089 2720 mana-

502 2760 620 2815 vit:
664 2772 828 2828 quam
871 2755 1212 2826 putredinem
1256 2754 1378 2824 quis
1405 2753 1764 2811 Ecclesiarum
1805 2758 2089 2814 nominans

503 2864 613 2905 non
638 2847 918 2919 peccabit?
946 2846 1083 2913 Quid
1111 2846 1320 2915 longius
1348 2862 1379 2901 a
1410 2846 1634 2903 veritate
1669 2848 1892 2916 secedis,
1924 2865 1957 2905 o
1984 2850 2090 2905 ho~

505 2955 617 3008 mo,
648 2954 838 2995 causas
886 2938 1002 3008 ipse
1031 2937 1126 2992 tibi
1164 2936 1484 3006 perditionis
1521 2939 1827 3007 exquirens,
1872 2956 1995 2996 cum
2019 2942 2091 2997 sit

506 3045 685 3086 sermo
731 3028 959 3098 simplex
1004 3035 1060 3083 et
1104 3028 1355 3083 omnibus
1400 3029 1636 3098 planus?
1677 3029 1979 3099 Invisibilis,
2004 3033 2085 3087 in-

506 3123 643 3191 quit,
686 3129 799 3176 erat
827 3129 987 3174 terra.
1030 3118 1187 3173 Cur?
1214 3119 1340 3188 quia
1385 3119 1639 3176 videlicet
1681 3123 1983 3192 superjecta
2012 3124 2090 3180 illi

2186 1930 2299 1988 Deo
2326 1949 2433 1988 non
2464 1935 2738 2004 accepisse
2764 1935 2868 1991 hac
2895 1937 3102 1992 ratione
3147 1937 3443 2004 firmamus,
3489 1940 3601 2008 quia
3626 1940 3728 1994 nihil

2186 2033 2514 2096 eorum’qum
2553 2026 2655 2081 sibi
2701 2029 2970 2082 contraria
3001 2037 3145 2095 sunt,
3190 2037 3370 2098 potest
3397 2030 3476 2085 sui
3502 2030 3729 2099 quidpiam

2185 2129 2447 2184 generare
2474 2115 2494 2155 ί
2528 2117 2807 2174 dissimile.
2841 2118 3027 2189 Neque
3054 2120 3196 2174 enim
3228 2121 3312 2175 vel
3343 2136 3411 2175 ex
3449 2121 3553 2176 vita
3578 2123 3731 2176 mortis

2186 2207 2338 2276 origo
2367 2209 2659 2279 processit,
2690 2209 2775 2263 vel
2805 2210 3055 2265 tenebras
3097 2218 3315 2266 constat
3367 2227 3397 2265 a
3426 2212 3539 2267 luce
3578 2210 3733 2266 forma-

2188 2306 2292 2363 tas,
2318 2300 2405 2353 vel
2433 2316 2503 2355 ex
2525 2301 2843 2370 aegritudine
2885 2302 3212 2368 sanitatem;
3260 2303 3357 2358 sed
3394 2303 3446 2357 in
3488 2302 3730 2359 affectuum

2187 2389 2578 2445 mutationibus
2603 2404 2818 2460 semper
2838 2406 2906 2446 ex
2935 2392 3220 2447 contrariis
3239 2392 3310 2446 ad
3328 2393 3586 2448 contraria
3599 2400 3731 2445 trans

2188 2482 2420 2537 lationes
2491 2481 2815 2538 efficiuntur.
2866 2484 2926 2539 In
2977 2484 3351 2540 nativitatibus
3394 2500 3517 2540 vero
3554 2500 3647 2540 non
3680 2499 3731 2538 ex

2189 2573 2495 2639 contrariis,
2527 2572 2623 2629 sed
2642 2589 2709 2628 ex
2737 2575 3000 2630 similibus
3029 2590 3116 2629 res
3158 2590 3492 2646 unaquaeque
3514 2574 3730 2631 succedit.

2188 2661 2351 2733 Ergo,
2398 2664 2664 2734 inquiunt,
2707 2665 2752 2720 si
2800 2680 2977 2734 neque
3025 2665 3292 2734 genitales
3340 2673 3467 2721 sunt
3512 2664 3729 2727 tenebar,

2190 2769 2368 2823 neque
2397 2769 2466 2809 ex
2494 2754 2607 2810 Deo
2638 2753 2811 2820 factae,
2850 2755 2992 2810 unde
3021 2757 3125 2811 illis
3151 2756 3306 2825 origo
3335 2764 3420 2812 est
3446 2758 3468 2810 ?
3496 2756 3610 2810 Nam
3634 2755 3733 2823 quia

2190 2842 2299 2911 sint
2321 2852 2346 2891 Β
2375 2844 2550 2910 malae,
2602 2844 2777 2900 nullus
2809 2843 2965 2899 audet
3004 2858 3308 2914 repugnare
3356 2845 3598 2900 vivorum.
3623 2841 3735 2909 Quid

2191 2950 2321 3005 ergo
2348 2953 2450 2993 nos
2487 2936 2757 2993 dicimus?
2795 2936 2930 3004 Quia
2958 2936 3156 2991 malum
3196 2945 3282 2992 est
3310 2954 3420 2994 non
3448 2939 3608 3008 aliqua
3639 2936 3733 2990 viva

2192 3034 2247 3083 et
2275 3028 2513 3083 animata
2562 3028 2883 3094 substantia,
2928 3026 3024 3082 sed
3065 3026 3293 3083 affectus
3340 3028 3546 3099 quidam
3588 3024 3733 3081 virtuti

2193 3121 2526 3189 contrarius,
2554 3126 2610 3175 et
2633 3135 2663 3174 a
2692 3119 2934 3175 bonitate
2960 3117 3203 3189 dejectus
3224 3160 3241 3185 ,
3271 3127 3332 3174 et
3359 3121 3413 3175 in
3440 3117 3736 3190 pravissimo-

507 3213 683 3270 fuerat
707 3213 948 3283 abyssus.
972 3209 1162 3282 Abyssi
1184 3217 1362 3265 autem
1382 3211 1473 3280 qui
1495 3219 1577 3267 est
1604 3213 1922 3282 intellectus,
1954 3230 2092 3286 aqua
2122 3212 2167 3273 C
2197 3228 2316 3267 rum
2338 3212 2606 3267 mentibus
2624 3211 2936 3267 collocatus.

508 3304 673 3359 nimia
702 3301 965 3357 infinitum
992 3300 1195 3355 habens
1221 3299 1564 3370 profundum.
1596 3300 1703 3356 Sed
1739 3304 1955 3373 scimus,
2007 3306 2092 3360 in-

508 3397 718 3469 quiunt,
751 3395 920 3450 multa
952 3409 1183 3464 corpora
1231 3394 1393 3448 etiam
1450 3409 1549 3465 per
1587 3409 1783 3465 aquam
1810 3408 1831 3436 ο
1862 3397 2092 3454 lucidam

506 3489 825 3559 plerumque
866 3485 1119 3556 spectari.
1144 3482 1428 3549 Quomodo
1453 3497 1585 3553 ergo
1628 3494 1757 3541 tunc
1794 3487 1938 3542 nulla
1966 3504 2092 3559 pars

508 3591 667 3635 terra:
692 3594 792 3649 per
817 3592 987 3647 aquas
1032 3574 1459 3631 ostendebatur?
1484 3578 1739 3645 quoniam
1769 3578 1970 3636 lumine
1996 3596 2091 3636 ca-

505 3670 683 3731 rebat,
711 3675 767 3722 et
786 3667 1105 3721 obscuratus
1131 3672 1248 3720 erat
1266 3664 1441 3719 adhuc
1464 3664 1778 3733 superfusus
1797 3669 1951 3736 aquis
1975 3684 2088 3725 aer.

507 3759 642 3815 Nam
667 3772 790 3813 cum
817 3756 951 3811 radii
977 3755 1109 3811 solis
1152 3770 1347 3823 aquam
1391 3758 1813 3824 penetraverint,
1861 3760 2097 3816 calculos

507 3864 605 3905 eos
630 3847 724 3917 qui
747 3846 1013 3901 habentur
1051 3845 1102 3899 in
1152 3844 1320 3898 altum
1344 3859 1486 3914 saepe
1511 3846 1869 3916 prospicimus
1912 3851 2099 3920 :quod

506 3946 658 3994 certe
683 3936 832 3992 nullo
883 3934 1045 3989 modo
1092 3932 1207 3988 fieri
1237 3941 1397 3989 nocte
1445 3942 1646 4004 potest.
1675 3936 1852 3994 Causa
1882 3953 2013 4009 ergo
2040 3949 2101 3996 ut

508 4027 653 4078 esset
676 4026 819 4076 terra
848 4018 1145 4083 invisibilis,
1174 4016 1499 4087 superiectio
1521 4017 1621 4073 fuit
1648 4035 1930 4090 aquarum.
1962 4023 2103 4081 Dicit

509 4113 655 4168 enim
694 4111 944 4183 abyssum
990 4108 1169 4175 fuisse,
1211 4108 1304 4180 qui
1354 4110 1657 4166 retardaret
1686 4123 1964 4184 aspectum
1998 4135 2010 4170 :
2045 4125 2101 4172 et

510 4203 627 4274 ipsa
655 4201 880 4273 abyssus
906 4199 1192 4255 obscurata
1228 4206 1364 4254 erat.
1392 4196 1537 4268 Ergo
1567 4215 1666 4257 nec
1693 4202 1943 4274 abyssum
1968 4221 2101 4261 con-

511 4293 799 4349 trariarum
844 4291 1101 4347 virtutum
1145 4290 1562 4358 multitudinem,
1610 4300 1670 4348 ut
1716 4294 1932 4364 quidam
1961 4295 2099 4354 falso

584 4413 612 4443 ι
649 4401 791 4458 Editi
828 4410 885 4458 et
910 4402 1072 4460 Colb.
1101 4403 1324 4474 primus,
1360 4421 1468 4474 quo
1511 4415 1649 4461 noue
1676 4415 1815 4460 sunt.
1858 4406 1961 4463 Alii
1987 4410 2096 4468 duo

513 4490 668 4537 mss.,
695 4490 795 4543 quo
814 4482 963 4543 gnata:
994 4473 1151 4538 sunt;
1175 4482 1231 4528 et
1258 4475 1331 4528 ita
1358 4473 1641 4542 legendum
1670 4491 1789 4531 esse
1809 4480 2099 4535 ostendunt

476 4611 486 4619 _
513 4542 783 4621 Basiliaua
809 4542 920 4621 illa,
947 4545 1006 4621 ιςρ
1034 4545 1134 4616 γὰρ
1164 4546 1347 4621 σκρτος
1391 4553 1489 4614 οὐχ
1523 4548 1591 4621 ᾡς
1614 4548 1828 4621 πέφρκεν
1856 4549 2096 4621 ἐξηγοῦν-

513 4640 618 4673 ται.
646 4612 846 4683 Ibidem
875 4612 1346 4683 Colbﬁsecundus,
1375 4612 1645 4683 queindam
1672 4612 2090 4673 obscuratum...

2267 3303 2322 3358 5.
2362 3302 2701 3374 Quapropter
2743 3302 2872 3358 nolo
2918 3309 2975 3357 te
3020 3301 3221 3356 malum
3268 3310 3579 3357 extraneum
3619 3297 3734 3352 arbi-

2196 3394 2360 3458 trari,
2391 3409 2495 3450 nec
2522 3393 2665 3449 idem
2701 3391 3057 3463 principalem
3093 3399 3348 3447 naturam
3385 3390 3619 3461 nequitia:
3642 3402 3733 3458 pos-

2194 3483 2375 3540 sidens
2398 3483 2606 3550 opinari
2637 3500 2649 3535 :
2682 3481 2776 3536 sed
2803 3496 2913 3537 sua:
2939 3481 3166 3551 quisque
3192 3480 3415 3537 malitia:
3456 3478 3484 3517 ιι
3508 3495 3564 3535 se
3586 3487 3736 3533 aucto-

2196 3589 2313 3629 rem
2359 3587 2479 3629 esse
2525 3579 2835 3641 cognoscat.
2887 3568 3089 3626 Eortnn
3136 3570 3283 3625 enim
3332 3586 3453 3641 qure
3491 3568 3629 3625 nobis
3649 3579 3737 3619 eve-

2201 3664 2376 3731 niunt,
2411 3663 2517 3718 alia
2537 3670 2662 3718 sunt
2682 3676 2751 3716 ex
2776 3668 2987 3725 natura,
3012 3661 3065 3715 id
3085 3668 3170 3716 est
3186 3669 3445 3717 senectus
3469 3668 3521 3715 et
3539 3660 3737 3725 languor;

2201 3755 2307 3810 alia
2336 3761 2529 3825 sponte
2548 3736 2863 3818 succedunt,
2888 3750 2941 3806 id
2965 3759 3049 3806 est
3067 3752 3271 3807 fortuiti
3294 3767 3471 3815 casus,
3492 3751 3575 3820 qui
3593 3744 3739 3802 alienis

2201 3860 2231 3898 a
2261 3859 2321 3899 se
2349 3845 2667 3915 plerumque
2702 3842 2931 3911 negotiis
2960 3842 3294 3898 incursantes
3317 3843 3408 3898 vel
3429 3841 3644 3897 laetitiam
3663 3851 3741 3891 no-

2199 3938 2285 3993 bis
2313 3936 2563 4003 aﬂ‘erunt,
2593 3935 2681 3991 vel
2709 3950 3018 4002 mmrorem,
3049 3936 3189 3990 sicut
3214 3943 3442 4006 putetnn
3469 3931 3743 3990 fodientibus

2202 4027 2437 4085 occurrit
2483 4027 2725 4082 thesauri
2772 4026 2994 4081 latentis
3043 4025 3317 4091 inventio;
3369 4024 3463 4080 aut
3499 4026 3565 4079 ad
3603 4021 3743 4076 forum

2206 4118 2552 4188 pergentibus
2598 4116 2659 4171 fit
2697 4117 2911 4172 obviam
2957 4116 3131 4171 rabidi
3156 4117 3309 4173 canis
3348 4119 3615 4173 adventus.
3651 4111 3745 4165 Alia

2204 4223 2337 4265 vero
2365 4209 2420 4263 in
2451 4215 2633 4262 nostra
2661 4214 2788 4263 sunt
2810 4214 3115 4277 potestate:
3145 4207 3284 4261 sicut
3323 4207 3639 4277 voluptatum
3663 4200 3746 4256 fre-

2209 4299 2385 4355 narei
2423 4298 2736 4368 cupidines,
2782 4307 3083 4367 temperare
3126 4297 3415 4361 libidines,
3463 4293 3746 4351 iracundiam

2201 4413 2365 4482 prior,
2408 4426 2515 4465 non
2556 4411 2699 4482 quod
2740 4411 2918 4482 minus
2963 4408 3152 4482 Latina
3179 4409 3277 4474 sit,
3307 4426 3433 4465 cum
3462 4410 3574 4464 alia:
3600 4406 3747 4482 multa;

2199 4475 2316 4551 ejus
2343 4482 2556 4550 generis
2574 4475 2639 4534 in
2677 4481 2779 4551 ha_c
2816 4479 3261 4548 interpretatione
3301 4481 3645 4551 reperiantur,
3670 4475 3746 4551 sed

2198 4547 2368 4641 q'uod’
2389 4551 2458 4605 ad
2494 4565 2684 4605 vocem
2717 4547 2973 4603 Graecam
3006 4547 3404 4631 accommodari
3449 4565 3551 4604 non
3590 4547 3743 4617 possit.

2200 4643 2506 4681 απαυστως.

512 4681 1194 4777 “sumemus;
1207 4681 1860 4777 il‘BBéEE‘JDBWLESL':
1890 4687 2092 4777 sedse
2126 4717 2176 4777 n
2272 4700 2297 4728 °
2324 4689 2491 4777 .09.“?-
2532 4689 2823 4777 secsadssz
2851 4689 2935 4777 83':
2963 4689 3451 4777 eaeaeae?!“
3468 4687 3747 4777 fuisse

514 4750 824 4825 principium
845 4752 1197 4825 aduersarium
1214 4750 1463 4825 bonitatis
1485 4750 1601 4807 Dei.
1626 4753 1863 4810 Subinde
1890 4756 1979 4812 bic
2006 4757 2097 4812 ille

515 4826 630 4896 ipse
649 4821 840 4896 codex,
864 4821 1004 4877 labes
1023 4821 1318 4896 animabus.

587 4895 615 4934 δ
651 4892 807 4949 Colb.
839 4893 1126 4966 secundus,
1174 4895 1369 4966 factum
1405 4894 1892 4966 contemnuntmed
1922 4911 2100 4966 neque

517 4967 845 5034 hac,_neque
874 4963 1085 5034 vulgata
1113 4961 1368 5034 lectione,
1408 4961 1592 5034 Gneca
1627 4964 1765 5019 bene
1784 4961 2100 5034 exprimun-

517 5045 626 5090 tur.
650 5031 816 5102 lgitur
844 5033 889 5087 si
920 5033 1041 5102 quis
1073 5032 1253 5101 cupiat
1270 5033 1600 5102 sententiam
1641 5031 1928 5089 verborum
1958 5035 2104 5092 Basi-

517 5106 573 5161 lii
604 5101 955 5175 perspectam
981 5101 1282 5175 habere,__ei
1308 5109 1508 5175 auctor
1523 5117 1639 5156 sum
1657 5110 1727 5175 _ut
1754 5104 1947 5175 ipsum
1982 5106 2103 5175 fon-

517 5170 628 5230 tem
659 5170 836 5244 adeat.
886 5170 1088 5226 Rursus
1113 5171 1282 5244 Colb.
1309 5171 1594 5236 secundus,
1636 5170 1916 5244 ﬁngitur...
1957 5174 2102 5230 obri-

519 5246 690 5316 piuut.
735 5242 958 5310 Insuper
995 5255 1061 5293 eo
1110 5242 1162 5295 in
1204 5242 1341 5296 libro
1378 5257 1478 5312 pro
1508 5242 1740 5313 raptores
1778 5243 1972 5312 legitur
2016 5263 2106 5299 ra-

559 5331 693 5369 αιἰἐο

519 5334 824 5449 ναΐῖἶιίίιί,
865 5378 1059 5435 lucida.
1089 5376 1275 5449 Codex
1305 5388 1490 5436 noster
1528 5390 1586 5436 et
1612 5379 1769 5437 Colb.
1818 5383 2105 5447 secundus,

524 5454 768 5510 lucidam.
787 5448 845 5507 In
873 5449 1080 5525 Grazco,
1104 5448 1167 5525 δι’
1183 5449 1366 5510 ὕδατος
1388 5452 1689 5525 λετ-ποτέρῳ
1712 5458 1797 5507 καὶ
1824 5453 2068 5525 Suriaci;
2093 5472 2107 5507 ι

530 5527 616 5581 ubi
670 5539 857 5594 vocem
918 5521 1228 5594 λεπτοτέρας)
1293 5520 1544 5594 omissam
1584 5520 1865 5594 videmus.
1928 5520 2111 5578 Utrius

532 5605 704 5648 :mtem
734 5593 889 5662 culpa
916 5590 968 5662 id
994 5589 1235 5662 evenerit
1250 5628 1273 5662 ᾗ,
1322 5590 1625 5661 interpretis
1654 5607 1721 5645 an
1753 5592 1993 5659 librarii,
2022 5608 2113 5649 nc-

531 5679 639 5727 mo,
670 5660 883 5729 opinor,
910 5661 1065 5717 facile
1093 5660 1306 5713 dixerit.

602 5735 626 5766 ιι
670 5728 829 5796 Editi,
852 5728 1269 5785 inaccessabilmu
1301 5728 1447 5783 rebus
1478 5733 1791 5799 ron/licium,
1817 5732 1974 5787 male.
2000 5732 2108 5786 An-

539 5801 666 5867 tiqui
696 5809 807 5855 tres
848 5802 984 5868 libri,
1030 5800 1394 5853 itu-essubilmn.
1431 5801 1683 5870 Displicet
1721 5813 1899 5857 autem
1950 5803 2110 5863 lectio

2200 4761 2535 4832 quodidicere
2562 4761 2710 4832 nefas
2748 4769 2841 4812 est.
2872 4757 2933 4812 Id
2962 4758 3418 4832 pleniusquidem
3437 4771 3573 4832 _esse
3596 4753 3749 4832 et

2202 4822 2315 4905 rius
2337 4831 2540 4895 fateor;
2571 4822 2666 4905 sed
2682 4842 2891 4905 _vereor
2914 4822 2981 4882 né
3000 4827 3128 4905 quid
3148 4822 3396 4905 librarius
3421 4829 3488 4883 de
3514 4841 3606 4881 suo
3629 4822 3749 4905 addi:

2201 4901 2359 4967 derit,
2390 4916 2510 4955 cum
2530 4894 2856 4969 'simpliciter
2883 4894 3033 4969 apud
3052 4895 3304 4969 Basilium
3334 4897 3555 4969 legatur,
3586 4916 3622 4949 ε.
3643 4894 3708 4969 δὲἶ
3730 4894 3750 4943 ὁ

2203 4978 2273 5041 μὴ
2296 4963 2434 5041 θέμις
2454 4963 2935 5039 εὶπιίινίθανμάζωξ
2953 4968 3035 5021 sin
3068 4968 3258 5032 minus,
3286 4963 3421 5039 quod
3448 4967 3608 5022 dicere
3631 4963 3751 5034 nefas

2205 5049 2301 5103 est,
2330 5041 2513 5106 miror,
2536 5048 2645 5094 etc.

2283 5109 2301 5148 ῐ
2342 5104 2508 5164 Colb.
2528 5107 2812 5169 secundus,
2844 5107 3131 5161 consimile.
3162 5106 3243 5161 Ad
3271 5106 3491 5162 verbum
3518 5106 3584 5159 ita
3612 5104 3751 5156 inter-

2207 5180 2706 5249 pretabimur,th
2751 5177 2882 5249 nihil
2919 5178 3373 5249 contrariorumAa
3412 5175 3657 5249 contrario
3678 5185 3752 5223 suo

2212 5245 2503 5322 generatur.
2536 5245 2712 5303 verba
2740 5245 2929 5322 Grazca
2978 5247 3091 5301 haec
3116 5253 3260 5322 sunt,
3292 5246 3382 5322 ﬁse
3410 5250 3470 5322 ςτὸ
3508 5245 3647 5322 uariis
3675 5249 3752 5293 τιῐν

2213 5313 2445 5391 Evam-rima
2471 5322 2612 5391 ποςρά
2635 5324 2727 5391 τνξῦ
2754 5319 2976 5372 ἐναντίου
3006 5319 3249 5391 γέν-εσθαι.
3289 5313 3655 5391 διαείφ-Οριὺ.

2212 5388 2437 5451 cundus,
2465 5404 2497 5440 a
2526 5381 2637 5441 ιὶιεε
2656 5388 2918 5457 ﬁrmatas,
2942 5381 3050 5457 non
3081 5386 3156 5439 ita
3183 5392 3351 5441 recte.
3377 5383 3605 5439 Subinde
3626 5381 3748 5434 editi.

2214 5457 2284 5511 ad
2312 5465 2511 5510 contra.
2543 5454 2686 5511 Libri
2716 5455 2946 5522 antiqui,
2976 5454 3046 5507 ad
3065 5457 3349 5510 contraria.

2289 5538 2313 5573 κ
2355 5525 2496 5579 Libri
2524 5535 2754 5589 veteres,
2779 5524 2940 5577 mala.

2290 5594 2316 5633 ιι
2346 5594 2508 5662 Editi,
2525 5582 2768 5649 actorem.
2787 5592 2941 5648 Colb.
2965 5593 3254 5658 secundus,
3277 5602 3547 5647 auctorem.
3570 5582 3752 5662 IIICI-1!?-

2220 5683 2305 5747 (ες),
2334 5656 2590 5739 amnes».
2615 5665 2757 5719 Idem
2786 5663 3043 5719 mendum
3083 5656 3358 5734 aliquanto
3386 5671 3508 5715 ante
3532 5656 3751 5712 emenda-

2220 5750 2411 5789 VIIIIllS.

2296 5804 2308 5843 ί
2354 5803 2517 5871 Editi,
2550 5803 2874 5874 cupiditates.
2910 5804 2979 5860 At
2998 5802 3168 5858 nostri
3198 5809 3308 5858 tres
3334 5816 3479 5867 mss.,
3502 5794 3759 5861 cupidines.
