3964 6178
253 369 360 425 885

1263 361 1662 418 HEXAEMERI
1704 361 2181 419 METAPIIRASIS
2220 362 2419 418 LIBER
2454 364 2512 419 li.

3398 361 3504 416 886

251 479 535 540 cohibere;
560 475 645 529 vel
671 475 1008 542 instigantem
1031 473 1220 538 vitare,
1243 473 1326 528 vel
1351 473 1630 527 veritatem
1657 473 1828 542 sequi.
1860 479 1907 534 A
1937 492 2048 530 ram
2079 477 2404 532 rotunditate
2437 477 2745 532 conclusum
2766 516 2780 541 ,
2812 477 3012 531 habens
3035 490 3229 545 corpus
3254 476 3500 544 spissum.

250 571 340 624 vel
361 567 542 622 odisse
561 565 918 628 mendacium,
943 566 1126 619 mitem
1154 564 1392 620 moribus
1420 579 1539 619 esse
1567 565 1647 618 vel
1679 580 1830 634 aspe-

251 674 392 718 rum,
424 655 684 709 humilem
710 655 798 709 vel
825 655 1046 708 elatum.
1079 653 1312 720 Quarum
1343 654 1503 722 igitur
1527 669 1706 708 rerum
1730 654 1830 709 do-

252 749 382 801 mini
414 746 692 811 habemur,
724 760 906 799 earum
938 745 1150 798 aliunde
1184 759 1290 799 non
1326 752 1632 798 mutuamur
1658 744 1825 798 initia.

252 837 437 906 Itaque
467 849 794 904 recognosce
833 835 958 904 quia
997 833 1138 904 quod
1168 835 1382 904 proprie
1407 835 1602 889 malum
1629 843 1740 899 est,
1765 851 1829 889 ex

250 927 554 982 commissis
581 926 785 979 arbitrii
818 925 967 979 liberi
988 925 1132 993 capit
1157 925 1454 979 exordium.
1485 924 1668 992 Neque
1689 926 1829 979 enim

251 1020 301 1073 si
330 1019 529 1072 malum
561 1033 629 1072 ex
653 1017 972 1071 necessitate
999 1015 1365 1079 descenderet,
1399 1024 1578 1069 tantus
1604 1030 1831 1084 peccan-

252 1109 396 1162 tibus
423 1107 598 1174 legum
626 1114 800 1159 metus
829 1104 1164 1159 incumberet
1189 1123 1201 1156 :
1229 1111 1322 1157 aut
1337 1104 1544 1172 judices
1572 1103 1829 1172 supplicia

250 1199 557 1253 criminosis
602 1196 760 1264 digna
798 1204 1112 1250 statuerent.
1183 1194 1307 1249 Haec
1355 1195 1484 1248 mihi
1538 1194 1679 1248 dicta
1725 1194 1832 1246 sint

249 1303 417 1357 super
462 1303 529 1342 eo
580 1287 723 1355 quod
767 1287 982 1355 proprie
1027 1286 1223 1338 malum
1273 1293 1374 1341 est.
1441 1285 1830 1354 IEgritudinem

250 1396 384 1434 vero
406 1380 492 1433 vel
521 1388 811 1446 egestatem
832 1418 848 1442 ,
878 1388 968 1432 aut
995 1379 1360 1446 ignominiam,
1387 1386 1440 1434 et
1465 1380 1566 1433 alia
1595 1394 1714 1448 qua:
1742 1395 1831 1434 so-

250 1470 366 1523 lent
403 1468 744 1523 mmstilicare
789 1468 1082 1531 mortales,
1124 1477 1152 1505 ι
1190 1469 1414 1523 necdum
1463 1470 1515 1522 in
1571 1470 1829 1522 malorum

249 1573 451 1612 censeo
489 1565 694 1626 partem
734 1557 1014 1624 ponenda;
1053 1557 1176 1624 quia
1207 1573 1305 1611 nec
1333 1573 1518 1611 eorum
1549 1557 1830 1611 contrariae

248 1664 431 1703 causa:
497 1649 550 1701 in
603 1649 851 1700 maximis
901 1647 1163 1701 bonorum
1211 1649 1423 1702 sedibus
1463 1649 1826 1703 collocantur:

250 1753 483 1807 quorum
531 1738 632 1790 alia
681 1745 805 1790 sunt
845 1738 1126 1803 naturalia,
1167 1753 1286 1806 qua:
1325 1740 1637 1808 plerumque
1679 1740 1829 1793 nobis

1933 576 1988 624 et
2015 568 2150 623 adeo
2176 567 2407 622 validum
2432 609 2446 632 ,
2497 575 2554 620 ut
2581 567 2750 636 possit
2787 583 2849 622 ea
2896 582 3014 636 qua:
3045 567 3376 622 extrinsecus
3402 565 3504 618 ha-

1931 661 2124 714 bentur
2167 658 2233 712 ab
2273 658 2616 712 interioribus
2642 671 2922 726 separare;
2954 658 3022 711 ob
3053 657 3157 710 hoc
3197 655 3501 711 necessario

1931 755 2055 818 post
2082 763 2139 802 se
2162 747 2432 813 regionem
2463 747 2701 801 relictam
2721 787 2734 812 ,
2769 756 3036 802 carentem
3067 746 3181 800 luce
3203 747 3498 804 constituit.
3578 767 3584 774 -

1932 846 1991 892 ut
2018 847 2144 907 pote
2189 837 2394 904 fulgore
2439 837 2530 904 qui
2571 835 2799 905 desuper
2844 835 3084 890 radiabat
3111 836 3352 890 excluso.
3378 833 3498 887 Tria

1933 928 2076 983 enim
2118 927 2274 982 simul
2322 933 2536 995 oportet
2579 926 2631 979 in
2661 927 2846 980 umbra
2888 926 3125 980 facienda
3157 940 3496 987 concurrere,

1934 1017 2131 1079 lucem,
2163 1031 2388 1084 corpus,
2418 1023 2474 1069 et
2512 1015 2849 1069 obscuratum
2878 1016 3073 1070 locum.
3117 1014 3254 1082 Ergo
3277 1013 3496 1067 mundae

1935 1122 2028 1164 nas
2073 1107 2350 1167 tenebras,
2394 1120 2460 1159 ex
2507 1104 2690 1158 umbra
2733 1105 2936 1159 caelesti
2967 1105 3207 1173 corporis
3235 1104 3501 1157 exstitisse

1930 1197 2203 1253 sciendum
2242 1187 2463 1251 est."l‘u
2501 1210 2632 1249 vero
2677 1210 2774 1264 per
2817 1196 3118 1264 exemplum
3165 1192 3498 1247 manifestum

1931 1289 2148 1344 adverte
2173 1303 2292 1358 qua:
2314 1287 2558 1341 dicimus.
2611 1285 2667 1340 Si
2694 1286 2792 1340 sub
2817 1287 3122 1340 meridianis
3150 1286 3295 1339 horis
3325 1285 3498 1339 taber-

1931 1380 2179 1434 naculum
2228 1379 2321 1432 tibi
2373 1376 2642 1445 quoddam
2671 1391 2738 1430 ex
2781 1377 3002 1430 materia
3035 1376 3197 1430 densa
3246 1375 3401 1429 nimis
3447 1383 3498 1428 et

1931 1485 2098 1539 opaca
2128 1467 2428 1522 fundaveris
2452 1508 2466 1533 ,
2511 1467 2562 1520 in
2603 1467 2912 1534 spontaneis
2947 1474 3000 1520 te
3042 1466 3234 1520 ibidem
3264 1465 3495 1520 tenebris

1929 1559 2236 1614 collocabis.
2279 1557 2435 1612 Tales
2463 1570 2590 1624 ergo
2614 1565 2668 1610 et
2698 1557 2815 1610 illas
2835 1557 3082 1610 tenebras
3110 1571 3228 1611 esse
3255 1557 3496 1626 opinare,

1931 1667 2037 1704 non
2067 1650 2427 1719 principaliter
2454 1648 2765 1702 substitutas
2789 1688 2802 1708 .
2833 1646 2926 1700 sed
2952 1662 3262 1716 processum
3290 1655 3499 1701 secutas

1931 1742 2167 1795 alterius.
2211 1740 2316 1794 Has
2350 1749 2526 1794 autem
2572 1740 2820 1794 tenebras
2863 1737 3040 1792 ferunt
3087 1740 3278 1808 abysso
3306 1753 3498 1806 super-

252 1831 504 1884 videntur
533 1829 733 1883 utiliter
753 1829 990 1883 evenire.
1031 1829 1369 1898 QuaprOpter
1391 1831 1414 1867 δ
1439 1839 1738 1898 suspectam
1761 1829 1828 1884 de
1861 1830 1901 1888 Β
1931 1831 2054 1886 ferri
2081 1849 2094 1884 :
2126 1832 2248 1901 quia
2279 1831 2586 1885 extremitas
2631 1830 2771 1884 aeris
2812 1829 2966 1883 solita
2997 1837 3078 1883 est
3105 1828 3354 1898 conjungi
3381 1843 3500 1884 cor-

250 1921 493 1975 moribus
543 1920 904 1974 narrationem
965 1921 1017 1973 in
1071 1922 1352 1989 przesentia
1404 1930 1824 1990 compesccntes,

249 2009 742 2066 considerationem
789 2009 966 2078 potius
1013 2010 1353 2064 tenebrarum
1400 2010 1733 2078 simpliciter,
1766 2026 1829 2065 ac

249 2101 370 2153 sine
429 2100 533 2151 ulla
582 2099 871 2152 calliditate
923 2100 1116 2154 nOStris
1171 2101 1436 2154 mentibus
1481 2101 1826 2154 attrahamus.

251 2193 487 2260 Flagitat
513 2200 690 2245 autem
720 2207 896 2247 sermo
922 2195 1060 2248 scire
1083 2210 1181 2249 nos
1199 2234 1212 2258 ,
1245 2197 1289 2250 si
1319 2196 1551 2250 tenebrae
1572 2211 1833 2265 congene-

251 2291 390 2336 rata:
419 2290 544 2335 sunt
578 2283 805 2345 mundo,
840 2286 937 2338 etsi
966 2287 1262 2341 anteriores
1291 2287 1538 2356 putanda:
1561 2297 1684 2341 sunt
1713 2304 1831 2343 esse

247 2388 415 2442 quam
445 2373 554 2425 lux.
599 2373 748 2437 Quod
778 2375 820 2427 si
854 2376 924 2428 ita
965 2386 1077 2438 est,
1120 2393 1216 2431 cur
1242 2377 1478 2432 deterior
1503 2394 1585 2431 res
1609 2379 1830 2434 meliore

250 2463 485 2516 habetur
509 2466 814 2533 antiquior?
839 2465 1150 2536 Quanquam
1175 2484 1474 2522 asseramus
1495 2470 1589 2523 has
1617 2486 1832 2539 quoque

247 2555 506 2608 tenebras
547 2570 652 2608 non
691 2570 756 2609 ex
796 2556 878 2608 sui
917 2565 1164 2611 constare
1192 2557 1486 2611 substantia
1510 2599 1524 2623 ,
1576 2559 1669 2612 sed
1714 2575 1832 2613 esse

249 2646 444 2699 vitium
472 2646 737 2714 quoddam
768 2648 820 2700 in
853 2662 1010 2712 aere,
1051 2648 1320 2702 subtracta
1350 2650 1468 2702 luce
1507 2649 1825 2703 confectum.

247 2736 323 2790 Et
373 2752 550 2790 rursus
589 2737 930 2804 quaerendum
985 2745 1066 2791 est
1122 2753 1225 2806 qua
1268 2739 1384 2792 luce
1438 2740 1588 2793 locus
1649 2741 1830 2794 mundi

248 2837 480 2896 repente
530 2829 766 2896 privatus
795 2837 895 2882 est.
953 2829 1284 2882 Arbitramur
1310 2829 1450 2883 enim
1499 2830 1621 2897 quia
1661 2831 1707 2884 si
1738 2829 1834 2884 fuit

245 2916 556 2986 quidpiam,
589 2925 710 2970 ante
739 2917 1127 2970 institutionem
1153 2919 1417 2972 sensibilis
1447 2919 1602 2985 hujus
1629 2929 1682 2974 et
1709 2935 1830 2973 cor-

246 3007 525 3074 ruptibilis
552 3007 772 3071 mundi,
820 3006 1057 3076 profecto
1091 3007 1143 3061 in
1171 3004 1287 3062 luce
1316 3007 1434 3062 fuit.
1478 3009 1659 3077 Neque
1688 3010 1830 3063 enim

246 3101 490 3168 dignitas
516 3101 825 3168 angelorum
849 3139 863 3164 ,
897 3115 995 3154 nec
1019 3102 1255 3155 omnium
1285 3102 1578 3156 cmlestium
1608 3102 1830 3167 militiae,

1928 1941 2117 1997 porum
2147 1925 2445 1995 speciebus.
2488 1923 2592 1978 Sed
2620 1933 2639 1960 ο
2667 1931 2795 1976 tunc
2823 1936 2957 1990 aqua
2993 1929 3108 1975 erat
3134 1919 3379 1974 omnibus
3405 1934 3499 1973 su-

1928 2017 2201 2086 perjecta,
2246 2024 2466 2084 propter
2505 2013 2648 2082 quod
2696 2013 3000 2067 necessario
3047 2011 3296 2066 tenebras
3343 2025 3500 2080 super

1929 2109 2175 2178 abyssum
2207 2108 2365 2161 fuisse
2387 2108 2610 2160 relatum
2642 2114 2742 2160 est.

1999 2197 2044 2250 6.
2091 2197 2162 2250 Et
2187 2198 2425 2267 spiritus,
2462 2194 2658 2262 inquit,
2693 2194 2790 2250 Dei
2819 2193 3075 2266 ferebatur
3106 2209 3256 2263 super
3293 2209 3498 2262 aquam.

1929 2288 2050 2342 Sive
2079 2286 2410 2340 diffusiOnem
2439 2286 2577 2340 aeris
2608 2285 2758 2339 istius
2779 2329 2791 2348 ,
2822 2283 3067 2353 spiritum
3098 2282 3246 2346 dicit,
3285 2281 3498 2350 percipe

1930 2382 2241 2449 scriptorem
2273 2380 2546 2447 portiones
2585 2377 2678 2430 tibi
2718 2375 2901 2430 mundi
2930 2373 3164 2441 singulas
3190 2386 3498 2426 enumeran-

1931 2480 2070 2532 tem;
2135 2484 2255 2522 nam
2317 2468 2503 2522 focisse
2554 2467 2720 2520 Deum
2763 2465 2892 2520 dicit
2937 2464 3128 2518 cmlum
3180 2472 3234 2517 et
3281 2472 3496 2525 terram,

1931 2578 2119 2632 aquam
2169 2570 2224 2614 et
2269 2575 2484 2623 aerem,
2536 2559 2676 2612 hunc
2721 2557 2978 2624 liquidum
3022 2564 3183 2624 atque
3211 2554 3497 2620 dill'usum;

1931 2652 2062 2712 sive,
2081 2652 2104 2686 ά
2123 2649 2263 2718 quod
2284 2665 2468 2702 verum
2492 2648 2658 2715 magis
2680 2647 2946 2709 existimo,
2962 2644 3165 2715 etquod
3179 2641 3260 2698 his
3273 2645 3361 2712 qui
3376 2653 3499 2697 ante

1932 2757 2029 2793 nos
2059 2739 2204 2792 fuere
2253 2739 2532 2807 probatum
2574 2744 2683 2801 est,
2732 2735 2988 2804 Spiritum
3019 2735 3112 2788 Dei
3141 2733 3307 2798 dicit,
3339 2729 3389 2786 id
3417 2743 3500 2786 est

1931 2837 2192 2884 sanctuzn.
2237 2827 2546 2881 Reservavit
2587 2827 2727 2880 enim
2774 2825 3077 2890 Scriptura,
3104 2833 3162 2878 ut
3182 2823 3498 2894 praecipuam

1934 2919 2088 2986 hujus
2117 2926 2486 2986 competenter
2534 2917 2858 2970 mentionem
2903 2916 3133 2969 nominis
3163 2915 3496 2969 declararet:

1934 3010 2242 3077 nullumque
2282 3007 2442 3060 alium
2473 3007 2716 3075 spiritum
2747 3005 2945 3060 dictum
2976 3005 3232 3061 debemus
3261 3005 3497 3066 credere.

1935 3100 2034 3153 nisi
2064 3107 2325 3161 sanctum,
2356 3098 2446 3165 qui
2469 3097 2642 3151 beata:
2671 3113 2734 3151 ac
2759 3097 3078 3151 venerabilis
3109 3095 3384 3150 Trinitatis
3405 3112 3500 3150 cx-

245 3190 344 3242 τοι
365 3191 410 3243 si
439 3191 563 3259 quid
590 3199 673 3243 est
701 3192 1059 3255 nominatum,
1109 3201 1204 3246 aut
1244 3193 1698 3262 incompellabile,
1741 3202 1831 3246 aut
1857 3182 1898 3238 C
1934 3190 2111 3259 pletor
2139 3197 2220 3242 est
2243 3227 2258 3250 ,
2290 3200 2344 3240 et
2373 3188 2513 3240 hunc
2542 3187 2870 3240 intellectum
2900 3188 3119 3256 capiens
3141 3227 3156 3250 ,
3207 3185 3380 3254 majus
3410 3187 3500 3238 tibi

247 3279 438 3347 aliqua
484 3280 816 3334 rationabilis
861 3281 1050 3346 virtus,
1093 3281 1178 3334 vel
1225 3282 1552 3336 ministrator
1590 3282 1828 3350 spiritus,

244 3373 452 3438 degere
481 3381 659 3440 posset
689 3371 739 3424 in
772 3373 1035 3438 tenebris,
1068 3373 1163 3427 sed
1190 3373 1244 3426 in
1269 3373 1419 3435 luce,
1451 3380 1506 3428 et
1535 3373 1711 3427 laetitia
1733 3373 1829 3427 de-

247 3471 468 3516 centem
501 3461 601 3514 sibi
630 3461 866 3514 habitum
887 3461 1211 3531 possidebat.
1244 3462 1319 3516 De
1346 3476 1449 3531 qua
1478 3478 1536 3516 re
1565 3463 1830 3517 neminem

247 3559 388 3621 puto
450 3551 923 3606 contradicturum.
1002 3552 1252 3621 Quisquis
1295 3567 1422 3620 ergo
1471 3554 1648 3607 lumen
1707 3553 1832 3607 illud

247 3639 400 3710 quod
451 3657 612 3709 super
656 3642 822 3695 caelos
863 3651 947 3696 est
993 3643 1045 3696 in
1091 3643 1353 3697 bonorum
1397 3645 1833 3712 promissionibus

251 3732 538 3799 Opperitur
557 3772 572 3793 ,
603 3731 670 3785 de
699 3747 805 3799 quo
834 3732 1086 3787 Salomon
1116 3732 1278 3786 dicit:
1313 3731 1427 3786 Lua:
1449 3735 1604 3803 fustis
1634 3751 1833 3805 semper

249 3821 438 3890 (Prov.
475 3839 581 3884 xm,
605 3821 681 3890 9).
707 3822 773 3877 Et
806 3823 1092 3892 Apostolus
1117 3843 1128 3876 :
1165 3821 1372 3877 Gratias
1417 3833 1627 3896 agentes
1654 3824 1763 3880 Deo
1782 3835 1831 3880 et

249 3910 443 3972 Patri,
465 3913 548 3980 qui
587 3929 680 3966 nos
711 3914 832 3982 fecit
863 3914 1077 3967 idoneos
1101 3915 1151 3966 in
1181 3915 1416 3982 portione
1444 3918 1595 3968 sortis
1623 3924 1829 3970 sancto-

250 4016 372 4051 rum
403 4001 454 4052 in
485 4001 593 4054 luce
635 4000 768 4070 (Col.
796 4018 831 4067 ι,
867 4001 976 4071 12).
1027 4002 1082 4056 Si
1131 4005 1272 4058 enim
1320 4004 1556 4057 damnati
1592 4005 1644 4058 in
1675 4013 1828 4059 tene-

249 4091 383 4143 bras
408 4090 621 4143 ultimas
661 4091 959 4157 abigantur,
1006 4092 1060 4145 hi
1100 4093 1190 4160 qui
1219 4094 1702 4147 remunerationem
1734 4110 1831 4162 pro

247 4179 432 4245 dignis
459 4180 710 4248 operibus
739 4182 1146 4249 praestolamur,
1179 4183 1230 4236 in
1260 4199 1322 4237 ea
1361 4183 1476 4237 sine
1503 4183 1666 4237 dubio
1691 4184 1828 4248 luce,

247 4282 375 4336 qua:
401 4278 482 4321 est
505 4277 655 4322 extra
679 4271 950 4335 mundum,
967 4271 1158 4340 quietis
1178 4271 1500 4328 domicilium
1521 4275 1828 4329 sortientur.

249 4357 424 4423 Igitur
455 4359 578 4425 quia
621 4369 831 4414 constat
873 4362 1069 4416 factum
1107 4378 1222 4418 esse
1251 4365 1443 4419 ccelum
1474 4366 1832 4435 pncceptione

1933 3277 2157 3334 subinde
2179 3276 2516 3331 commodum
2541 3277 2769 3330 conferri
2793 3277 3045 3345 reperies.
3078 3275 3356 3342 Quomodo
3376 3291 3504 3344 ergo

1937 3371 2023 3424 hic
2067 3369 2283 3438 spiritus
2335 3369 2480 3438 aquis
2538 3367 2988 3436 superferebatur?
3042 3368 3216 3422 dicam
3266 3368 3356 3421 tibi
3397 3383 3502 3421 non

1938 3473 2115 3513 meum
2137 3473 2459 3518 sermonem,
2487 3456 2580 3510 sed
2604 3456 2703 3509 viri
2733 3456 3008 3523 cujusdam
3039 3470 3234 3524 genere
3257 3455 3502 3526 Syri,qni

1941 3558 2144 3604 tantum
2169 3549 2354 3602 aberat
2390 3563 2420 3600 a
2447 3547 2706 3616 sapientia
2743 3546 2920 3601 surculi
2949 3553 3205 3614 quantum
3237 3560 3376 3598 vera:
3403 3546 3502 3599 do.-

1939 3641 2126 3696 ctrina‘:
2155 3639 2429 3709 proximus
2463 3637 2776 3690 habebatur.
2823 3635 3043 3690 Dicebat
3075 3635 3217 3688 enim
3246 3633 3503 3704 Syrorum

1938 3748 2125 3788 vocem
2158 3729 2516 3786 facundiorem
2546 3743 2662 3782 esse
2682 3771 2697 3794 ,
2734 3735 2789 3782 et
2811 3735 3041 3797 propter
3061 3724 3332 3780 Hebraicae
3358 3733 3381 3760 ο
3406 3723 3504 3776 lin-

1938 3839 2054 3894 gua:
2082 3824 2453 3892 cognationem
2479 3859 2493 3884 ,
2525 3819 2919 3890 Scripturarunt
2961 3819 3128 3887 magis
3173 3815 3505 3872 sermonibus

1939 3915 2236 3970 indulsisse.
2280 3912 2478 3967 Sensus
2518 3911 2696 3978 itaque
2739 3911 2867 3964 dicti
2899 3910 3037 3964 illius
3065 3909 3167 3962 hoc
3194 3905 3353 3960 modo
3381 3912 3463 3959 est
3489 3923 3501 3956 :

1940 4004 2384 4074 Superferebatur,
2427 4003 2614 4069 inquit,
2646 4001 2895 4071 Spiritus,
2934 4001 3036 4054 hoc
3076 4009 3158 4052 est
3204 3996 3417 4051 fovebat
3452 4002 3505 4048 et

1937 4093 2239 4148 vivilicabat
2269 4106 2528 4160 aquarum
2570 4100 2840 4155 naturam,
2873 4091 2938 4144 ad
2966 4087 3363 4144 similitudinem
3391 4086 3506 4153 gal-

1938 4184 2056 4237 linae
2078 4181 2322 4236 cubantis
2347 4198 2358 4232 :
2388 4180 2604 4234 vitalem
2627 4180 2877 4232 virtutem
2902 4179 2982 4232 his
3009 4192 3127 4247 qua:
3153 4175 3169 4214 ί
3196 4175 3506 4230 fovebantur

1941 4273 2200 4342 injiciens.
2243 4268 2554 4339 Hujusmodi
2601 4283 2728 4336 ergo
2770 4269 2907 4322 ratio
2935 4267 3078 4336 quod
3117 4267 3251 4320 dixit
3277 4267 3506 4334 superfe-

1939 4364 2166 4430 rebatur,
2231 4361 2307 4416 sic
2350 4361 2749 4428 interpretatur,
2786 4357 2839 4411 id
2885 4367 2968 4412 est
3022 4356 3089 4410 ad
3133 4353 3504 4409 vivilicandam

253 4444 393 4512 Dei,
425 4447 706 4517 subitoque
751 4450 1045 4506 distensum
1069 4493 1084 4518 ,
1128 4468 1192 4508 ac
1219 4453 1466 4508 familiari
1494 4456 1692 4510 circum
1723 4463 1831 4510 ter-
1862 4444 1909 4503 1)
1934 4468 2188 4522 aquarum
2219 4460 2466 4506 naturam
2507 4448 2881 4519 compellebat.
2929 4446 3009 4502 Ex
3037 4463 3144 4518 quo
3178 4445 3504 4500 suﬂicienter

329 4647 355 4718 τ
378 4635 548 4718 Editi,
566 4640 769 4718 nedum.
793 4638 947 4696 Colb.
974 4643 1254 4710 secundus,
1279 4644 1510 4699 necdum.
1545 4643 1670 4700 Mox
1692 4661 1828 4702 unus

251 4705 534 4788 cadex‘nin.
562 4713 812 4762 malorum
835 4727 1020 4788 censeo
1040 4724 1204 4779 parte.

254 4844 287 4854 Ἀ
329 4782 376 4854 υ,
396 4774 557 4854 Editi,
588 4787 895 4854 suspectam.
927 4774 1078 4854 Colb.
1112 4783 1394 4854 secundus,
1428 4792 1749 4854 susceptam;
1772 4792 1828 4854 et

251 4844 326 4896 ita
361 4843 745 4927 legi‘oporte're
790 4849 940 4927 multi
979 4850 1208 4927 fortasse
1255 4843 1677 4927 arbitrabuntur.
1721 4843 1827 4907 Sed

255 4928 364 4965 non
383 4913 582 4988 _dnubi_t_o
608 4917 734 4988 quin
779 4919 990 4985 vulgata
1032 4920 1189 4974 lectio
1235 4923 1510 4976 retinenda
1552 4925 1658 4988 sit,
1703 4937 1826 4976 cum

253 4981 396 5061 apud
411 4981 664 5068 Basiliam
689 4981 940 5068 legamus,
956 4995 1131 5068 πᾶσαι
1150 4988 1235 5044 οὖν
1254 5000 1492 5068 τροτξικήν
1509 4999 1592 5045 καὶ
1614 4981 1674 5047 δὲ’
1694 4995 1824 5068 ﬁrm-

253 5059 392 5110 νοιας
413 5059 461 5103 ἐν
480 5074 535 5123 γε
565 5063 634 5134 ’ςνξι
658 5059 867 5134 stupenti
892 5059 1346 5134 ξωςτασιγὰσαντές.
1371 5061 1537 5116 Nemo
1551 5061 1830 5134 enim,0pi-

255 5137 380 5186 nor,
396 5136 515 5200 .non
547 5126 688 5200 videt
709 5126 1040 5200 Eustathium
1061 5126 1093 5195 ,⁷
1111 5145 1231 5200 cum
1260 5140 1545 5200 suspectam
1581 5126 1825 5199 scripsit,

255 5193 562 5274 exprimere
586 5193 819 5274 voluisse
843 5195 993 5262 illud,
1025 5193 1106 5274 ua:
1135 5193 1469 5274 6i’on_o~aoia;.
1503 5201 1607 5255 Sed
1631 5193 1828 5254 ut'alibi

254 5273 398 5337 δτι-[ιθ
423 5301 439 5324 ,
483 5263 555 5314 ita
584 5263 672 5318 hic
709 5279 924 5334 quoque
949 5268 1232 5337 verborum
1262 5268 1568 5324 Grzncorum
1607 5278 1826 5324 senten-

259 5335 385 5379 tiam
412 5341 686 5386 assecutus
715 5349 820 5387 non
847 5342 948 5388 est.
996 5335 1148 5391 Hunc
1183 5337 1359 5392 locum
1400 5339 1470 5392 ita
1513 5353 1828 5394 conversum

257 5404 570 5484 oportuerat
595 5419 606 5453 :
633 5402 848 5484 Omnem
875 5405 1031 5484 igitur
1056 5407 1542 5484 interpretationem,
1575 5410 1731 5478 trapis
1777 5415 1826 5459 et

257 5465 516 5547 allegoriis
542 5465 952 5547 cons_tantem,in
971 5465 1243 5547 prqwsenl'ia
1259 5465 1723 5547 prietermittentes,
1749 5488 1824 5529 te-

257 5531 528 5612 nebrarum
572 5543 831 5612 notionem
869 5531 1165 5612 simpliciter
1204 5531 1411 5600 et'citra
1449 5531 1814 5607 curiositatem,

258 5618 464 5683 sensum
475 5607 772 5683 .Scrinturar‘
783 5607 1312 5683 secuti,'ac_cipiamus.

333 5683 351 5708 ε
390 5671 549 5739 Editi,
579 5697 712 5749 τιθείη
747 5678 861 5748 jam
889 5671 1138 5737 omnibus.
1182 5685 1334 5741 Colb.
1358 5686 1654 5750 secundus,
1683 5703 1816 5752 aqua

1929 4655 2041 4700 erat
2085 4643 2335 4698 omnibus.
2407 4642 2693 4711 Aliquanto
2746 4651 2869 4712 post
2919 4643 3057 4697 idem
3097 4640 3310 4704 codex,
3357 4657 3506 4710 super

1930 4732 2111 4786 allii“:-

2001 4783 2028 4820 ἀ
2067 4783 2226 4844 Editi,
2256 4784 2390 4853 quod
2415 4785 2576 4848 magis
2597 4782 2852 4853 existimo.
2880 4779 3031 4835 Colb.
3057 4779 3340 4853 secundus,
3373 4781 3506 4853 quod

1929 4848 2286 4924 verummagis
2314 4853 2570 4924 existimo.
2607 4851 2663 4903 ln
2691 4848 2896 4924 Graeco,
2931 4853 3274 4924 ἀληᾷἐστερον.
3307 4848 3508 4924 ibidem

1931 4939 2057 4978 mss.
2089 4919 2359 4976 duo—cum
2391 4921 2576 4979 editis.
2607 4923 2937 5041 praecipuam.
2967 4919 3137 4986 Alius,
3160 4919 3435 4989 praecipue.

2007 5003 2029 5028 υ
2071 4992 2288 5041 Antiqui
2324 4991 2429 5041 duo
2459 4990 2576 5041 libri
2618 4998 2672 5041 et
2717 5005 2746 5041 e
2784 4989 2876 5041 iti-
2906 4991 3097 5041 linquar
3137 4992 3430 5041 coanitione

2007 5003 2029 5028 υ
2071 4992 2288 5058 Antiqui
2324 4991 2429 5044 duo
2459 4990 2580 5060 libri
2618 4998 2672 5042 et
2717 4989 2876 5060 editi,
2906 4991 3097 5060 linguae
3137 4992 3504 5060 cognitionem.

1930 5061 1998 5115 Et
2025 5061 2113 5115 hic
2145 5075 2358 5129 quoque
2387 5061 2540 5112 unius
2571 5059 2814 5129 litterultc
2844 5059 3069 5114 mutatio
3097 5059 3507 5129 puleiierrimam

1929 5128 2246 5187 sententiam
2267 5129 2611 5202 depravavit.
2677 5128 2790 5182 Non
2830 5131 2991 5202 enim
3020 5128 3504 5202 cognitionem_legi

1930 5209 2166 5269 Oportet.
2188 5197 2282 5269 sed
2307 5199 2779 5269 cognationem,_ut
2805 5214 2871 5252 ex
2901 5201 3056 5254 Colb.
3084 5197 3323 5255 secundo
3346 5199 3504 5269 dist-i—

1920 5267 2070 5336 ‘nius,
2100 5268 2376 5336 magisque
2402 5283 2470 5321 ex
2499 5269 2676 5339 verbis
2701 5267 2900 5333 Basilii,
2928 5286 3047 5339 qua:
3077 5272 3187 5325 haec
3211 5279 3333 5324 sunt
3361 5310 3374 5334 ,
3421 5267 3504 5320 6t).

1936 5348 2019 5412 tria
2047 5341 2173 5412 πρὸς
2198 5344 2287 5412 τήν
2317 5337 2554 5412 Ἐϐραιὶδᾳ
2582 5341 2877 5412 γειτνξλᾳιν.
2902 5337 3105 5395 Rursus
3134 5341 3284 5394 Colb.
3312 5352 3505 5391 secun-

1931 5411 2047 5478 dus,
2071 5407 2233 5478 magis
2255 5407 2615 5478 quaestionibus
2645 5407 2940 5463 indulsisse.

2008 5477 2025 5514 ί
2070 5475 2230 5548 Editi,
2261 5475 2560 5546 {urebantur
2587 5479 2824 5531 iuitians.
2856 5479 3069 5548 Antiqui
3093 5475 3363 5548 duoqlihri,
3391 5475 3506 5543 inji‘

1923 5550 2078 5602 ciens.
2113 5547 2167 5598 In
2199 5548 2405 5610 Gnaeo,
2454 5549 2922 5612 ἐνιείσης,-ριι;υ
2956 5546 3058 5600 vox
3103 5549 3169 5601 ad
3197 5546 3388 5617 ὄρνιθος
3423 5563 3512 5596 ιι·-

1922 5619 2091 5672 fertur
2113 5617 2182 5668 ita
2217 5624 2272 5668 ut
2299 5631 2489 5670 sensus
2517 5619 2674 5670 δη...
2710 5617 2777 5670 ad
2798 5621 2918 5670 sim.
2965 5617 3091 5678 pall.
3122 5616 3235 5669 (ub.
3274 5618 3506 5671 rinlcm-

1920 5703 2016 5752 que
2046 5687 2162 5739 rirt.
2194 5686 2270 5739 Itis
2294 5702 2406 5755 qum
2434 5689 2665 5756 [urentur
2704 5687 3044 5740 immittentis.
3079 5685 3233 5739 Enn.

3559 1081 3568 1106 l
