3964 6178
264 357 372 409 889
1243 351 1633 412 HEXAEMERI
1672 348 2149 405 METAPllRASlS
2188 346 2387 403 LlllER
2426 346 2509 402 lli.
3419 345 3524 400 890

266 482 375 536 que
405 460 686 528 deﬁniens,
710 471 765 520 et
794 472 1005 535 tempus
1033 474 1059 502 κ
1092 465 1365 533 utriusque
1391 463 1722 531 conjungens
1745 478 1757 514 :
1783 469 1843 514 ut
1872 464 1918 522 Α
1943 460 2109 514 lorum
2126 475 2236 513 esse
2255 459 2469 523 sweula,
2502 468 2682 512 tamen
2715 470 2814 512 uec
2836 456 2910 512 ibi
2937 456 3190 527 primum,
3218 465 3311 511 aut
3336 474 3531 512 secun-

268 556 461 625 viginti
487 563 719 624 quatuor
745 555 893 611 hora:
939 555 1096 611 unius
1132 554 1365 625 spatium
1408 553 1515 607 diei
1545 553 1855 606 viderentur
1956 550 2103 616 dum,
2133 556 2227 603 aut
2253 549 2469 604 tertium
2508 548 2759 603 saeculum
2788 555 3117 603 numeratur.
3157 546 3310 604 Unde
3348 564 3535 605 caiisa-

271 646 510 710 elllcere,
535 644 977 699 subaudientibus
1002 644 1249 699 videlicet
1272 644 1455 703 nobis,
1486 643 1611 711 quia
1640 655 1849 695 nuncu-

275 736 497 805 patione
515 734 640 799 diei,
662 750 771 787 nox
790 748 1003 804 quoque
1023 733 1183 788 debet
1204 733 1443 799 intelligi.
1470 731 1640 792 Unde,
1657 731 1853 785 etiam-

272 827 317 880 si
340 838 505 877 unum
526 836 594 877 ex
615 822 698 876 his
720 819 833 875 ﬁeri
860 821 1175 889 longiorem,
1198 820 1463 875 solstitiali
1486 820 1859 874 immutatione

274 913 591 981 contigerit,
636 910 957 982 prmﬁnitum
986 922 1162 966 tamen
1208 919 1418 981 tempus
1444 900 1707 964 horarum
1729 910 1863 964 utri-

278 1018 449 1072 usque
494 1002 872 1072 complcctitur
916 1002 1214 1065 intervalla,
1270 1011 1520 1070 tanquam
1569 1002 1614 1057 si
1662 1002 1866 1056 dixeris

279 1092 466 1162 viginti
496 1100 728 1160 quatuor
757 1092 915 1146 horas
942 1092 1012 1146 ad
1033 1107 1340 1146 mensuram
1373 1092 1529 1146 unius
1555 1091 1659 1145 diei
1695 1092 1864 1161 perti-

280 1199 414 1241 nere
441 1183 561 1241 :vel
588 1198 754 1237 unum
781 1180 1003 1236 forsitan
1031 1181 1193 1246 dixit,
1227 1182 1297 1236 ob
1326 1183 1450 1247 hoc,
1486 1183 1612 1250 quia
1641 1182 1694 1236 in
1722 1182 1863 1237 cmlo

278 1274 348 1328 de
373 1272 536 1329 certis
553 1272 716 1340 signis
737 1272 789 1325 in
811 1271 998 1326 eadem
1024 1272 1217 1325 iterum
1241 1272 1339 1326 sub
1361 1287 1468 1326 uno
1486 1272 1573 1326 die
1593 1273 1867 1341 processio

280 1367 413 1422 solis
439 1375 495 1422 et
521 1368 760 1422 reversio
788 1367 1108 1421 celebratur.
1157 1363 1236 1419 lta
1283 1367 1495 1433 quoties
1520 1380 1742 1435 vespera
1780 1366 1865 1421 vel

282 1474 464 1524 mane,
505 1458 796 1513 secundum
845 1456 974 1512 solis
1018 1456 1337 1520 circuitum,
1370 1462 1633 1510 terrarum
1680 1457 1868 1511 orbem

284 1549 681 1618 complectitur,
706 1563 811 1602 non
839 1546 1098 1615 ampliore
1124 1554 1370 1615 tempore
1391 1561 1552 1615 quam
1583 1547 1740 1601 unius
1763 1547 1869 1602 diei

284 1640 493 1710 spatio,
544 1639 760 1710 propria
808 1638 947 1692 solet
991 1638 1253 1692 curricula
1299 1636 1542 1693 delinire.
1590 1637 1688 1693 Vel
1733 1639 1871 1693 sicut

284 1728 547 1784 secretior
586 1728 750 1782 tradit
791 1727 950 1791 ratio,
998 1726 1139 1780 Deus
1176 1742 1299 1782 cum
1338 1735 1584 1782 naturam
1615 1730 1872 1799 temporis

1956 654 2074 692 rum
2094 638 2275 708 potius
2293 637 2622 692 diversarum
2643 644 2964 707 actuumque
2984 635 3330 700 diﬂ‘erentias,
3353 646 3409 692 et
3431 655 3538 694 non

1960 729 2273 784 saeculorum
2302 728 2559 784 circuitus
2586 735 2642 783 et
2680 727 3045 782 successiones
3090 742 3155 781 ac
3202 729 3336 783 lines
3380 729 3541 784 datur

1961 819 2207 902 intelligi.
2234 818 2358 873 Dies
2383 821 2538 883 enim,
2565 819 2753 888 inquit,
2782 817 2994 872 Domini
3017 834 3233 889 magnus
3261 828 3311 873 et
3337 819 3540 874 lucidus

1965 909 2120 979 (Joel.
2146 925 2202 974 tt,
2232 908 2343 977 ll).
2369 908 2435 962 Et
2461 909 2585 963 alibi
2616 926 2630 961 :
2663 906 2799 972 Quid
2833 907 2971 963 vobis
3005 926 3230 977 quatere
3256 909 3390 963 diem
3432 910 3536 965 Ilo-

1964 1000 2126 1053 mini?
2158 998 2256 1065 Qui
2284 1008 2453 1052 tamen
2496 999 2729 1052 tenebras
2769 997 2937 1063 habet,
2966 1015 3069 1053 non
3094 1003 3258 1056 lucem
3286 1001 3462 1066 (Amas
3483 1017 3539 1066 v,

1966 1091 2077 1161 18).
2110 1091 2216 1146 Sed
2242 1093 2491 1146 tenebras
2517 1105 2609 1145 eas
2633 1091 2766 1145 dixit
2803 1106 2924 1160 quae
2967 1091 3237 1161 deputatae
3281 1100 3404 1146 sunt
3441 1093 3540 1147 sibi

1966 1181 2160 1250 dignis.
2192 1180 2325 1235 Nam
2351 1181 2691 1235 inocciduum
2716 1189 2771 1235 et
2797 1182 3180 1251 sempiternum
3210 1182 3352 1237 diem
3394 1182 3541 1236 illum

1966 1286 2145 1328 sermo
2165 1278 2413 1335 testatur,
2444 1285 2605 1340 quem
2633 1272 2793 1326 etiam
2815 1280 3066 1327 octavum
3093 1272 3333 1341 psalmus
3362 1273 3535 1342 appel-

1968 1361 2045 1415 lat
2085 1362 2329 1431 :quippe
2372 1361 2464 1430 qui
2512 1369 2662 1415 extra
2712 1369 2923 1430 tempus
2968 1362 3214 1415 habetur.
3263 1359 3389 1416 Sive
3417 1377 3546 1430 ergo

1968 1452 2130 1511 diem.
2160 1452 2274 1506 sive
2299 1463 2320 1490 ε
2343 1452 2615 1515 smculum,
2640 1452 2754 1506 sive
2783 1452 3069 1520 septimum
3097 1452 3327 1516 dixeris,
3358 1468 3426 1506 ex
3452 1468 3548 1505 eo-

1968 1543 2089 1597 dem
2123 1544 2351 1597 trahitur
2384 1543 2675 1603 intellectu,
2704 1543 3047 1610 singulariter
3074 1548 3128 1595 et
3155 1558 3261 1595 non
3290 1543 3547 1611 multipli-

1970 1634 2106 1690 citer
2129 1633 2449 1689 declaratur.
2491 1631 2676 1699 Itaque
2706 1640 2763 1685 ut
2805 1632 2874 1685 ad
2905 1630 3133 1684 futuram
3162 1631 3324 1685 vitam
3365 1642 3546 1686 nostra

1971 1727 2201 1795 cogitata
2230 1727 2516 1792 dirigeret,
2545 1724 2686 1778 diem
2731 1724 3099 1792 principalem,
3142 1723 3235 1793 qui
3261 1732 3346 1778 est
3372 1725 3550 1792 imago

286 1827 620 1890 procrearet,
644 1826 699 1873 et
716 1832 1020 1873 mensuram
1041 1817 1090 1871 ei
1118 1818 1374 1886 signaque
1395 1826 1540 1872 certa
1568 1834 1637 1874 ex
1664 1819 1869 1874 dierum
1904 1824 1946 1881 Β
1971 1818 2310 1881 saeculorum,
2355 1832 2519 1869 unum
2566 1831 2674 1868 non
2715 1814 2983 1868 immerito
3011 1815 3298 1879 vocitavit,
3338 1823 3396 1868 ut
3423 1823 3551 1884 pote

289 1912 571 1967 constituit
599 1911 893 1966 intervallis
938 1927 950 1962 :
998 1917 1054 1965 et
1092 1925 1191 1978 per
1218 1911 1574 1979 septimanam
1605 1913 1874 1967 numerari

287 2005 480 2068 voluit,
512 2018 738 2073 eamque
779 2018 993 2073 semper
1016 2003 1070 2056 in
1099 2002 1441 2071 semetipsam
1466 2002 1708 2056 converti
1734 2018 1874 2072 pra:-

289 2096 456 2164 cepit,
480 2103 682 2149 motum
710 2096 972 2163 temporis
991 2094 1322 2159 metientem,
1347 2109 1640 2163 rursusque
1661 2093 1689 2133 b
1712 2095 1878 2165 septi—

289 2200 505 2239 manam
528 2185 762 2255 suppleri
786 2185 947 2254 jussit
967 2187 1123 2240 unius
1150 2186 1256 2242 diei
1286 2187 1481 2255 spatio,
1520 2201 1640 2256 qua:
1679 2188 1877 2257 septies

290 2276 346 2329 in
376 2277 666 2345 semetipsa
694 2276 1004 2331 reﬂectitur.
1056 2276 1180 2332 limo
1225 2278 1365 2331 enim
1395 2279 1534 2333 ratio
1560 2288 1642 2333 est
1669 2280 1878 2335 volubi-

291 2367 424 2424 lium
449 2368 800 2433 schematum,
826 2376 887 2422 ut
904 2383 936 2422 a
960 2383 1019 2422 se
1042 2368 1352 2438 incipientia
1373 2384 1586 2439 semper
1612 2370 1665 2424 in
1687 2379 1880 2426 semet-

291 2462 409 2530 ipsa
442 2460 698 2515 ferantur.
752 2459 909 2527 Quod
933 2461 1095 2514 etiam
1124 2461 1441 2515 saeculorum
1466 2461 1744 2532 proprium
1772 2470 1875 2529 est,

290 2568 416 2623 qum
444 2568 540 2622 per
564 2566 661 2607 sua
688 2567 748 2607 se
780 2552 1111 2607 incessanter
1142 2553 1364 2622 vestigia
1393 2552 1738 2619 revolvenda,
1771 2563 1881 2610 ter-

292 2646 503 2700 minum
531 2642 674 2698 nulla
704 2642 915 2697 ratione
940 2642 1263 2711 percipiunt.
1307 2641 1600 2711 Propterea
1623 2644 1879 2698 verticem

293 2733 559 2804 temporis
586 2748 695 2788 non
722 2732 976 2801 primum,
1007 2731 1103 2785 sed
1132 2746 1297 2785 unum
1327 2732 1654 2801 nuncupavit
1690 2732 1831 2787 diem
1863 2751 1876 2785 :

293 2833 358 2881 ut
384 2840 454 2879 ex
482 2824 598 2894 ipsa
624 2821 1023 2891 nuncupatione
1059 2836 1182 2876 cum
1223 2821 1421 2875 saeculo
1448 2821 1550 2875 sibi
1577 2828 1883 2875 servaretur

290 2915 550 2973 afﬁnitas.
583 2913 781 2969 Rerum
807 2914 951 2969 enim
979 2912 1319 2982 simplicium,
1343 2911 1580 2980 nihilque
1597 2926 1884 2967 commune

290 3022 418 3063 cum
459 3005 579 3060 aliis
623 3005 972 3069 habentium,
1016 3004 1287 3073 specimen
1336 3002 1602 3067 indicans,
1646 3015 1884 3070 congrue

290 3096 513 3167 penitus
539 3103 595 3151 et
617 3095 871 3150 decenter
896 3094 1204 3149 nominatus
1231 3100 1313 3147 est
1348 3106 1505 3146 unus.
1535 3090 1605 3145 Et
1640 3091 1883 3160 quamvis

292 3188 465 3242 multa
490 3186 688 3241 saecula
719 3185 874 3240 nobis
903 3184 1178 3255 Scriptura
1206 3182 1445 3262 declaret
1501 3182 1687 3238 dicens
1711 3198 1876 3237 mcu-
1904 3176 1951 3237 C

370 3319 646 3389 aAntiqui
693 3319 800 3389 duo
847 3318 966 3373 libri
987 3325 1048 3372 et
1069 3317 1215 3381 editi,
1264 3319 1527 3389 utriusque
1554 3319 1875 3389 contingens.

293 3392 370 3447 At
394 3388 549 3444 Colb.
574 3388 877 3451 secundus,
902 3389 1166 3456 utriusque
1194 3388 1533 3457 conjungens,
1566 3397 1618 3440 et
1649 3388 1878 3441 ita’seri-

294 3460 534 3516 bendum
574 3459 929 3528 indicavimus
972 3458 1062 3528 ob_
1090 3458 1221 3512 illud
1251 3456 1541 3528 συνάτὲτων.
1572 3456 1695 3511 Mox
1724 3457 1873 3523 editi,

297 3526 772 3599 vicinitate/ﬁcere.
805 3527 873 3599 At
899 3526 1067 3599 nostri
1092 3534 1208 3599 tres
1234 3541 1385 3589 mss.,
1417 3526 1731 3599 riderentur.

375 3602 399 3635 ί)
430 3596 645 3679 {antiqui
675 3596 781 3679 duo
813 3596 1020 3679 librinet.
1043 3596 1202 3679 editi,
1235 3611 1509 3679 rursusque
1537 3597 1877 3679 septimanam

300 3668 539 3737 supplere
560 3663 716 3737 jussit
742 3667 893 3737 unius
918 3665 1020 3737 diei
1037 3667 1223 3735 spatia.
1251 3664 1320 3717 At
1345 3663 1498 3737 Golb.
1532 3663 1795 3719 secundus
1820 3672 1880 3718 ut

301 3735 655 3805 in’cogntex'tu.
680 3735 881 3805 ibidem
910 3735 1081 3805 codex
1108 3743 1311 3797 noster,
1341 3736 1427 3805 qui
1456 3736 1662 3805 septies.

376 3816 400 3842 ε
432 3803 573 3858 Editi
593 3814 646 3859 et
666 3803 820 3863 Colb.
839 3803 1060 3873 primus,
1085 3805 1188 3857 sive
1206 3803 1469 3869 steculum,
1490 3803 1596 3858 sive
1614 3806 1884 3873 septimum

302 3875 520 3945 dixeris.
552 3874 703 3945 Golb.
735 3874 889 3945 alter,
921 3874 1025 3945 sive
1061 3873 1340 3926 secundum
1367 3876 1636 3945 septimum
1667 3875 1877 3929 dixeris.

309 3944 473 3998 Vetus
517 3944 687 3999 codex
732 3943 822 4012 qui
868 3942 1009 4012 apud
1053 3957 1153 3995 nos
1198 3942 1461 4010 servatur,
1492 3945 1596 3997 sive
1639 3947 1883 3999 steculum

1978 1909 2163 1962 lumini
2202 1922 2514 1975 aequaevum.
2567 1906 2695 1959 Dico
2723 1914 2906 1959 autem
2934 1913 3176 1959 sanctum
3219 1905 3551 1960 Dominicum

1976 2000 2065 2069 qui
2092 1998 2490 2053 resurrectione
2532 1993 2860 2063 gloriﬁcatus
2906 2002 2989 2051 est
3016 1994 3329 2049 Salvatoris.
3360 1993 3422 2047 Et
3450 1995 3554 2053 hoc

1976 2097 2062 2144 est
2087 2089 2228 2158 quod
2258 2088 2392 2142 dixit
2421 2106 2434 2140 :
2466 2086 2634 2140 Facta
2662 2095 2739 2141 est
2760 2102 2987 2156 vespera,
3011 2096 3061 2140 et
3088 2089 3281 2158 factum
3308 2097 3383 2140 est
3404 2103 3554 2142 mane

1976 2179 2086 2233 dies
2114 2196 2266 2233 unus.
2297 2177 2400 2233 Sed
2430 2192 2667 2247 vesperae
2693 2176 2908 2247 quidem
2951 2177 3089 2231 illius
3130 2179 3365 2231 narratio
3393 2193 3554 2232 occu-

1977 2279 2133 2339 pata,
2166 2270 2416 2337 praesenti
2441 2283 2662 2337 vespera
2698 2267 2916 2322 modum
2944 2268 3122 2322 cursui
3150 2276 3344 2323 nostra:
3368 2267 3553 2337 dispu-

1981 2360 2198 2414 tationis
2227 2360 2472 2429 imponit.
2503 2357 2665 2413 Pater
2710 2366 2886 2412 autem
2913 2373 3054 2413 vera:
3092 2358 3244 2421 lucis,
3291 2359 3381 2427 qui
3411 2358 3552 2412 diem

1978 2450 2180 2505 cmlesti
2210 2451 2409 2505 lumine
2435 2450 2729 2513 decoravit,
2759 2457 2818 2504 et
2846 2458 3059 2505 noctem
3091 2450 3228 2518 ignis
3252 2451 3415 2504 radiis
3442 2452 3555 2506 cla-

1978 2541 2194 2605 refecit,
2224 2541 2314 2610 qui
2346 2541 2552 2595 venturi
2580 2539 2759 2595 surculi
2788 2540 3027 2609 requiem
3069 2540 3396 2601 merentibus
3420 2556 3557 2610 prae-

1980 2634 2209 2703 paravit,
2236 2632 2397 2689 corda
2426 2640 2606 2688 vestra
2654 2632 2942 2700 perlustret
2985 2631 3257 2698 agnitione
3295 2632 3557 2696 veritatis,

1981 2733 2036 2778 et
2063 2725 2433 2779 intemeratam
2462 2722 2731 2778 custodiat
2776 2722 2941 2776 vitam
2985 2730 3250 2785 vestram,
3302 2729 3560 2790 prmstans

1981 2814 2134 2869 vobis
2161 2814 2389 2868 honeste
2417 2812 2711 2878 ambulare,
2742 2819 3008 2880 quatenus
3037 2810 3283 2879 fulgeatis
3311 2820 3369 2865 ut
3389 2812 3468 2865 sol
3504 2812 3558 2866 in

1981 2904 2301 2961 claritudine
2347 2913 2653 2959 sanctorum
2706 2917 2959 2964 suorum,
3014 2900 3082 2955 ad
3136 2901 3555 2956 exsultationem

1982 3011 2159 3052 meam
2201 2996 2256 3050 in
2303 2996 2443 3049 diem
2472 2993 2704 3059 Domini,
2730 2993 2816 3047 cui
2836 2992 3003 3059 gloria
3032 2999 3087 3046 et
3116 2991 3304 3054 honor,
3341 3006 3482 3047 nunc
3507 2998 3563 3046 et

1983 3102 2198 3157 semper
2218 3092 2276 3140 et
2295 3085 2349 3140 in
2371 3084 2565 3140 saecula
2592 3082 2930 3139 saeculorum.
2955 3080 3147 3136 Amen.

1984 3316 2515 3395 septimum_dixer_is_:°
2536 3315 2596 3395 in
2624 3312 2817 3395 quibus
2840 3310 3223 3395 omnibusﬂvitii
3253 3309 3446 3395 aliquid
3484 3311 3566 3395 iu-

1983 3378 2104 3441 esse
2132 3387 2393 3454 suspicor.
2424 3384 2550 3454 Mihi
2579 3378 2739 3451 igitur
2764 3380 3054 3435 verisimile
3083 3378 3140 3431 lit
3158 3394 3365 3454 vocem
3408 3382 3566 3454 septi-

1983 3473 2124 3510 mum
2145 3448 2266 3510 loco
2293 3462 2505 3509 motam
2525 3448 2704 3517 fuisse,
2727 3464 2955 3516 eamque
2983 3448 3169 3516 reponi
3190 3448 3385 3501 debere
3407 3448 3566 3516 paqu

1984 3526 2161 3587 altius,
2187 3526 2290 3578 hoc
2313 3523 2473 3578 modo
2499 3542 2511 3576 :
2543 3520 2741 3589 Quippe
2768 3519 2855 3590 qui
2879 3526 3029 3571 extra
3072 3527 3267 3591 tempus
3296 3521 3564 3591 septimum

1983 3584 2235 3648 habetur:
2266 3594 2349 3647 cui
2378 3584 2698 3661 conjecturae
2734 3584 2844 3661 non
2867 3603 3053 3658 parum
3094 3584 3274 3661 favent
3302 3584 3566 3661 Basiliana

1984 3665 2093 3727 illa,
2126 3664 2209 3719 διὰ
2234 3667 2292 3719 τὸ
2314 3661 2409 3727 ἔξω
2432 3658 2620 3718 κεῖσΘτλι
2648 3668 2736 3716 τοῦ
2767 3658 3098 3729 ἑϐδοματικοῦ
3130 3659 3313 3729 “rubrm
3346 3659 3560 3729 xpovou.

1991 3724 2123 3788 Utut
2151 3735 2264 3788 haec
2290 3724 2442 3797 sunt,
2475 3732 2604 3787 nihil
2632 3730 2685 3785 in
2724 3724 3366 3803 contextuumutavignus,
3390 3724 3566 3803 iidem

1992 3804 2251 3859 librorum
2300 3792 2642 3871 antiquorum
2688 3799 2877 3855 secuti.
2928 3792 3385 3866 Aliquautd'post
3409 3792 3566 3848 Colb.

1960 3876 1963 3877 ⁷
1989 3874 2275 3939 secundus,
2300 3881 2354 3926 ut
2381 3874 2460 3929 sol
2487 3875 2543 3927 in
2566 3872 2824 3926 claritate.

1293 4157 1767 4265 LIBER
1855 4161 2567 4269 TERTIUS.

379 4317 432 4371 1.
466 4316 657 4372 Prima:
679 4315 786 4372 diei
814 4330 997 4387 Opera,
1021 4315 1104 4371 vel
1131 4316 1312 4386 potius
1340 4317 1521 4381 unius,
1544 4331 1720 4386 neque
1747 4317 1891 4372 enim

308 4408 387 4464 las
413 4417 499 4464 est
518 4409 569 4463 ei
593 4424 691 4464 nos
710 4409 991 4464 detrahere
1010 4409 1323 4478 dignitatem
1351 4425 1511 4480 quam
1542 4425 1573 4464 a
1600 4410 1893 4467 Conditore

307 4500 629 4575 promeruit,
658 4514 779 4554 cum
803 4514 903 4568 per
922 4515 980 4555 se
1005 4499 1347 4569 singulariter
1368 4501 1639 4566 ederetur,
1665 4500 1892 4555 nullate-

308 4606 412 4649 nus
456 4588 681 4643 aliarum
722 4597 1106 4644 connumerata
1151 4589 1460 4655 curriculis,
1489 4599 1514 4627 ι
1542 4605 1663 4646 cum
1711 4590 1892 4645 omnia

308 4700 431 4755 quae
459 4684 513 4738 in
541 4699 604 4737 ea
631 4683 768 4737 facta
801 4688 946 4745 sunt,
966 4681 1082 4737 heri
1111 4689 1297 4737 noster
1319 4696 1498 4736 sermo
1524 4680 1793 4736 disseruit.
1827 4679 1896 4735 Et

309 4777 424 4831 lucc
450 4775 649 4845 passim
673 4773 935 4842 dividens,
965 4772 1271 4829 alimoniam
1302 4773 1637 4838 matutinam,
1667 4788 1890 4845 vesper-

310 4870 588 4935 tinainque
612 4866 852 4921 lmtitiam
878 4866 1128 4937 praestitit
1161 4866 1356 4922 animis
1382 4866 1717 4933 auditorum;
1749 4882 1893 4923 nunc

311 4956 610 5032 antennad
638 4956 894 5011 miracula
939 4955 1159 5013 secundi
1205 4956 1310 5011 diei
1355 4971 1726 5026 properamus.
1779 4953 1895 5011 Hoc

311 5057 495 5104 autem
545 5064 1008 5114 commemorans,
1062 5063 1171 5104 non
1218 5048 1273 5103 in
1323 5046 1607 5104 referentis
1650 5047 1894 5117 potentia

280 5140 522 5195 'colloco
542 5154 662 5208 qua:
682 5139 950 5206 dicuntur,
980 5137 1077 5193 sed
1124 5138 1177 5192 in
1224 5136 1514 5208 Scriptura:
1550 5138 1741 5206 gratia,
1771 5151 1893 5206 quae

312 5230 631 5287 naturaliter
677 5228 959 5300 possidens
1008 5228 1337 5296 intelligendi
1390 5226 1732 5293 facilitatem,
1790 5227 1895 5281 illis

312 5336 556 5376 amorem
596 5336 752 5376 suum
794 5321 1045 5376 cordibus
1089 5320 1385 5390 inspiravit,
1425 5320 1516 5389 qui
1558 5320 1895 5391 persuasioni

312 5410 598 5481 superﬂua:
620 5408 922 5465 antefernnt
947 5412 1258 5476 veritatem;
1288 5410 1429 5465 sicut
1454 5417 1509 5465 et
1527 5410 1764 5481 psalmus
1781 5411 1893 5466 veri

384 5602 410 5629 ιι
437 5591 600 5653 Editi,
621 5608 736 5646 cum
761 5590 1016 5644 omnibus.
1042 5588 1110 5642 At
1135 5588 1302 5643 nostri
1333 5595 1441 5643 tres
1466 5602 1596 5642 mss.
1627 5603 1740 5641 cum
1761 5604 1879 5641 om-

315 5680 422 5717 um.
447 5664 636 5715 Statim
657 5662 806 5720 editi,
830 5659 1143 5729 intelligendi
1148 5658 1472 5729 facultatem.
1490 5657 1630 5711 Libri
1653 5669 1882 5729 veteres,

314 5733 633 5801 intelligendi
674 5727 1006 5797 [αι-ἱιὶιαεειη.⁷
1036 5729 1091 5783 In
1128 5727 1333 5794 Gnaeo,
1385 5733 1441 5783 τὸ
1488 5727 1878 5800 ιῦπαρὰδεκτον.

1992 4322 2310 4377 suavitatem
2340 4321 2746 4385 demonstrans,
2788 4319 2862 4374 ita
2904 4319 3074 4375 dicit:
3108 4317 3295 4373 Dulcia
3335 4317 3572 4389 faucibus

1992 4415 2120 4468 meis
2142 4412 2290 4468 verba
2317 4423 2432 4478 tua,
2463 4430 2615 4484 super
2638 4413 2738 4467 mel
2759 4413 2840 4467 ori
2860 4429 2969 4467 meo
3002 4412 3022 4483 (
3036 4410 3180 4466 Psul.
3205 4426 3393 4475 cxvm,
3425 4408 3570 4479 105).

1997 4502 2123 4558 Heri
2154 4505 2354 4573 itaque,
2389 4512 2650 4573 quantum
2692 4503 2947 4573 possibile
2974 4502 3089 4564 fuit,
3128 4516 3252 4569 erga
3274 4500 3435 4553 verba
3463 4498 3573 4551 Do-

1994 4595 2125 4649 mini
2155 4602 2550 4650 commorantcs
2577 4602 2787 4648 vestros
2814 4608 3001 4646 sensus
3024 4590 3377 4646 delectatione
3404 4587 3575 4655 reple-

1996 4684 2187 4739 vimus.
2211 4683 2268 4738 ln
2290 4683 2711 4751 hodiernumque
2731 4682 2870 4736 diem
2895 4681 3206 4736 festinanter
3226 4678 3574 4742 occurrimus,

1994 4775 2332 4843 sequentium
2361 4787 2540 4827 rerum
2570 4772 2822 4825 miracula
2852 4768 3159 4839 spectaturi.
3191 4767 3574 4821 Verumtamen

1992 4867 2214 4922 minime
2255 4866 2424 4920 latere
2453 4878 2551 4918 nos
2580 4863 2784 4933 potuit,
2811 4862 2934 4929 quia
2965 4860 3117 4914 multi
3145 4857 3364 4929 opifices
3393 4858 3577 4912 labore

1994 4972 2210 5012 suarum
2240 4967 2494 5009 mannum
2524 4953 2845 5012 victitantes,
2877 4952 3225 5005 circumstant
3254 4965 3370 5014 nos,
3400 4956 3455 5002 et
3483 4948 3578 5001 ad-

1994 5055 2217 5103 monent
2241 5054 2301 5101 ut
2321 5046 2685 5101 narrationem
2712 5042 3041 5113 propositam
3062 5040 3327 5095 brevitate
3348 5040 3576 5106 stringa-

1994 5153 2144 5203 mus,
2176 5152 2245 5192 ne
2289 5136 2491 5192 diutius
2529 5135 2885 5190 extrahantur
2929 5134 2997 5188 ab
3026 5147 3210 5202 opere.
3244 5130 3444 5198 Quibus
3472 5130 3577 5183 hoc

1991 5229 2320 5300 respondeo,
2352 5228 2480 5298 quia
2507 5243 2631 5298 pars
2650 5225 2860 5281 modica
2888 5224 3147 5294 temporis
3174 5221 3410 5278 fenerata
3441 5219 3573 5278 Dro,

1992 5335 2098 5375 non
2145 5318 2317 5374 solum
2347 5319 2462 5388 ipsa
2492 5333 2599 5374 non
2628 5316 2866 5388 deperit,
2897 5314 2992 5370 sed
3021 5330 3140 5369 cum
3169 5310 3374 5381 magnis
3415 5310 3482 5361 ab
3509 5323 3578 5363 co

1992 5410 2305 5482 rependitur
2325 5410 2689 5468 incrementis.
2720 5407 2919 5465 Omnes
2947 5406 2975 5447 ιτ
2996 5407 3140 5462 enim
3166 5418 3253 5459 res
3277 5417 3395 5471 qua:
3416 5414 3571 5456 occu-

1984 5585 2152 5642 Paulo
2174 5593 2307 5658 post
2325 5584 2474 5650 editi,
2497 5599 2609 5658 qua:
2628 5579 2970 5656 persuasioui.
2996 5574 3153 5631 Colb.
3183 5571 3468 5639 secundus,
3489 5575 3579 5645 qui

1983 5656 2537 5726 persuasioni:recte.
2825 5718 2835 5726 _
2917 5718 2929 5726 _
3014 5715 3026 5726 _
3090 5713 3105 5726 _
3329 5712 3341 5724 ,

2057 5726 2082 5765 ι)
2110 5725 2270 5791 Editi,
2299 5743 2473 5781 omnes
2502 5725 2636 5779 enim
2678 5738 2775 5778 res.
2810 5715 3028 5789 Antiqui
3075 5713 3183 5770 duo
3222 5712 3378 5774 libri.
3408 5717 3577 5801 omnis
