3964 6198
464 343 560 400 891

1930 338 2296 398 EUSTATHI]

3614 351 3701 404 89?.

464 458 739 527 pationum
770 470 961 511 causas
988 454 1243 522 efﬁciunt,
1288 454 1546 509 Dominus
1574 454 1916 525 omnipotens
1943 469 2043 525 op-
2067 455 2118 515 A
2144 454 2327 524 dirigit
2366 454 2730 526 Unigenitum.
2763 454 2833 511 Et
2859 464 3007 513 certe
3048 457 3287 514 vocifero
3336 474 3575 514 sermone
3615 480 3704 517 non

464 555 696 617 portunc
738 545 944 600 scilicet
988 545 1229 601 tribuens
1274 546 1592 617 corporibus
1652 544 2052 611 fortitudinem,

465 637 765 706 animisque
784 635 1042 699 laetitiam,
1079 651 1178 691 nec
1199 651 1306 691 non
1325 634 1633 692 facultatem
1654 626 1886 708 negotiis
1905 652 2058 708 pera-

466 728 653 797 gendis
671 767 685 793 ,
718 725 763 781 si
794 735 973 780 tamen
1001 740 1103 781 nos
1139 726 1485 781 saecularibus
1514 725 1871 797 praeponenda
1900 725 2059 797 spiri-

465 819 595 873 talia
624 833 961 873 censeamus.
993 817 1147 883 Quod
1177 818 1223 872 si
1271 817 1496 873 forsitan
1543 819 1597 872 in
1639 818 1891 888 praesenti
1918 818 2052 883 vita,

398 894 403 901 ’
466 909 957 964 remunerationem
986 908 1124 963 bene
1152 916 1426 976 gestorum
1451 909 1698 978 recipere
1726 923 1835 963 non
1863 918 2055 979 potue-

466 1002 659 1069 rimus,
688 998 878 1053 futuris
907 1007 1088 1054 tamen
1140 999 1380 1064 smculis,
1432 1001 1684 1069 copiosos
1730 1001 1847 1056 sine
1892 1000 2056 1055 dubio

471 1095 749 1147 thesauros
802 1091 1110 1147 sortiemur.
1181 1089 1522 1161 Quapropter
1576 1092 1804 1147 obsecro
1849 1108 1947 1147 vos
1996 1099 2057 1147 ut

470 1200 659 1239 omnes
696 1184 1051 1254 cogitationes
1099 1184 1396 1240 mundanas
1437 1185 1506 1240 de
1552 1186 1744 1241 vestris
1790 1186 2058 1241 mentibus

470 1274 786 1338 excludatis,
819 1283 874 1329 et
916 1274 1129 1344 penitus
1158 1275 1287 1329 mihi
1323 1292 1419 1331 vos
1469 1277 1708 1346 integros
1748 1278 2051 1347 prtebeatis.

469 1363 654 1433 Neque
681 1365 822 1418 enim
848 1364 1014 1418 ullum
1046 1365 1385 1419 commodum
1415 1366 1591 1436 capiet
1623 1369 1907 1437 praesentia
1937 1383 2057 1423 cor.

469 1456 700 1526 poralis;
730 1471 852 1511 cum
881 1471 1035 1511 mens
1070 1458 1212 1511 curis
1240 1458 1507 1527 implicata
1537 1460 1901 1527 terrestribus,
1932 1474 2055 1515 cre-

469 1549 613 1601 ditur
637 1558 660 1585 α
686 1549 992 1605 abscntare.

541 1639 593 1693 9..
624 1639 691 1693 Et
712 1640 843 1695 dixit
864 1639 1004 1694 Deus
1026 1657 1044 1694 :
1065 1639 1192 1695 Fiat
1211 1643 1593 1712 ﬁrmamentum
1606 1661 1625 1708 ;
1652 1652 1701 1698 et
1720 1647 1788 1699 sit
1806 1662 2056 1716 separaris

470 1738 607 1790 inter
634 1753 819 1808 aquam
858 1745 907 1790 et
933 1752 1140 1807 aquam.
1171 1734 1288 1789 Jam
1317 1737 1533 1806 quidem
1562 1738 1818 1793 hesterno
1846 1738 1934 1793 die
1961 1753 2056 1792 au-

2159 555 2278 604 erat
2304 563 2441 619 opus
2458 548 2800 623 incorporea:
2826 557 3050 616 naturae,
3080 567 3198 607 cum
3232 561 3256 589 ε
3286 550 3567 607 destinatio
3584 556 3708 623 cogi-

2160 640 2381 695 tationis
2414 647 2797 710 cooperantem
2826 640 2997 697 latere
3021 656 3129 696 non
3156 649 3373 711 posset,
3403 642 3592 712 quippe
3610 645 3710 712 qui.

2158 729 2259 784 bus
2300 728 2647 784 consiliorum
2678 729 2943 796 societas,
2987 745 3057 785 ex
3098 730 3212 800 ipsa
3257 737 3522 800 potestate
3545 746 3711 801 suppe.

2157 820 2314 876 ditat.
2344 820 2480 875 Nam
2508 837 2628 876 ενοι
2665 829 2889 892 propter
2933 820 3176 878 auditum
3221 823 3519 877 necessaria
3543 832 3642 891 est,
3667 833 3713 879 et

2159 912 2371 969 auditus
2398 921 2624 984 propter
2653 929 2861 970 vocem.
2895 914 2998 970 Ubi
3029 929 3159 970 vero
3199 930 3302 969 nec
3348 929 3442 969 aer
3483 924 3591 979 est,
3631 931 3714 971 nec

2158 1005 2365 1075 lingua,
2398 1019 2497 1059 nec
2542 1020 2734 1072 aures,
2782 1020 2884 1060 nec
2926 1014 3104 1060 tactus
3132 1005 3397 1075 asperior,
3438 1003 3503 1059 ad
3528 1020 3713 1060 sensum

2158 1098 2350 1168 capitis
2395 1086 2772 1168 repercussum
2819 1098 3053 1154 sonitum
3104 1097 3482 1166 perducendo,
3528 1098 3594 1153 ibi
3632 1112 3714 1152 nec

2159 1204 2340 1245 sermo
2368 1190 2705 1244 necessarius
2733 1196 2849 1254 est,
2889 1189 2987 1244 sed
3014 1203 3083 1243 ex
3111 1189 3246 1258 ipsa,
3292 1195 3353 1242 ut
3389 1188 3463 1242 ita
3499 1187 3714 1253 dixerim,

2160 1278 2418 1335 cardinali
2445 1279 2773 1347 cogitatione
2807 1277 2867 1332 ﬁt
2894 1279 3235 1349 participatio
3261 1278 3567 1332 voluntatis.
3594 1276 3717 1334 Sicut

2159 1382 2291 1437 ergo
2338 1368 2682 1438 praediximus
2705 1407 2721 1434 ,
2768 1377 2828 1422 ut
2871 1384 3025 1423 mens
3068 1377 3254 1424 nostra
3296 1376 3628 1437 consurgeret
3662 1370 3715 1424 ad

2160 1460 2562 1529 inquisitionem
2592 1460 2768 1515 vultus
2794 1458 2912 1529 ejus
2951 1459 3020 1515 de
3046 1474 3155 1529 quo
3199 1460 3431 1528 agimus,
3460 1459 3718 1529 prudenter

2159 1560 2215 1606 et
2242 1551 2447 1621 optime
2473 1550 2690 1605 schema
2717 1549 3025 1619 hujusmodi
3046 1549 3371 1605 elocutionis
3391 1549 3673 1618 assumpsit.

2228 1640 2283 1696 5.
2312 1624 2561 1696 Secundo
2590 1641 2711 1695 loco
2739 1640 3088 1707 quaerendum
3116 1647 3199 1694 est
3225 1639 3273 1693 si
3303 1638 3447 1693 aliud
3476 1646 3654 1708 pueter
3672 1637 3715 1691 id

2158 1729 2301 1801 quod
2324 1729 2476 1784 initio
2495 1728 2694 1785 factum
2716 1735 2799 1783 est
2818 1728 3032 1794 omium,
3052 1726 3454 1783 ﬁrmamentum
3475 1728 3585 1791 fuit,
3598 1727 3718 1797 quod

472 1827 701 1881 divinius
726 1828 887 1882 verba
910 1827 1123 1881 Domini
1148 1826 1413 1883 dicentis:
1445 1829 1572 1883 Fiat
1600 1831 1714 1897 tum,
1734 1831 1916 1898 hodie,
1934 1829 2057 1885 Fiat
2091 1818 2134 1877 Β
2163 1831 2344 1878 tamen
2383 1830 2440 1878 et
2482 1823 2654 1892 ipsum
2700 1820 2894 1877 ccelum
2943 1821 3237 1883 vocitatur;
3270 1820 3361 1875 νεὶ
3388 1820 3435 1875 Si
3472 1828 3609 1875 certe
3631 1819 3719 1873 duo

473 1917 872 1987 ﬁrmamentum.
916 1913 1043 1970 Plus
1082 1923 1263 1971 tamen
1292 1917 1547 1985 quiddam
1573 1920 1824 1975 videntur
1864 1922 2065 1975 habere

474 2006 778 2077 praesentia.
830 2005 1015 2073 Neque
1063 2005 1208 2059 enim
1256 2006 1478 2062 verbum
1523 2008 1577 2063 in
1622 2009 1767 2065 nudo
1795 2018 2065 2080 praecepto

474 2096 761 2162 remansit,
809 2095 903 2151 sed
931 2110 1089 2151 causa
1120 2110 1218 2166 per
1243 2112 1405 2167 quam
1447 2100 1704 2169 quaeritur
1745 2101 2067 2156 ﬁrmamenti

473 2188 756 2260 productio
782 2189 1020 2258 apertius
1053 2189 1391 2257 declaratur;
1423 2190 1475 2246 id
1501 2200 1600 2259 est,
1636 2202 1693 2247 ut
1712 2193 1909 2247 dividat
1934 2195 2068 2248 inter

477 2296 666 2352 aquam
696 2288 744 2333 et
771 2296 983 2361 aquam.
1013 2280 1194 2337 Primo
1235 2281 1450 2351 quidem
1497 2291 1841 2354 reputemus,
1891 2285 2067 2339 discu—

477 2373 676 2427 tientes
703 2372 979 2441 quomodo
1006 2372 1148 2427 Deus
1192 2372 1503 2441 alloquitur,
1554 2382 1741 2429 nostro
1767 2390 1856 2440 ne,
1890 2375 1945 2431 id
1986 2383 2070 2431 est

476 2464 753 2519 hominum
777 2479 947 2529 more,
972 2465 1065 2532 qui
1087 2465 1236 2535 prius
1259 2463 1451 2520 futura
1471 2466 1551 2520 rei
1576 2466 1802 2521 formam
1829 2468 2069 2537 concipi-

473 2570 594 2609 mus
623 2554 930 2620 intellectu;
963 2554 1158 2609 deinde
1179 2569 1248 2609 ex
1272 2554 1526 2623 subjectis
1544 2570 1810 2625 congruas
1838 2564 1894 2611 et
1921 2556 2071 2611 fami-

477 2643 636 2699 liares
677 2644 966 2712 unicuique
993 2643 1418 2713 signiﬁcationes
1458 2645 1775 2716 c‘olligentes
1812 2646 2070 2715 exprimi-

475 2751 624 2799 mus,
676 2742 733 2789 et
777 2743 901 2804 post
945 2734 1049 2791 hoc
1094 2736 1407 2791 ministeriis
1451 2737 1720 2792 vocalium
1768 2735 2069 2792 ofﬁciorum

476 2826 708 2895 cogitata
737 2824 1163 2891 manifestantes,
1193 2841 1292 2896 per
1319 2825 1347 2865 δ
1376 2827 1519 2883 aeris
1546 2830 1807 2899 crepitum
1845 2837 1901 2884 et
1936 2829 2069 2883 arti-

478 2916 642 2970 culati
664 2917 927 2971 sermonis
949 2917 1289 2985 obsequium,
1312 2918 1650 2987 publicamus
1668 2935 1883 2975 sensum
1907 2921 2071 2976 curde

479 3012 821 3075 conceptum.
866 3005 936 3060 Et
964 3008 1237 3076 quomodo
1268 3025 1375 3064 non
1420 3009 1658 3066 insanire
1701 3011 1959 3066 dicendus
1988 3020 2072 3067 est

478 3098 569 3167 qui
595 3097 762 3151 Deum
784 3097 979 3153 talibus
1003 3096 1193 3154 officiis
1214 3099 1453 3168 indigere
1473 3103 1785 3171 pronuntiat
1805 3103 1872 3157 ad
1893 3104 2073 3173 expla-

2164 1914 2287 1970 cuali
2315 1922 2459 1976 sunt,
2484 1926 2792 1982 quanquam
2820 1911 3124 1982 phil050phi
3152 1910 3221 1965 de
3252 1911 3397 1966 coelo
3420 1909 3721 1980 disputantes

2166 2004 2499 2061 tolerabilius
2550 2003 2569 2043 τ
2620 2004 2966 2073 acquiescent
3004 2004 3215 2072 linguas
3262 2019 3393 2059 suas
3431 2002 3720 2057 truncandas

2166 2113 2460 2170 exponere,
2482 2111 2645 2167 quam
2666 2096 2728 2151 ut
2753 2094 2890 2151 duos
2908 2096 3076 2151 C(BIOS
3094 2108 3214 2150 esse
3233 2094 3549 2150 concedant.
3572 2092 3720 2148 Unum

2166 2191 2311 2245 enim
2359 2194 2606 2245 asserunt
2651 2187 2868 2267 uelum,
2900 2186 3054 2257 cujus
3099 2194 3351 2240 naturam
3399 2185 3608 2263 minime
3633 2183 3723 2251 pati

2167 2278 2522 2344 confirmant,
2550 2287 2612 2333 ut
2637 2277 2930 2333 secundum
2978 2278 3065 2332 vel
3113 2277 3337 2332 tertium
3382 2275 3644 2344 adjiciatur
3664 2273 3722 2338 ei,

2167 2371 2442 2443 quoniam,
2466 2371 2734 2440 inquiunt,
2758 2377 2870 2424 tota
2892 2369 3012 2424 cmli
3043 2369 3348 2423 substantia
3376 2369 3429 2423 in
3448 2368 3595 2423 unius
3614 2380 3725 2420 con-

2167 2463 2489 2518 formatione
2516 2467 2834 2530 consumpta
2864 2468 2965 2514 est.
3003 2458 3287 2528 Singulare
3326 2472 3553 2526 namque
3578 2454 3729 2510 ferunt

2168 2568 2363 2622 corpus
2383 2567 2501 2607 esse
2526 2550 2791 2616 vertibile,
2814 2558 3071 2617 certoque
3099 2548 3308 2603 ambitu
3327 2548 3723 2616 circumseptum,

2171 2644 2316 2715 quod
2335 2643 2460 2712 quia
2489 2643 2543 2697 in
2572 2641 2731 2711 primi
2751 2640 2874 2695 ρωιί
2895 2640 3172 2696 creatione
3196 2638 3450 2709 profecit,
3472 2626 3591 2691 nihil
3610 2645 3631 2681 ε
3652 2649 3723 2687 re-

2174 2734 2306 2803 liqui
2335 2748 2455 2788 esse
2485 2732 2554 2787 ad
2580 2731 2801 2786 secundi
2854 2731 2937 2785 vel
2984 2730 3128 2785 tertii
3155 2728 3610 2799 compositionem.
3635 2722 3724 2780 Sed

2172 2828 2286 2881 hanc
2305 2825 2548 2880 dicentes
2568 2823 2849 2879 materiam
2868 2821 3156 2891 quamdam
3177 2821 3476 2889 ingenitam
3488 2813 3725 2873 Conditori

2173 2917 2466 2987 opinantur
2492 2914 2751 2977 habitam,
2774 2928 2840 2968 ex
2860 2912 3035 2982 prima
3064 2910 3417 2966 fabulositate
3430 2903 3724 2976 sequentium

2172 3007 2450 3063 mendacia
2470 3012 2837 3061 contexentes.
2856 3002 2965 3058 Nos
2983 3009 3161 3056 autem
3182 3010 3439 3069 rogamus
3457 2996 3725 3052 Grzecorum

2174 3099 2546 3171 philosophos,
2579 3112 2687 3151 non
2708 3093 2737 3133 ιι
2760 3102 2919 3149 antea
2947 3102 3132 3149 nostra
3152 3090 3564 3162 reprehendere,
3588 3091 3720 3156 qualn

479 3187 653 3240 nanda
683 3202 802 3256 quae
830 3188 1062 3255 cogitat;
1106 3203 1226 3243 cum
1273 3191 1443 3261 magis
1486 3192 1634 3262 pium
1681 3192 1752 3247 sit
1798 3172 2060 3259 asserere,
2095 3178 2141 3241 C
2172 3191 2313 3244 inter
2352 3202 2411 3244 se
2452 3187 2670 3241 valeant
2714 3184 2817 3260 ipsi
2864 3192 3051 3239 tenere
3091 3182 3459 3238 concordiam.
3511 3172 3723 3233 Nonnulli

480 3278 606 3346 quia
649 3278 899 3332 voluntas
926 3279 1138 3343 divina,
1182 3289 1236 3336 et
1262 3282 1411 3350 prior
1438 3283 1669 3353 impetus
1694 3285 1888 3339 mentis
1925 3287 2062 3354 ejus,

483 3366 716 3422 Verbum
745 3377 827 3423 est
856 3369 988 3424 Dei?
1028 3370 1181 3436 Quod
1211 3371 1333 3427 ideo
1362 3374 1415 3427 in
1445 3375 1626 3443 specie
1663 3374 1893 3444 quadam
1917 3374 2067 3430 Scri-

480 3464 636 3526 ptura
667 3456 939 3525 ﬁguravit,
972 3466 1032 3512 ut
1058 3460 1369 3516 ostenderet
1407 3463 1532 3532 quia
1583 3479 1692 3518 non
1739 3464 1913 3519 solum
1951 3462 2070 3519 ﬁeri

482 3546 651 3600 voluit
674 3555 996 3612 creaturam,
1025 3548 1119 3603 scd
1150 3550 1315 3604 etiam
1341 3562 1362 3589 ε
1389 3551 1569 3621 aliquo
1591 3560 1918 3623 cooperante
1945 3566 2069 3623 per-

480 3639 625 3694 fecit.
657 3637 877 3695 Poterat
906 3643 1048 3695 enim
1078 3642 1217 3696 sicut
1244 3658 1312 3697 ex
1342 3643 1495 3698 initio
1523 3644 1591 3699 de
1618 3646 1867 3701 omnibus
1894 3645 2067 3700 histo-

481 3731 655 3795 ricus,
685 3738 740 3784 et
781 3730 943 3785 modo
972 3730 1208 3797 referre,
1251 3735 1377 3804 quia
1404 3735 1459 3787 in
1488 3736 1743 3805 principio
1781 3737 1904 3807 fecit
1929 3734 2068 3790 Deus

480 3822 688 3886 cretum,
719 3820 914 3875 deinde
944 3823 1062 3892 fecit
1101 3822 1291 3889 lucem,
1335 3832 1391 3879 et
1428 3832 1616 3894 postea
1646 3826 2068 3896 ﬁrmamentum:

483 3926 626 3966 nunc
655 3918 835 3966 autem
865 3911 1033 3989 Deum
1077 3911 1356 3981 iubentem
1407 3925 1462 3970 ct
1507 3917 1816 3986 loquentem
1858 3918 2072 3974 videtur

484 4003 757 4067 inducere,
785 4004 930 4059 nullo
954 4020 1052 4060 nos
1072 4006 1368 4077 impediens
1390 4006 1592 4065 fascino
1608 4013 1896 4081 quominus
1916 4012 2073 4067 vesti-

484 4095 585 4161 giis
613 4092 636 4131 d
668 4095 985 4164 iudiciisque
1014 4097 1278 4166 perducti,
1315 4098 1382 4153 ad
1415 4102 1927 4171 contemplationem
1958 4102 2074 4173 ejus

486 4184 574 4252 qui
605 4193 686 4239 est
707 4185 989 4241 ii'eﬁ'abilis
1009 4190 1304 4243 veniamus.
1334 4188 1462 4256 Quae
1483 4192 1624 4246 enim
1645 4193 1829 4248 labore
1850 4194 2073 4264 quaesita

487 4284 632 4340 sunt,
664 4285 718 4329 et
743 4277 979 4344 Jocunde
1008 4280 1396 4348 percipiuntur,
1429 4289 1483 4335 et
1509 4282 1912 4351 diligentissime
1944 4299 2075 4339 con-

486 4375 783 4421 servantur.
806 4367 936 4422 Nam
952 4383 1181 4437 quorum
1203 4369 1372 4425 facilis
1387 4372 1614 4427 habetur
1634 4373 1868 4444 adeptio,
1887 4389 2074 4430 eorum

486 4456 602 4511 sine
648 4457 812 4513 dubio
860 4458 1130 4515 fastidiosa
1174 4463 1445 4531 possessio
1487 4472 1602 4527 est,
1648 4474 1935 4542 propterea
1977 4482 2079 4522 nos

2169 3279 2315 3335 enim
2334 3292 2400 3333 ex
2429 3277 2513 3332 his
2535 3275 2769 3331 inﬁnitos
2798 3289 2919 3329 esse
2945 3274 3113 3329 caelos
3140 3280 3425 3336 asserunt,
3454 3277 3508 3326 et
3530 3264 3722 3322 mundos

2182 3367 2603 3425 innumerabiles
2635 3384 2647 3418 :
2679 3373 2908 3434 quorum
2932 3362 3147 3434 quando
3168 3360 3529 3417 malesuadam
3553 3354 3722 3429 profes-
3770 3372 3779 3380 ο

2170 3462 2383 3517 sionem
2411 3456 2784 3529 superaverint
2819 3455 3077 3519 acriores,
3105 3449 3517 3524 probationibus
3539 3446 3722 3520 quibus-

2171 3554 2296 3610 dam
2325 3568 2393 3608 ex
2418 3550 2728 3620 geometriae
2756 3548 3077 3604 necessitate
3102 3545 3376 3611 collectis,
3406 3555 3579 3599 rursus
3603 3537 3720 3592 adir-

2171 3659 2322 3699 mare
2348 3659 2408 3700 se
2435 3650 2647 3714 putant,
2688 3656 2755 3696 eo
2783 3639 2927 3711 quod
2973 3647 3165 3693 natura
3196 3652 3303 3691 non
3334 3635 3504 3698 ferat,
3531 3638 3586 3687 ut
3607 3623 3719 3683 aliud

2173 3735 2373 3792 omium
2415 3740 2612 3804 prteter
2656 3747 2823 3787 unum
2868 3731 3115 3800 generari
3162 3729 3423 3799 potuerit.
3461 3726 3477 3763 ί
3509 3722 3605 3778 Sed
3646 3731 3721 3773 eos

2173 3835 2304 3883 tunc
2329 3825 2502 3895 magis
2544 3839 2645 3879 nos
2693 3823 2809 3879 risu
2854 3821 3046 3890 dignos
3090 3820 3351 3881 dicimus,
3382 3815 3599 3872 maxime
3621 3807 3717 3878 quia

2174 3917 2423 3973 videntur
2449 3930 2592 3987 saepe
2619 3930 2836 3984 quoque
2882 3914 2935 3968 in
2983 3927 3122 3982 aqua
3170 3908 3285 3966 ﬁeri
3330 3907 3571 3981 plurimi,
3607 3898 3718 3957 unde

2174 4008 2527 4066 dubitandum
2578 4022 2689 4063 non
2742 4014 2825 4061 est
2877 4005 2945 4060 de
2993 4003 3332 4058 multitudine
3383 3996 3719 4057 ctelorum,el

2175 4101 2319 4172 quod
2348 4100 2525 4155 vivida
2553 4098 2787 4154 creatrix
2817 4097 3056 4153 omnium
3082 4097 3273 4159 virtus,
3320 4095 3376 4148 in
3404 4104 3580 4148 eorum
3611 4099 3718 4181 con-

2176 4190 2473 4246 structione
2500 4186 2792 4253 suffecerit,
2814 4201 3044 4257 quorum
3073 4183 3442 4239 fortitudinem
3472 4188 3522 4235 et
3546 4187 3716 4241 magm-

2177 4283 2439 4347 tudincm,
2466 4282 2509 4337 si
2535 4280 2630 4335 Dei
2651 4278 2945 4349 potentiam
2971 4275 3318 4344 contemplati
3357 4273 3614 4330 fuerimus,
3635 4278 3719 4318 non

2179 4375 2558 4431 arbitrabimur
2582 4372 2884 4440 discrepare
2924 4385 2954 4423 a
2984 4369 3128 4421 fluxu
3157 4366 3399 4435 liquoris,
3432 4362 3515 4432 qui
3544 4371 3646 4413 cum
3681 4354 3717 4405 'u‘

2180 4483 2349 4523 vacua
2378 4481 2505 4520 vasa
2532 4463 2864 4527 diffunditur,
2893 4459 3213 4529 quibusdam
3244 4455 3507 4511 interdum
3524 4444 3719 4503 rellatio-

489 4550 760 4604 tramitem
800 4566 941 4605 vene
968 4552 1195 4608 rationis
1238 4554 1525 4622 ingressos,
1575 4555 1643 4610 ad
1688 4557 2079 4627 explorandum
2110 4551 2153 4608 D
2183 4560 2341 4614 nibus
2372 4554 2696 4612 intumescit.
2745 4551 2887 4621 Ergo
2916 4550 3133 4605 risibilis
3170 4562 3357 4603 eorum
3400 4542 3598 4615 penitus
3620 4547 3721 4606 prO‘

489 4708 625 4761 enim
653 4723 753 4761 res.
780 4704 1059 4773 Vulgatam
1086 4706 1375 4761 lectionem
1404 4708 1739 4765 retinendam
1769 4726 2072 4775 censemus,

490 4778 569 4831 sic
597 4784 775 4850 tamen
806 4784 863 4850 ut
891 4775 1109 4850 aliquod
1136 4778 1358 4850 verbum
1390 4787 1514 4847 post
1541 4795 1729 4834 vocem
1755 4784 2078 4850 omnipotens

491 4846 820 4918 suppleatur,
845 4847 949 4902 hoc
976 4846 1165 4918 modo:
1185 4845 1437 4918 Dominus
1463 4851 1783 4918 omnipotens
1813 4845 2079 4906 suiimove—

492 4917 583 4989 bit,
628 4925 912 4989 opportune
940 4916 1161 4989 scilicet,
1194 4927 1300 4972 etc.
1331 4916 1465 4989 Nam
1495 4916 1694 4989 aliquid
1740 4921 1846 4975 hoc
1874 4921 1994 4976 loco
2023 4929 2082 4975 et

438 4990 451 5011 ’
495 4987 546 5041 in
577 4985 735 5059 editis
761 4995 817 5039 et
845 4986 895 5037 in
928 5002 1053 5059 mss.
1084 4987 1272 5059 deesse
1300 4987 1384 5041 vel
1414 5004 1557 5043 caeco
1582 4985 1826 5059 apparet.

567 5066 592 5092 ιι
622 5054 776 5108 Colb.
806 5056 1091 5121 secundus,
1122 5057 1344 5110 creditur
1365 5054 1651 5113 absentata.

566 5125 592 5163 ι)
622 5124 768 5198 [dem
797 5124 988 5198 codex,
1016 5143 1106 5195 per
1133 5127 1550 5198 aerispspiritum.

570 5207 592 5236 ο
626 5194 766 5248 Editi
805 5202 860 5248 et
888 5193 994 5249 duo
1017 5193 1175 5268 'mss.,
1213 5193 1385 5267 aliqua
1415 5208 1677 5268 operante.
1703 5197 1857 5254 Colb.
1886 5214 2080 5253 secun-

497 5269 624 5330 dus,
657 5274 1003 5338 cooperante:
1027 5267 1250 5319 verbum
1280 5282 1377 5336 pro
1410 5268 1573 5323 verbo
1592 5311 1607 5338 ,
1638 5285 1761 5324 cum
1790 5269 1977 5324 Graece
2008 5270 2083 5323 le-

496 5336 762 5410 sawtiw's
790 5343 1223 5410 τινοςλτνγεργοῦ·
1326 5407 1335 5410 _
1769 5341 1791 5355 ‘

499 5404 800 5533 ('idtl'ﬁditi,
851 5404 1157 5476 iudiciisque
1203 5407 1461 5477 producti.
1510 5406 1654 5463 Libri
1698 5416 1931 5471 veteres,
1961 5424 2079 5479 per-

535 5494 659 5532 εισι.

535 5487 659 5532 ucti.

574 5546 769 5629 *“Editi
789 5588 803 5612 ,
835 5563 947 5602 cum
962 5617 975 5629 _
989 5547 1752 5629 destinationiscooperantem-
1764 5547 1942 5629 latere,
1973 5555 2079 5602 etc.

500 5618 569 5671 At
597 5617 750 5691 C_olb_.
781 5617 1063 5691 secundus,
1096 5636 1211 5673 cum
1240 5617 1515 5691 destinatio
1541 5619 1870 5691 cogitationis
1901 5618 2080 5681 latere,

500 5695 607 5740 etc.
631 5686 706 5739 Ita
727 5688 870 5742 hunc
892 5688 1065 5743 locum
1090 5690 1378 5745 emendare
1407 5695 1585 5742 conati
1608 5686 1817 5753 sumus,
1842 5697 1920 5752 ut,
1953 5702 2086 5740 voce

460 5790 475 5804 υ
500 5765 859 5827 cooperantem
890 5766 1116 5829 retenta,
1168 5777 1266 5830 pro
1308 5759 1667 5813 destinationis
1716 5757 2086 5826 scripscriums

2180 4726 2248 4765 ex
2278 4708 2431 4763 Colb.
2465 4706 2721 4770 secundo,
2752 4705 3030 4759 destinatio
3059 4700 3404 4773 cogitationis.

2257 4779 2278 4818 τ
2290 4761 2464 4835 ‘Cblb.
2488 4761 2771 4839 secundus,
2794 4761 3189 4846 acquiescerent.
3220 4770 3338 4846 Nec
3358 4770 3433 4846 ita
3450 4761 3723 4846 ηειιιερ

2183 4824 3278 4914 idem“"c'5.i.;;,'".-31‘.I.;:.I.'inmissae.
3306 4834 3536 4893 Subinde
3557 4824 3639 4886 hic
3652 4824 3721 4879 ille

2183 4921 2300 4989 ipse
2314 4917 2518 4989 codex,
2541 4914 2733 4989 ambitu
2759 4912 3220 4989 circummiptnm.
3486 4973 3517 4989 ν
3550 4970 3593 4989 με

2258 4999 2280 5035 8
2313 4986 2472 5051 Editi,
2497 4974 2681 5056 reliqui
2708 4992 2804 5037 est.
2832 4984 2899 5057 A_t
2921 4974 3089 5057 nostri
3112 4974 3594 5057 tres_mss.,_'r_eliqu‘i
3617 4979 3721 5019 esse.

2258 5058 2286 5094 ιι
2318 5045 2518 5111 Vocem
2547 5045 2729 5109 nostra
2756 5068 2822 5108 ex
2858 5052 3012 5107 Colb.
3045 5050 3283 5105 secundo
3307 5045 3653 5111 addidimus.”
3696 5099 3706 5110 ,

2268 5126 2281 5164 ί
2315 5102 3465 5192 mare;genuerunt;anginam
3491 5111 3588 5192 duo
3609 5102 3723 5192 liga.

2185 5197 2276 5252 sed
2295 5171 2717 5264 eo;
2737 5171 3446 5264 ;Al_iquanio
3473 5171 3722 5264 [θοεῑ⁸

2186 5277 2235 5320 et
2258 5265 2425 5320 vivida
2446 5254 2675 5318 creatri'x
2695 5265 2921 5316 omnium
2941 5254 3118 5315 uirtus.
3136 5254 3287 5312 Colb'.
3307 5254 3559 5312 secundus
3575 5254 3724 5320 secth

2186 5337 2268 5391 dis
2296 5336 2459 5398 curis,
2509 5343 2557 5387 et
2586 5349 2653 5386 an
2695 5334 2923 5398 creatrix
2968 5331 3195 5384 omnium
3238 5329 3417 5381 virtus.
3466 5319 3626 5398 Vetus.
3657 5310 3726 5398 lllf

2587 5381 2710 5467 ζωοί
2727 5381 3072 5472 *ᾧῦέιῒυὶὖῆἀα
3111 5399 3357 5472 creatrix,
3398 5399 3496 5472 etc.
3507 5458 3520 5472 _

2402 5449 2608 5537 liuida;
2624 5449 2887 5543 va’JJJd
3117 5449 3282 5543 estin
3306 5449 3487 5543 nostro

2665 5520 2777 5597 svi—ej
2788 5520 2979 5594 tamen
2995 5520 3069 5592 fut
3082 5520 3087 5521 γ
3101 5520 3293 5609 addita
3339 5520 3410 5590 sit
3450 5535 3536 5609 aut
3552 5520 3724 5609 Icflfffvl'}

2193 5588 2657 5677 ἵιῖἇιῖἱίΪὲέὶιῖἓὲᾖᾷ
2678 5588 3072 5681 animum;
3099 5588 3446 5663 annnam
3474 5588 3718 5652 addendam

2194 5700 2519 5741 (τθηειιιιῐιιιε.
