3964 6198
319 352 428 413 893

1274 351 1672 407 llEXAEMERl
1713 344 2195 410 METAI’HRASIS
2235 350 2441 409 LIBER
2476 354 2562 409 IlI.

3494 325 3595 407 aiat

324 472 521 543 positio
561 476 677 535 est,
718 470 784 525 de
811 467 1193 539 omnipotentis
1236 467 1666 537 impossibilitate
1694 441 1909 523 certan-
1938 474 1984 528 A
2015 484 2145 525 vero
2188 469 2299 524 suis
2334 470 2536 525 habere
2576 468 2874 540 planitiem.
2903 466 3128 524 Cessent
3154 480 3284 536 ergo
3310 479 3473 536 super
3494 465 3601 520 hoc

321 565 476 617 tium.
532 561 642 616 Nos
699 567 878 614 autem
924 567 1135 614 tantum
1183 559 1436 615 absumus
1484 557 1724 615 secundo
1769 558 1910 615 ctelo

319 652 627 709 discredere
648 669 664 705 :
687 651 812 720 quia
835 658 892 706 et
918 652 1134 706 tertium
1155 650 1488 721 proﬁtemur,
1527 650 1683 720 cujus
1709 651 1911 708 beatis-

318 746 486 827 simus
505 742 703 798 Paulus
722 757 830 797 non
850 751 933 797 est
944 741 1220 798 fraudatus
1238 751 1457 812 aspectu
1475 741 1566 814 (II
1581 741 1701 798 Cor.
1716 759 1808 808 xu,
1823 741 1904 815 2).

317 835 454 891 Nam
482 834 721 906 psalmus
756 834 1038 891 nominans
1064 834 1323 891 caelorum
1351 836 1520 891 caelos
1551 836 1715 891 etiam
1742 836 1909 907 pluri-

319 940 531 982 morum
560 924 719 981 nobis
745 924 959 994 subjicit
985 922 1335 979 intellectum.
1378 924 1489 980 Nec
1528 930 1709 980 tamen
1739 925 1909 980 admi-

318 1017 544 1072 rabilior
573 1018 675 1071 ista
715 1016 960 1085 quaestio,
989 1023 1195 1086 septem
1238 1015 1344 1070 illis
1375 1024 1400 1053 ⁸
1429 1015 1650 1071 orbibus
1675 1016 1904 1080 videtur,

319 1106 615 1163 secundum
642 1120 781 1175 quos
809 1104 934 1160 ferri
976 1112 1182 1174 septem
1209 1105 1411 1168 stellze,
1443 1116 1804 1161 consonanter
1841 1107 1909 1161 ab

320 1196 572 1252 omnibus
614 1196 972 1266 praedicantur
1013 1214 1026 1249 :
1066 1209 1204 1264 quos
1231 1196 1392 1250 etiam
1419 1196 1730 1252 reconditos
1759 1197 1811 1250 in
1849 1210 1909 1250 se

319 1288 524 1353 dicunt,
555 1286 804 1356 exemplo
845 1286 1100 1341 cadorum
1146 1301 1254 1341 uno
1277 1300 1442 1354 super
1465 1285 1627 1339 alium
1657 1286 1910 1340 commis-

319 1392 524 1445 sorum,
547 1385 603 1432 et
628 1392 723 1432 eos
744 1377 1030 1432 contrariis
1065 1376 1324 1433 adversus
1359 1391 1419 1433 se
1446 1378 1681 1442 motibus
1710 1377 1907 1448 impul-

319 1486 432 1534 sos,
469 1478 525 1525 et
549 1477 703 1526 acuta
732 1484 852 1524 cum
879 1469 1130 1538 gravibus
1168 1476 1558 1538 temperantes,
1587 1477 1908 1525 concentum

320 1560 607 1629 quemdam
648 1568 703 1614 et
730 1558 1023 1613 harmoniae
1062 1558 1234 1617 melos
1276 1557 1500 1613 reddere
1528 1558 1683 1613 dulce
1711 1557 1909 1613 conﬁr-

320 1656 492 1704 mant.
516 1647 681 1718 Cujus
708 1648 785 1702 rei
807 1656 1122 1711 assertores,
1148 1662 1272 1701 cum
1300 1646 1463 1702 ﬁdem
1493 1647 1760 1703 dictorum
1781 1663 1907 1703 suo-

321 1754 440 1794 rum
470 1739 680 1794 ratione
723 1737 1024 1793 communis
1057 1752 1248 1793 sensus
1283 1737 1584 1807 approbare
1622 1745 1904 1804 cogantur,

2011 561 2167 615 nobis
2195 561 2517 615 calumniam
2554 574 2831 630 generare,
2858 559 3124 629 jactantes
3149 555 3292 627 quod
3322 570 3460 625 aqua
3488 570 3599 609 non

2009 652 2180 722 possit
2221 652 2274 706 in
2315 651 2683 721 superioribus
2710 650 2953 722 partibus
2988 647 3271 705 contineri.
3313 645 3601 715 Reliquum

2009 751 2092 799 est
2119 750 2178 798 ut
2205 743 2415 798 dicatur
2439 758 2559 812 qua:
2588 750 2779 797 natura
2801 742 2871 796 sit
2894 739 3235 805 ﬁrmamenti,
3260 745 3315 793 et
3342 736 3493 806 cujus
3520 737 3600 790 rei

2008 834 2178 903 gratia
2207 832 2543 889 intercedere
2569 840 2768 887 statuta
2818 839 2900 888 est
2946 830 3116 900 aquis.
3150 828 3405 884 Solemne
3440 827 3603 896 igitur

2008 921 2298 993 Scriptura:
2320 929 2402 977 est
2424 922 2477 976 in
2507 922 2681 977 causis
2708 923 2905 976 virtute
2925 918 3320 991 praestantibus,
3344 917 3458 972 haec
3481 930 3603 985 pro-

2007 1011 2168 1077 ferre,
2191 1013 2337 1068 velut
2364 1013 2409 1066 si
2432 1012 2668 1067 dicatur:
2688 1010 2940 1066 Dominus
2960 1012 3339 1080 ﬁrmamentum
3366 1023 3533 1060 meum
3551 1015 3600 1059 et

2007 1104 2262 1175 refugium
2282 1120 2448 1158 meum
2479 1102 2651 1174 (Psal.
2684 1118 2811 1169 xvn,
2843 1101 2921 1174 5).
2954 1100 3022 1154 Et
3049 1100 3174 1154 alibi
3203 1116 3216 1151 :
3250 1098 3364 1170 Ego
3392 1097 3596 1167 ﬁrmavi

2009 1195 2272 1249 columnas
2296 1195 2409 1265 ejus
2441 1194 2615 1265 (Psal.
2659 1210 2836 1257 Lxxtv,
2873 1192 2949 1263 4).
2983 1191 3088 1245 Et:
3124 1190 3358 1243 Laudate
3395 1204 3512 1241 eum
3542 1190 3598 1240 in

2008 1285 2334 1355 ﬁrmamento
2376 1286 2619 1355 potentia:
2648 1300 2756 1339 sum
2787 1283 2958 1353 (Psal.
2997 1298 3081 1343 CL,
3115 1280 3189 1347 l).
3218 1277 3286 1331 Et
3316 1277 3600 1332 saeculares

2008 1375 2222 1444 quidem
2271 1372 2478 1428 ﬁrmum
2522 1390 2717 1443 corpus
2756 1373 2959 1436 dicunt,
2992 1372 3144 1440 quasi
3181 1369 3596 1431 condensatum;

2010 1473 2064 1519 et
2091 1464 2330 1519 referunt
2358 1464 2502 1532 quod
2531 1462 2597 1517 ad
2631 1462 3029 1517 distinctionem
3072 1457 3437 1513 mathematici
3477 1472 3599 1511 cor-

2007 1558 2155 1626 poris
2204 1555 2498 1622 indieatur;
2548 1553 2690 1609 aliud
2732 1562 2814 1609 est
2852 1554 2995 1607 enim
3040 1551 3498 1614 mathematicum,
3544 1557 3600 1601 et

2009 1645 2152 1700 aliud
2182 1646 2321 1714 quod
2354 1645 2754 1700 intervallorum
2782 1643 3091 1713 prolixitate
3118 1640 3378 1705 subsistit,
3412 1639 3463 1693 id
3493 1645 3597 1701 est,

2009 1735 2061 1789 in
2085 1734 2365 1788 altitudine
2386 1744 2440 1788 et
2468 1734 2746 1789 latitudine
2774 1733 3089 1788 distensum.
3113 1731 3266 1798 Quod
3294 1737 3474 1785 autem
3505 1727 3599 1782 ﬁr-

323 1829 427 1883 hoc
453 1828 649 1883 dicunt-
663 1827 787 1896 quia
813 1842 910 1896 per
935 1834 1173 1882 veterem
1198 1826 1642 1882 consuetudinem
1665 1826 1694 1865 ι’
1716 1827 1908 1881 intenti
1941 1833 1980 1890 Β
2010 1840 2154 1879 mum
2185 1831 2286 1890 est,
2317 1840 2440 1879 cum
2468 1825 2537 1878 sit
2564 1822 2593 1860 ιι
2627 1823 2951 1892 disjunctum
2997 1823 3204 1893 spatiis,
3245 1822 3407 1875 ctiam
3449 1820 3599 1875 duri-

321 1913 561 1978 auribus,
592 1928 717 1983 erga
745 1914 1007 1984 crepitum
1035 1915 1184 1969 illum
1215 1915 1306 1983 qui
1327 1930 1393 1969 ex
1427 1916 1598 1985 prima
1626 1915 1910 1970 nativitate

320 2005 585 2070 resonuit,
610 2020 708 2060 usu
742 2004 1079 2073 quotidiano,
1109 2004 1447 2074 oppletarum
1476 2005 1681 2059 aurium
1718 2019 1910 2060 sensus

320 2095 623 2159 obsurduit,
667 2101 829 2162 atque
874 2093 998 2149 ideo
1044 2094 1222 2148 minus
1262 2093 1598 2148 harmoniam
1624 2108 1909 2163 possumus

321 2186 645 2248 auscultare,
693 2183 833 2237 sicut
876 2183 930 2236 in
977 2181 1191 2237 ollicina
1238 2182 1435 2247 fabrili,
1465 2182 1690 2237 assiduis
1717 2182 1909 2238 ictibus

318 2274 658 2344 operantium
702 2280 960 2327 contusus
1006 2271 1249 2327 hebescit
1295 2272 1528 2328 auditus.
1578 2272 1778 2328 Verum
1808 2274 1905 2329 bas

321 2362 723 2418 stcculariornm
770 2372 793 2401 α
824 2360 1110 2417 meditatas
1140 2363 1364 2418 astutias
1388 2363 1492 2418 illis
1521 2370 1751 2418 tractare
1781 2379 1909 2433 per-

319 2451 632 2517 mittentes,
682 2467 782 2506 nos
833 2450 901 2505 ad
954 2457 1256 2507 sermonem
1303 2452 1589 2508 redeamus
1633 2452 1907 2509 Ecclesiae.

322 2541 532 2596 Dictum
557 2547 642 2595 est
666 2540 847 2612 itaque
876 2555 905 2593 a
936 2541 1352 2609 praecessoribus
1392 2542 1625 2606 nostris,
1653 2559 1761 2599 non
1790 2534 1911 2599 esse

319 2631 465 2684 hanc
505 2629 727 2685 secundi
771 2630 895 2685 (ξωιὶ
934 2629 1294 2696 creationem,
1342 2630 1439 2686 sed
1472 2631 1669 2701 prioris
1696 2633 1911 2703 exposi-

322 2718 544 2773 tionem.
568 2717 645 2772 lbi
665 2719 807 2773 enim
828 2719 1057 2789 carptim
1078 2717 1353 2788 Scriptura
1374 2720 1557 2774 retulit
1577 2721 1698 2776 cteli
1727 2728 1911 2776 terrae-

320 2822 427 2877 que
446 2808 734 2873 facturam;
758 2808 844 2863 hic
864 2808 1127 2864 curiosius
1148 2809 1412 2864 rationem
1432 2806 1460 2845 ἀ
1489 2809 1707 2863 tradidit
1731 2808 1908 2873 nobis,

321 2913 429 2969 qua
476 2898 889 2969 unumquodque
936 2898 1241 2954 confectum
1292 2899 1361 2953 sit
1407 2898 1751 2954 elementum.
1802 2898 1912 2954 Nos

316 2998 503 3045 autem
530 2991 756 3047 dicimus
783 2990 907 3061 quia
933 2988 1149 3059 quando
1175 2996 1230 3044 et
1258 3005 1454 3046 nomen
1489 2991 1656 3056 aliud,
1699 2998 1755 3046 et
1781 3006 1911 3046 usus

322 3082 577 3151 proprius
614 3088 699 3137 est
736 3081 790 3134 in
819 3080 1055 3136 secundo
1074 3119 1091 3146 ,
1123 3080 1266 3136 aliud
1298 3096 1417 3137 esse
1443 3083 1747 3139 necessario
1783 3082 1912 3139 illud

2010 1918 2142 1970 tiam
2177 1915 2431 1984 possidet.
2466 1913 2573 1968 Sed
2606 1913 2881 1983 Scriptura
2918 1912 3197 1968 consuevit
3234 1912 3364 1965 illud
3404 1926 3602 1980 corpus

2009 2006 2154 2077 quod
2182 2013 2266 2061 est
2290 2005 2525 2060 validum
2555 2005 2713 2059 nimis
2740 2012 2793 2059 et
2821 2004 3049 2059 solidum
3077 2017 3274 2057 vocare
3305 2000 3602 2055 ﬁrmamen-

2009 2106 2147 2165 tum,
2191 2097 2331 2152 sicut
2367 2103 2423 2150 et
2459 2110 2639 2150 aerem
2669 2110 2908 2149 crassum
2950 2101 3006 2147 et
3054 2099 3366 2146 concretum
3411 2090 3600 2145 eodem

2009 2190 2151 2243 solet
2178 2189 2375 2258 schius
2403 2187 2676 2257 appellare
2702 2185 2985 2247 vocabulo,
3019 2199 3139 2238 cum
3169 2182 3299 2237 dicit
3327 2199 3339 2234 :
3366 2180 3466 2246 Qui
3507 2182 3601 2250 ﬁr-

2010 2280 2171 2334 marit
2213 2278 2495 2334 tonitruum
2540 2276 2719 2346 (Amos
2760 2292 2831 2341 1v,
2882 2274 2994 2342 1'5).
3041 2272 3408 2342 Spissitudinis
3455 2272 3599 2327 enim

2009 2368 2281 2433 duritiem,
2306 2367 2431 2436 quia
2456 2366 2672 2437 spiritus
2698 2371 2995 2434 conceptus
3029 2364 3082 2417 in
3123 2362 3353 2418 nubibus
3396 2362 3602 2416 violen-

2010 2467 2197 2529 terque
2223 2465 2515 2528 proruptus
2540 2454 2706 2512 el‘ﬁcit
2731 2470 2921 2510 sonum
2951 2454 3314 2519 tonitrualem,
3344 2452 3601 2507 li'rmatino

2010 2565 2134 2605 nem
2154 2548 2446 2606 tonationis
2473 2547 2727 2618 appellat.
2759 2544 2775 2583 ί
2802 2543 2959 2600 Unde
2978 2560 3120 2599 nunc
3139 2558 3354 2612 quoque
3376 2542 3601 2597 arbitra-

2008 2655 2132 2694 mur
2164 2640 2218 2694 in
2257 2639 2435 2708 aliqua
2482 2635 2782 2691 ﬁrmissima
2823 2642 3036 2700 natura,
3076 2640 3313 2688 meatum
3341 2648 3600 2701 aquarum

2010 2731 2527 2798 lubricationemque
2542 2728 2857 2789 consistere,
2878 2734 2934 2781 et
2948 2731 3258 2781 contentam
3274 2724 3423 2779 vocis
3443 2723 3599 2792 hujus

2010 2823 2269 2892 repagula
2292 2821 2564 2886 sustineri,
2591 2819 2844 2889 quoniam
2867 2817 2933 2873 de
2958 2832 3214 2886 aquarum
3237 2815 3598 2870 communium

2013 2915 2249 2970 editione
2287 2914 2621 2968 nativitatem
2651 2909 2888 2965 creditur
2922 2908 3190 2973 habuisse,
3221 2906 3306 2961 vel
3332 2914 3478 2961 certe
3502 2906 3600 2959 liu~

2012 3005 2152 3061 mori
2180 3004 2464 3073 coagulato
2492 3001 2723 3057 similem
2752 3015 2873 3055 esse
2901 2998 3152 3054 convenit
3179 2998 3446 3052 testimare
3472 3015 3485 3049 :
3510 3004 3600 3051 aut

2011 3095 2275 3165 ejusmodi
2319 3094 2478 3150 alicui
2508 3093 2765 3158 materias,
2797 3105 2917 3159 qua:
2955 3106 3022 3145 ex
3056 3088 3342 3144 dilfusione
3379 3088 3601 3156 liquoris

324 3179 350 3209 ‘
373 3170 520 3240 (ἰυοά
562 3170 739 3241 ι)τὶωο
785 3168 983 3225 tadum
1028 3177 1113 3225 θεῖ
1155 3170 1351 3225 malum
1398 3171 1605 3227 habens
1649 3180 1896 3227 naturam
1926 3182 1971 3244 C
2001 3186 2225 3256 sumpsit
2254 3185 2534 3254 originem,
2560 3182 2734 3253 qualis
2760 3189 2843 3237 est
2865 3181 3056 3250 lapidis
3075 3187 3265 3234 natura
3286 3179 3600 3251 erystallini,

321 3261 658 3326 validiorem,
705 3274 827 3330 qua:
867 3266 1090 3329 prtestat
1133 3260 1296 3314 rebus
1342 3260 1591 3315 omnibus
1618 3261 1905 3319 utilitatem

320 3354 669 3424 prtecipuam.

393 3443 448 3497 4.
485 3442 505 3482 ί
536 3442 605 3497 Et
642 3443 776 3498 dixit
806 3441 943 3497 Deus
971 3458 991 3497 :
1020 3440 1145 3497 Fiat
1171 3443 1575 3514 ﬁrmamentum,
1604 3454 1655 3499 et
1683 3447 1753 3500 sit
1778 3445 1908 3501 divi-

316 3535 449 3591 dens
477 3536 614 3589 inter
640 3550 826 3606 aquam
852 3542 903 3588 et
928 3549 1133 3605 aquam.
1165 3533 1332 3603 Igitur
1361 3544 1647 3604 antequam
1675 3535 1908 3592 radicem

318 3641 509 3681 eorum
548 3640 668 3695 quae
709 3624 907 3695 scripta
950 3631 1076 3679 sunt
1102 3625 1442 3694 attingamus,
1473 3628 1816 3697 experiamur
1842 3644 1906 3684 ea

320 3731 444 3786 qua:
488 3716 643 3771 nobis
688 3713 988 3784 objicienda
1033 3722 1283 3784 putamus
1318 3716 1386 3770 ab
1422 3716 1541 3771 aliis
1578 3717 1900 3786 improbare.

321 3808 676 3864 Sciscitantur
719 3821 951 3877 namque
993 3821 1113 3871 nos,
1161 3815 1543 3876 proponentes,
1594 3809 1639 3863 si
1686 3809 1906 3879 sphaerae

319 3898 497 3953 simile
520 3898 747 3952 habetur
767 3895 1083 3950 ﬁrmamenti
1110 3910 1325 3965 corpus,
1355 3897 1494 3952 sicut
1519 3898 1656 3953 visio
1683 3899 1797 3969 ipsa
1825 3907 1905 3954 te-

319 3995 514 4055 statur,
546 3998 571 4037 Β
600 3988 872 4058 quomodo
900 3986 1116 4041 ﬂuitans
1143 4002 1302 4056 aqua,
1334 4003 1650 4059 semperque
1679 3990 1743 4045 ad
1771 3989 1905 4045 infe-

318 4079 467 4134 riora
494 4078 851 4141 delubricans,
892 4084 1106 4148 poterat
1140 4077 1192 4131 iu
1230 4077 1554 4145 globositate
1579 4080 1784 4134 curvati
1812 4079 1904 4133 ﬁr-

318 4172 577 4225 mamenti
617 4170 947 4227 consistere?
996 4168 1132 4235 Quid
1178 4171 1600 4240 respondemus?
1631 4173 1755 4240 quia
1796 4188 1905 4227 non

321 4260 659 4325 omnimodis,
683 4259 825 4331 quod
855 4259 1065 4314 videtur
1093 4259 1246 4314 nobis
1274 4260 1687 4330 suspicientibus
1714 4262 1905 4315 intrin-

321 4366 481 4407 secus
501 4366 619 4407 esse
642 4350 894 4415 volubile,
923 4351 1028 4406 hoc
1054 4351 1216 4405 etiam
1244 4352 1581 4407 extrinsecus
1608 4353 1661 4408 in
1684 4354 1905 4424 sphaerae

321 4442 721 4497 similitudinem
750 4441 986 4497 creditur
1012 4456 1131 4497 esse
1166 4441 1473 4497 formatum.
1518 4442 1792 4513 Siquidem
1821 4445 1901 4499 la-

2009 3290 2170 3346 quem
2196 3273 2377 3330 ferunt
2402 3290 2467 3328 ex
2492 3286 2751 3342 aquarum
2772 3270 3118 3326 concretione
3143 3270 3410 3339 generari.
3440 3268 3600 3338 Lapis

2008 3382 2138 3421 vero
2167 3366 2259 3435 qui
2288 3364 2505 3435 proprie
2532 3361 2763 3417 lucidam
2793 3360 3031 3431 possidet
3065 3361 3521 3429 perspicuitatem,
3546 3367 3600 3412 et

2007 3458 2101 3527 qui
2128 3458 2421 3514 secundum
2462 3471 2613 3510 suam
2655 3461 2899 3507 naturam
2932 3451 3091 3506 fuerit
3128 3452 3370 3506 sincerus
3414 3452 3600 3504 inven-

2010 3557 2112 3613 tus,
2139 3563 2239 3603 nec
2260 3546 2483 3617 alicujus
2499 3544 2797 3616 putredinis
2816 3543 3147 3598 admixtione
3175 3543 3190 3593 i
3228 3542 3476 3605 foedatus,
3503 3558 3599 3598 uec

2006 3638 2202 3693 fundus
2231 3637 2380 3691 rimis
2408 3635 2672 3704 aliquibus
2702 3633 2837 3687 ﬁxus
2865 3640 2965 3699 est,
2998 3634 3111 3687 aeri
3148 3632 3339 3687 similis
3372 3632 3599 3686 habetur

2007 3729 2061 3783 in
2090 3729 2305 3793 colore;
2334 3726 2428 3782 sed
2452 3725 2586 3780 nulli
2614 3739 2801 3780 eorum
2830 3723 3077 3780 conferre
3121 3740 3220 3779 nos
3257 3723 3337 3778 fas
3381 3732 3465 3778 est
3505 3723 3596 3777 lir-

2006 3829 2355 3875 mamentum.
2405 3816 2628 3873 Puerilis
2674 3815 2818 3871 enim
2864 3830 3052 3871 revera
3094 3823 3150 3870 et
3186 3815 3487 3886 insipientis
3513 3824 3598 3869 et

2011 3911 2227 3975 mentis,
2258 3910 2418 3964 talem
2448 3923 2643 3978 capere
2673 3906 2740 3962 de
2780 3906 3088 3962 caelestibus
3131 3905 3460 3976 opinionem.
3492 3904 3598 3959 Sed

2010 4016 2185 4071 neque
2205 4000 2249 4056 si
2278 4001 2456 4056 omnia
2481 4000 2531 4053 in
2555 3999 2802 4053 omnibus
2823 4005 2965 4063 sunt,
2988 3998 3041 4052 id
3063 4005 3165 4062 est,
3189 3998 3323 4065 ignis
3352 3996 3405 4049 in
3433 4003 3594 4057 terra,

2008 4106 2102 4146 aer
2126 4091 2180 4145 in
2206 4106 2363 4159 aqua,
2400 4091 2454 4143 in
2483 4090 2602 4144 aliis
2630 4089 2753 4154 alia,
2798 4104 2900 4143 nec
2931 4089 3056 4158 quia
3087 4104 3273 4143 eorum
3304 4089 3598 4143 elemento-

2005 4196 2126 4235 rum
2153 4194 2271 4248 quze
2301 4180 2499 4234 nostris
2526 4178 2770 4234 sensibus
2816 4177 3189 4246 subjiciuntur,
3232 4178 3363 4232 nihil
3395 4179 3596 4233 sociale

2006 4271 2253 4339 habetur,
2291 4271 2378 4349 γει
2422 4271 2750 4336 mediarum,
2783 4270 2868 4325 vel
2905 4270 3299 4325 contrariarum
3346 4285 3590 4325 commu-

2005 4362 2168 4417 nione
2211 4376 2493 4417 causarum
2526 4379 2538 4414 :
2571 4361 2640 4415 ob
2676 4361 2781 4416 hoc
2817 4360 2979 4414 etiam
3020 4359 3269 4413 arbitrari
3309 4359 3588 4423 debemus,

2006 4451 2419 4515 ﬁrmamentum,
2467 4459 2560 4506 aut
2607 4467 2771 4505 unum
2817 4466 2884 4506 ex
2935 4449 3267 4520 simplicibus
3317 4465 3456 4516 esse,
3504 4462 3595 4505 aut

317 4548 602 4589 vacrorum
630 4548 960 4588 marmoreas
988 4532 1229 4588 videmus
1252 4549 1514 4603 cameras,
1539 4536 1761 4592 interius
1784 4537 1902 4606 qui-
1930 4551 1977 4609 ι)
2002 4541 2146 4611 quod
2174 4556 2241 4596 ex
2268 4541 2347 4596 eis
2375 4542 2634 4610 processit
2671 4556 2790 4596 esse
2830 4538 3212 4611 promiscuum,
3253 4555 3372 4594 cum
3414 4540 3588 4594 maui-

316 4622 444 4678 dem
488 4622 854 4679 semirotundo
900 4623 1173 4679 schemate
1218 4623 1534 4694 fabricatas,
1580 4628 1635 4683 in
1679 4628 1902 4699 fastigiis

392 4824 618 4898 f_Editi,
664 4833 853 4898 septem
900 4827 1004 4883 illis
1051 4830 1337 4886 ordinibus.
1385 4830 1568 4887 Codex
1612 4838 1798 4888 noster
1842 4843 1899 4890 et

316 4892 473 4981 091p.
506 4892 791 4963 secundus,
812 4906 1003 4968 septem
1029 4899 1135 4953 illis
1162 4900 1388 4956 orbibus.
1409 4900 1615 4969 Graece,
1644 4911 1743 4958 τῶν
1772 4906 1899 4962 ἐπτά

317 4979 509 5018 κύκλων
516 5005 530 5018 ο

393 5034 666 5108 b__Antiqu_i
693 5034 799 5108 duo
831 5034 1208 5108 libri,_iiitentis
1246 5039 1475 5094 auribus.
1518 5041 1685 5108 Alius,
1715 5044 1901 5099 intenti

316 5102 547 5180 auribus.
571 5102 725 5180 Aliud
746 5104 959 5180 scripsit
976 5105 1231 5180 Basilius,
1243 5109 1387 5180 aliud
1417 5102 1699 5180 interpres.
1724 5112 1901 5178 Quare

315 5172 759 5252 quisententiam
787 5172 1072 5252 verborum
1115 5177 1295 5232 Basilii
1326 5195 1482 5235 nosse
1506 5172 1706 5251 cupiet,
1734 5172 1899 5252 ipsos

316 5238 495 5295 fontes
516 5238 731 5296 Gnaeos
753 5242 909 5296 adeat
936 5245 1153 5299 suadeo.

395 5320 418 5386 «ξ
459 5311 619 5386 Erilli,
650 5312 939 5386 meditatus.
967 5313 1034 5386 At
1065 5316 1228 5386 nostri
1259 5325 1370 5371 tres
1392 5334 1545 5386 mss.,
1568 5320 1860 5375 meditatas.

319 5456 342 5501 ι
391 5380 434 5502 αι
459 5382 621 5448 Editi,
645 5383 893 5436 tradit....
916 5384 1055 5453 quia.
1080 5383 1301 5440 Veteres
1328 5388 1434 5441 duo
1462 5380 1581 5442 libri
1608 5398 1668 5443 ut
1695 5390 1746 5444 in
1769 5406 1901 5446 con-

343 5465 412 5502 ex
440 5466 492 5502 u.
1894 5475 1897 5478 ⁴

343 5465 492 5503 CXII].
1894 5475 1897 5478 ‹

398 5528 422 5599 ς
452 5519 620 5599 Εεᾙῌ,
644 5522 810 5599 primo
831 5522 984 5592 quod.
1018 5523 1369 5599 Antiquidug
1390 5525 1527 5599 libri,
1553 5530 1688 5599 quod
1710 5537 1894 5599 primo.

397 5587 416 5623 ί
448 5587 588 5642 Editi
619 5587 674 5643 et
713 5589 818 5644 duo
843 5587 1007 5652 'mss.,
1048 5592 1114 5644 Et
1144 5587 1275 5648 dixit
1316 5587 1585 5651 Dominus.
1630 5587 1894 5655 At'Colb.

319 5657 605 5719 secundus,
636 5658 704 5711 Et
734 5659 862 5712 dixit
896 5660 1049 5714 Deus.

393 5737 417 5774 8
446 5726 604 5787 Etlill,
621 5733 874 5797 quomodo
895 5733 1145 5800 [indultus
1170 5752 1182 5783 ι
1204 5750 1298 5801 qm
1325 5750 1519 5802 semper
1540 5737 1610 5789 ad
1629 5739 1893 5807 inferiora.

2004 4632 2142 4689 feste
2174 4634 2329 4690 nobis
2371 4633 2648 4704 Scriptura
2687 4634 2965 4704 praecipiat
3008 4633 3138 4687 nihil
3182 4633 3363 4688 sensui
3407 4640 3595 4688 nostro

2000 4836 2218 4908 Antiqui
2247 4836 2354 4892 duo
2396 4837 2535 4900 libri,
2579 4836 2833 4908 quomodo
2875 4836 3090 4908 ﬂuitans
3126 4850 3261 4905 aqua
3297 4850 3594 4907 semperque

2001 4906 2071 4978 ad
2100 4908 2368 4978 inferiora.
2405 4908 2571 4972 Alius,
2594 4906 2855 4977 quomodo
2886 4907 3097 4969 ﬂuitans
3123 4921 3276 4975 aqua,
3297 4906 3592 4978 semperque

2000 4976 2376 5061 αάιίξίίῖτῗρναέ

2076 5043 2103 5082 δ
2142 5043 2300 5109 Editi,
2351 5046 2647 5100 distinctum
2693 5046 2894 5116 spatiis.
2937 5043 3163 5099 Veteres
3203 5045 3342 5110 libri,
3383 5047 3589 5117 disjuu—

2004 5125 2142 5170 ctum
2171 5118 2376 5182 spatiis.

2088 5185 2101 5222 ί
2150 5185 2306 5248 Editi,
2340 5194 2478 5238 tunc.
2510 5183 2662 5238 Colb.
2695 5183 2980 5250 secundus,
3011 5201 3165 5238 nunc.
3211 5184 3402 5239 Statim
3448 5185 3587 5238 idem

2002 5255 2193 5316 codex,
2226 5257 2523 5317 consistere,
2572 5264 2621 5308 et
2668 5264 2977 5308 contentam.
3010 5254 3210 5309 Vocula
3251 5265 3301 5307 et
3340 5256 3389 5307 in
3431 5254 3587 5308 editis

2000 5324 2350 5378 desideratur.
2380 5325 2663 5392 Aliquanto
2691 5335 2813 5393 post
2846 5332 3057 5380 veteres
3084 5325 3190 5379 duo
3214 5325 3331 5378 libri
3356 5333 3410 5377 et
3435 5325 3586 5388 editi,

2001 5404 2089 5445 aut
2116 5393 2229 5463 ejus
2260 5395 2555 5448 alicuimodi
2583 5395 2832 5448 materia-3.
2866 5394 3034 5457 Alius,
3069 5402 3158 5447 aut
3195 5394 3448 5464 ejusmodi
3475 5395 3580 5447 ali-

2000 5464 2082 5516 cui
2114 5466 2363 5517 materia).

2075 5532 2090 5583 i
2138 5531 2228 5587 Sic
2255 5550 2380 5588 mss.
2414 5533 2539 5587 duo.
2577 5533 2641 5587 At
2668 5533 2911 5603 impressi
2942 5533 3080 5597 libri,
3113 5532 3351 5603 fedatur.
3384 5532 3583 5589 Ibidem

2001 5601 2147 5675 editi,
2188 5604 2357 5675 ruinis
2397 5601 2872 5675 alicujus._Codex
2905 5612 3086 5675 noster
3114 5601 3172 5656 et
3210 5602 3584 5675 Colb.isccuu-

1999 5672 2118 5747 dus,
2149 5674 2293 5727 rimis
2338 5672 2615 5747 aliquibus.
2645 5672 2849 5736 Gnnce,
2879 5682 2994 5733 ταῖς
3010 5672 3315 5747 duodenm.
3344 5673 3581 5727 Subinde

2001 5742 2152 5797 Colb.
2184 5742 2470 5812 secundus,
2500 5760 2613 5814 quw
2641 5754 2816 5800 nostro
2857 5743 3039 5798 sensui.
