3964 6198
379 312 482 370 8οΧ

1836 299 2199 360 EUSTATH“

3558 304 3663 359 ως

381 430 540 483 licere
563 426 789 496 amplius
817 441 976 496 quam
1007 436 1319 480 concessum
1350 427 1431 475 est
1452 418 1679 490 opinari.
1706 416 1816 473 Nec
1840 416 1968 472 illud
1995 421 2044 479 Α
2072 428 2233 490 atque
2272 419 2493 476 alternae
2534 419 2846 477 substantia
2896 421 3230 477 devoratoria
3273 418 3473 476 scilnus
3522 435 3671 475 esse.

383 535 502 583 nos,
531 533 733 588 qumso,
776 525 1061 588 pnetereat
1101 515 1473 577 indiscussum,
1509 510 1654 581 quod
1687 517 1971 579 postquam

384 608 525 663 Deus
562 609 835 678 prtecepit.
865 608 1048 662 dicens
1080 626 1093 660 :
1128 604 1253 658 Fiat
1283 605 1686 675 ﬁrmamentum,
1712 616 1821 654 non
1856 599 1975 654 sine

385 698 595 752 ratione
620 707 642 734 ο
668 697 861 765 adjecit
886 695 1174 751 historicus
1206 711 1219 745 :
1250 691 1319 746 Et
1351 695 1544 764 factum
1572 698 1649 744 est
1677 689 1975 758 ﬁrmamen-

388 798 513 841 tum.
553 787 684 842 Nam
715 795 841 841 ante
872 789 993 857 fecit
1036 785 1170 839 Deus
1200 785 1601 855 linamentum.
1632 779 1699 833 Et
1732 781 1924 837 iterum
1958 794 1972 832 :

387 875 575 931 Divisit
614 876 775 932 Deus.
807 876 1122 932 Auscultent
1149 875 1310 942 igitur
1333 872 1502 939 surdi,
1533 880 1588 925 et
1616 870 1980 925 illuminentur

387 966 455 1020 ad
484 966 774 1022 videndum
807 966 952 1022 caici.
977 964 1109 1032 Quis
1137 973 1317 1019 autem
1340 971 1447 1016 tam
1473 959 1667 1016 surdus
1686 966 1789 1025 est,
1817 973 1977 1027 quam

388 1061 482 1128 qui
511 1076 617 1114 non
661 1060 810 1115 audit
851 1061 925 1114 ita
964 1060 1142 1129 palam
1181 1056 1565 1112 vociferantem
1611 1053 1981 1124 Scripturaln?

396 1150 477 1205 vel
505 1150 627 1218 quis
669 1158 776 1203 tam
806 1164 995 1213 caecus,
1031 1149 1130 1213 nisi
1159 1147 1252 1216 qui
1279 1145 1618 1201 evidentibus
1645 1142 1983 1202 documentis

393 1241 704 1304 instructus,
735 1240 961 1308 gloriam
992 1238 1263 1307 Unigeniti
1292 1252 1397 1293 non
1427 1237 1730 1307 respectat?
1756 1234 1823 1289 Et
1848 1235 1984 1290 dixit

393 1331 535 1387 Deus
568 1350 580 1384 :
613 1330 737 1385 Fiat
775 1333 1176 1402 ﬁrmamentum.
1209 1328 1337 1385 Hmc
1362 1346 1468 1385 vox
1495 1328 1870 1384 destinationis
1897 1327 1982 1382 in-

395 1423 539 1477 dicat
556 1438 796 1478 causam.
829 1422 983 1488 Quod
1013 1431 1193 1476 autem
1223 1421 1395 1475 dixit:
1425 1419 1559 1484 Quia
1587 1420 1708 1491 fecit
1738 1420 1875 1473 Deus
1896 1419 1986 1491 [ir-

397 1521 731 1575 mamentum,
763 1511 1111 1581 perfectionis
1140 1520 1222 1567 est
1248 1511 1658 1567 demonstratio.

468 1600 518 1653 5.
555 1602 703 1658 Nunc
732 1603 784 1656 in
814 1603 1020 1670 reliqua
1048 1617 1226 1657 sermo
1260 1610 1522 1657 vertatur.
1555 1602 1622 1656 Et
1658 1603 1727 1656 sit
1754 1602 1987 1657 dividens

397 1694 531 1746 inter
560 1709 748 1761 aquam
788 1702 837 1747 et
875 1709 1080 1764 aquam.
1120 1692 1327 1747 inﬁnita
1370 1701 1508 1761 erat,
1544 1701 1803 1762 quantum
1830 1693 1988 1748 datur

2072 513 2215 584 Ignis
2235 515 2376 570 enim
2398 514 2666 570 consumit
2684 529 2898 584 aquam,
2926 514 3140 583 quando
3161 514 3360 568 virtute
3381 512 3675 582 praecellit,

2076 617 2213 673 aqua
2244 618 2374 659 vero
2416 620 2540 659 cum
2585 604 2938 660 abundaverit
2979 603 3267 672 exstinguit
3300 604 3506 672 ignem.
3542 602 3680 657 Erat

2076 708 2206 763 ergo
2234 696 2616 760 necessarium,
2645 710 2821 764 neque
2847 693 3182 750 concordare
3202 694 3343 748 inter
3361 709 3421 749 se
3444 691 3680 748 firmiter

2078 783 2195 839 hzec
2223 784 2508 850 elementa,
2542 800 2641 840 nee
2671 784 2878 853 integra
2907 780 2932 820 δ
2965 783 3178 853 penitus
3201 781 3511 837 defectione
3541 782 3682 836 alte-

2078 873 2210 937 rius,
2234 872 2477 943 praebere
2495 888 2711 928 causam
2737 873 3020 929 solutionis
3041 887 3218 927 rerum
3240 872 3511 938 omnium,
3536 871 3683 924 ideo-

2079 978 2187 1033 que
2214 962 2564 1019 sufﬁcientem
2594 964 2921 1032 gubernator
2948 963 3134 1018 mundi
3162 964 3402 1034 reposuit
3427 964 3683 1018 humoris

2082 1054 2312 1122 copiam,
2345 1062 2403 1108 ut
2439 1055 2780 1124 praescriptos
2808 1054 2909 1109 sibi
2941 1054 3200 1109 terminos
3237 1070 3345 1109 non
3379 1054 3679 1117 excedens,

2084 1143 2254 1213 ignea:
2275 1152 2461 1214 posset
2488 1144 2740 1200 edacitati
2765 1144 3038 1199 resistere.
3070 1144 3212 1201 Deus
3237 1145 3403 1210 enim,
3432 1145 3529 1213 qui
3561 1161 3683 1199 om-

2084 1235 2173 1290 nia
2219 1235 2320 1290 sub
2364 1234 2769 1305 ponderationis
2797 1241 2853 1289 et
2881 1249 3146 1292 mensuras
3174 1233 3520 1289 ordinatione
3549 1249 3683 1289 cou-

2084 1327 2278 1390 stituit,
2304 1327 2388 1380 cui
2415 1328 2572 1380 etiam
2600 1335 2758 1397 gutta:
2794 1325 3036 1380 imbrium
3063 1334 3350 1381 numeratae
3374 1336 3520 1389 sunt,
3550 1334 3687 1381 teste

2084 1413 2186 1470 Job
2216 1415 2427 1484 (xxxvi,
2465 1414 2588 1485 ‘27),
2629 1423 2855 1470 noverat
2898 1424 3102 1484 quanto
3147 1422 3394 1486 tempore
3435 1430 3583 1484 aqua
3632 1415 3684 1469 in

2107 1511 2239 1565 orbe
2288 1516 2558 1564 terrarum
2599 1519 2922 1577 permanere
2948 1504 3192 1567 deberet,
3227 1511 3283 1557 et
3306 1502 3391 1556 vel
3416 1509 3687 1570 quantam

2109 1603 2218 1673 igni
2243 1600 2557 1656 alimoniam
2590 1606 2941 1669 praepararet.
2976 1597 3103 1652 Htec
3124 1606 3207 1651 est
3238 1610 3512 1665 aquarum
3542 1594 3689 1649 ratio

2106 1692 2408 1750 secundum
2445 1701 2772 1749 creaturam.
2809 1689 3193 1746 Verumtamen
3214 1688 3504 1757 ususignis
3519 1700 3687 1756 quam

401 1782 643 1851 intelligi,
677 1798 937 1851 aquarum
966 1782 1201 1849 ditl‘usio,
1245 1784 1482 1852 undique
1519 1784 1832 1841 alluentium
1874 1793 1987 1840 ter-
2021 1785 2061 1842 Β
2109 1784 2456 1840 necessarius
2476 1785 2547 1840 sit
2574 1784 2737 1838 rebus
2757 1781 3033 1844 humanis,
3055 1779 3269 1848 quisita
3292 1777 3691 1846 vhendipeni-

403 1889 534 1936 ram,
568 1874 639 1927 ita
670 1880 730 1928 ut
759 1875 985 1928 aliorum
1012 1875 1174 1928 etiam
1203 1874 1593 1929 elementorum
1620 1884 1850 1930 statutos
1877 1884 1989 1931 terv

403 1964 577 2016 minos
598 1963 871 2016 videretur
896 1962 1191 2027 excedere;
1214 1961 1242 2000 ι’
1265 1972 1549 2033 propterea
1572 1964 1625 2017 in
1645 1965 1991 2033 sequentibus

402 2053 597 2108 dicitur
625 2054 849 2123 abyssus
876 2052 1291 2107 circumdedisse
1316 2053 1581 2108 tellurem.
1614 2052 1721 2109 Sed
1749 2054 1991 2109 multitu-

402 2144 542 2198 dinis
567 2142 786 2213 quidem
815 2158 1074 2212 aquarum
1103 2158 1320 2198 causam
1367 2144 1530 2214 paulo
1579 2143 1801 2199 inferius
1833 2159 1995 2215 expo-

405 2251 615 2291 nemus.
650 2235 1030 2290 Verumtamen
1055 2236 1232 2290 nullus
1261 2244 1525 2301 nostrum,
1555 2236 1650 2291 sed
1678 2252 1779 2293 nec
1804 2252 1992 2297 eorum

403 2327 493 2394 qui
517 2325 670 2379 valde
699 2333 824 2381 sunt
851 2324 1048 2379 eruditi
1070 2333 1126 2380 et
1154 2326 1461 2382 acutissime
1491 2327 1761 2381 intuentes
1789 2327 1858 2382 ad
1879 2342 1995 2382 cor-

406 2415 710 2484 ruptibilem
742 2416 880 2470 hanc
908 2413 1214 2485 ﬂuxamque
1251 2423 1520 2483 naturam,
1549 2416 1823 2487 Opinando
1845 2418 1996 2473 valo-

405 2508 483 2562 bit
528 2507 953 2577 repreltendere,
1002 2507 1088 2561 vel
1129 2518 1153 2546 ο
1204 2507 1552 2577 impossibilia
1597 2509 1683 2563 vel
1730 2508 1995 2577 ﬁgmentis

404 2600 722 2669 quibusdam
765 2600 1060 2655 narrationi
1109 2600 1476 2668 conglutinata
1506 2617 1624 2656 nos
1664 2602 1828 2656 verba
1868 2617 1995 2672 pro-

408 2692 579 2758 ferre;
625 2707 723 2747 nec
767 2692 949 2760 exiget
996 2693 1343 2761 probationes
1390 2708 1488 2762 per
1530 2710 1664 2764 quas
1708 2711 1995 2765 possumus

408 2791 647 2836 astruere
686 2798 839 2851 super
876 2783 1002 2852 quid
1032 2799 1291 2853 aquarum
1322 2784 1483 2839 fuerit
1526 2795 1713 2840 natura
1752 2787 1991 2845 fundata.

411 2870 482 2925 Ea
513 2874 653 2926 enim
683 2874 893 2926 ratione
915 2888 1019 2940 qua
1043 2881 1241 2927 terram
1269 2876 1423 2944 aquis
1450 2877 1748 2943 graviorem
1780 2876 1997 2933 ﬁrman-

413 2973 515 3031 tes,
548 2965 598 3017 in
628 2964 800 3018 media
832 2965 1069 3018 omnium
1116 2966 1255 3020 hanc
1299 2966 1546 3021 libratam
1589 2984 1708 3023 esse
1752 2985 1991 3038 pronun-

414 3055 568 3121 tiant,
600 3054 742 3107 illam
772 3070 986 3124 quoque
1016 3055 1292 3110 cmlestem
1333 3072 1546 3125 aquam,
1592 3069 1812 3129 propter
1840 3070 1996 3117 natu.

414 3144 580 3197 ralem
624 3144 879 3213 impetum
918 3142 1054 3211 ejus,
1085 3159 1297 3213 semper
1338 3145 1406 3200 ad
1443 3146 1548 3201 ima
1590 3148 1917 3215 tendentem,
1945 3158 2002 3206 et
2026 3138 2072 3200 Ο

417 3242 637 3302 propter
662 3233 1026 3301 aequalitatem
1055 3249 1121 3289 ex
1152 3236 1298 3290 omni
1339 3246 1494 3307 parte
1538 3238 1875 3307 collocatam,
1907 3257 2002 3297 ne-

416 3343 565 3383 cesse
586 3335 667 3382 est
689 3343 851 3397 super
872 3329 1057 3384 orbem
1086 3338 1347 3384 terrarum
1370 3331 1635 3387 stabiliter
1662 3348 1998 3402 permanere.

417 3417 554 3486 Ergo
583 3419 756 3488 ampla
789 3420 946 3474 nimis
987 3428 1108 3473 erat
1141 3437 1402 3489 aquarum
1431 3432 1645 3490 natura,
1680 3440 1743 3478 ac
1770 3441 1876 3480 non
1905 3442 2006 3496 pro

418 3518 574 3563 terra:
593 3510 928 3565 dimensione
948 3509 1155 3576 diffusa,
1180 3512 1272 3565 sed
1303 3514 1472 3568 multo
1500 3514 1694 3583 largius
1723 3515 1863 3570 illius
1885 3532 2004 3571 am-

418 3599 585 3652 bitum
633 3599 938 3668 superabat.
998 3599 1073 3654 Ita
1122 3615 1189 3654 ex
1244 3602 1397 3655 initio
1449 3604 2007 3671 magniticentissimus

418 3688 610 3742 artifex
653 3688 826 3742 futura
871 3690 1227 3758 prospiciens,
1261 3692 1599 3759 sequentium
1624 3694 1909 3749 utilitatem
1940 3712 2007 3751 ex

422 3780 659 3848 priorum
689 3779 1040 3849 dispositione
1070 3783 1365 3836 constituit.
1395 3781 1525 3848 Qua:
1561 3799 1723 3838 causa
1753 3785 1852 3839 fuit
1879 3800 2008 3854 ergo

422 3877 484 3923 ut
511 3884 664 3939 aqua:
707 3871 1000 3924 enormitas
1048 3871 1371 3925 exuberaret
1414 3872 1465 3925 in
1510 3874 1704 3927 terris?
1744 3873 2007 3940 Quoniam

421 3960 724 4014 necessaria
754 3967 872 4014 erat
912 3961 1070 4015 rebus
1109 3961 1246 4029 ignis
1286 3971 1499 4027 natura,
1543 3979 1648 4019 non
1679 3966 1853 4021 solum
1883 3981 2008 4036 erga

420 4049 877 4118 dispensationem
922 4052 1275 4114 terrestrium,
1308 4051 1401 4107 sed
1434 4054 1595 4107 etiam
1623 4053 1690 4107 ad
1725 4054 2009 4123 perfectio-

421 4156 544 4194 nem
593 4148 932 4195 cunctorum.
990 4142 1201 4195 Etenim
1252 4142 1562 4200 brevissima
1612 4145 2009 4214 semiplenaque

426 4229 603 4284 forent
637 4232 837 4299 omnia,
868 4232 913 4286 si
943 4233 1189 4287 maximis
1217 4248 1280 4288 ac
1310 4234 1695 4303 principalibus
1732 4236 2013 4292 elementis

424 4320 626 4392 aliquid
671 4322 847 4376 minus
884 4331 1044 4389 esset,
1076 4338 1195 4392 qua:
1223 4323 1439 4393 quidem
1479 4325 1748 4378 contraria
1779 4325 2011 4394 sibimet,

452 4593 566 4664 erit.
600 4589 954 4664 Haud__|t_)_nge
983 4591 1141 4664 editi._
1163 4601 1211 4645 et
1245 4594 1440 4664 factum
1480 4602 1554 4647 est
1604 4596 2007 4664 ﬁrmamentum.

452 4612 566 4645 εσυ.
600 4612 752 4645 nauu
799 4612 954 4658 longe
983 4612 1129 4651 eum,
1163 4612 1211 4645 ει
1245 4612 1440 4661 ιασιιιηι
1480 4612 1553 4647 εει
1604 4612 2007 4664 firmamentum.

428 4612 499 4713 Et
528 4662 717 4715 iterum
747 4658 898 4735 Colb.
942 4660 1233 4735 secundus,
1265 4659 1332 4713 Et
1362 4665 1555 4735 factum
1595 4675 1671 4718 est
1710 4666 2015 4735 ﬁrmamen-

429 4740 537 4784 tum
555 4748 570 4783 :
585 4747 705 4784 nam
727 4738 775 4783 et
793 4731 911 4801 fecit
937 4729 1074 4783 Deus
1089 4729 1487 4802 ﬁrmamentum.
1507 4732 1577 4787 Et
1598 4729 1806 4789 iterum.
1830 4734 2016 4790 Codex

439 4809 622 4854 noster
652 4809 709 4853 ut
739 4802 789 4853 in
818 4809 1091 4854 contextu.
1119 4846 1128 4856 .

509 4871 531 4905 ι)
563 4868 701 4922 Editi
730 4878 784 4924 et
809 4868 962 4940 Colb.
993 4870 1211 4940 primus.
1243 4880 1515 4940 propterea
1542 4874 1909 4928 insubsicibilis
1938 4874 2019 4928 di-

433 4938 589 5005 citur,
619 4954 759 5009 novo
800 4938 1027 4994 necdum
1077 4938 1264 4995 audito
1305 4938 1557 5008 loquendi
1601 4956 1817 5009 genere.
1860 4943 2014 4998 Colb.

431 5007 721 5070 secundus,
750 5011 1109 5082 promereatur
1132 5007 1453 5082 sequentibus
1472 5007 1682 5067 dicitur.
1712 5014 2019 5068 Eustathius

433 5077 758 5157 expressum
790 5077 959 5157 voluit
988 5080 1114 5157 illud
1154 5077 1354 5144 Basilii,
1380 5081 1471 5137 διὰ
1491 5091 1644 5157 :gﬁro
1678 5089 1780 5157 γᾲρ
1823 5087 1872 5137 ἐν
1900 5093 2020 5157 *τοῖς

437 5146 668 5220 metm,
690 5146 929 5220 etc._Sed
951 5157 1056 5202 tam
1082 5150 1238 5219 longe
1264 5168 1293 5205 a
1317 5167 1481 5220 scopo
1502 5146 1790 5216 aberra'vi't,
1819 5161 1876 5206 ut
1899 5154 2020 5206 lon-

435 5221 555 5288 gius
583 5217 819 5272 aberrari
843 5233 952 5288 non
984 5217 1335 5287 possitham
1378 5217 1489 5275 hiec
1518 5222 1677 5275 verba
1710 5223 1781 5277 ita
1814 5223 2021 5277 reddita

438 5287 795 5363 oportuerat:
828 5287 1111 5363 Propterea
1152 5290 1594 5363 in_superioribus
1639 5293 1826 5346 dicitur
1868 5293 2023 5363 abys-

434 5357 547 5427 sus,
578 5369 682 5428 etc.
714 5357 899 5428 Neque
929 5373 1057 5413 vero
1094 5359 1198 5414 hoc
1225 5357 1475 5428 loquendi
1504 5374 1691 5427 genus.
1724 5365 1772 5415 ἐν
1798 5371 1901 5424 τοῖς
1932 5357 2021 5417 ἑα-

440 5434 623 5502 eémv,
643 5427 924 5502 Eustathio
951 5429 1071 5492 soli,
1105 5429 1198 5502 sed
1239 5427 1312 5483 et
1333 5430 1451 5483 aliis
1484 5432 1839 5502 scriptoribus
1877 5434 2023 5502 peri-

441 5500 656 5555 tissimis
687 5499 898 5553 errandi
927 5514 1086 5553 causa
1117 5498 1212 5553 fuit
1238 5508 1292 5552 et
1320 5500 1554 5554 occasio.

517 5581 541 5642 ογ
582 5568 743 5642 Editi,
774 5570 1132 5642 impossibilia,
1162 5569 1517 5642 ﬁgmentisque
1554 5570 1859 5642 quibusdam
1897 5587 2027 5642 nar-

442 5639 634 5709 rationi
662 5638 1044 5709 ronglutinatis.
1077 5638 1230 5695 Colb.
1265 5638 1659 5703 secundusn'el
1685 5641 2026 5704 impossibilia

443 5709 524 5763 rel
550 5708 808 5774 ﬁgmentis
838 5709 1140 5771 quibusdam
1172 5710 1458 5765 narrationi
1487 5711 1873 5779 conglutinata,
1904 5727 2026 5765 ver-

2108 1882 2195 1929 tus
2210 1889 2406 1944 expers
2422 1873 2672 1935 habetur,
2705 1881 2766 1926 ut
2787 1873 2891 1925 hoc
2918 1887 3023 1925 non
3041 1871 3202 1925 aliter
3222 1870 3327 1923 nisi
3345 1884 3414 1924 ex
3439 1880 3463 1909 ⁸
3482 1870 3694 1925 doctri-

2110 1980 2192 2020 nae
2224 1964 2517 2018 traditione
2549 1963 2864 2033 cognoverit
2888 1962 2911 2015 ?
2938 1960 3075 2015 Nam
3104 1976 3213 2015 non
3233 1960 3413 2014 solum
3441 1973 3523 2013 ea:
3542 1968 3693 2012 artes

2107 2070 2231 2125 quae
2260 2054 2382 2108 vitae
2398 2054 2650 2115 humanae
2672 2052 3082 2108 sustentatrices
3100 2057 3250 2115 sunt,
3280 2049 3531 2119 indigent
3547 2049 3693 2119 ignis

2109 2146 2334 2208 auxilio,
2355 2147 2446 2201 sed
2475 2146 2734 2201 arborum
2751 2146 2913 2200 etiam
2932 2144 3280 2215 germinatio,
3296 2142 3695 2210 fructuumque

2111 2239 2419 2303 maturitas,
2449 2245 2504 2291 et
2535 2236 2857 2292 animalium
2878 2244 2990 2290 tam
3020 2234 3362 2289 terrestrium
3382 2246 3553 2302 quam
3576 2244 3695 2283 ma-

2109 2331 2357 2387 rinorum
2388 2330 2666 2395 nativitas,
2689 2343 2868 2398 neque
2882 2325 3151 2398 principio
3173 2323 3567 2395 processisset,
3598 2335 3695 2374 ne-

2110 2438 2219 2494 que
2264 2424 2586 2493 perduraret
2643 2422 2696 2474 in
2754 2427 3020 2489 tempora,
3056 2417 3101 2472 si
3126 2414 3328 2471 caloris
3362 2412 3691 2468 beneﬁcium

2110 2513 2396 2570 defuisset.
2432 2515 2714 2583 Aquarum
2763 2525 2982 2581 quoque
3008 2506 3344 2563 abundantia
3387 2503 3552 2558 valde
3590 2501 3695 2555 fuit

2114 2607 2448 2672 necessaria,
2491 2614 2550 2659 ut
2592 2603 2995 2659 incessabiliter
3045 2609 3099 2655 et
3121 2598 3242 2653 sine
3282 2595 3694 2652 intermissione

2115 2706 2335 2768 pastum
2369 2697 2473 2752 sibi
2505 2697 2572 2751 de
2602 2696 2687 2750 his
2712 2695 2855 2766 ignis
2890 2691 3208 2748 attraheret.

2185 2789 2239 2843 6.
2258 2788 2474 2843 Intuere
2496 2788 2730 2857 denique
2751 2784 3070 2855 diligentius
3094 2789 3428 2843 creaturam,
3452 2787 3507 2832 et
3537 2776 3691 2831 inve-

2114 2881 2231 2936 nies
2263 2881 2370 2934 vim
2402 2879 2633 2935 fervoris
2663 2877 2875 2932 cunctis
2905 2888 3028 2945 quae
3047 2873 3302 2928 oriuntur
3322 2879 3378 2925 et
3408 2868 3688 2929 occidunt,

2115 2981 2361 3043 potenter
2393 2973 2613 3025 hazrere.
2664 2971 2955 3039 Propterea
2981 2966 3137 3020 terris
3169 2978 3325 3032 aqua:
3369 2958 3693 3030 largissima

2114 3072 2242 3117 sunt
2267 3061 2478 3126 infusa,
2511 3061 2761 3129 ultraque
2777 3071 2942 3128 quam
2976 3055 3230 3109 videntur
3267 3061 3393 3106 sunt
3428 3056 3688 3110 extensa,

2115 3169 2237 3224 qua:
2263 3162 2319 3207 et
2340 3152 2565 3207 fundum
2590 3148 2801 3205 telluris
2822 3145 3091 3216 attingunt
3120 3159 3137 3209 ;
3171 3141 3317 3201 unde
3340 3139 3506 3194 etiam
3529 3135 3691 3192 fonti-

2117 3246 2221 3301 bus
2236 3252 2289 3299 et
2303 3245 2480 3313 puteis
2496 3241 2698 3312 largior
2716 3240 2872 3310 copia
2887 3235 3140 3291 manandi
3154 3231 3485 3302 suppeditat,
3504 3228 3692 3300 praeci-

2117 3336 2365 3404 pitesque
2405 3332 2731 3387 torrentium
2759 3327 2779 3367 (
2806 3342 3028 3389 cursus,
3053 3324 3330 3379 uthumor
3348 3322 3402 3375 in
3424 3319 3615 3374 multis
3629 3332 3691 3372 ac

2117 3427 2347 3481 diversis
2361 3425 2612 3479 videlicet
2626 3423 2835 3476 horreis
2850 3421 3198 3475 conderetur.
3220 3416 3406 3484 itaque
3423 3412 3491 3466 ab
3502 3409 3693 3466 Orieno

2120 3519 2190 3572 lis
2223 3518 2471 3587 partibus
2510 3515 2756 3569 hibernis
2786 3512 3130 3583 progreditur
3150 3508 3315 3563 ludus
3338 3504 3692 3567 ﬁuvius,om-

2120 3610 2269 3674 niu‘m
2296 3607 2590 3662 violentior
2619 3605 2968 3667 ﬂuentorum,
3004 3602 3145 3655 sicut
3175 3597 3441 3668 speculati
3474 3602 3607 3650 sunt
3653 3592 3692 3646 ii

2119 3695 2211 3764 qui
2239 3700 2404 3750 situm
2433 3680 2582 3748 orbis
2606 3694 2944 3761 descripsere
2970 3700 3261 3745 terrarum.
3283 3687 3359 3741 De
3382 3683 3695 3741 meridianis

2120 3794 2300 3841 autem
2320 3787 2456 3842 locis
2482 3785 2709 3840 Bactrus
2730 3785 2899 3840 efﬂuit
2922 3781 3282 3850 etChoaspis,
3307 3788 3360 3835 et
3384 3779 3693 3839 Araxes.ex

2121 3893 2232 3948 quo
2266 3877 2488 3942 Tanais,
2510 3877 2777 3946 abruptus
2795 3876 2848 3930 in
2866 3875 3163 3929 Maeoticam
3193 3871 3390 3926 transit
3417 3869 3687 3939 paludem.

2122 3968 2314 4025 Phasis
2354 3980 2532 4022 autem
2552 3969 2617 4021 de
2637 3965 2919 4021 Caucasiis
2966 3965 3077 4019 exit
3115 3962 3413 4027 montibus,
3454 3969 3510 4014 et
3540 3960 3693 4013 innu-

2123 4059 2411 4114 merabiles
2457 4058 2547 4112 alii
2570 4061 2625 4125 ε,
2657 4058 2722 4112 de
2760 4058 3076 4128 regionibus
3106 4057 3303 4109 arctois
3331 4053 3396 4106 ad
3431 4051 3691 4107 Euxinum

2125 4152 2371 4207 feruntur
2392 4154 2646 4207 Pontum.
2661 4151 2742 4205 Ab
2756 4148 3066 4205 Occidentis
3080 4161 3207 4201 vero
3225 4144 3540 4199 climatibus
3559 4141 3696 4196 testi-

2125 4245 2226 4308 vis,
2246 4243 2349 4297 sub
2365 4241 2625 4313 Pyrenaeo
2645 4242 2849 4295 vertice
2874 4240 3135 4293 Tartesus
3154 4277 3167 4301 ,
3194 4247 3358 4305 atque
3379 4235 3537 4296 Ister.
3566 4247 3696 4301 quo-

2126 4348 2246 4389 rum
2274 4348 2418 4388 unus
2448 4333 2504 4387 in
2530 4332 2797 4388 exteriora
2826 4332 2995 4385 maria
3025 4328 3288 4392 decurrit,
3312 4327 3452 4381 alter
3477 4326 3697 4380 veniens

501 4530 526 4559 ι
565 4520 961 4593 E_diti,_atijacet
991 4520 1281 4593 historicus.
1314 4522 1384 4575 At
1412 4526 1579 4577 nostri
1604 4533 1713 4579 tres
1738 4541 1890 4589 mss.,
1918 4527 2011 4580 ad-
2041 4529 2086 4586 D
2111 4525 2297 4580 bosius
2317 4523 2554 4593 quidem,
2578 4521 2670 4593 sed
2690 4523 2771 4593 ita_
2783 4524 3058 4593 tamenut
3084 4517 3414 4586 exprimatur
3438 4524 3700 4593 utcunque

2119 4595 2267 4659 illud.
2298 4584 2726 4653 ἣ’π).ασαατὼῖῑη.
2752 4588 2875 4644 Mox
2904 4588 3054 4655 editi,
3084 4584 3212 4657 quas
3240 4602 3535 4656 possumus.
3566 4584 3701 4639 Libri

2121 4675 2355 4744 veteres,
2386 4663 2660 4744 possimus.

2192 4733 2217 4771 ά
2261 4724 2420 4796 Editi,
2457 4731 2661 4803 penitus
2696 4728 3053 4799 defectionem.
3089 4724 3267 4779 Nostri
3298 4731 3411 4780 tres
3438 4740 3597 4794 mss.,
3626 4724 3704 4777 de-

2146 4806 2365 4858 ectione.

2120 4806 2476 4940 fect‘t'mietiqui
2504 4869 2611 4924 dno
2638 4868 2770 4940 libri
2788 4875 2845 4922 et
2871 4865 3019 4940 editi,
3041 4882 3108 4920 ea:
3135 4864 3387 4940 doctrinae
3409 4864 3704 4940 traditione.

2122 4942 2274 4998 Colb.
2323 4932 2608 5001 secundus,
2645 4955 2710 4992 ea:
2737 4938 2975 4991 doctrina
3005 4946 3055 4988 et
3084 4937 3307 4989 ratione.
3338 4933 3536 4989 Statim
3566 4932 3705 4998 editi,

2126 5014 2205 5069 lite
2230 5021 2388 5065 artes.
2422 5009 2646 5063 Veteres
2667 5008 2773 5061 duo
2805 5006 2943 5066 libri.
2975 5022 3051 5060 ere
3079 5016 3237 5059 artes.

2203 5082 2222 5120 ί
2265 5081 2428 5143 Editi,
2462 5094 2640 5132 cursus
2684 5086 2733 5132 et
2781 5077 2981 5129 humor.
3011 5074 3190 5130 Codex
3237 5081 3435 5143 noster
3467 5080 3549 5143 et_
3563 5071 3708 5127 Colb.

2126 5140 2640 5216 secundus-cursus,
2678 5155 2735 5201 ut
2769 5146 2972 5211 Intmor,
3006 5154 3139 5214 etc.,
3168 5144 3389 5214 optime.
3422 5141 3480 5196 In
3510 5140 3712 5203 Ganeo.

2128 5244 2261 5276 υπὲῡ
2290 5244 2399 5276 του.

2203 5244 2431 5350 ξρὲἕῖίὶ.
2465 5286 2527 5342 de
2566 5285 2861 5358 regionibus
2885 5284 3148 5358 Arrigis;
3178 5298 3307 5358 quae
3327 5297 3431 5358 vox
3458 5279 3602 5358 (μιὶιξ⁸
3618 5277 3709 5358 s_i_bi

2128 5362 2277 5425 velit,
2302 5376 2369 5416 ne
2394 5348 2610 5428 Mopsus
2624 5348 2852 5428 "quidem
2878 5362 2971 5428 aut
2996 5348 3236 5428 (Edipu's
3257 5348 3528 5428 divinarit.
3562 5348 3705 5428 (ξιιμ).

2168 5418 2353 5494 rimus,
2404 5418 2814 5500 tie-regionibus
2861 5423 3101 5500 Arcadis,
3138 5418 3252 5477 non
3280 5422 3524 5500 _clarius.
3573 5418 3709 5471 Alter

2150 5500 2308 5561 Iolb..
2337 5493 2402 5554 de
2425 5493 2718 5569 regionibus
2746 5496 2941 5549 arctois
2964 5508 3160 5569 :quam
3189 5493 3511 5569 scripturam
3536 5500 3707 5569 verant

2129 5586 2249 5626 esse
2293 5581 2348 5625 et
2385 5561 2648 5626 sinceram
2696 5572 2913 5623 constat
2955 5561 3032 5625 ex
3063 5563 3264 5619 Grtncis
3308 5562 3414 5617 illis
3436 5602 3453 5629 ,
3485 5561 3584 5616 ἀπὸ
3618 5563 3705 5612 τῶν

2131 5664 2394 5719 αρκτῳων.
