3964 6198
256 296 358 364 89"

1234 298 1636 366 HEXAEMEIU
1674 295 2151 363 METAPHRASIS
2190 300 2389 364 LIBER
2426 302 2509 364 ΙΙΙ.

3439 318 3544 373 898

255 443 344 496 pet
381 426 667 499 Europam,
698 426 957 496 digeritur
996 427 1050 481 in
1089 424 1344 482 Pontum.
1374 424 1483 481 Eos
1508 433 1688 480 autem
1717 422 1844 492 qnid
1872 428 1926 486 Α
1950 424 2291 493 surgentibus
2318 424 2386 481 de
2431 440 2491 481 se
2529 426 2825 497 vaporibus
2852 429 3127 495 exhalant,
3171 439 3231 485 ut
3256 448 3363 487 non
3385 434 3548 489 ardor

253 533 477 574 necesse
501 527 584 574 est
609 531 947 583 enumerare,
977 517 1070 586 qui
1096 516 1165 573 de
1192 516 1432 587 Riphaeis
1456 514 1693 586 Scythiae
1719 513 1850 567 inte-

252 611 414 665 noris
441 611 713 666 montibus
741 610 1024 665 oriuntur?
1050 608 1290 677 Quorum
1315 617 1396 664 est
1424 607 1737 670 Rhodanus,
1755 606 1849 675 qui

250 718 373 757 cum
403 701 642 772 pluribus
671 701 789 757 aliis
818 701 1153 770 navigalibus
1181 700 1376 767 fluviis,
1402 698 1620 755 Galatas
1648 706 1704 753 et
1735 695 1847 752 He-

248 791 479 859 sperios,
528 790 915 860 Celtorumque
955 799 1194 859 gentem,
1244 791 1547 859 multasque
1594 787 1849 844 ﬁnitimas

251 883 568 952 praeteriens
603 884 887 947 nationes,
911 885 1104 954 pelago
1144 884 1404 938 miscetur
1425 882 1681 938 Occiduo.
1709 880 1846 936 Nam

249 986 439 1025 eorum
467 971 557 1041 qui
588 987 658 1027 ex
687 973 970 1044 superiore
1011 972 1235 1027 meridie
1261 987 1362 1042 per
1394 971 1728 1043 Ethiopiam
1753 970 1847 1027 de-

246 1061 535 1131 scendunt,
578 1061 632 1117 id
669 1071 775 1132 est,
814 1072 840 1101 α
877 1062 1069 1132 Tages,
1100 1070 1156 1118 et
1189 1061 1367 1128 Nisus,
1404 1071 1459 1118 et
1485 1060 1758 1128 Cremeas,
1792 1070 1848 1117 et

248 1152 428 1220 Nilus;
460 1154 553 1208 alii
581 1155 635 1209 in
664 1157 908 1209 nostrum
936 1170 1086 1210 mare
1127 1154 1375 1223 inﬂuunt,
1418 1155 1510 1209 alii
1542 1155 1598 1209 in
1626 1153 1846 1209 citerio-

249 1260 367 1300 rem
395 1245 755 1301 devolvuntur
780 1244 1079 1315 Oceanum;
1106 1246 1235 1303 licet
1261 1246 1412 1303 Nilus
1434 1262 1543 1303 non
1572 1248 1640 1302 sit
1670 1244 1847 1301 ﬁumi-

247 1337 408 1392 nihus
427 1338 841 1408 comparandus,
873 1340 1071 1409 quippe
1098 1340 1191 1409 qui
1210 1354 1361 1394 more
1383 1339 1577 1410 pelagi,
1602 1346 1847 1409 tempore

246 1420 472 1485 diﬁ‘usns
490 1430 699 1497 aestivo,
722 1439 921 1486 terram
942 1417 1194 1502 stagnare
1213 1432 1493 1488 consuevit
1513 1429 1842 1502 Egyptiam.

246 1518 326 1573 Ita
350 1521 535 1576 mundi
562 1537 689 1592 pars
716 1523 1024 1580 habitabilis
1049 1524 1203 1594 aquis
1230 1532 1346 1580 tota
1374 1523 1580 1594 repleta
1609 1529 1710 1588 est,
1734 1539 1846 1579 non

247 1614 426 1668 minus
451 1604 702 1671 fluctibus
728 1616 993 1685 aequoreis
1011 1618 1387 1688 circumsepta,
1410 1632 1572 1688 quam
1597 1617 1845 1672 amnibus

248 1707 488 1774 i'rrigata,
521 1716 745 1778 propter
788 1707 1114 1765 ineﬁ‘abilem
1157 1710 1476 1781 sapientiam
1514 1707 1839 1775 Conditoris,

1952 513 2221 569 aethereus
2265 516 2445 571 omnia
2475 529 2595 585 quae
2625 517 2866 587 subjecta
2909 529 3033 576 sunt
3063 521 3435 590 conflagraret.
3463 521 3548 578 Si-

1953 605 2168 675 quidem
2198 609 2368 663 solem
2389 624 2606 680 quoque
2633 610 2893 678 videmus,
2918 622 3106 668 testate
3126 624 3317 683 stagna
3341 616 3545 670 leviora

1950 697 2270 753 brevissimo
2299 701 2559 769 temporis
2579 701 2756 771 spatio
2785 712 3011 772 repente
3033 704 3256 760 siccare.
3291 703 3391 760 Ubi
3415 721 3544 775 ergo

1950 794 2033 842 est
2055 802 2194 857 aqua
2242 788 2371 843 illa“!
2396 790 2780 847 Demonstrent
2808 794 2964 848 nobis
3000 795 3195 860 callidi,
3228 795 3445 850 dubium
3478 813 3544 852 ne

1949 878 2183 947 cuipiam
2211 887 2391 949 potest
2414 896 2535 937 esse
2564 884 2696 951 quin
2728 883 2941 940 fervore
2970 887 3099 941 solis
3122 903 3361 958 expensa
3392 889 3542 944 defe-

1948 966 2118 1022 cerit?
2137 966 2289 1023 Licet
2310 984 2410 1025 nec
2432 971 2665 1025 calidum
2693 974 2863 1028 solem
2893 975 3078 1030 dicant
3101 992 3240 1042 esse,
3272 988 3416 1032 tanta
3440 979 3543 1034 illis

1948 1056 2330 1126 suppeditatin
2358 1059 2628 1129 loquendo
2656 1062 2900 1118 facultas.
2933 1063 2998 1118 Et
3045 1066 3387 1122 considerate
3432 1084 3542 1137 quo

1945 1144 2070 1201 freti
2113 1147 2458 1212 documento,
2507 1151 2667 1206 rebus
2713 1152 3126 1209 evidentissimis
3165 1155 3537 1213 adversantur.

1947 1236 2231 1306 Quoniam,
2257 1239 2521 1307 inquiunt,
2552 1243 2811 1299 candidus
2838 1242 2865 1280 ει
2894 1244 3047 1299 color
3068 1244 3184 1312 ejus
3208 1255 3309 1310 est,
3341 1256 3397 1301 et
3425 1264 3531 1303 non

1946 1328 2163 1395 rubens,
2221 1337 2315 1383 aut
2363 1330 2623 1399 puniceus
2665 1333 2917 1398 habetur,
2950 1335 3020 1391 ob
3047 1333 3155 1388 hoc
3185 1350 3291 1391 non
3324 1336 3539 1405 igneum

1945 1420 2114 1475 solem
2162 1434 2281 1476 esse
2327 1422 2678 1476 contendunt.
2709 1423 3197 1483 Calorem’autcm
3246 1425 3428 1481 ferunt
3470 1444 3537 1483 ex

1949 1524 1973 1551 υ
1986 1513 2266 1582 asperiore
2287 1512 2403 1582 ejus
2414 1513 2868 1571 circumversione
2889 1519 3207 1586 procedere,
3225 1519 3327 1574 hoc
3346 1520 3536 1576 videli-

1943 1612 2031 1660 cet
2051 1612 2509 1673 argumentantcs,
2534 1612 2591 1660 ut
2613 1614 2859 1661 asserant
2878 1607 3049 1663 solem
3074 1610 3205 1663 nihil
3232 1612 3539 1682 expendere

1943 1694 2010 1750 de
2037 1694 2286 1751 humore.
2319 1694 2428 1751 Sed
2448 1711 2570 1766 ego,
2601 1698 2813 1753 etiamsi
2840 1715 2947 1754 non
2972 1716 3158 1755 verum
3182 1701 3253 1756 sit
3272 1704 3415 1770 quod
3440 1704 3537 1758 ob-

248 1795 343 1863 qui
369 1798 797 1865 repugnatricem
826 1797 994 1854 calori
1022 1806 1292 1867 naturam,
1323 1807 1381 1853 ut
1406 1807 1549 1855 esset
1576 1797 1845 1855 sufﬁciens

1970 1786 2141 1855 icitur,
2192 1804 2302 1844 non
2333 1787 2579 1846 refutabo
2599 1805 2927 1859 sermonem,
2952 1801 3142 1864 utpote
3174 1795 3302 1849 mihi
3333 1798 3536 1867 astipu-

249 1884 538 1939 ordina'vit.
571 1882 688 1942 Erit
715 1895 894 1943 autem
926 1897 1136 1959 tempus
1162 1904 1270 1959 quo
1300 1889 1436 1958 ignis
1457 1898 1651 1945 cuncta
1675 1897 1846 1945 torre-

259 1974 357 2039 bit,
390 1983 447 2030 ut
475 1982 704 2032 testatur
730 1978 916 2045 Isaias,
941 1980 1169 2051 loquens
1195 1981 1263 2036 ad
1291 1983 1532 2037 omnium
1558 1982 1844 2041 Dominum

251 2063 450 2120 Deum:
469 2064 571 2131 Qui
595 2069 722 2123 dicit
742 2070 927 2141 abysso
943 2088 960 2125 :
976 2070 1343 2143 Dissipaberis,
1359 2083 1408 2128 et
1431 2075 1607 2128 omnia
1627 2074 1846 2142 ﬂumina

254 2167 345 2212 tua
375 2161 578 2217 siccabo
610 2161 766 2232 (Isai.
797 2180 939 2228 xuv,
971 2164 1083 2235 2'7).
1118 2165 1380 2235 Despeeta
1412 2181 1540 2234 ergo
1583 2166 1846 2236 sapientia

249 2252 517 2317 saeculari,
548 2254 729 2323 recipe
757 2271 861 2309 una
891 2255 1172 2309 nobiscum
1192 2256 1559 2324 magisterium
1582 2258 1844 2323 veritatis,

248 2341 412 2395 nullis
440 2342 654 2411 quidem
683 2344 943 2398 facundiae
971 2345 1208 2415 phaleris
1234 2355 1577 2414 exornatum,
1609 2348 1848 2403 scientiae

249 2446 386 2486 vero
416 2433 626 2488 ratione
660 2435 1020 2504 potissimum.

326 2519 377 2571 7.
409 2518 704 2590 Propterea
737 2540 750 2576 :
782 2522 908 2577 Fiat
946 2526 1330 2595 ﬁrmamentum
1370 2529 1425 2583 in
1467 2530 1637 2585 medio
1679 2548 1844 2604 aqum,

249 2618 300 2665 et
328 2611 397 2664 sit
425 2611 657 2666 dividens
696 2614 833 2671 inter
860 2632 1050 2686 aquam
1090 2626 1140 2670 et
1183 2634 1390 2689 aquam.
1443 2618 1685 2675 Diximus
1720 2621 1844 2690 quid

250 2699 521 2768 significat
548 2703 840 2772 appellatio
867 2691 1189 2761 firmamenti
1226 2724 1238 2759 :
1274 2707 1329 2761 id
1364 2717 1467 2773 est,
1509 2725 1617 2762 non
1657 2709 1846 2763 duram

252 2790 554 2860 fortemque
579 2801 847 2860 naturam,
870 2810 989 2863 quae
1019 2794 1292 2851 fulcimine
1313 2798 1492 2867 aliquo
1514 2806 1849 2853 sustentatur

252 2890 309 2937 et
329 2882 586 2951 pondere.
609 2883 741 2938 Nam
771 2886 940 2940 multo
963 2889 1215 2957 proprius
1236 2888 1501 2956 ejusmodi
1526 2891 1846 2945 vocabulum

253 2979 397 3026 terra
418 2974 719 3039 meruisset,
746 2975 843 3030 sed
864 2986 1087 3046 propter
1110 2977 1462 3033 substantiam
1485 2981 1844 3050 superiorum,

253 3078 374 3131 qua:
396 3063 606 3119 subtilis
633 3071 689 3119 et
712 3081 832 3119 rara
860 3075 963 3134 est,
994 3066 1252 3137 nulloque
1286 3083 1449 3125 sensu
1489 3070 1837 3140 comprehen-

253 3151 426 3213 sibilis
466 3152 711 3222 habetur,
743 3152 1138 3211 ﬁrmamentum
1182 3160 1530 3227 nuncupavit,
1562 3174 1845 3229 compara-
1871 3146 1919 3210 C

255 3242 404 3297 tione
431 3243 636 3298 scilicet
665 3259 954 3314 corporum
980 3246 1266 3313 leviorum,
1295 3262 1415 3317 qua:
1445 3265 1545 3304 nec
1574 3250 1712 3315 visu,
1749 3266 1853 3305 nec

255 3337 404 3385 tactu
425 3331 661 3387 valemus
688 3334 974 3403 attingere.
994 3333 1062 3390 Et
1082 3337 1240 3391 simul
1262 3337 1437 3406 cogita
1464 3338 1641 3393 locum
1662 3354 1852 3408 quem-

255 3420 404 3483 dam,
435 3422 527 3491 qui
554 3421 812 3477 discernit
849 3424 1157 3496 humorem,
1197 3426 1350 3496 cnjus
1390 3433 1601 3499 partem
1642 3430 1852 3485 tenuio—

256 3525 375 3565 rem
402 3512 650 3580 supernis
676 3514 998 3571 stationibus
1031 3515 1330 3588 deputavit,
1372 3521 1693 3576 crassiorem
1720 3537 1851 3577 vero

254 3600 614 3673 limosamque
650 3604 991 3662 inferioribus
1036 3607 1346 3677 destinavit,
1390 3620 1450 3666 nt
1492 3612 1584 3667 illa
1622 3628 1743 3681 qua:
1784 3628 1851 3667 ex

255 3690 413 3763 initio
433 3689 574 3748 facta
602 3703 685 3749 est
705 3699 1024 3767 temperatio
1045 3711 1408 3770 permaneret,
1438 3718 1700 3773 aquarum
1721 3720 1853 3775 pau-

256 3779 408 3834 latim
437 3780 464 3819 δ
494 3783 791 3842 minutione
819 3787 1082 3845 confecta.
1117 3790 1224 3848 Sed
1267 3802 1320 3848 tu
1366 3796 1585 3865 quidem
1628 3796 1853 3866 liquoris

256 3870 596 3941 amplitudini
642 3890 753 3930 non
798 3876 1078 3948 discredis,
1126 3883 1195 3938 ad
1228 3885 1365 3953 ignis
1394 3895 1576 3942 autem
1597 3889 1709 3943 vim
1740 3904 1849 3943 non

257 3969 550 4031 respectas,
598 3967 689 4033 qui
715 3966 841 4023 licet
869 3971 1094 4039 exiguus
1122 3973 1383 4031 habeatur
1423 3977 1476 4031 in
1504 3977 1640 4043 visu,
1667 3980 1851 4034 multi-

259 4049 505 4105 tudinem
552 4060 736 4110 tamen
783 4072 1043 4127 aquarum
1069 4064 1217 4119 valet
1263 4067 1588 4136 expendere.
1627 4068 1853 4140 Semper

257 4141 405 4195 enim
446 4143 609 4198 trahit
656 4145 725 4200 ad
750 4162 810 4202 se
837 4150 1106 4219 subjectas
1134 4154 1319 4221 nudas,
1346 4156 1399 4210 in
1428 4159 1649 4213 modum
1677 4159 1850 4214 medi-

257 4235 480 4289 catoriaa
519 4238 841 4307 cucurbitas;
882 4241 1146 4315 facileque
1186 4249 1455 4304 consumit
1482 4265 1575 4308 eas
1603 4252 1851 4322 exemplo

257 4323 480 4382 luminis
524 4327 843 4397 lueernalis,
890 4333 1037 4403 quod
1083 4351 1182 4406 per
1206 4348 1229 4376 ο
1253 4341 1553 4410 appositam
1602 4350 1851 4413 stuppam

258 4415 504 4471 lambens
526 4418 705 4474 oleum
725 4436 854 4477 mox
875 4425 1100 4493 peredit.
1129 4426 1324 4485 Ether
1344 4439 1524 4486 autem
1546 4434 1668 4501 quis
1695 4435 1852 4490 dubi-

1978 1879 2198 1936 lantem.
2267 1880 2551 1936 Dicebatur
2590 1884 2733 1937 enim
2777 1892 3000 1955 propter
3047 1887 3182 1953 ignis
3227 1887 3543 1940 edacitatem

1979 1983 2236 2039 aquarum
2256 1973 2613 2027 necessariam
2634 1988 2755 2028 esse
2773 1975 3167 2030 multitudinem
3187 1994 3200 2029 :
3226 1977 3356 2031 nihil
3373 1987 3547 2031 tamen

1978 2058 2200 2117 interest
2228 2069 2405 2115 utrum
2434 2063 2688 2117 naturalis
2712 2064 2781 2119 sit
2809 2080 2876 2119 an
2907 2066 3161 2134 quaesitus
3190 2067 3370 2133 ardor,
3394 2068 3550 2122 dum-

1977 2150 2141 2205 modo
2169 2152 2310 2207 circa
2354 2146 2595 2207 eamdem
2637 2156 2919 2209 materiam
2965 2158 3165 2212 similes
3204 2173 3359 2212 casus
3393 2175 3550 2214 exer-

1980 2249 2117 2308 ceat,
2146 2242 2196 2295 id
2225 2250 2337 2307 est,
2373 2244 2485 2297 sive
2514 2260 2634 2298 cum
2664 2245 2804 2299 inter
2831 2262 2888 2300 se
2928 2246 3069 2314 ligna
3100 2248 3370 2314 fricantur,
3403 2249 3551 2303 llam-

1978 2347 2067 2386 ma
2094 2334 2396 2402 consurgit,
2425 2335 2538 2388 sive
2569 2344 2761 2405 sponte
2789 2352 3074 2391 succensus
3106 2340 3257 2407 ignis,
3290 2356 3405 2407 qua:
3434 2340 3549 2395 fue-

1980 2423 2087 2478 rint
2115 2422 2307 2491 injecta
2338 2427 2764 2494 consumpserit,
2810 2444 2945 2482 unus
2981 2430 3181 2484 scilicet
3219 2439 3378 2498 atque
3408 2432 3548 2486 idem

1981 2512 2154 2566 exitus
2179 2513 2245 2566 ab
2276 2523 2501 2582 utroque
2528 2516 2789 2584 procedit.
2818 2516 2885 2571 Et
2916 2527 3060 2573 certe
3087 2518 3340 2574 videmus
3363 2524 3546 2574 molie-

1980 2605 2230 2659 ratrieem
2255 2607 2567 2675 sapientiam
2591 2609 2705 2675 Dei,
2729 2611 2896 2665 solem
2920 2612 2971 2665 in
2994 2612 3125 2666 alias
3147 2622 3322 2681 partes
3343 2630 3409 2666 ex
3429 2614 3548 2668 aliis

1982 2704 2448 2762 transponentem,
2480 2706 2537 2751 ut
2564 2713 2670 2753 non
2698 2715 2912 2769 semper
2938 2701 2989 2754 in
3020 2701 3218 2755 eisdem
3246 2717 3548 2755 commora-

1981 2789 2069 2837 tus
2096 2781 2251 2847 locis,
2278 2781 2503 2841 fervoris
2541 2787 2797 2842 aviditate
2835 2789 3161 2843 mundanum
3199 2789 3549 2860 depopuletur

1980 2881 2247 2926 ornatum.
2280 2873 2386 2929 Sed
2415 2891 2553 2930 nunc
2581 2893 2703 2931 eum
2733 2877 2800 2931 ad
2831 2876 3133 2933 Australem
3157 2888 3373 2946 Zonam,
3406 2897 3548 2935 nunc

1980 2962 2048 3016 ad
2079 2961 2229 3031 signa
2257 2966 2552 3019 solstitialia
2587 2982 2686 3035 pro
2716 2976 3014 3037 temporum
3044 2970 3339 3024 mutatione
3369 2972 3549 3026 tradu-

1979 3052 2089 3119 cit,
2130 3062 2291 3124 atque
2329 3054 2450 3109 inde
2495 3056 2550 3109 in
2595 3064 2833 3112 arctoam
2879 3060 3153 3127 regionem
3178 3062 3464 3128 convertit,
3494 3071 3549 3116 ut

1979 3144 2234 3213 paulatim
2272 3159 2371 3213 per
2408 3144 2615 3200 diversa
2656 3149 3012 3216 commigrans
3040 3152 3267 3205 terrenis
3295 3150 3549 3206 fructibus

1981 3241 2405 3301 temperamenta
2440 3236 2721 3289 custodiat.
2772 3237 3000 3292 Videant
3029 3248 3204 3295 tamen
3240 3243 3283 3295 si
3313 3258 3420 3296 non
3450 3243 3548 3312 ipsi

1981 3320 2083 3375 sibi
2110 3323 2402 3390 probantur
2429 3325 2692 3378 obsistere
2709 3365 2723 3390 ,
2755 3341 2875 3379 enm
2905 3343 3053 3383 mare
3081 3328 3201 3385 ideo
3231 3332 3549 3386 confirmant

1983 3410 2326 3466 incrementis
2353 3411 2653 3468 ﬂuvialibus
2679 3431 2785 3469 non
2816 3418 3025 3485 augeri,
3066 3422 3190 3488 quia
3219 3423 3399 3477 calore
3422 3424 3549 3477 solis

1984 3501 2316 3568 absorbetur,
2358 3503 2501 3557 unde
2546 3505 2708 3559 etiam
2751 3507 2891 3560 salsa
2937 3515 2993 3561 et
3034 3524 3215 3564 amara
3262 3511 3377 3580 ejus
3414 3527 3549 3580 aqua

1984 3593 2274 3663 perﬁcitur,
2312 3602 2369 3647 nt
2397 3602 2523 3664 pote
2568 3610 2686 3663 quae
2712 3612 2957 3665 saporem
2987 3600 3212 3668 propriae
3236 3600 3547 3667 dulcedinis,

1988 3683 2011 3724 ί
2040 3691 2195 3755 raptu
2222 3683 2445 3739 fervoris
2472 3686 2667 3739 amittit
2694 3695 2749 3740 et
2776 3686 2865 3740 ubi
2905 3686 3160 3742 leviorem
3188 3688 3403 3757 quidem
3427 3705 3550 3759 par-

1987 3782 2096 3830 tem
2121 3789 2302 3829 secum
2329 3775 2534 3842 aufert,
2558 3776 2854 3843 graviorem
2874 3792 3005 3831 vero
3034 3787 3088 3833 et
3114 3778 3372 3843 limosum,
3410 3780 3551 3834 velut

1985 3863 2169 3919 fzecem
2197 3864 2428 3934 aliquam
2464 3864 2550 3919 hie
2576 3865 2842 3935 relinquit.
2883 3864 2990 3921 Sed
3016 3868 3109 3936 qui
3136 3869 3202 3925 de
3230 3870 3362 3923 mari
3392 3871 3550 3924 modo

1985 3956 2112 4010 talia
2140 3955 2488 4024 disserebant,
2521 3972 2728 4013 rursmn
2756 3958 2944 4012 mutati
2970 3960 3172 4014 nullam
3199 3959 3551 4017 defectionem

1952 4058 2068 4113 ﬁeri
2097 4059 2321 4127 liquoris
2341 4074 2371 4113 a
2394 4060 2509 4115 sole
2527 4059 2895 4130 promuntiaut.

2023 4148 2074 4202 8.
2119 4148 2188 4201 Et
2232 4151 2426 4203 vocavit
2473 4148 2612 4202 Deus
2656 4150 3037 4219 [trnmmmlmu
3081 4151 3287 4208 calum.
3320 4150 3545 4223 Proprie

1951 4244 2167 4314 quidem
2215 4242 2358 4297 aliud
2399 4243 2473 4297 illi
2521 4242 2851 4298 conveniens
2894 4243 3068 4299 fuerat
3097 4259 3311 4300 notncu.
3332 4244 3544 4301 Scimus

1956 4345 2138 4390 tamen
2167 4332 2459 4403 saapissime
2486 4332 2685 4388 coelum
2736 4332 2841 4388 dici
2893 4334 3067 4388 locum
3097 4335 3323 4404 spissum
3345 4335 3545 4391 densa-

1954 4435 2175 4497 tumque
2194 4424 2334 4478 aeris
2359 4422 2511 4477 istius
2532 4422 2709 4492 palam
2739 4423 2937 4479 nostris
2962 4425 3237 4480 obtutibus
3260 4441 3547 4481 occurren-

260 4514 344 4560 tet
370 4504 674 4563 ﬂammeum
705 4527 824 4568 esse
851 4522 1015 4584 atque
1042 4518 1344 4574 tori-idum?
1377 4519 1531 4586 Quod
1553 4523 1655 4577 nisi
1677 4532 1850 4580 statu-
1877 4511 1931 4571 D
1956 4525 2081 4571 tem.
2114 4514 2320 4569 Caelum
2350 4521 2528 4567 autem
2550 4528 2580 4567 a
2600 4513 2873 4569 cernendo
2902 4516 3107 4583 vocari,
3130 4516 3276 4585 quod
3307 4532 3373 4571 ex
3397 4515 3546 4571 Gne-

260 4598 334 4651 tis
381 4597 483 4652 sibi
524 4614 557 4653 a
603 4599 863 4660 Creatore
901 4605 1095 4665 ﬁnibus
1122 4609 1442 4679 frenaretur,
1476 4610 1630 4669 facile
1659 4624 1853 4672 cuneta

259 4697 606 4744 consumeret
632 4708 644 4743 :
676 4707 797 4762 qua:
821 4710 910 4751 res
952 4699 1203 4767 prohibet
1230 4709 1288 4756 nt
1327 4718 1438 4757 non
1488 4711 1635 4760 totus
1660 4706 1856 4762 humor

259 4778 358 4845 qui
404 4778 566 4835 rebus
591 4780 819 4841 diversis
863 4786 1096 4844 insertus
1141 4803 1225 4845 est
1256 4793 1437 4848 calore
1477 4795 1606 4850 solis
1632 4809 1853 4853 voratus

261 4883 555 4928 aresceret.
580 4870 661 4928 Ob
690 4875 794 4931 hoc
817 4879 1052 4934 caelestis
1072 4880 1212 4936 facta
1241 4890 1326 4937 est
1354 4898 1492 4952 aqua
1523 4885 1644 4941 loco
1689 4903 1852 4957 supe-

260 4963 410 5017 riore
455 4964 702 5041 collecta,
750 4982 909 5038 quam
950 4970 1194 5041 paludes,
1244 4980 1299 5027 et
1323 4972 1492 5043 fluvii,
1524 4976 1853 5047 pelagusque

338 5162 362 5188 ι
405 5151 547 5207 Editi
576 5161 633 5208 et
659 5169 813 5231 ms_s_.,
841 5155 898 5208 id
927 5163 1021 5217 est,
1061 5154 1227 5231 Inger
1261 5164 1313 5231 et
1343 5152 1718 5231 Nisu_s,_male.
1738 5155 1857 5231 Quo

262 5224 387 5278 loco
416 5238 623 5277 errasse
669 5224 904 5279 arbitror
942 5240 1047 5279 non
1094 5224 1359 5289 librarios,
1395 5225 1487 5278 sed
1517 5224 1855 5281 Eustathinm

263 5296 461 5362 ipsum,
497 5294 589 5366 qui
618 5308 738 5347 eum
769 5295 821 5366 in
849 5294 1147 5366 exemplari
1177 5293 1364 5348 Grznco
1397 5294 1475 5350 ὅτε
1508 5299 1665 5366 ᾼίγὼν
1704 5298 1856 5350 inve-

265 5367 455 5417 nisset.
484 5364 973 5437 ineptesyllabam
1002 5385 1054 5420 τε
1083 5366 1205 5437 v_oci
1233 5369 1391 5437 Λῖγών
1419 5364 1719 5433 conjunxit,
1745 5368 1852 5437 sie-

262 5446 373 5502 que
396 5448 461 5484 ex
477 5433 563 5505 llis
586 5433 791 5505 duabus
810 5435 1032 5489 vocibus
1053 5434 1228 5505 elfecit
1251 5433 1430 5497 unam,
1448 5441 1656 5505 Τεαιγὼι
1673 5477 1687 5502 ,
1715 5436 1854 5489 unde

265 5515 378 5625 ιᾶρη
421 5502 611 5555 mirum
657 5502 703 5555 si
740 5502 798 5557 id
836 5518 1032 5559 nomen
1077 5502 1264 5557 Latine
1304 5505 1553 5571 reddens,
1573 5502 1856 5576 scripserit

317 5585 463 5625 anes.

317 5585 463 5637 ages.

343 5637 374 5715 ft
405 5639 587 5715 Nostri
608 5651 717 5698 tres
737 5659 885 5707 mss.,
909 5646 1228 5715 adiunctione
1247 5645 1498 5715 confecta.

338 5711 361 5739 ‘
399 5708 565 5775 Editi,
595 5716 901 5782 oppositam.
930 5712 1077 5770 Libri
1100 5723 1326 5781 veteres,
1349 5708 1673 5785 appositam.

1957 4622 2140 4662 eorum
2185 4605 2376 4660 melius
2428 4605 2756 4676 etymologia
2806 4606 3125 4676 colligimus,
3155 4607 3300 4677 quod
3334 4610 3546 4684 οὐρανόν

1958 4696 2252 4768 appellant,
2281 4698 2383 4752 ἀπὸ
2403 4703 2494 4752 τοῦ
2520 4694 2759 4771 ὁρᾶσθαι,
2783 4698 2922 4752 sicut
2964 4698 3094 4753 dicit
3122 4698 3423 4769 Scriptura,
3454 4718 3545 4756 vo-

1958 4789 2128 4844 latilia
2173 4788 2285 4842 creti
2316 4787 2488 4858 (Psal.
2521 4803 2631 4851 Vill,
2664 4787 2752 4856 9);
2793 4795 2847 4842 et
2876 4787 3036 4853 alibi,
3077 4790 3311 4844 volatilia
3359 4807 3545 4847 secun-

1959 4884 2081 4935 dum
2105 4882 2489 4952 ﬁrmamentum
2510 4878 2622 4933 caeli
2653 4876 2807 4947 (Gen.
2840 4894 2877 4943 ι,
2907 4876 3022 4949 20).
3056 4878 3187 4935 Tale
3212 4889 3295 4936 est
3322 4890 3377 4937 et
3404 4883 3547 4951 quod

1958 4975 2154 5034 dicitur
2186 4992 2198 5027 :
2229 4971 2526 5027 Asceudunt
2556 4986 2715 5040 usque
2741 4969 2812 5024 ad
2846 4970 3026 5026 malum
3075 4971 3246 5044 (Psal.
3293 4990 3399 5043 ενι,
3429 4972 3544 5046 26).
3636 4960 3649 4966 ’

2032 5153 2059 5190 ά
2089 5149 2311 5219 Antiqui
2351 5149 2458 5222 duo
2508 5147 2628 5201 libri
2654 5156 2708 5203 et
2736 5147 2893 5211 editi,
2928 5150 3071 5205 calor
3098 5168 3227 5222 ejus.
3278 5151 3431 5208 Colb.
3463 5167 3548 5208 se~

1960 5222 2189 5294 eundus,
2216 5218 2380 5294 color.
2414 5218 2620 5294 Graece,
2637 5226 2748 5294 ﬁn
2771 5241 2810 5289 χ
2817 5222 2979 5294 ρρίαν.

2035 5303 2057 5331 θ
2090 5292 2245 5353 Editi,
2291 5306 2354 5344 ea:
2399 5289 2649 5357 asperiori
2695 5289 3280 5358 ejus'circumcursione.
3330 5290 3548 5358 Antiqui

1958 5364 2065 5418 dno
2096 5363 2236 5426 libri,
2279 5376 2343 5413 ea:
2371 5359 2792 5431 asperiore_ejus
2840 5361 3304 5416 circumversione:
3352 5361 3549 5431 quibus

1958 5434 2137 5488 verbis
2165 5428 2475 5485 Eustathius
2518 5428 2823 5496 exprimere
2855 5431 3022 5485 voluit
3053 5431 3369 5484 Basilianum
3394 5429 3544 5494 illud,

1958 5507 2012 5559 ἐκ
2040 5514 2131 5563 τῆς
2160 5504 2378 5572 ταχείεις
2409 5498 2535 5575 εἷνεει
2569 5510 2935 5575 περιστροφῆς.
2967 5500 3074 5555 Sed
3113 5502 3163 5555 in
3194 5500 3298 5556 hoc
3326 5500 3548 5566 erravit,

1964 5574 2226 5646 quodpt‘o
2254 5570 2474 5644 raxsia;
2484 5570 2694 5646 legerit
2713 5570 2984 5646 τραχείας.

2039 5644 2057 5682 ί
2088 5630 2249 5710 Editi,
2280 5630 2634 5710 νίξιοοςεοῖι).
2662 5630 2952 5708 secundm,
2981 5648 3150 5711 raptu.

2676 5807 2702 5820 μ

2420 5826 2423 5829 ν
2566 5812 2603 5823 κω,
2634 5812 2702 5830 μ’-
2829 5828 2833 5833 .

2190 5868 2199 5873 ν
2288 5850 2367 5871 ,λ
2428 5852 2431 5855 ·
2504 5855 2554 5868 .-α
2602 5860 2605 5863 λ
2836 5834 2898 5869 *δικ
