3964 6198
483 235 588 291 899
1923 239 2011 296 ΕΙ]

2121 238 2286 295 min
3022 192 3033 195 ⁷
3386 304 3393 311 ,
3595 258 3679 313 «κη

483 357 508 386 ⁸
538 347 605 404 Et
648 348 861 421 Moyses
909 350 1233 407 benedicens
1282 351 1478 405 tribum
1527 350 1749 421 Joseph,
1781 365 1848 404 ex
1875 350 2069 405 tinibus
2096 354 2148 413 Α
2173 348 2421 417 terjectio
2449 351 2741 421 separavit,
2779 352 3066 409 occasione
3105 354 3462 425 allegoriamm
3505 367 3554 414 et
3586 376 3684 418 seu.

480 439 625 507 coeli,
657 446 712 493 et
740 440 1036 495 mutatione
1058 440 1205 505 solis,
1227 448 1280 494 et
1302 440 1660 495 concursione
1700 439 1987 506 mensium,
2009 446 2067 494 et
2172 453 2262 494 sus
2283 439 2508 505 altioris,
2538 440 2800 511 quasdam
2821 443 2979 499 nobis
3006 442 3198 515 figuras
3216 445 3478 515 objiciunt,
3496 447 3688 507 dicentes

480 542 547 581 ex
570 529 772 583 vertice
799 529 1058 582 montium
1082 528 1511 584 benedictionem
1540 528 1634 583 dat
1665 527 1840 600 (Deut.
1866 544 2056 596 χχχιιι,
2168 530 2474 599 spirituales
2500 532 2954 603 ineorporeasque
2993 535 3234 604 virtutes,
3262 537 3559 593 mutabiliter
3580 538 3595 578 π
3620 541 3689 597 in-

479 617 568 688 13)
586 635 600 681 ;
619 626 678 672 ut
698 627 824 688 pote
845 619 1065 687 regione
1089 619 1295 674 telluris
1316 635 1494 674 rerum
1516 620 1702 676 talium
1714 620 1883 690 copiis
1904 619 2070 674 abun-
2169 620 2335 690 telligi
2359 621 2559 678 debere
2577 638 2676 693 pro
2696 625 2870 693 aquis,
2900 632 2958 681 et
2975 641 3185 682 sursum
3210 628 3417 698 quidem
3443 645 3580 702 super
3619 632 3691 689 fir-

478 708 661 762 ilante.
692 706 798 762 Sed
825 703 881 763 et
909 709 965 763 in
1007 708 1308 765 maledictis
1353 708 1563 765 lsrael:
1614 709 1718 775 Sit,
1750 708 1941 779 inquit,
1975 708 2066 762 tibi
2167 719 2496 766 mamentum
2549 714 2871 769 remansisse
2925 713 3217 783 digniores,
3270 718 3323 772 in
3372 718 3692 779 humilioribus

477 815 628 869 super
657 807 811 869 caput
832 799 1013 854 caelum
1034 816 1233 855 teneam
1263 800 1438 873 (Deut.
1465 817 1652 861 xxvm,
1684 799 1799 870 2'5),
1825 800 2065 855 indicans
2165 808 2348 856 autem
2371 800 2684 859 diversoriis
2721 812 2781 858 ut
2807 814 2938 874 pote
2985 808 3336 864 erassioribus
3380 819 3432 865 et
3478 815 3686 881 omuosis,

477 888 737 957 integram
758 890 1071 957 siccitatem,
1095 898 1256 961 atque
1278 891 1546 947 defectum
1567 891 1789 960 liquoris
1810 891 1952 945 aeris
1967 905 2065 960 per
2164 891 2357 946 noxias
2395 893 2720 948 constitisse.
2768 893 3066 966 Propterea
3109 897 3293 953 dicunt
3328 913 3416 953 eas
3433 915 3580 969 aquas
3594 917 3688 971 qua:

475 994 635 1048 quem
663 981 888 1035 terrenis
915 979 1174 1036 fructibus
1200 980 1501 1036 fecunditas
1531 989 1716 1051 optata
1759 987 2056 1051 prmstatur.
2162 996 2329 1052 super
2354 981 2523 1038 cmlos
2543 991 2688 1051 sunt,
2721 983 2943 1040 laudare
2969 984 3277 1051 Dominum,
3302 987 3356 1042 id
3381 997 3477 1053 est,
3499 990 3688 1059 optimas

475 1070 704 1135 Quando
726 1086 854 1142 ergo
874 1073 941 1128 de
960 1073 1098 1128 coelo
1118 1072 1249 1127 dicit
1287 1072 1459 1127 emitti
1496 1086 1672 1127 rorem
1692 1072 1776 1127 vel
1803 1071 2058 1141 pluviam,
2164 1071 2387 1127 virtutes
2410 1086 2528 1141 quae
2553 1072 2725 1141 dignae
2771 1082 2916 1141 sunt,
2947 1074 3017 1129 ob
3061 1090 3170 1130 sua:
3197 1078 3441 1132 meritum
3465 1081 3685 1148 puritatis,

475 1176 640 1229 aquas
686 1163 944 1232 intellige,
983 1178 1105 1234 qua:
1158 1165 1490 1233 superiorem
1523 1164 1893 1235 lenerexjussae
1936 1170 2063 1217 sunt
2160 1158 2476 1216 docentibus
2507 1162 2780 1217 celebrare
2807 1162 3053 1218 laudibus
3079 1163 3441 1221 Conditorem.
3470 1165 3563 1223 Eas
3586 1184 3687 1223 vero

475 1252 769 1321 regionem.
811 1252 1241 1323 Conglomeratis
1278 1256 1421 1311 enim
1451 1256 1739 1326 vaporibus
1782 1255 1845 1309 in
1866 1256 2056 1321 altum,
2160 1264 2279 1319 quae
2306 1253 2648 1308 continentur
2675 1252 2917 1321 inferius,
2945 1255 3166 1324 spiritus
3211 1272 3330 1312 esse
3356 1258 3603 1328 pravitatis
3622 1258 3685 1313 alo

474 1351 531 1398 et
558 1360 685 1400 acre
719 1353 1003 1401 ventorum
1050 1346 1262 1403 flatibus
1308 1346 1659 1412 condensato,
1690 1346 2059 1401 exhalationes
2158 1339 2375 1395 ﬁrmant
2403 1356 2470 1396 ex
2497 1342 2780 1397 altitudine
2824 1345 3057 1398 naturali
3097 1347 3150 1399 in
3179 1344 3493 1415 profundum
3514 1347 3687 1403 malitia:

472 1434 557 1489 ba:
586 1450 706 1505 quae
733 1435 1000 1491 subtiliter
1038 1438 1268 1492 nubibus
1318 1436 1645 1496 inseruntur,
1698 1449 1798 1505 per
1843 1443 2057 1490 mutuas
2156 1429 2462 1500 devolutos,
2492 1446 2628 1500 quos
2655 1439 2714 1485 ut
2733 1431 3002 1501 turbidos,
3046 1448 3110 1488 ac
3165 1433 3463 1499 seditiosos,
3492 1443 3542 1489 et
3562 1437 3688 1490 vitio-

471 1528 807 1583 accessiones
846 1537 1008 1598 gutue
1047 1528 1417 1598 perﬁciuntur,
1448 1541 1654 1595 suoque
1673 1526 1914 1597 pondere
1940 1526 2055 1581 col-
2157 1536 2274 1574 rum
2305 1521 2618 1575 tumultibus
2639 1519 2974 1588 fluctuantes,
2997 1537 3144 1577 mare
3173 1534 3393 1593 propter
3417 1524 3687 1579 varietatem

473 1618 584 1672 lisaa
613 1618 864 1673 deorsum
886 1620 1179 1689 pelluntur.
1212 1618 1338 1674 Haec
1367 1627 1450 1673 est
1477 1618 1724 1672 imbrium
1753 1618 2052 1687 generatio;
2156 1612 2240 1666 sui
2267 1612 2548 1682 propositi,
2571 1613 2717 1681 quod
2738 1620 2977 1667 mutatur
2997 1613 3232 1679 assidue,
3261 1613 3688 1683 nuncupatos.Sed

469 1724 592 1764 cum
619 1726 749 1766 vero
788 1709 949 1765 fuerit
997 1704 1341 1780 despumatus
1368 1710 1583 1775 humor,
1614 1706 1906 1765 ﬂabrorum
1934 1708 2054 1763 vio-
2083 1729 2131 1789 Β
2157 1718 2255 1758 nos
2281 1702 2585 1772 hujusmodi
2612 1717 2919 1768 sermones,
2951 1711 3013 1756 ut
3041 1703 3374 1758 somniorum
3401 1702 3689 1771 conjecturas

470 1799 632 1852 lentia
662 1814 1029 1869 repercussus,
1069 1816 1189 1855 cum
1219 1798 1420 1869 frigore
1447 1798 1816 1853 vehementius
1834 1797 2053 1854 indure-
2155 1803 2213 1849 et
2255 1794 2424 1849 aniles
2466 1792 2671 1848 fabulas
2723 1794 3055 1859 amittentes,
3102 1808 3300 1863 aquam
3357 1792 3687 1861 intelligamus,

469 1889 591 1954 scit,
619 1889 887 1943 concretis
910 1890 1138 1952 nebulis,
1172 1889 1264 1943 nix
1283 1889 1457 1958 gelata
1478 1886 1718 1943 defertur
1737 1887 1804 1941 ad
1834 1895 2048 1941 terram.
2155 1897 2349 1951 aquam
2377 1897 2495 1938 esse
2516 1897 2718 1951 veram,
2746 1883 3252 1953 separationemque
3279 1881 3595 1948 firmamenti,
3630 1892 3686 1937 ita

469 1977 538 2032 Et
566 1979 786 2034 omnino
817 1980 843 2017 ιι
874 1979 1172 2035 secundum
1200 1979 1465 2048 ejusmodi
1492 1978 1781 2047 rationem,
1810 1980 1937 2035 licet
1956 1978 2055 2034 tibi
2154 1977 2215 2024 ut
2241 1969 2515 2041 Scriptura
2536 1969 2718 2035 tradit,
2749 1970 3096 2039 accipiamus.
3125 1969 3194 2025 Et
3217 1970 3264 2025 si
3289 1970 3497 2040 quando
3515 1972 3687 2026 laudem

467 2084 682 2125 omnem
713 2084 974 2140 aquarum
1002 2078 1319 2141 exspectare
1347 2078 1614 2137 naturam,
1645 2068 1921 2141 quomodo
1944 2070 2053 2125 cir—
2153 2060 2423 2115 communi
2475 2060 2715 2115 omnium
2741 2058 2970 2115 Ποωίηο
3017 2075 3170 2129 aqua?
3225 2061 3466 2117 dicamur
3497 2060 3686 2125 οσειτθ.

467 2171 800 2211 enumerem
847 2158 939 2226 qui
985 2173 1148 2227 super
1187 2172 1287 2213 nos
1314 2165 1399 2213 est
1424 2164 1835 2227 congregantur.
1867 2156 2053 2214 Nullus
2152 2165 2261 2206 non
2300 2151 2369 2207 ob
2396 2152 2501 2206 hoc
2530 2159 2555 2198 Β
2584 2150 2911 2205 ωειίιιιαιιιιω
2953 2155 3078 2205 Sunt
3127 2150 3458 2207 rationabilis
3481 2166 3586 2206 esse
3609 2167 3685 2205 na-

466 2254 645 2300 tamen
688 2248 1139 2316 argumentationi
1179 2263 1365 2303 eorum
1388 2248 1479 2317 qui
1500 2247 1569 2302 de
1589 2247 1728 2303 cmlo
1755 2247 2050 2316 disputant,
2153 2248 2304 2295 tium.
2354 2239 2539 2309 Neque
2584 2239 2727 2294 enim
2780 2239 2906 2310 quia
2958 2240 3074 2294 caeli
3118 2250 3371 2295 enarrant
3388 2241 3591 2312 gloriam
3610 2239 3687 2293 Dei

466 2334 859 2406 simplicitatem
880 2337 1238 2408 spiritualium
1260 2348 1283 2376 ο
1306 2338 1435 2393 velit
1452 2335 1697 2393 conferre
1719 2352 2048 2392 sermonum.
2153 2331 2485 2402 (Psal.xvm,
2511 2331 2773 2401 2),modis
2811 2332 3060 2387 omnibus
3106 2332 3331 2387 animati
3356 2342 3489 2398 sunt,
3511 2348 3598 2387 nec
3617 2333 3687 2386 lir-

467 2426 735 2493 Quantum
762 2430 906 2484 enim
948 2436 1094 2484 recte
1140 2429 1433 2484 viventium
1479 2428 1765 2482 mulierum
1808 2427 2045 2497 pulchri-
2149 2429 2477 2476 mamentum
2506 2420 2756 2476 sensibile
2783 2421 2981 2475 animal
3010 2436 3131 2477 esse
3150 2423 3441 2492 putandum
3466 2431 3557 2485 est,
3585 2423 3686 2490 quia

465 2517 598 2573 tudo
636 2519 951 2574 meretricia:
980 2518 1299 2576 formositati
1323 2519 1686 2590 praeponitur,
1709 2526 1916 2573 tantum
1945 2532 2047 2571 no-
2147 2511 2381 2564 enuntiat
2420 2506 2687 2581 {acturam'
2711 2526 2954 2564 manuum
2983 2528 3218 2565 suarum.
3242 2510 3395 2579 Quod
3415 2512 3508 2565 etsi
3527 2512 3686 2566 dixerit

464 2616 576 2663 ster
592 2623 771 2662 sermo
798 2608 1039 2663 saeculari
1067 2610 1305 2664 noscitur
1329 2609 1580 2679 prmlatus
1606 2623 1727 2665 esse
1765 2609 2044 2665 doctrinae.
2148 2602 2433 2672 quispiam,
2482 2601 2649 2657 003105
2676 2598 2705 2638 ¹¹
2735 2602 2951 2672 quidem
2987 2604 3433 2673 contemplabiles
3475 2618 3579 2657 esse
3601 2603 3684 2656 vir«

464 2697 545 2753 llli
569 2699 711 2753 enim
754 2707 998 2754 coactam
1026 2700 1206 2754 verbis
1245 2700 1551 2755 suasionem
1601 2700 1748 2754 soliti
1800 2708 1926 2754 sunt
1968 2699 2049 2755 af-
2148 2699 2310 2758 ῑυιθε,
2340 2692 2734 2747 ﬁrmamentum
2763 2700 2945 2746 autem
2984 2690 3266 2749 ἷδεῑΐὶεθιιι
3298 2695 3391 2750 Dei
3413 2697 3684 2765 potentiam.

464 2789 635 2857 ferre;
667 2806 766 2845 nos
798 2797 979 2844 autem
1006 2790 1201 2843 nudam
1231 2788 1255 2826 ἀ
1286 2789 1506 2845 fallendi
1551 2790 1870 2861 proferimus
1905 2792 2047 2847 veri—
2145 2799 2453 2840 sermonem
2479 2783 2697 2854 (Illide
2736 2800 2835 2839 "08
2862 2784 3188 2854 huiusmOdi.
3221 2787 3463 2855 quamvis
3484 2787 3545 2840 Sil
3567 2800 3684 2840 00m-

463 2888 647 2935 tatem.
698 2879 808 2935 Sed
834 2878 966 2949 quid
994 2895 1128 2949 opus
1146 2888 1231 2934 est
1252 2895 1350 2934 nos
1377 2895 1721 2935 commovere
1748 2890 2042 2946 certamen,
2145 2876 2437 2940 meutitius,
2471 2885 2649 2929 tamen
2678 2890 2787 2929 non
2834 2884 3187 2945 aspernanter
3239 2877 3575 2941 admittimus,
3608 2874 3683 2929 sed

462 2970 676 3025 illorum
704 2968 984 3024 mendacia
1012 2969 1363 3038 repellentes,
1415 2983 1538 3023 cum
1592 2970 1858 3039 possimus
1911 2970 2044 3024 scri-
2143 2981 2331 3021 verum
2358 2966 2501 3021 hunc
2525 2980 2644 3020 esse
2683 2966 2986 3022 nullatenus
3012 2968 3302 3037 patiemur.
3329 2968 3457 3022 Nam
3483 2983 3571 3022 nec
3593 2982 3680 3027 ros.

460 3067 644 3128 pturas
691 3073 816 3113 suas
864 3058 1077 3112 sibimet
1103 3057 1460 3123 conferentes,
1492 3058 1607 3113 sine
1643 3066 1830 3113 nostro
1858 3058 2042 3115 labore
2068 3088 2116 3151 ο
2144 3063 2238 3110 aut
2280 3057 2493 3124 bruma,
2521 3056 2608 3111 vel
2651 3055 2837 3124 frigus,
2882 3065 2976 3111 aut
3018 3066 3199 3123 aestus,
3232 3059 3482 3127 quoniam
3500 3056 3684 3112 laudare

458 3150 673 3205 illorum
719 3157 1035 3218 exspectare
1062 3147 1402 3204 conflictum?
1448 3148 1550 3215 Qui
1595 3164 1696 3205 nec
1730 3150 2038 3218 eloquentia
2081 3147 2114 3151 “
2143 3148 2379 3203 omnium
2400 3152 2698 3203 creatorem
2709 3148 2983 3217 jubentur,
3009 3150 3162 3203 ut'ait
3188 3150 3206 3186 ι
3233 3150 3422 3205 Daniel
3451 3151 3582 3220 (Cap.
3604 3148 3681 3215 in),

459 3239 788 3309 differentes,
808 3254 911 3295 nec
937 3254 1161 3295 numero
1181 3240 1483 3310 pauciores,
1511 3255 1610 3295 nec
1633 3239 1897 3310 dignitate
1949 3242 2039 3296 de-
2137 3237 2403 3293 sensibilis
2430 3253 2549 3293 esse
2573 3238 2659 3293 vel
2680 3238 2959 3293 invisibilis
2986 3238 3335 3302 intelligenda
3357 3248 3536 3294 natura
3556 3244 3682 3300 sunt;

455 3331 705 3399 teriores,
732 3331 842 3385 suis
895 3329 1217 3385 adversariis
1260 3338 1644 3401 repugnantes,
1692 3347 1815 3386 cum
1858 3332 2038 3401 ignem
2136 3328 2234 3384 sed
2262 3329 2622 3384 consideratio
2651 3343 2840 3383 eorum
2864 3328 3159 3398 prudenter
3178 3344 3210 3382 a
3231 3344 3450 3384 sensum
3476 3325 3681 3382 babenti-

453 3422 634 3476 omnia
656 3430 863 3477 torrere
883 3422 1098 3491 penitus
1118 3436 1180 3476 ac
1199 3420 1460 3476 devorare
1488 3419 1827 3487 confirment,
1852 3438 2038 3478 rursus
2135 3421 2237 3476 bus
2276 3421 2661 3491 contemplata,
2715 3420 3164 3490 gloriﬁcationem
3198 3419 3411 3489 perficit
3432 3417 3680 3473 Creatoris.

449 3512 518 3567 de
538 3512 787 3567 recidivis
815 3512 1128 3577 seminibus,
1158 3527 1277 3581 qute
1308 3511 1445 3579 ignis
1472 3511 1824 3579 conflagratio
1877 3511 2036 3566 dere-
2136 3508 2252 3564 Non
2277 3511 2451 3585 solum
2472 3512 2617 3566 enim
2648 3525 2786 3579 aqua
2799 3525 2930 3581 qua:
2957 3525 3120 3580 super
3146 3510 3318 3565 omlos
3343 3517 3442 3575 est,
3470 3517 3681 3575 tauquam

449 3603 661 3673 linquit,
689 3618 878 3659 causas
899 3603 1321 3672 regenerationis
1340 3601 1614 3656 inducunt.
1639 3599 1795 3656 Unde
1820 3610 1844 3638 ο
1867 3601 2032 3656 etiam
2133 3598 2341 3654 caeteris
2384 3598 2593 3655 honore
2639 3600 2950 3669 praecellens
2976 3607 3200 3670 propter
3246 3600 3461 3654 insitam
3505 3596 3682 3651 sibimet

449 3692 681 3747 mundos
709 3690 1126 3746 innumerabiles
1154 3689 1521 3743 introducunt.
2133 3697 2492 3755 venustatem,
2540 3688 2757 3745 laudem
2778 3689 3039 3760 dependit
3058 3689 3319 3756 Domino;
3351 3691 3442 3745 sed
3466 3688 3592 3743 idem
3615 3685 3679 3738 fa-

516 3780 567 3833 9.
610 3779 719 3833 Sed
768 3779 844 3833 illi
886 3779 1162 3848 utriusque
1186 3775 1536 3846 professionis
1561 3775 1787 3831 veritate
1813 3777 2029 3847 privati,
2130 3794 2257 3835 cere
2284 3780 2445 3835 etiam
2475 3796 2594 3850 quas
2622 3782 2674 3835 iu
2704 3791 2849 3835 terra
2876 3788 3003 3835 sunt
3039 3781 3361 3847 invitantur,
3387 3780 3441 3834 id
3465 3788 3556 3843 est,
3582 3777 3683 3829 dra-

445 3868 569 3922 liine
619 3867 746 3921 inde
770 3882 870 3937 per
897 3868 1133 3935 inopiam
1181 3865 1415 3920 subsidia
1466 3864 1549 3919 sui
1597 3866 1796 3922 erroris
1841 3868 2029 3938 exqui-
2129 3886 2305 3938 coner,
2333 3878 2383 3924 et
2408 3887 2584 3924 omnes
2604 3870 2775 3941 abyssi
2800 3868 3206 3942 (Psal.cxr.vm,
3231 3871 3309 3940 7).
3341 3871 3417 3924 Ita
3446 3885 3537 3924 nec
3554 3868 3681 3935 alus-

443 3966 587 4012 runt.
621 3956 894 4026 Siquidem
925 3964 979 4010 et
1007 3954 1076 4010 de
1103 3956 1186 4011 bis
1211 3956 1365 4025 aquis
1395 3971 1530 4027 quas
1572 3955 1891 4013 firmamenti
1942 3959 2028 4013 in—
2129 3976 2238 4027 sus,
2268 3976 2430 4030 quam
2460 3961 2512 4014 in
2540 3960 2778 4031 pejorem
2805 3967 3017 4031 partem
3042 3967 3310 4015 conantur
3352 3961 3571 4029 abjiccre
3615 3956 3679 4007 fn-

2202 4176 2224 4216 Ῐ
2255 4177 2396 4233 Editi
2424 4187 2480 4233 et
2508 4177 2661 4233 Colb.
2691 4179 2925 4249 primus,
2947 4179 3253 4234 mirabiliter
3274 4179 3490 4249 intelligi
3528 4178 3680 4249 debere

2125 4264 2219 4317 pro
2250 4250 2422 4319 aquis,
2449 4260 2496 4301 et
2520 4265 2743 4302 rursum.
2770 4248 2972 4314 Quibus
3001 4249 3054 4302 in
3075 4249 3257 4303 verbis
3287 4250 3412 4319 illud
3443 4247 3680 4302 'mirabili-

2129 4326 2203 4370 ter
2222 4318 2414 4370 mirum
2447 4319 2496 4371 in
2528 4319 2743 4372 modum
2767 4321 3027 4373 absonum
3050 4327 3151 4385 est,
3184 4333 3358 4386 neque
3384 4318 3484 4371 hoc
3501 4331 3679 4371 rursum

2126 4387 2295 4455 magis
2316 4397 2398 4441 est
2424 4386 2709 4457 idoneum;
2739 4389 2865 4456 quia
2893 4396 3073 4457 tamen
3094 4387 3341 4441 librarios
3368 4387 3570 4457 decepit
3592 4400 3674 4437 no-

2124 4457 2328 4524 min-im
2376 4456 2685 4521 similitudo,
2718 4455 3117 4524 quodammodo
3157 4455 3509 4511 exeusandos’
3543 4463 3674 4524 puto.

2127 4523 2432 4592 Legendqu
2482 4526 2640 4593 igitur
2686 4522 2753 4579 ei
2783 4526 2901 4580 aliis
2929 4526 3137 4580 duobus
3166 4526 3455 4590 codicibus,
3486 4522 3679 4593 mutabi-

2048 4585 2101 4644 D
2123 4585 2332 4670 ζὶιὶντ...
2364 4585 2586 4670 ξανθιῖηι,
2619 4603 2724 4670 etc.
2757 4594 3325 4670 Gmce,.‘rP0ﬂtxé€...
3342 4585 3577 4670 ἔαῖἇινευτ
3607 4591 3679 4645 Li-

2122 4663 2331 4717 brarios
2351 4665 2393 4716 si
2422 4665 2691 4729 excusavi,
2718 4680 2824 4718 non
2846 4663 3103 4719 continuo
3129 4678 3327 4718 excuso
3341 4663 3669 4722 Eustatbimn,

514 4187 538 4214 ι
567 4176 729 4247 Editi,
759 4176 877 4247 quia
907 4174 1134 4245 Moyses.
1164 4172 1307 4228 Libri
1337 4181 1567 4247 veteres,
1597 4185 1645 4229 et
1674 4175 1902 4247 Moyses.

508 4246 537 4283 ι)
566 4245 706 4314 Editi
746 4253 801 4299 et
845 4246 951 4299 duo
999 4260 1150 4304 mss.,
1187 4245 1460 4298 secundum
1486 4246 1595 4314 ejus
1624 4245 2026 4299 moderationem

438 4317 633 4384 licebit.
656 4313 809 4369 Colb.
830 4314 1112 4376 secundus,
1146 4314 1425 4367 secundum
1471 4316 1724 4384 ejusmodi
1769 4318 2024 4368 rationem

436 4387 574 4439 licet.
598 4382 804 4449 Gnece,
832 4391 963 4439 κατὰ
992 4387 1080 4437 τὸν
1112 4385 1258 4454 αὐτὸν
1284 4384 1426 4454 λόγον
1454 4382 1641 4454 (Esau.

512 4466 534 4493 ε
574 4454 728 4508 Colb.
769 4454 1052 4516 secundus,
1084 4453 1217 4505 valet
1258 4450 1513 4522 conferre.
1559 4453 1846 4521 Aliquanto
1887 4450 2022 4506 infra

435 4523 585 4586 editi,
615 4524 901 4594 meretrij
925 4522 1256 4594 formositati.
1291 4521 1510 4590 Antiqui
1551 4522 1692 4586 libri,
1723 4523 2024 4577 meretricite

435 4597 784 4732 priuilegii;
805 4662 909 4715 duo
938 4661 1057 4732 libri
1087 4668 1141 4714 et
1162 4659 1324 4732 editi,
1352 4660 1546 4732 nudam
1567 4661 1792 4732 fallendi
1809 4663 2025 4732 proferi-

433 4749 565 4786 mus.
618 4730 770 4810 Colb.
823 4729 1111 4810 secundus,
1137 4731 1331 4810 nudam
1347 4729 1647 4810 fallentibus
1675 4729 2019 4810 progrintus;

432 4817 617 4871 quam,
645 4803 964 4871 scripturam
1009 4799 1212 4871 legenti
1239 4799 1385 4871 venit
1429 4800 1482 4871 in
1512 4799 2021 4871 ,mentemfortasse

432 4868 712 4940 scripsisse
733 4868 1087 4933 Eustathium,
1117 4869 1333 4940 fallendi
1353 4868 1570 4935 artibus,
1594 4870 1869 4924 librarium
1892 4884 2019 4940 vero

432 4956 501 4993 ex
548 4939 633 4993 his
678 4939 886 4994 duabus
941 4937 1162 4993 vocibus
1189 4939 1452 4994 conflasse
1481 4955 1660 5003 unam,
1694 4937 2011 5003 fallentibus.

433 5007 535 5064 Ubi
567 5009 840 5079 aliquanto
872 5014 992 5079 post
1013 5003 1228 5079 legitur,
1250 5016 1551 5079 exspectare
1575 5003 1874 5079 conﬂictum
1899 5024 1916 5061 :
1945 5008 2016 5063 ibi

432 5087 562 5149 puto
592 5078 838 5149 librarios
862 5077 1168 5142 otl'endisse,
1202 5078 1294 5148 qui
1321 5077 1418 5147 pro
1446 5088 1675 5147 spectare
1704 5078 2016 5147 scripserint

399 5206 407 5217 ,
431 5145 746 5218 exspeclare.
780 5145 988 5218 Graece,
1013 5149 1197 5218 θεατᾲς
1220 5145 1488 5207 anteire-6m;

392 5216 405 5276 ί
498 5216 534 5258 ε’
560 5216 694 5271 Editi
721 5223 776 5269 et
812 5216 917 5270 duo
942 5232 1066 5270 mss.
1097 5235 1109 5267 :
1141 5216 1289 5271 Unde
1316 5220 1471 5272 etiam
1497 5218 1551 5271 in
1579 5234 1754 5272 eorum
1776 5225 2014 5271 constru-

431 5289 598 5343 ctione
617 5287 891 5356 suffecerit,
916 5286 1152 5349 mundos,
1167 5295 1272 5342 etc.
1291 5288 1355 5341 At
1373 5286 1528 5342 Colb.
1543 5286 1841 5343 secundus:
1866 5284 2016 5356 Unde

431 5358 587 5411 etiam
616 5354 854 5418 mundos,
885 5365 989 5411 etc.
1018 5356 1155 5422 Quid
1184 5358 1238 5410 iu
1268 5358 1496 5425 vulgatis
1524 5356 1625 5411 sibi
1682 5357 1813 5410 velit
1861 5354 2013 5417 illud,

429 5428 484 5480 in
508 5444 682 5481 eorum
703 5427 1077 5481 constructione
1104 5426 1381 5495 suffecerit,
1427 5442 1533 5481 non
1562 5427 1693 5481 satis
1722 5425 1961 5491 intelligo
1995 5441 2007 5476 :

427 5509 605 5565 neque
634 5498 795 5565 etiam
824 5496 1054 5550 lectione
1082 5495 1251 5550 altera
1277 5495 1415 5551 bene
1443 5497 1816 5565 exprimuntur
1843 5494 2007 5547 verba

428 5561 641 5650 Grani:
657 5561 802 5649 :06“
821 5572 904 5620 καὶ
929 5569 1167 5644 ἀπείρους
1199 5568 1380 5640 φθορὰς
1396 5561 1593 5622 κόσμιον
1610 5571 1691 5622 καὶ
1711 5567 2008 5637 ualens-u-

430 5653 549 5695 σιας
578 5656 778 5707 tto-«you
786 5658 886 5691 σιν.

2124 4733 2233 4807 imo
2265 4748 2387 4787 eum
2416 4735 2652 4807 graviter
2680 4733 3040 4807 reprehendo,
3095 4735 3237 4801 quod
3290 4733 3420 4787 illud
3447 4739 3675 4807 reos-526»;

2123 4802 2304 4870 inepte
2358 4802 2581 4856 verterit
2626 4802 2961 4868 mumbiliter,
3019 4817 3141 4857 cum
3188 4811 3399 4857 vertere
3433 4802 3672 4857 debuisset

2121 4872 2332 4942 trapiee.
2358 4873 2461 4927 hoc
2487 4881 2569 4926 est
2593 4890 2683 4942 per
2711 4880 2885 4942 tropos
2910 4882 2968 4942 et
2980 4872 3276 4942 allegorias.

2120 5010 2156 5063 ά
2192 4939 2216 4987 8
2248 4940 2418 5003 Editi,
2451 4939 2757 4996 restituenda
2776 4939 2899 4995 siut.
2931 4939 3095 4995 Colb.‘
3114 4940 3395 5000 secundus.
3447 4940 3676 4994 (estimati-

2157 5025 2203 5063 αξ
2225 5020 2363 5063 sunt.

2157 5025 2203 5064 at
2225 5020 2363 5063 sunt.

2190 5076 2218 5115 ιι
2246 5079 2464 5149 Antiqui
2485 5079 2592 5149 duo
2612 5080 2735 5135 libri
2762 5089 2817 5135 et
2835 5080 2984 5144 editi,
3008 5080 3161 5134 caelos
3194 5078 3397 5149 quidem
3440 5095 3540 5133 non
3575 5092 3677 5149 con-

2119 5148 2443 5219 temptibiles.
2472 5148 2625 5219 Colb.
2660 5150 2944 5215 secundus,
2981 5150 3134 5204 cwlos
3157 5148 3357 5219 quidem
3382 5148 3676 5219 ςοηιειηριᾳο

2118 5214 2262 5295 biles,
2295 5219 2452 5272 bene.
2505 5218 2561 5272 In
2590 5218 2797 5285 Graeco,
2837 5214 3179 5295 _0rgapanxai;_._'
3395 5218 3547 5295 longe
3565 5214 3673 5295 Col-

2115 5287 2356 5410 beftinais
2401 5295 2645 5410 utterque,
2694 5283 2791 5344 nos
2827 5283 3195 5360 hujuscemodi.
3224 5285 3357 5341 illud
3383 5303 3475 5342 nos
3494 5283 3553 5340 in
3572 5283 3669 5337 vul«

2115 5370 2180 5410 ira
2208 5372 2253 5409 IS
2321 5371 2443 5410 cera
2474 5397 2486 5409 .

2115 5365 2253 5424 gatis
2282 5365 2486 5410 deerat.

2192 5424 2386 5497 ‘_Editi
2406 5434 2461 5480 et
2479 5425 2586 5483 duo
2605 5442 2761 5497 mss.,
2791 5445 2823 5482 a
2841 5426 3050 5492 Daniel,
3073 5427 3337 5482 sensibile:
3364 5441 3475 5480 esse
3500 5423 3571 5497 uel
3593 5422 3670 5475 ἔι-

2113 5495 2337 5575 uisibiles
2376 5496 2724 5570 intelligenda:
2748 5492 2964 5555 uatum
2991 5508 3130 5553 sunt.
3162 5498 3312 5555 Coll).
3342 5492 3599 5551 secundus
3618 5497 3667 5543 ut

2114 5572 2170 5618 in
2190 5572 2462 5621 contextu.
