3964 6178
253 280 351 339 90f

1267 282 1664 342 "EXAEMERI
1704 280 2183 336 ME'l.\i‘llRASiS
2225 280 2426 335 LIBER
2462 281 2549 336 iV.

3444 286 3552 341 902
3604 250 3609 255 ’

250 390 553 446 hrieatores
574 389 971 460 allegoriarum,
1006 390 1298 448 refutabilis
1317 392 1611 448 aestimatur
1639 410 1668 447 a
1702 391 1849 446 PSJI-
1877 397 1921 451 Α
1954 398 2148 454 matus,
2182 389 2473 459 impertiet.
2505 388 2615 444 Sed
2644 387 2731 443 hic
2758 388 2868 457 jam
2902 390 3142 444 narratio
3172 391 3432 446 matutina
3459 407 3551 447 see

256 483 422 535 niista
448 499 462 534 :
494 497 616 537 cum
642 492 698 536 et
722 483 835 552 ipsa
864 483 1159 539 secundum
1188 501 1341 539 suam
1363 486 1678 554 qualitatem
1708 484 1855 555 hym-

250 590 354 628 nos
384 575 642 644 potentize
669 572 979 631 Conditoris
1007 577 1225 631 emittit.

324 664 414 717 10.
459 663 527 717 Et
550 664 676 718 vidit
712 664 849 718 Deus
884 675 911 703 ει
936 668 1058 737 quia
1088 666 1277 720 bonum
1318 674 1397 721 est
1440 668 1847 737 ﬁrmamentum.

249 756 368 811 Non
403 757 683 811 oculorum
715 757 1038 826 probatione
1059 757 1195 812 dixit
1220 758 1440 812 bonum.
1473 756 1659 826 Neque
1702 738 1846 811 enim

245 858 571 917 corpoream
592 845 1011 902 delectationem
1034 854 1287 917 praestant
1315 847 1470 902 nobis
1493 862 1613 915 qua:
1642 846 1841 901 consti-

246 943 478 990 tuu‘ntu’r
518 950 550 990 a
576 927 711 1000 Deo,
744 951 845 991 nec
867 951 932 991 ea
977 937 1190 991 illorum
1211 936 1557 1007 percipienda
1602 936 1849 1006 voluptas

245 1034 334 1080 est
361 1042 485 1095 quae
511 1026 765 1082 videmur
787 1026 1024 1096 iocunda
1069 1026 1420 1092 mortalibus;
1471 1027 1565 1081 sed
1594 1026 1622 1064 δ
1644 1027 1847 1082 bonum

249 1116 390 1170 dixit
434 1131 573 1186 opus
616 1116 761 1185 quod
814 1117 946 1171 artis
972 1132 1083 1171 sua:
1132 1117 1341 1172 ratione
1387 1125 1665 1187 pensatur,
1694 1125 1752 1172 et
1779 1116 1851 1171 ad

259 1206 422 1262 ﬁnem
481 1206 671 1262 futurae
717 1208 1112 1264 commoditatis
1178 1209 1426 1264 intendit.
1480 1209 1672 1265 Merito
1719 1224 1849 1279 ergo

253 1308 276 1333 ι’
303 1298 524 1367 quidem
544 1298 597 1352 in
618 1298 881 1353 rationem
900 1298 1227 1367 gignentium
1246 1298 1578 1354 manifestam
1592 1316 1712 1355 esse
1734 1317 1853 1371 pro-

248 1390 468 1460 posuit;
501 1388 592 1443 illa
638 1404 759 1457 qua:
809 1389 1039 1444 subinde
1088 1406 1185 1459 per
1212 1398 1394 1460 partes
1424 1388 1450 1427 ἀ
1476 1391 1665 1445 effecta
1696 1400 1838 1457 sunt,

246 1479 451 1551 opiﬁco
465 1494 575 1533 suae
592 1479 804 1532 virtutis
818 1495 1066 1535 sermone
1087 1495 1430 1549 percurrens,
1448 1489 1507 1534 ut
1520 1490 1647 1551 pote
1665 1482 1848 1536 mundi

246 1569 709 1628 consummatoria
759 1570 1098 1624 collaudavit.
1144 1569 1276 1624 Nam
1320 1587 1511 1627 manus
1555 1580 1608 1627 et
1635 1574 1840 1639 oculus,

240 1668 557 1728 ceteraque
586 1659 825 1713 membra
864 1659 1134 1714 simulacri
1161 1661 1297 1714 aenei
1336 1663 1560 1731 sparsim
1603 1664 1842 1732 proiecta

1956 482 2144 536 cundte
2191 480 2297 536 diei
2343 482 2631 536 terminum
2661 482 2920 536 sortiatur
2947 500 2959 535 :
2986 490 3045 535 ut
3073 481 3410 539 auditoribus
3437 491 3553 538 stu-

1955 572 2120 628 diosis
2148 573 2391 628 inducias
2419 573 2774 642 praebeamus,
2796 588 2904 643 quo
2926 573 3067 628 inter
3087 588 3145 628 se
3165 573 3412 629 conferre
3431 589 3552 645 quae

1953 663 2095 718 dicta
2121 672 2265 727 sunt,
2317 663 2701 733 memoriaeque
2727 663 3010 729 beneficio,
3052 664 3107 718 in
3137 664 3341 719 intimis
3368 665 3549 720 cordi-

1952 756 2054 809 bus
2074 754 2142 809 ad
2171 755 2454 810 utititatem
2476 755 2752 824 propriam
2781 755 3017 811 retinere
3067 754 3087 793 τ
3119 763 3313 811 cuncta
3341 771 3542 825 procu-

1953 854 2093 911 rent,
2122 854 2181 902 et
2208 862 2309 901 usu
2344 845 2715 901 meditationis
2763 846 3012 914 assiduze,
3058 846 3317 901 doctrina:
3369 846 3551 902 cibum

1904 955 1913 964 ’
1953 935 2303 999 ruminantes,
2343 942 2460 1005 post
2500 935 2853 1003 digestionem
2894 936 3187 1000 salubrem,
3219 935 3421 990 residui
3448 935 3549 990 ﬂa-

1952 1027 2125 1095 gitent
2151 1026 2406 1081 alimenta
2436 1026 2721 1082 sermonis.
2756 1026 2847 1082 His
2874 1041 3005 1081 vero
3034 1027 3127 1096 qui
3156 1026 3372 1081 vivendi
3418 1042 3552 1082 cau-

1953 1133 2042 1172 sas
2088 1118 2334 1173 manibus
2389 1126 2651 1173 exercent
2678 1118 3069 1187 indulgentiam
3097 1119 3275 1174 medio
3307 1113 3554 1190 tempore

1953 1198 2279 1272 tribuamus;
2322 1216 2383 1262 ut
2428 1209 2713 1278 completis
2741 1209 2996 1279 operibus
3035 1210 3269 1264 animum
3299 1227 3551 1268 curarum

1951 1312 2095 1352 nexu
2122 1297 2377 1365 solutum,
2408 1314 2595 1354 rursus
2623 1299 2855 1369 dapibus
2880 1300 3171 1355 exhibeant
3200 1302 3543 1371 vespertinis.

1953 1387 2183 1453 Interea,
2213 1387 2492 1454 Dominus,
2526 1390 2617 1457 qui
2646 1398 2673 1436 ε
2703 1388 2989 1458 magniﬁca
3021 1389 3147 1444 fecit
3175 1405 3243 1445 ex
3270 1391 3461 1457 nihilo,
3485 1399 3542 1447 et

1951 1496 1980 1534 a
2007 1482 2162 1536 nobis
2192 1481 2306 1536 hzec
2334 1498 2498 1552 parva
2528 1483 2817 1537 verborum
2847 1481 3078 1553 proferri
3127 1484 3379 1539 libamina
3434 1485 3539 1540 dis-

1950 1573 2217 1641 pensavit,
2250 1571 2344 1627 det
2390 1574 2546 1628 vobis
2576 1574 2910 1629 intellectum
2950 1589 3061 1629 suae
3088 1576 3365 1641 veritatis;
3392 1583 3452 1630 ut
3474 1591 3543 1631 ex

1951 1663 2249 1718 visibilibus
2295 1664 2619 1719 invisibilem
2666 1665 2952 1734 reputetis,
3003 1674 3059 1719 et
3085 1680 3153 1719 ex
3173 1666 3545 1736 magnitudine

240 1749 388 1803 'I'lllili
416 1749 666 1804 videntur
693 1763 812 1804 esse
841 1749 1009 1815 bona;
1040 1766 1161 1804 cum
1205 1759 1386 1807 autem
1428 1753 1482 1806 in
1511 1768 1665 1807 suum
1694 1754 1842 1807 ordi-
1879 1762 1922 1820 Β
1949 1771 2013 1810 ae
2034 1756 2431 1825 pulchritudine
2454 1767 2746 1822 creatum,
2781 1756 2808 1792 ιι
2838 1756 3121 1827 decentem
3151 1758 3378 1827 gloriam
3400 1759 3545 1815 Con—

248 1855 379 1894 nem
409 1841 706 1910 composita
735 1839 1065 1907 redigantur,
1096 1842 1440 1912 speciemque
1468 1856 1717 1911 congrum
1740 1841 1846 1898 for-

238 1929 507 1984 mationis
529 1930 852 1999 acceperint,
876 1944 906 1983 a
927 1930 1165 1999 quolibet
1194 1932 1443 2005 imperito
1467 1930 1621 1987 facile
1642 1931 1843 1987 discer-

238 2029 471 2075 nuntur.
498 2020 568 2074 At
595 2036 723 2075 vero
748 2020 1139 2076 elementorum
1160 2022 1405 2089 Creator,
1429 2031 1486 2078 et
1512 2032 1637 2078 ante
1656 2025 1841 2093 singu-

245 2112 426 2165 lorum
454 2113 922 2180 compositionem,
956 2121 1180 2167 noverat
1208 2113 1467 2183 cujusque
1511 2117 1688 2185 operis
1735 2116 1837 2170 bo-

234 2217 375 2254 num
397 2219 410 2253 :
437 2202 751 2269 singulaque
764 2202 1099 2268 coltaudans,
1126 2204 1507 2272 cogitationem
1522 2222 1631 2260 suae
1648 2207 1843 2261 mentis

243 2292 310 2346 ad
340 2302 364 2330 ο
396 2290 634 2346 futurum
663 2293 866 2346 exitum
918 2292 1099 2361 dirigit
1127 2293 1502 2349 formatorem.
1536 2294 1682 2349 Talis
1712 2309 1842 2363 ergo

244 2398 394 2437 nunc
441 2397 657 2450 quoque
707 2382 900 2437 artifex
931 2384 1260 2451 singularum
1292 2386 1522 2455 partium
1560 2387 1718 2452 Deus,
1750 2403 1839 2442 as-

232 2480 426 2526 sertor
447 2479 503 2525 et
529 2471 878 2541 pnedicator;
912 2473 1008 2527 sed
1037 2473 1202 2542 paulo
1257 2483 1381 2544 post
1433 2478 1579 2530 omni
1640 2479 1842 2546 pariter

244 2561 473 2630 mundo,
505 2572 898 2634 competentein
928 2564 1159 2631 laudem,
1190 2580 1313 2621 cum
1371 2566 1532 2622 fuerit
1583 2585 1838 2625 consum-

320 2712 347 2740 ι
377 2702 547 2771 Editi,
588 2702 729 2774 quod
773 2701 964 2757 bonum
1004 2712 1101 2757 est.
1148 2703 1369 2772 Antiqui
1411 2710 1521 2760 tres
1550 2706 1691 2772 libri,
1719 2709 1841 2779 quia

238 2776 598 2915 b?:uknntisill.tli
622 2842 732 2915 duo
750 2842 895 2915 libri,
919 2844 1010 2915 sed
1030 2843 1217 2897 bonum
1236 2844 1367 2898 dixit
1380 2861 1538 2915 ppus,
1562 2845 1713 2913 quod,
1732 2855 1838 2900 etc.

246 2913 370 2969 Vox
398 2930 528 2982 Opus
560 2913 611 2965 in
634 2912 793 2982 editis
818 2912 1178 2968 desideratur.

324 2994 347 3022 α
379 2981 528 3058 Editi
558 2991 614 3037 et
657 2981 810 3058 C_olb.
843 2982 1065 3058 primus,
1090 2985 1275 3039 merito
1302 3001 1424 3058 ergo
1452 2985 1654 3055 quidem
1680 2987 1734 3040 in
1762 3003 1845 3039 ra-

240 3053 453 3125 tionem
478 3053 791 3123 gignentium
816 3054 1147 3123 manifestam
1173 3071 1286 3125 esse
1303 3053 1570 3125 proposuit
1600 3073 1618 3109 :
1649 3058 1840 3125 quibus

243 3137 317 3195 es
342 3120 672 3195 verbisjqua:
702 3129 823 3195 apta
847 3120 1114 3178 sententia
1159 3120 1314 3195 efﬁci
1328 3120 1502 3195 possit
1523 3141 1628 3180 non
1658 3120 1832 3180 video.
1865 3120 1908 3180 C

244 3191 423 3266 Alter
444 3190 623 3256 Colb.,
653 3191 835 3245 merito
865 3208 987 3266 ergo
1019 3210 1133 3265 qua:
1153 3190 1497 3266 destinatione
1518 3196 1842 3266 gignentium

246 3262 532 3331 manifesta
579 3278 691 3314 esse
718 3262 1001 3331 proposuit,
1031 3262 1143 3318 non
1170 3265 1383 3319 melius.
1415 3262 1599 3319 Codei
1634 3277 1838 3331 noster,

244 3329 434 3384 merito
479 3329 840 3406 ergo_quidem_
858 3332 911 3385 in
953 3335 1156 3406 ratione
1181 3335 1510 3406 gignentium
1564 3329 1843 3406 manifesta

244 3416 361 3454 esse
379 3399 678 3472 proposuit,-
701 3399 845 3472 quod
862 3416 1078 3472 quoque
1097 3399 1350 3472 vitiosum
1372 3418 1513 3466 esse,
1529 3399 1843 3472 negaturum

246 3476 384 3543 puto
396 3468 708 3543 neminem,
739 3468 838 3543 sed
864 3468 943 3543 sic
965 3468 1147 3543 tamen
1168 3479 1228 3543 ut
1256 3471 1413 3528 facile
1433 3468 1707 3529 emendari
1727 3490 1848 3543 pos-

243 3538 336 3592 Sit.
396 3538 570 3613 Igitur
608 3553 717 3613 pro
753 3540 958 3613 quidem
985 3541 1147 3613 velim
1191 3541 1338 3613 legas
1361 3542 1618 3613 quadam.
1653 3538 1843 3597 Hérito

242 3624 370 3679 ergo
418 3608 657 3698 quied‘am
699 3608 757 3659 in
802 3611 1005 3698 ratione
1040 3608 1383 3698 gignentium'
1411 3614 1693 3698 manifesta
1731 3629 1842 3667 esse

243 3676 540 3747 proposuit.
563 3676 769 3741 Grazce,
802 3680 1012 3734 ὀτοίνυν
1041 3676 1220 3757 ἶνᾶργῆ
1248 3684 1331 3736 τὸν
1360 3676 1677 3739 σκοπόν’τῶν
1697 3705 1840 3758 γενο-

247 3751 411 3798 ιιὲνων
432 3749 758 3798 ποοθέιιενος.

243 3768 411 3820 μενων
432 3768 758 3823 προυεμενος.

244 3885 261 3891 _
316 3812 347 3854 δ
372 3815 535 3891 Editi,
546 3817 733 3891 affecta
754 3826 894 3884 sunt.
916 3816 1062 3891 Libri
1074 3826 1307 3891 veteres,
1324 3822 1509 3891 eﬂ'ccta
1530 3833 1668 3877 sunt.
1689 3820 1841 3876 Haud

244 3885 409 3952 longe
452 3886 600 3956 editi,
630 3902 816 3942 manus
843 3895 891 3941 et
916 3889 1111 3942 oculos.
1144 3885 1300 3956 Colb.
1330 3885 1614 3955 sccnndus,
1656 3909 1842 3946 manus

243 3962 295 4008 et
315 3955 475 4009 oculi.
495 3954 681 4011 Codex
703 3964 905 4024 noster,
927 3974 1113 4012 manus
1132 3954 1401 4014 elocutus.
1426 3954 1665 4017 Subinde
1684 3962 1838 4017 Colb.

1944 1846 2134 1901 ditoris
2152 1861 2305 1901 mens
2326 1854 2504 1901 vestra
2529 1847 2806 1917 percipiat,
2826 1855 2887 1901 ut
2910 1856 2966 1902 et
2982 1847 3035 1902 in
3058 1855 3221 1915 terra,
3241 1856 3297 1903 et
3318 1848 3373 1903 in
3393 1864 3542 1916 aere,

1944 1943 2001 1990 et
2038 1935 2091 1989 in
2119 1936 2278 2001 ctelo,
2308 1942 2360 1990 et
2391 1935 2445 1990 in
2476 1936 2652 2005 aquis,
2689 1946 2746 1991 et
2793 1937 2940 1993 inter
2965 1937 3109 1992 diem
3138 1945 3195 1993 et
3221 1945 3456 2006 noctem,
3488 1948 3545 1994 et

1946 2024 2000 2077 in
2030 2023 2277 2078 omnibus
2310 2011 2430 2093 quae
2478 2033 2774 2080 cernuntur
2798 2024 3160 2081 benefactoris
3188 2035 3543 2083 monumenta

1952 2115 2252 2170 certissima
2297 2115 2543 2185 capiatis.
2576 2114 2759 2185 Neque
2779 2115 2922 2170 enim
2950 2124 3043 2170 aut
3064 2116 3303 2186 peccatis
3334 2125 3543 2187 tempus

1953 2204 2185 2269 dabitur,
2211 2211 2302 2258 aut
2331 2204 2549 2260 inimico
2576 2204 2728 2259 locus
2748 2204 3067 2274 suggeren'di
3082 2207 3355 2261 contraria
3370 2206 3546 2287 {relin-

1949 2304 2164 2365 quetur,
2193 2296 2423 2352 Domino
2444 2296 2640 2352 vestris
2666 2298 2912 2353 sensibus
2940 2297 3279 2366 adhaerente;
3311 2300 3396 2355 cui
3427 2300 3545 2369 gloc

1949 2389 2030 2442 ria
2059 2398 2114 2442 et
2141 2388 2439 2452 veneratio,
2481 2403 2626 2443 nunc
2649 2395 2702 2443 et
2734 2403 2968 2460 semper,
3002 2396 3059 2445 et
3084 2404 3183 2461 per
3211 2390 3393 2446 omnia
3439 2405 3538 2446 sre-

1949 2480 2071 2535 cula
2100 2480 2435 2535 saeculorum.
2462 2478 2654 2535 Amen.

1943 2705 2228 2779 secundus,
2267 2707 2457 2779 passim
2480 2709 2731 2779 projecta.
3486 2751 3489 2754 .

2018 2787 2041 2813 ο
2072 2775 2233 2842 Editi,
2271 2775 2358 2829 ‘ad
2381 2775 2686 2849 futurorum
2707 2781 2923 2835 exitum.
2955 2781 3023 2834 At
3048 2779 3219 2835 nostri
3251 2787 3359 2834 tres
3384 2795 3538 2849 mss.,

1944 2846 2015 2899 ad
2043 2848 2287 2917 futurum,
2304 2846 2521 2917 e._ritum.

2020 2915 2051 2953 τ’
2074 2915 2292 2982 Antiqui
2313 2915 2443 2990 _duo_
2463 2917 2604 2978 libri.
2629 2928 2814 2990 cuncta
2842 2928 3136 2990 procurent.
3168 2917 3330 2985 Editi,
3354 2933 3539 2976 cuncta

1944 2992 2258 3058 percurrent.
2285 2985 2502 3058 _Statim
2549 2988 2726 3044 codex
2768 2985 2954 3045 noster
2981 2998 3036 3045 et
3059 2986 3213 3044 Colb.
3241 2990 3535 3058 secundus,

1943 3073 2037 3109 usu
2059 3056 2412 3109 meditationis
2432 3058 2662 3112 assiduo.

2015 3136 2038 3201 ts
2063 3123 2223 3201 _Colb.
2270 3127 2558 3201 secundus,
2587 3146 2779 3201 magna
2809 3130 2948 3201 fecit.
3004 3128 3107 3184 Alii
3153 3128 3433 3201 duo__mss.
3485 3139 3539 3185 et

1948 3195 2117 3281 editi,
2140 3196 2430 3281 magni/ica
2459 3195 2838 3281 fecitLGrtecé,
2857 3204 2964 3281 A‘ro't‘.
2984 3202 3199 3281 μεγὸελα.
3224 3197 3540 3281 “eliquanto

1947 3273 2070 3335 post
2096 3263 2252 3344 editi,
2269 3273 2407 3317 utea:
2434 3263 3068 3339 magnitudineAntiqui
3087 3269 3195 3325 duo
3223 3263 3369 3334 libri,
3397 3279 3447 3323 et
3472 3284 3539 3323 ea:

1947 3336 2328 3384 maanrtudme.

1946 3341 2328 3406 magnitudine.

1984 3476 1993 3478 _
2021 3404 2047 3478 ιξ
2072 3401 2239 3466 Editi,
2274 3402 2543 3478 decentem
2569 3405 2737 3478 giaria
2773 3405 3071 3478 Conditoris
3099 3422 3394 3478 mensuram
3421 3424 3540 3478 per-

1946 3475 2125 3546 c_ipia_t_,
2176 3480 2449 3546 corrupte.
2504 3472 2659 3529 Colb.
2700 3476 2986 3541 secundus,
3029 3476 3291 3546 decentem
3319 3472 3540 3546 gloriam

1948 3542 2242 3620 Conditoris
2263 3557 2405 3595 mens
2425 3555 2594 3598 vestra
2612 3546 2906 3616 percipiat:
2935 3545 3081 3615 quod
3102 3559 3225 3601 cum
3238 3542 3539 3666 genuinum

1948 3627 2065 3666 esse
2092 3619 2223 3665 satis
2251 3626 2350 3666 uer
2377 3626 2436 3666 se
2464 3621 2669 3666 Dateat.
2717 3623 2899 3666 potest
2926 3624 3108 3666 tamen
3133 3630 3234 3666 con
3278 3628 3442 3666 rmart
3470 3630 3539 3666 ex

1945 3611 2223 3692 esse-satis
2249 3626 2350 3692 per
2377 3626 2436 3692 se
2463 3611 2669 3692 pateat,
2717 3611 2899 3685 potest
2926 3611 3109 3692 tamen
3133 3611 3442 3692 conﬁrmari
3470 3630 3540 3670 ex

1946 3681 2218 3756 Basiliano
2248 3681 2362 3756 illo,
2386 3681 2788 3756 eameam,
2820 3686 3141 3756 percipiatis,
3182 3691 3276 3738 aut
3298 3700 3441 3739 mens
3462 3701 3541 3756 ue-

1944 3762 2054 3805 stra
2074 3750 2342 3823 percipiat.
2376 3750 2664 3823 Aliquanto
2685 3750 2971 3823 post-editi
2989 3762 3046 3810 et
3068 3750 3179 3810 duo
3208 3768 3362 3818 tnss.,
3387 3763 3438 3807 et
3461 3755 3541 3808 in-

1948 3832 2024 3875 ter
2066 3821 2201 3874 diem
2241 3829 2293 3875 ct
2330 3821 2550 3880 noctein.
2598 3821 2752 3881 Colb.
2803 3825 3096 3894 secundus,
3144 3833 3195 3879 et
3232 3825 3288 3879 in
3343 3824 3427 3878 die
3475 3839 3540 3877 ac

1944 3901 2112 3947 nocte.

1150 4161 1666 4268 LIBER
1753 4162 2552 4291 QUARTUS.

809 4326 900 4384 De
944 4326 1428 4405 congregatione
1470 4343 1801 4406 aquarum,
1839 4333 1894 4385 et
1931 4327 2340 4405 apparitione
2374 4325 2570 4386 aridw
2604 4325 2975 4404 disputatio.

320 4447 373 4499 ι.
415 4443 554 4499 Sunt
578 4444 740 4501 urbes
781 4447 1024 4516 quaedam
1051 4462 1280 4516 quarum
1308 4447 1488 4517 pepuli
1519 4446 1839 4517 spectaculis

243 4536 581 4592 mirabilibus
607 4551 638 4590 a
666 4538 933 4591 matutino
963 4544 1207 4608 tempore
1235 4553 1406 4607 usque
1433 4538 1499 4592 ad
1529 4553 1834 4607 vesperum,

242 4626 499 4698 proprios
550 4626 737 4681 oculos
783 4627 1053 4695 pascendo
1101 4628 1352 4682 reficiunt
1384 4646 1396 4681 :
1430 4636 1620 4684 cantus
1673 4629 1836 4682 etiam

245 4719 493 4778 blandos,
528 4726 553 4754 ει
586 4718 1083 4787 modulationesque
1111 4720 1367 4786 lascivas,
1398 4720 1582 4775 luxum
1612 4721 1836 4774 nimium

244 4817 584 4878 generantes,
609 4808 853 4863 sensibus
872 4809 982 4863 suis
1009 4809 1271 4879 injiciunt,
1302 4825 1530 4880 quorum
1566 4812 1835 4867 ausculta-

245 4901 396 4954 tione
434 4898 632 4953 diutius
667 4899 951 4965 oblectati,
990 4901 1296 4956 nullatenus
1332 4903 1612 4958 satiantur.
1659 4901 1725 4956 Et
1755 4912 1834 4957 ta-

243 5001 371 5041 men
400 5000 497 5039 eos
538 4985 784 5040 homines
812 4986 968 5041 multi
995 4986 1187 5043 beatos
1227 4990 1500 5059 appellare
1540 5005 1834 5046 consueve-

244 5084 411 5138 runt,
442 5074 570 5143 quia
617 5077 924 5131 necessaria
977 5079 1192 5146 negotia
1240 5079 1568 5146 deserentes,
1599 5088 1656 5136 et
1694 5087 1838 5136 artes

243 5169 445 5238 quibus
488 5166 704 5221 vivendi
732 5166 968 5222 subsidia
1015 5178 1418 5239 comparantur,
1450 5186 1546 5241 per
1581 5171 1837 5227 desidiam

246 5271 304 5319 et
330 5260 665 5330 voluptatem
690 5266 953 5315 statutum
972 5260 1072 5316 sibi
1096 5269 1306 5331 tempus
1332 5262 1456 5317 vita:
1484 5273 1805 5333 peragentes
1822 5303 1838 5329 ,

323 5408 347 5436 ι
386 5396 478 5451 Sic
496 5411 626 5450 mss.
650 5395 840 5450 nostri.
866 5393 1001 5449 Illud
1022 5410 1137 5460 qua:
1161 5406 1349 5450 aberat
1384 5410 1415 5449 a
1444 5395 1692 5463 vulgatis.

320 5467 348 5505 δ
390 5465 527 5519 Editi
570 5474 625 5520 et
652 5464 806 5536 Colb.
858 5466 1083 5535 primus,
1116 5465 1400 5535 approbata
1438 5466 1691 5536 pessimis.
1734 5465 1838 5519 Alii

250 5535 361 5590 duo
383 5551 537 5597 mss.,
566 5534 1221 5606 approbataturpissimis;
1256 5536 1400 5604 quod
1422 5534 1590 5604 magis
1619 5551 1837 5592 accom-

253 5606 460 5660 modari
500 5604 678 5675 potest
706 5606 771 5660 ad
803 5604 989 5675 vocem
1017 5604 1258 5659 Graecam
1282 5608 1596 5669 ἀκολάστοις.
1632 5606 1836 5663 Ibidem

249 5683 361 5732 duo
390 5673 543 5742 mss.,
571 5676 794 5745 perﬁcit.
824 5673 979 5741 Editi,
1010 5675 1241 5741 perfecit.

1945 4448 2192 4502 inanibus
2215 4448 2422 4503 actibus
2448 4458 2797 4519 occupantur,
2830 4449 3139 4516 ignorantes
3178 4448 3302 4518 quia
3324 4448 3537 4505 saltatio

1941 4548 2365 4617 spectationibus
2406 4548 2430 4586 ⁵
2461 4549 2755 4618 approbata
2784 4548 3105 4619 turpissimis
3124 4587 3139 4614 ,
3181 4548 3453 4618 publicum
3481 4558 3537 4604 et

1942 4664 2228 4705 commune
2247 4647 2459 4719 perﬁcit
2479 4650 2845 4719 magisterium
2866 4650 3136 4704 vitiorum.
3162 4648 3349 4720 Lyrica
3371 4649 3536 4703 etiam

1941 4750 2202 4816 carmina,
2234 4758 2532 4818 cantusque
2557 4749 2855 4815 tibicinum,
2887 4757 2943 4803 et
2980 4748 3299 4802 meretricia:
3327 4748 3538 4803 cantio-

1945 4867 2059 4916 nes,
2088 4849 2338 4907 cordibus
2367 4848 2698 4904 audientium
2720 4848 2903 4917 lapsa},
2935 4846 3061 4917 quid
3089 4846 3235 4900 aliud
3263 4862 3425 4917 quam
3450 4847 3533 4900 in-

1867 4933 1910 4988 ί)
1937 4952 2155 5006 famiam
2183 4951 2577 5021 spectatoribus
2599 4949 2901 5005 inolescunt
2919 4949 3295 5004 :emulantibus
3325 4949 3537 5004 histrio-

1938 5053 2071 5108 nes?
2097 5050 2351 5106 Nonnulli
2398 5058 2579 5105 autem
2607 5049 2925 5105 circensium
2968 5046 3140 5103 furiali
3185 5048 3378 5105 ardore
3424 5050 3522 5105 de—

1938 5152 2094 5219 tenti,
2144 5151 2393 5207 noctibus
2439 5150 2772 5206 somniantes
2800 5164 2900 5219 pro
2928 5163 3193 5217 equorum
3242 5150 3530 5205 velocitate

1943 5262 2307 5328 contendunt,
2337 5260 2499 5317 modo
2531 5271 2553 5299 ε
2585 5275 2777 5316 currus
2803 5267 3066 5328 rotantes,
3117 5259 3282 5315 modo
3314 5260 3531 5327 aurigas

2020 5407 2042 5436 ο
2081 5394 2222 5450 Editi
2250 5404 2304 5450 et
2331 5395 2439 5452 duo
2469 5410 2625 5464 mss.,
2653 5411 2836 5451 currus
2881 5404 3114 5451 notantes
3136 5410 3158 5451 :
3205 5392 3349 5464 quod
3369 5387 3524 5464 .quin

1943 5465 2257 5548 mendosum
2286 5467 2357 5548 sit
2382 5461 2630 5548 dgbitari
2656 5466 3191 5548 nonA_pote_s‘t.‘C-olb.
3221 5461 3528 5548 secundus,

1942 5552 2124 5589 currus
2144 5546 2389 5591 rotantes.
2415 5535 2574 5592 Certe
2590 5535 3038 5591 Eustathiusillud
3062 5535 3270 5605 ἅρματα
3292 5538 3534 5603 μεταζευ-

1942 5609 2147 5656 ννύντερ
2177 5605 2365 5656 Latine
2400 5606 2626 5656 reddere
2670 5607 2870 5656 voluit:
2911 5604 3004 5656 sed
3039 5619 3144 5656 non
3184 5604 3255 5656 ita
3304 5602 3531 5656 feliciter

1942 5609 2147 5678 σγνύντες
2176 5605 2365 5662 Latine
2400 5606 2626 5663 reddere
2670 5607 2870 5669 voluit;
2893 5605 3004 5685 sed
3039 5619 3144 5658 non
3184 5605 3255 5657 ita
3304 5605 3530 5683 feliciter

1943 5675 2192 5733 reddidit.
2233 5676 2422 5734 Melius
2461 5678 2539 5733 sic
2566 5678 2905 5746 interpretari
2938 5675 3064 5728 licet
3097 5692 3109 5725 :
3140 5673 3530 5743 Transjungcn-
