3964 6198
418 313 524 371 905

1866 292 2228 358 EUSTA’l‘ttll

3586 296 3695 358 ’ΒΜ

414 436 471 490 in
513 439 721 504 partem
764 430 921 487 aliam
970 426 1731 492 transferentes,uulneraque
1786 434 2010 487 prorsus
2040 422 2089 479 Α
2117 417 2276 473 modo
2307 409 2360 472 in
2393 434 2551 472 uuam
2581 418 3050 486 congregationem
3075 420 3222 488 jussa
3268 427 3351 473 cst
3397 419 3701 480 convenire,

417 524 665 578 diurnam
683 522 1064 594 cogitationem
1094 529 1337 589 tempore
1357 515 1569 586 soporis
1597 512 1873 568 revolvere
1903 526 2007 563 non

419 615 700 670 desistunt.
722 613 828 668 Nos
848 624 1026 667 autem
1052 626 1188 681 quos
1207 610 1485 674 Dominus,
1500 606 1591 675 qui
1621 604 1801 674 epifcx
1830 616 2012 655 rerum

421 708 686 761 maximus
715 715 769 761 et
795 706 950 760 valde
997 704 1252 759 mirificus
1279 702 1525 765 habetur,
1561 698 1628 753 ad
1669 697 2013 751 demonstra-

428 800 630 854 tionem
659 814 879 853 suorum
900 812 1124 867 operum
1152 794 1488 857 convocavit,
1520 790 1749 845 deficere
1779 803 1885 841 non
1915 786 2013 841 de—

423 889 610 943 bemus
640 902 765 957 erga
808 902 997 942 eorum
1036 885 1359 955 spectacula,
1396 897 1495 937 nec
1544 879 1756 935 desides
1797 877 1912 931 fieri
1963 876 2016 929 iu

426 980 788 1035 auscultandis
816 977 1049 1048 Spiritus
1077 976 1247 1031 sancti
1268 973 1633 1036 sermonibus;
1665 969 1757 1025 sed
1786 969 2016 1024 circum-

425 1072 617 1126 dantes
634 1070 941 1139 praeclaram
957 1069 1096 1123 hanc
1120 1065 1284 1121 divini
1299 1064 1478 1135 operis
1494 1062 1801 1126 stationem,
1834 1067 2010 1113 trans-

428 1171 657 1233 actaque
687 1172 930 1231 tempora
962 1159 1376 1229 cogitationibus
1401 1163 1733 1226 reputantes,
1775 1162 2019 1208 contem-

429 1254 640 1325 plemur
665 1253 858 1308 cmlum
905 1252 1123 1321 quidem
1166 1252 1400 1306 levatum
1452 1259 1512 1303 ut
1561 1261 1852 1310 cameram,
1882 1245 2022 1303 sicut

428 1346 556 1401 dicit
584 1347 846 1416 prepheta
896 1343 1052 1414 (Isai.
1088 1360 1174 1411 XL,
1199 1342 1310 1414 2-2),
1359 1352 1556 1395 terram
1604 1348 1782 1394 autem
1812 1346 2020 1393 vastam

430 1437 607 1499 nimis,
635 1436 998 1490 immensitate
1026 1435 1110 1490 vel
1160 1435 1398 1505 pondere
1427 1434 1478 1486 iu
1510 1432 1855 1499 scmctipsam
1886 1446 2020 1485 cou—

429 1539 574 1583 stare
602 1527 896 1588 fundatam.
935 1540 1223 1593 acremque
1245 1522 1495 1578 diffusum
1529 1522 1895 1591 liquidmnque
1924 1536 2021 1573 na-

428 1629 590 1685 tura;
623 1634 914 1688 congruam
955 1627 1010 1673 ct
1038 1616 1413 1672 inccssabilem
1462 1615 1786 1685 spirantibus
1834 1613 2024 1667 alimo-

431 1713 575 1768 niam
632 1712 1049 1772 ministrantem,
1092 1708 1535 1776 scindentcmque
1580 1721 1640 1761 sc
1686 1703 2025 1759 moventibus

2122 525 2247 563 cum
2276 509 2444 562 maria
2475 524 2595 563 esse
2631 507 2841 563 diversa
2872 509 3122 569 sciamus,
3154 524 3275 577 qua:
3308 516 3458 563 certe
3486 507 3709 563 multtun

2121 614 2152 651 a
2174 614 2233 653 se
2262 597 2467 653 distare
2490 600 2827 654 noscuntur?
2854 599 2931 652 Α]
2963 599 3091 652 illud
3126 600 3286 666 igitur
3309 599 3457 668 quod
3482 599 3710 668 primum

2120 689 2402 756 quaesitum
2428 697 2528 753 est,
2562 692 2666 745 hoc
2689 700 2714 729 ο
2744 690 3217 759 respondebimus:
3244 692 3369 760 quia
3402 700 3457 744 tu
3495 691 3712 761 quidem

2119 789 2244 850 post
2271 781 2566 836 editionem
2596 783 2853 852 pnecepti
2898 783 3063 837 divini
3107 783 3347 837 humoris
3389 793 3599 837 motum
3626 797 3714 838 co-

2121 871 2373 939 gnovisti,
2404 880 2458 926 et
2486 872 2611 940 quia
2633 873 2977 927 circumfluus
2999 874 3227 926 habetur
3252 889 3579 943 semperque
3622 873 3711 927 de-

2119 979 2363 1017 currens.
2388 963 2524 1017 Nam
2554 964 2862 1035 priusquam
2902 974 3141 1019 meatum
3169 974 3389 1026 caperet
3435 981 3501 1019 ex
3532 975 3715 1020 aucto-

2119 1051 2280 1107 ritate
2300 1053 2529 1118 cmlesti,
2562 1068 2662 1108 nec
2692 1062 2749 1107 tu
2778 1068 2901 1108 eum
2926 1055 3126 1120 vidisti,
3171 1071 3271 1109 nec
3293 1055 3361 1109 ab
3389 1056 3499 1110 alio
3521 1055 3614 1123 qui
3643 1050 3715 1106 vi.

2119 1143 2274 1198 derat
2293 1143 2524 1199 didicisti
2550 1163 2562 1196 :
2589 1144 2732 1200 unde
2760 1144 2979 1200 debebis
3000 1146 3281 1201 advertere
3302 1147 3428 1215 quia
3458 1162 3569 1201 vox
3602 1148 3713 1211 Dei,

2119 1244 2326 1291 natura:
2347 1236 2631 1291 formatrix
2659 1245 2760 1301 est,
2788 1246 2843 1292 et
2868 1237 3158 1307 praeceptio
3186 1252 3305 1306 qua:
3333 1245 3461 1292 tunc
3480 1236 3612 1290 data
3638 1246 3716 1291 est

2122 1336 2402 1394 creaturae,
2434 1329 2839 1399 dispositionem
2871 1330 3077 1384 cunctis
3098 1344 3222 1397 quae
3251 1327 3429 1383 forent
3455 1329 3716 1397 gignenda

2123 1421 2419 1491 praebebat.
2476 1420 2610 1474 Nam
2639 1429 2694 1475 et
2722 1420 2837 1474 dies
2866 1428 2922 1474 et
2949 1435 3054 1473 nox
3085 1418 3253 1474 semel
3300 1419 3453 1474 facta:
3480 1426 3631 1485 sunt,
3669 1428 3717 1474 et

2123 1528 2192 1565 ex
2219 1512 2309 1566 illo
2338 1528 2505 1581 usque
2535 1528 2696 1580 nunc,
2718 1512 2933 1567 sibimet
2959 1512 3171 1567 vicibus
3200 1511 3567 1576 succedendo,
3605 1528 3718 1565 cur-

2124 1605 2417 1658 riculorum
2446 1620 2668 1659 suorum
2704 1611 2949 1674 tempora
2975 1602 3139 1658 certis
3181 1601 3525 1672 portionibus
3552 1600 3720 1655 divisa

2096 1694 2456 1751 “custodiunt.

433 1800 1312 1869 omnilms,leniterqueccdcntem
1328 1797 2020 1861 mollitudinisinterccssu;
2057 1777 2103 1835 Β
2201 1789 2252 1843 3.
2295 1789 2682 1860 Congregentur
2702 1804 2869 1859 aqum.
2900 1784 2927 1824 δ
2956 1785 3173 1840 Jussum
3210 1794 3293 1840 est
3321 1796 3588 1854 aquarum
3634 1799 3723 1838 na-

434 1910 628 1963 aqnam
658 1908 788 1948 vero
817 1893 1061 1947 altricem
1108 1905 1419 1959 corporum,
1461 1898 1517 1943 ct
1562 1888 1798 1942 humano
1841 1888 2024 1956 generi

437 1985 596 2038 nimis
628 1985 812 2038 utilem
840 1982 1209 2045 constitutam,
1240 1995 1306 2035 ac
1330 1979 1610 2034 moderate
1657 1978 1712 2032 in
1755 1976 2026 2048 deputatis

433 2076 534 2129 sibi
565 2073 963 2144 conceptaculis
985 2078 1411 2143 permanentem.
1444 2067 1589 2135 Quas
1615 2082 1721 2133 res,
1750 2067 1822 2121 ita
1847 2082 1907 2122 se
1926 2067 2025 2122 ha-

435 2166 587 2233 bere,
615 2165 681 2219 de
705 2165 791 2219 his
807 2177 928 2232 qua:
954 2172 1202 2218 recenter
1229 2160 1369 2215 lecta
1391 2168 1516 2214 sunt
1537 2157 1881 2230 approbabis.

505 2256 559 2309 9..
601 2255 669 2308 Et
690 2256 822 2309 dixit
856 2252 990 2309 Deus
1022 2270 1040 2306 :
1071 2253 1454 2323 Congregentur
1474 2266 1623 2319 aqua?
1641 2265 1755 2322 qua:
1782 2246 1875 2304 sub
1901 2249 2027 2303 creto

435 2358 553 2403 sunt
596 2349 650 2402 in
697 2344 1178 2418 congregationibus
1206 2344 1333 2408 suis,
1377 2352 1426 2397 et
1453 2350 1704 2414 appareat
1752 2342 1923 2396 arida.
1960 2338 2031 2393 Et

436 2443 630 2496 vocarit
659 2440 798 2495 Dens
829 2439 1031 2494 aridam
1070 2448 1283 2503 terram,
1314 2445 1364 2491 et
1410 2436 1835 2507 congregationes
1862 2450 2029 2504 aqua-

437 2552 550 2589 rum
577 2535 773 2589 vocavit
802 2534 989 2587 maria.
1035 2530 1275 2597 Quantas
1323 2529 1454 2583 mihi
1500 2527 1795 2583 calumnias
1848 2527 1900 2581 in
1949 2525 2032 2581 his

438 2639 559 2693 qua:
610 2631 910 2692 sequuntur
965 2620 1261 2689 objeceris,
1305 2618 1527 2686 exigens
1578 2617 2030 2686 quemadmodum

441 2724 583 2769 terra
614 2715 787 2783 possit
834 2712 1116 2767 invisibilis
1164 2710 1371 2776 haberi,
1402 2709 1587 2764 colore
1639 2717 1923 2778 pncsente,
1955 2709 2029 2763 si-

439 2808 652 2879 quidem
682 2807 835 2862 color
883 2804 1058 2860 omnis
1086 2819 1249 2858 sensu
1295 2801 1769 2872 comprehenditur
1788 2801 2027 2866 visionis,

439 2910 492 2954 ct
515 2900 742 2952 fortasse
769 2897 865 2950 tibi
902 2911 1010 2950 non
1039 2893 1251 2948 videtur
1275 2908 1396 2946 esse
1424 2890 1695 2946 sufficiens
1722 2892 1867 2960 quod
1894 2891 2032 2946 dixi-

441 3004 591 3054 mus;
620 2988 745 3057 quia
790 3002 897 3041 non
944 2985 1013 3040 ad
1041 2993 1318 3047 naturam,
1349 2983 1444 3037 sed
1495 2982 1563 3036 ad
1602 2998 1702 3037 nos
1752 2982 2033 3037 invisibilis

442 3083 602 3137 fuisse
631 3091 773 3136 terra
797 3080 968 3134 relata
994 3087 1097 3144 est,
1126 3085 1350 3148 pr0pter
1378 3089 1636 3144 aquarum
1675 3074 1923 3130 videlicet
1946 3075 2019 3129 in-

443 3172 757 3241 jectionem,
807 3184 927 3238 quae
969 3178 1095 3224 tunc
1136 3179 1162 3207 ⁸
1205 3185 1394 3223 omnes
1447 3177 1618 3223 terras
1667 3169 2025 3238 operuissent.

446 3264 597 3318 Nunc
624 3277 752 3317 vero
801 3262 1044 3317 ausculta
1082 3260 1413 3331 Scripturam
1435 3302 1449 3326 ,
1477 3261 1749 3337 quomodo
1795 3261 2029 3330 seipsam

445 3356 684 3411 declarat
734 3373 747 3407 :
798 3352 1203 3425 Congregentur,
1250 3353 1442 3422 inquit,
1492 3369 1657 3423 aqum,
1707 3361 1755 3405 et
1781 3361 2033 3423 appareat

443 3446 613 3500 arida.
645 3445 1021 3500 Velamentum
1060 3444 1391 3509 subducitur,
1420 3451 1480 3497 ut
1519 3443 1808 3513 conspicua
1856 3440 2029 3510 ﬂeret,

443 3554 561 3606 qua:
589 3538 801 3591 interim
833 3551 941 3592 non
958 3536 1258 3590 videbatur.
1293 3535 1427 3590 Illud
1468 3535 1630 3589 etiam
1658 3533 1882 3589 forsitan
1910 3534 2032 3605 quis

443 3628 699 3698 requiret,
731 3643 830 3682 cur
878 3627 930 3682 id
958 3627 1103 3697 quod
1127 3642 1227 3696 per
1273 3635 1521 3680 naturam
1561 3626 1748 3680 subest
1774 3625 1949 3695 aquis,
1979 3623 2034 3678 id

443 3728 546 3783 est,
581 3725 640 3772 ut
684 3731 900 3788 semper
947 3715 1016 3770 ad
1063 3717 1387 3786 procliviora
1425 3715 1776 3783 contendant,
1820 3716 1922 3770 hoc
1966 3714 2033 3769 ad

444 3808 860 3878 praeceptionem
884 3806 1156 3863 Creatoris
1175 3822 1353 3863 sermo
1376 3806 1659 3865 convertit.
1688 3806 1870 3862 Donec
1888 3807 2035 3861 enim

443 3899 497 3954 in
530 3899 751 3969 planitie
795 3898 957 3952 fuerit
991 3912 1129 3966 aqua
1172 3898 1473 3963 recondita,
1519 3898 1727 3951 stabilis
1782 3908 1896 3963 est,
1924 3913 2033 3953 non

444 3991 721 4044 inveniens
742 4004 851 4058 quo
878 3987 1131 4050 declinet,
1153 3988 1245 4042 ubi
1259 4003 1387 4042 vero
1407 3987 1697 4042 descensus
1718 3990 2030 4055 occurrerit,

446 4082 778 4152 irrumpente
820 4082 1065 4153 protinus
1094 4090 1246 4151 parte
1272 4082 1482 4151 priore,
1511 4080 1718 4152 reliqua
1746 4081 2035 4139 multitudo

446 4172 794 4241 consequitur
822 4181 1181 4242 properanter
1209 4170 1488 4239 effugiens,
1518 4185 1638 4241 quae
1666 4171 1920 4241 prmcedit
1944 4187 2035 4226 ur-

447 4270 608 4332 gente
651 4263 921 4317 venientis
949 4263 1182 4333 impulsu
1216 4279 1228 4315 :
1274 4270 1533 4330 tantoque
1561 4262 1801 4317 velocior
1826 4270 2035 4317 meatus

448 4354 721 4425 aspicitur,
753 4366 957 4423 quanto
985 4354 1205 4422 majoris
1248 4353 1500 4424 ponderis
1543 4355 1704 4410 fuerit
1749 4369 1887 4424 aqua
1914 4369 2035 4424 qum

448 4445 687 4513 conﬂuit,
719 4446 975 4514 locusque
1015 4446 1292 4501 devexior.
1318 4447 1375 4500 Si
1402 4460 1531 4515 ergo
1582 4446 1704 4501 talis
1750 4454 1939 4501 natura
1969 4446 2034 4501 li-

448 4537 631 4608 quoris
664 4544 765 4600 est,
796 4535 823 4574 ι’
854 4534 1091 4590 differret
1116 4535 1301 4604 utique
1342 4536 1757 4606 praeceptionem
1785 4551 1891 4605 qua
1916 4536 2036 4606 jus-

364 4688 370 4697 ,
448 4636 590 4683 serat
612 4643 781 4697 aquas
808 4626 863 4681 in
890 4642 1055 4681 unum
1081 4625 1525 4696 conceptaculum
1551 4628 1884 4696 congregari.
1926 4627 2034 4684 Po-

450 4730 589 4775 terat
617 4721 760 4776 enim
802 4722 918 4776 sine
961 4719 1145 4785 dubio,
1174 4727 1395 4789 propter
1439 4720 1737 4774 naturalem
1778 4722 2035 4791 impetum

449 4813 502 4865 in
540 4812 786 4881 regiones
841 4827 1106 4868 concavas
1154 4817 1347 4882 sponte
1376 4808 1694 4877 decurrere,
1728 4812 2038 4882 priusquam

450 4910 599 4970 terga
628 4904 968 4973 compleret:
1020 4903 1196 4957 nullus
1242 4904 1386 4959 enim
1441 4912 1707 4958 terrarum
1757 4903 1911 4961 locus
1959 4907 2038 4964 sic

449 4996 668 5067 aequalis
696 5006 796 5065 est,
822 5007 881 5052 ut
900 5013 1161 5071 aquarum
1189 4998 1340 5053 situs.
1362 4996 1586 5066 Deinde,
1606 4997 1874 5067 inquiunt,
1900 5014 2038 5070 quo-

450 5189 525 5233 tes
545 5194 745 5232 currus.
773 5175 966 5230 Statim
1014 5176 1142 5231 editi
1190 5184 1245 5232 et
1272 5174 1378 5231 duo
1420 5191 1576 5245 mss.,
1605 5177 1905 5234 diuturnam
1956 5194 2037 5234 co-

449 5250 769 5322 gitationem.
811 5246 965 5301 Colb.
995 5248 1279 5312 secundus,
1307 5247 1566 5301 diurnam.
1599 5245 1807 5318 Graece,
1831 5259 1920 5312 τῆς
1945 5273 2037 5323 με-

372 5359 376 5362 ~
450 5325 572 5380 anus
586 5344 600 5371 <
614 5331 738 5380 tunc.

513 5378 545 5427 ὀ·
579 5378 736 5443 ’(Συιῦ.
766 5386 1054 5453 secundus,
1082 5402 1279 5440 onmem
1304 5396 1510 5440 terram.
1537 5385 1658 5441 Mox
1682 5387 1820 5443 idem
1842 5389 2036 5454 codex,

451 5463 563 5527 quis
603 5461 842 5532 requiret.
896 5456 1058 5518 Editi,
1087 5473 1202 5526 qua:
1250 5456 1488 5526 requiret.
1521 5456 1757 5513 Subinde
1805 5459 1894 5514 ille
1926 5462 2041 5529 ipse

453 5531 619 5587 codex
636 5572 649 5595 ,
672 5531 897 5585 uelocior
925 5538 1201 5581 remeatus.

522 5601 549 5640 δ
588 5600 752 5667 Editi,
804 5600 1024 5669 diﬁ‘eret.
1080 5595 1223 5652 Libri
1281 5602 1510 5669 veteres,
1560 5596 1811 5666 differret.
1843 5599 2035 5654 Statim

454 5670 604 5727 Colb.
638 5664 920 5735 secandus,
944 5670 996 5723 in
1016 5681 1185 5735 unum
1195 5664 1592 5735 receptaculum.

526 5753 548 5780 ε
589 5739 669 5795 lta
724 5741 842 5795 libri
885 5731 1115 5794 veteres.
1170 5731 1289 5788 Vox
1316 5731 1436 5786 ’hor
1483 5733 1537 5787 in
1568 5735 1725 5792 editis
1764 5736 2034 5795 desidera-

2055 3128 2103 3193 C

2130 1890 2309 1938 turam
2331 1881 2594 1947 difﬂuere,
2624 1888 2679 1936 et
2703 1895 2977 1949 nunquam
2999 1876 3179 1933 deficit
3202 1876 3555 1945 obsequendo
3577 1893 3724 1930 man-

2129 1974 2291 2029 datis.
2316 1973 2433 2029 Iloc
2476 1983 2657 2028 autem
2686 1972 2806 2028 dico
2847 1971 3143 2042 respiciens
3176 1970 3245 2025 ad
3274 1968 3529 2038 liquidam
3558 1985 3723 2036 aqua-

2128 2083 2246 2122 rum
2262 2078 2484 2136 sortem,
2506 2060 2733 2137 quarum
2756 2066 2874 2120 alite
2893 2080 3107 2136 semper
3132 2073 3353 2118 manant
3372 2071 3433 2118 ut
3458 2062 3643 2116 fontes
3671 2067 3724 2116 et

2128 2159 2296 2226 fluvii,
2329 2159 2447 2213 alia:
2497 2165 2833 2227 congregatae
2861 2164 2987 2212 sunt
3031 2163 3089 2209 et
3132 2155 3403 2209 sistentes.
3436 2152 3547 2208 Sed
3593 2152 3720 2206 mihi

2131 2264 2275 2304 nunc
2304 2249 2370 2304 de
2400 2249 2687 2303 fluentibus
2715 2262 2894 2303 sermo
2922 2254 3025 2301 est.
3057 2243 3444 2316 Congregentur
3476 2260 3633 2310 aqua
3672 2245 3723 2296 in

2130 2340 2581 2413 congregationem
2605 2356 2784 2393 unum.
2815 2337 2874 2393 Si
2907 2336 3123 2407 quando
3155 2346 3207 2390 te
3245 2346 3267 2372 ε
3297 2342 3531 2389 stantem
3574 2334 3726 2403 juxta

2132 2436 2306 2490 rivum
2356 2434 2499 2489 subit
2552 2431 2830 2501 cogitatio,
2875 2437 3134 2499 reputans
3181 2426 3331 2496 cujus
3376 2425 3620 2495 impulsu
3663 2417 3725 2478 de

2132 2524 2412 2581 tclluribus
2450 2538 2588 2592 aqua
2632 2520 2995 2592 progreditur,
3025 2518 3113 2573 vel
3139 2532 3258 2587 qua:
3284 2525 3404 2570 sunt
3434 2515 3635 2570 horrea
3663 2514 3725 2569 de

2131 2618 2325 2688 quibus
2349 2625 2457 2669 tam
2486 2614 2710 2683 largiter
2730 2611 3037 2674 effunditur,
3062 2618 3154 2664 aut
3172 2609 3265 2678 qui
3288 2608 3438 2662 locus
3467 2605 3534 2659 ad
3562 2619 3723 2674 quem

2132 2711 2344 2779 cogitur
2371 2707 2655 2780 pervenire
2674 2746 2689 2774 ,
2719 2705 2806 2759 vel
2841 2701 3116 2775 quomodo
3144 2714 3245 2754 nec
3280 2698 3370 2752 illa
3396 2694 3581 2750 deficit
3610 2709 3724 2763 qua

2132 2801 2393 2872 sequitur,
2436 2813 2538 2853 nec
2563 2812 2627 2853 ea
2675 2810 2794 2866 quae
2837 2792 3117 2865 praecessit
3143 2790 3435 2852 exuberat;
3483 2786 3724 2855 profecto

2132 2892 2370 2962 reperies
2398 2891 2577 2946 omnia
2597 2889 2710 2944 haec
2724 2904 2794 2942 cx
2808 2901 2941 2942 voce
2969 2884 3138 2954 prima
3171 2881 3364 2951 teneri,
3383 2874 3527 2934 uudé
3557 2878 3719 2932 etiam

2132 2984 2431 3040 meatusilli
2459 2981 2697 3052 suppetit
2715 2981 3096 3050 sempiternus.
3118 2973 3481 3042 Quamobrem
3502 2971 3556 3024 in
3579 2967 3722 3024 omni

2132 3090 2345 3146 semper
2371 3074 2596 3128 historia
2623 3079 2897 3127 memento
2942 3069 3129 3140 prima:
3157 3063 3560 3137 praeceptionis,
3607 3076 3722 3130 qua:

2133 3168 2262 3223 dicit
2294 3186 2308 3221 :
2339 3165 2729 3239 Gertgregentur
2753 3178 2919 3234 aquaz.
2945 3159 3156 3215 Etenim
3196 3156 3485 3228 oportebat
3512 3169 3605 3208 eas
3632 3154 3721 3207 dc-

2133 3274 2354 3316 currere
2391 3266 2780 3330 properanter,
2811 3263 2871 3310 ut
2896 3253 3212 3310 devenirent
3239 3250 3306 3304 ad
3332 3248 3610 3319 prepriam
3638 3260 3721 3301 re-

2132 3351 2347 3419 gionem
2374 3368 2385 3402 :
2415 3357 2469 3403 et
2497 3355 2780 3417 postquam
2806 3353 3026 3399 ventum
3055 3349 3218 3405 esset,
3247 3349 3391 3392 stare
3432 3338 3488 3391 in
3527 3349 3720 3391 conreb

2133 3443 2365 3514 ptaculis
2378 3441 2668 3510 deputatis,
2685 3446 2847 3506 atque
2868 3436 3006 3522 ultra
3034 3450 3140 3489 non
3158 3431 3399 3487 tendere.
3427 3428 3712 3496 Propterea

2133 3542 2219 3591 est
2245 3534 2313 3588 ab
2336 3532 2657 3588 Ecclesiaste
2684 3529 2888 3583 dictum
2900 3517 2935 3580 ἐ
2971 3525 3037 3579 In
3061 3540 3205 3577 mare
3232 3522 3371 3588 ﬂuvii
3393 3517 3713 3578 delabuntur,

2133 3628 2227 3681 sed
2249 3643 2395 3680 mare
2417 3640 2521 3678 non
2542 3618 2937 3692 superimpletur
2958 3616 3150 3688 (Eecle.
3178 3630 3215 3681 ι,
3240 3614 3314 3680 7).
3345 3611 3482 3676 Quia
3505 3616 3561 3662 et
3580 3605 3718 3675 quod

2135 3730 2395 3786 aquarum
2439 3727 2629 3769 cursus
2659 3719 2901 3777 urgetur,
2953 3715 3009 3761 et
3054 3706 3198 3774 quod
3222 3716 3370 3756 mare
3416 3702 3581 3755 certis
3617 3698 3717 3750 cir-

2136 3804 2520 3874 cumscriptum
2549 3801 2746 3856 finibus
2794 3799 3082 3862 retinetur,
3116 3796 3301 3865 prima:
3347 3787 3718 3861 prmceptionis

2136 3901 2308 3954 virtus
2335 3906 2419 3953 est
2452 3917 2464 3950 :
2490 3896 2879 3969 Congregentur
2901 3906 3050 3963 aqua:
3092 3890 3147 3942 in
3174 3901 3332 3940 unam
3360 3880 3716 3955 congregatio-

2137 4006 2256 4044 nem
2281 4007 2298 4044 :
2330 3998 2388 4044 ut
2415 4005 2521 4044 non
2551 3988 2758 4043 scilicet
2778 3985 2866 4039 illa
2896 3997 3015 4053 qua:
3052 3978 3242 4043 influit,
3271 3975 3502 4045 expletis
3530 3984 3716 4027 concc-

2139 4080 2374 4153 ptaculis
2396 4077 2697 4149 superfusa,
2722 4085 2947 4131 cunctos
2974 4071 3220 4126 similiter
3240 4076 3504 4122 terrarum
3533 4062 3717 4117 tenni-

2140 4188 2239 4227 nos
2265 4170 2581 4234 inundaret;
2612 4167 2813 4223 ideirco
2836 4162 2985 4233 jussa
3013 4160 3111 4215 fuit
3139 4161 3191 4213 in
3221 4172 3382 4212 unam
3409 4170 3469 4210 se
3499 4165 3717 4220 congre-

2139 4265 2408 4332 gationem
2449 4262 2707 4328 redigere.
2755 4255 3049 4325 Propterea
3084 4252 3305 4322 pelagus
3346 4248 3715 4313 ventissaepe

2144 4359 2436 4418 turbatum,
2468 4369 2531 4408 ac
2559 4350 2809 4407 ﬂuctibus
2831 4356 3087 4412 testuans,
3117 4345 3170 4398 in
3200 4342 3478 4410 altumque
3498 4352 3718 4393 consur-

2062 4494 2114 4554 Β
2144 4465 2298 4520 gens,
2337 4448 2425 4501 ubi
2456 4447 2637 4500 littora
2663 4441 2840 4497 vicina
2870 4438 2891 4478 τ
2925 4436 3182 4503 tetigerit,
3210 4433 3439 4488 fervoris
3466 4431 3715 4500 impetum

2384 4539 2396 4554 -
2516 4536 2746 4554 ημιαυ-
2814 4547 2938 4554 -ηη
2981 4528 3240 4554 Anu-:4..-
3270 4534 3431 4554 ...ηηο
3475 4519 3715 4554 “anima.

2139 4519 2437 4613 spumando
2474 4536 2770 4600 resolvens,
2814 4547 2942 4587 mox
2980 4528 3240 4596 frangitur
3269 4534 3431 4593 atque
3475 4519 3716 4576 subduci-

2137 4636 2297 4690 citur.
2320 4634 2421 4685 Aut
2440 4645 2521 4684 me
2540 4643 2646 4682 non
2669 4623 2927 4687 timebitis,
2958 4620 3083 4674 dicit
3115 4617 3382 4677 Dominus,
3407 4614 3496 4683 qui
3515 4623 3717 4665 arenam

2143 4728 2416 4783 terminum
2436 4736 2569 4793 pono
2602 4718 2737 4772 mari
2763 4714 2896 4785 (Jer.
2921 4728 2974 4778 v,
3005 4710 3097 4780 εξ)
3114 4711 3139 4763 ?
3167 4707 3377 4761 Etenim
3404 4705 3599 4758 mirum
3642 4706 3717 4793 est

2141 4815 2416 4887 quomodo
2436 4790 2532 4869 res
2559 4808 2799 4864 omnium
2823 4818 2943 4874 qua:
2964 4803 3016 4855 in
3055 4800 3215 4855 terris
3238 4807 3263 4844 ε
3284 4796 3557 4851 habentur
3583 4790 3715 4887 inftr:

2143 4880 2284 4965 lnior
2312 4920 2496 4967 arena,
2525 4905 2677 4973 jussu
2698 4894 2795 4954 Dei
2826 4896 3136 4951 violentiam
3158 4890 3322 4945 maris
3351 4888 3546 4942 frenat.
3578 4884 3623 4951 ρ
3642 4880 3715 4935 rod

2144 5003 2190 5059 si
2210 5014 2365 5057 secus
2392 5003 2556 5063 esset,
2578 5007 2696 5064 quae
2716 4990 2853 5046 ratio
2870 4996 3051 5042 vetare
3072 4989 3283 5055 poterat
3306 4980 3549 5034 Rubrum
3563 4988 3715 5036 mare,

2138 5184 2439 5305 bagmliolh.
2482 5239 2774 5305 secundus,
2819 5240 2969 5311 jussa
2999 5245 3075 5291 est
3120 5249 3371 5307 aquarum
3408 5238 3599 5284 natura
3637 5227 3714 5280 ἀε-
3760 5212 3769 5219 ’

2143 5323 2425 5442 βαξΐῗᾶίιὶ
2448 5391 2504 5438 et
2529 5383 2637 5437 duo
2661 5395 2812 5445 mss.,
2846 5390 2894 5433 te
2930 5383 3166 5431 stante...
3199 5379 3547 5444 reputantem.
3576 5364 3714 5421 Colb.

2143 5458 2432 5521 secundus,
2463 5466 2510 5508 te
2532 5461 2767 5506 stante...
2791 5457 3059 5519 reputans.

2213 5509 2435 5581 (ἘυΠῇ
2485 5522 2772 5585 secundus,
2828 5509 2997 5573 vicina
3043 5514 3333 5583 contigerit.
3394 5509 3717 5585 Paulohpqsl

2143 5574 2670 5662 θόίιίξιῖὁῖιίἰῖτξειῖἕὲ.
2693 5574 2912 5658 Antiqui
2941 5589 3048 5643 duo
3075 5574 3217 5650 libri,
3247 5598 3349 5636 non
3383 5583 3553 5635 tintetvi
3580 5574 3635 5630 is.
3664 5574 3715 5627 ln

2139 5663 2354 5727 Gneco,
2386 5666 2444 5717 οὐ
2475 5664 2816 5733 φοϐηθήσε-σθε
2827 5699 2841 5712 .

2211 5744 2235 5784 tt
2268 5722 2435 5803 Editi,
2456 5722 2687 5786 Imitetur.
2719 5730 2863 5785 Libri
2887 5736 3117 5794 veteres,
3149 5722 3424 5796 habentur.-
