3964 6178
227 323 334 393 903

1206 323 1608 387 llEXAEMERl
1649 319 2134 386 METAPURASIS
2171 327 2375 384 LIBER
2415 323 2500 381 ιγ.

3408 323 3515 382 900

227 461 286 507 ut
311 463 421 507 neu
453 448 746 522 Egyptum
775 451 963 516 totum,
995 464 1114 519 quae
1143 450 1327 519 utique
1357 449 1616 506 devexior
1644 450 1814 504 babe-
1841 453 1888 508 Α
1919 445 2240 516 corporibus
2267 445 2334 499 sit
2356 443 2594 512 illapsus,
2613 441 2922 496 universum
2949 448 3129 496 tamen
3144 438 3330 495 orbem
3361 446 3517 495 terra:

228 555 332 609 tur,
365 543 663 609 invaderet,
711 543 1071 613 proximoque
1096 543 1287 613 pelago
1341 544 1686 609 misceretur,
1723 543 1822 597 nisi

227 643 500 706 praecepto
526 633 837 688 Conditoris
866 642 1009 690 esset
1035 634 1316 688 inhibitum
1338 635 1360 688 ?
1382 634 1512 690 Nam
1545 636 1671 704 quia
1719 636 1826 688 hu-

229 725 408 783 milior
434 732 518 780 est
547 723 812 796 Egyptus
843 725 1027 781 Rubro
1080 727 1232 791 mari,
1266 727 1570 782 certissime
1621 736 1647 763 ⁸
1673 726 1827 781 doce-

229 833 349 873 mur
372 816 440 871 ab
465 815 549 870 bis
575 815 669 886 qui
697 813 1006 886 Egyptium
1037 824 1093 872 et
1138 816 1380 872 iudicum
1412 833 1561 872 mare
1601 818 1826 885 conjun-

228 921 358 976 gere
387 907 695 972 Voluerunt,
737 923 964 978 quorum
990 909 1194 978 primus
1231 919 1313 964 est
1345 909 1622 966 Sesostres
1660 909 1828 981 Egy-

229 1001 399 1071 ptius,
424 997 695 1054 secundus
723 999 914 1054 Darius
942 999 1146 1054 Medus.
1170 999 1296 1055 Hch
1315 1016 1381 1056 eo
1402 1001 1534 1064 dixi,
1557 1009 1614 1055 ut
1634 1000 1827 1056 divina:

230 1091 530 1148 sanctionis
550 1089 846 1160 potentiam
877 1106 1243 1146 nosceremus.
1278 1091 1659 1164 Congregentur
1679 1110 1828 1163 aqua:

230 1188 282 1240 in
305 1185 762 1256 congregationem
800 1201 977 1249 unam,
1011 1185 1062 1238 id
1110 1193 1213 1252 est,
1245 1186 1412 1240 altera
1435 1203 1544 1242 non
1569 1187 1830 1257 procedat

231 1295 296 1335 ex
320 1277 437 1343 illa,
467 1275 562 1331 sed
589 1277 642 1330 in
673 1276 847 1346 primo
868 1278 1278 1349 conceptaculo,
1309 1294 1431 1348 quae
1469 1280 1696 1336 collecta
1745 1288 1830 1337 est

233 1380 506 1427 teneatur.

304 1462 357 1516 4.
390 1462 594 1517 Deinde
620 1477 743 1518 cum
763 1461 971 1517 diceret
998 1480 1010 1514 :
1040 1460 1428 1534 Congregentur
1448 1465 1502 1518 in
1525 1481 1684 1518 unam
1705 1481 1830 1518 con-

232 1559 608 1630 gregationem,
640 1555 958 1624 docuitquia
980 1556 1162 1610 multa:
1193 1562 1347 1610 erant
1377 1571 1528 1625 aquae
1552 1558 1717 1614 variis
1747 1557 1831 1612 di-

231 1647 362 1700 visae
385 1646 578 1700 modis.
613 1644 755 1701 Loca
779 1645 922 1700 enim
950 1647 1235 1712 convallia,
1268 1647 1704 1716 profundioribus
1728 1664 1828 1704 na-

232 1739 485 1793 turaliter
510 1747 706 1792 cavata
741 1739 952 1808 Spatiis,
1001 1739 1271 1794 habebant
1299 1756 1492 1811 aquam
1522 1742 1828 1811 collectam,

1928 537 2336 607 complectitur;
2368 534 2449 590 sic
2496 541 2550 588 et
2578 547 2838 602 aquarum
2869 538 3058 586 natura
3087 530 3332 600 quamvis
3360 529 3524 585 variis

1928 627 2215 682 commissa
2231 624 2556 680 stationibus
2572 631 2841 687 teneatur,
2861 637 2964 678 una
2983 631 3160 677 tamen
3183 629 3268 677 est
3290 623 3522 678 maxima

1929 720 2298 789 congregatio,
2328 735 2446 788 quae
2485 733 2645 774 omne
2694 717 2824 773 illud
2853 718 3178 774 elementum
3207 718 3466 773 discernit
3493 734 3522 772 τι

1929 810 2159 865 caeteris.
2196 809 2369 865 Lacus
2424 809 2567 864 enim
2622 810 2712 879 qui
2769 809 2914 864 circa
2970 810 3218 878 regiones
3259 809 3526 863 habentur

1930 912 2163 967 arctoas,
2187 904 2272 958 vel
2302 903 2355 958 in
2386 902 2754 973 Hellesponto,
2787 918 2882 958 seu
2911 903 2964 958 in
2993 901 3329 971 Macedonia,
3357 902 3444 957 vel
3470 902 3523 956 iu

1929 996 2182 1068 Bithynia
2222 996 2672 1065 congregationcs
2699 996 2818 1050 sine
2843 994 3010 1050 dubio
3036 995 3408 1061 nominantur;
3431 995 3526 1050 sed

1931 1088 2095 1142 modo
2125 1087 2280 1142 nobis
2306 1087 2514 1142 mentio
2543 1094 2626 1142 est
2645 1086 2713 1142 de
2743 1087 2854 1152 illa,
2877 1101 2998 1157 qua:
3026 1086 3250 1155 reliquis
3277 1087 3528 1142 omnibus

1931 1183 2006 1237 ita
2030 1181 2291 1252 prolixior
2318 1189 2422 1248 est,
2451 1189 2508 1236 ut
2531 1189 2796 1236 terrarum
2831 1180 3166 1251 amplitudini
3193 1189 3523 1250 comquetur.

1931 1280 1985 1328 et
2000 1287 2306 1343 quanquam
2327 1283 2349 1309 ο
2378 1273 2431 1327 in
2456 1273 2752 1328 minoribus
2773 1287 2990 1342 quoque
3019 1271 3552 1342 congregationibus

1932 1381 2192 1436 aquarum
2237 1367 2415 1421 inesse
2464 1365 2861 1421 multitudinem
2910 1367 3090 1420 nullus
3137 1366 3384 1429 obsistat,
3416 1381 3524 1420 nou

1933 1465 2115 1511 tamen
2168 1457 2287 1512 illas
2315 1457 2436 1526 quis
2478 1456 2583 1512 rite
2637 1457 2807 1512 maria
2855 1457 3230 1527 nuncupabit:
3281 1456 3529 1526 quamvis

1933 1560 2094 1606 certa:
2121 1549 2347 1620 paludes
2374 1550 2645 1619 salsugine
2668 1550 2832 1605 maris
2863 1550 3070 1605 infectae
3095 1551 3202 1604 sint
3226 1589 3240 1613 ,
3271 1550 3411 1604 sicut
3440 1551 3528 1604 illa

1932 1657 2053 1712 qua:
2082 1643 2351 1698 vocitatur
2375 1641 2393 1680 ι
2414 1642 2676 1698 Asfaltitis
2698 1643 2750 1696 in
2780 1643 3022 1712 partibus
3049 1641 3269 1711 Judacze,
3299 1643 3381 1697 vel
3403 1641 3531 1699 Ser-

1935 1735 2155 1801 bonitis,
2187 1751 2309 1804 qua:
2349 1735 2490 1790 inter
2511 1734 2802 1805 Egyptum
2830 1733 3280 1804 Palaestinamque
3320 1735 3527 1802 jacens,

233 1842 338 1882 nec
369 1844 476 1881 non
508 1827 669 1882 etiam
698 1827 874 1899 campi
905 1829 1050 1898 pleni
1079 1838 1254 1895 erant,
1303 1831 1710 1888 similitudinem
1737 1849 1832 1903 pe-
1865 1826 1906 1884 Β
1935 1825 2152 1882 deserta
2174 1825 2441 1894 contingit
2469 1824 2698 1879 Arabia).
2730 1823 2929 1880 Omnes
2958 1824 3040 1880 lue
3067 1825 3282 1894 quidem
3311 1825 3534 1895 paludes

234 1915 344 1986 lagi
369 1915 682 1979 referentes,
708 1918 933 1988 aliaeque
964 1919 1234 1988 ejusmodi
1259 1922 1524 1990 regiones,
1551 1923 1620 1978 de
1641 1924 1833 1994 quibus

235 2007 492 2064 omnibus
537 2007 589 2062 in
639 2024 800 2062 unam
862 2011 1335 2079 congregationem
1381 2012 1655 2070 conﬂuere
1708 2023 1835 2072 sunt

236 2109 541 2170 praecepta.
562 2096 628 2153 Et
655 2100 830 2158 nullus
859 2099 1023 2167 dicat,
1052 2103 1174 2171 quia
1197 2103 1240 2156 si
1268 2111 1436 2158 totam
1458 2112 1681 2175 terram,
1705 2114 1835 2163 tunc

238 2206 505 2259 aquarum
553 2198 764 2246 texerat
811 2192 1118 2260 multitudo,
1150 2193 1502 2252 nihilominus
1528 2211 1591 2251 ea
1618 2213 1834 2268 quoque

238 2281 382 2344 loca,
416 2282 468 2335 in
496 2295 615 2350 qua:
643 2288 832 2352 postea
857 2281 1020 2351 jussac
1049 2294 1174 2339 sunt
1195 2300 1347 2355 aqua:
1375 2301 1718 2354 concurrere,
1743 2305 1833 2346 re-

239 2373 386 2443 pleta
414 2380 542 2426 tunc
563 2379 737 2427 erant.
773 2371 873 2426 Ubi
904 2388 1034 2442 ergo
1055 2373 1278 2430 deberet
1319 2391 1456 2445 aqua
1492 2378 1693 2447 colligi,
1716 2395 1834 2449 qure

239 2479 436 2520 omnes
465 2472 730 2520 terrarum
755 2473 941 2535 partes
970 2465 1272 2521 invaserat?
1301 2468 1380 2523 Ad
1405 2469 1509 2524 hoc
1537 2471 1834 2540 responde-

238 2572 380 2622 mus,
412 2556 537 2626 quia
581 2555 796 2625 quando
837 2555 1132 2626 prtcce‘ptio
1182 2557 1308 2613 data
1358 2568 1443 2614 est
1473 2568 1532 2614 ut
1572 2560 1626 2615 in
1673 2576 1835 2616 unam

239 2647 716 2716 congregationem
755 2648 984 2716 coirent,
1019 2657 1144 2704 tunc
1172 2657 1227 2704 et
1255 2653 1616 2721 susceptionis
1652 2668 1837 2707 earum

241 2751 410 2791 causa
436 2735 718 2805 processit.
746 2734 930 2811 Neque
972 2736 1115 2792 enim
1147 2747 1264 2792 erat
1293 2739 1384 2794 illo
1417 2747 1660 2810 tempore
1687 2757 1840 2798 mare

241 2825 390 2896 quod
415 2832 567 2880 extra
595 2823 860 2881 Gaddiros
884 2834 987 2895 est,
1019 2841 1121 2883 nec
1147 2828 1442 2884 maximum
1467 2831 1629 2898 illud,
1659 2840 1715 2888 et
1743 2847 1838 2889 so-

240 2920 310 2976 lis
351 2919 643 2975 audacibus
671 2920 971 2990 navigabile
989 2921 1236 2992 pelagus,
1281 2923 1426 2992 quod
1476 2924 1840 2983 Britannicam

240 3010 498 3095 insulam,
523 3020 578 3066 et
605 3011 834 3068 Hiberos
861 3013 1117 3070 occiduas
1144 3015 1314 3082 alluit,
1356 3017 1661 3074 habebatur
1678 3061 1692 3087 ,
1742 3021 1841 3077 sed

240 3103 591 3178 postmodum
616 3104 769 3174 jussu
817 3106 913 3161 Dei
941 3107 1214 3177 capacitas
1239 3098 1512 3167 suﬂiciens
1540 3122 1841 3182 pneparata

1934 1927 2082 1984 sunt,
2117 1933 2284 1974 unum
2326 1927 2510 1973 tamen
2540 1918 2772 1973 habetur
2798 1933 2969 1986 mare,
3001 1919 3142 1973 sicut
3169 1926 3416 1973 asserunt
3441 1919 3532 1988 qui

1935 2011 2277 2082 peragrando
2307 2000 2479 2065 terras
2506 2025 2697 2064 omnes
2744 2009 3014 2064 obierunt.
3049 2007 3157 2064 Sed
3184 2008 3533 2080 Hyrcanium,

1935 2101 2300 2173 Caspiumque
2324 2101 2500 2156 lacum
2523 2100 2740 2169 quidam
2772 2100 2824 2154 in
2853 2101 3176 2169 semetipsos
3199 2102 3531 2156 circumscri-

1936 2203 2060 2265 ptos
2089 2207 2210 2249 esse
2236 2191 2606 2261 pronuntiant.
2641 2189 2710 2244 Et
2735 2205 2866 2245 sane
2904 2191 3158 2260 quoniam
3187 2199 3404 2262 oportet
3432 2207 3531 2248 nos

1936 2284 2320 2340 historicorum
2385 2281 2860 2352 cosmographiam
2933 2281 3243 2350 diligentius
3301 2283 3530 2347 intueri,

1937 2378 2063 2448 quid
2086 2377 2155 2432 de
2180 2375 2266 2431 bis
2287 2375 2519 2430 relatum
2541 2374 2612 2429 sit
2640 2373 2934 2429 audiamus.
2968 2374 3167 2430 Ferunt
3210 2374 3392 2444 itaque
3420 2389 3532 2430 me~

1937 2478 2178 2525 moratos
2197 2469 2348 2524 lacus
2371 2466 2600 2523 occultis
2613 2465 2933 2535 quibusdam
2949 2464 3251 2536 perforatos
3265 2467 3529 2529 cavernis.

1938 2564 1994 2619 in
2025 2577 2174 2616 mare
2196 2561 2487 2615 maximum
2504 2574 2631 2614 suos
2659 2566 2869 2612 meatus
2887 2557 3168 2623 evolvere;
3200 2557 3340 2612 unde
3367 2558 3530 2612 etiam

1941 2651 2184 2708 Rubrum
2212 2651 2436 2722 pelagus
2465 2648 2764 2704 affirmatur
2792 2648 2844 2702 in
2874 2662 3024 2702 mare
3051 2647 3196 2716 quod
3223 2647 3366 2707 ultra,
3389 2645 3530 2702 Gad-

1941 2744 2091 2800 diros
2113 2743 2343 2798 habetur
2369 2741 2612 2797 eﬂluere.
2644 2739 2927 2808 Quomodo
2975 2754 3127 2810 ergo,
3177 2741 3446 2810 inquiunt,
3487 2743 3531 2798 si

1901 2833 2086 2889 ~Deus
2131 2833 2373 2887 diversas
2421 2847 2683 2901 aquarum
2731 2831 3015 2900 stationes,
3069 2832 3240 2887 maria
3295 2833 3529 2898 vocavit,

1941 2925 2197 2997 quoniam
2235 2925 2289 2979 in
2338 2939 2504 2979 unum
2553 2922 2995 2993 conceptaculum
3038 2932 3429 2991 convenerunt,
3479 2933 3530 2980 ct

1941 3032 2129 3073 rursus
2156 3013 2605 3084 congregationes
2632 3029 2845 3082 omnes,
2873 3013 2926 3069 id
2953 3021 3036 3069 est
3063 3013 3235 3080 sinus,
3264 3030 3404 3083 quos
3431 3030 3531 3086 pro

1943 3110 2221 3166 schemate
2246 3124 2345 3164 suo
2388 3115 2548 3162 terra:
2574 3107 2930 3162 circumdatio
2959 3107 3388 3179 comprehendit,
3417 3125 3529 3164 ma-

241 3204 347 3261 est,
374 3204 434 3250 ut
475 3212 736 3266 aquarum
775 3197 972 3253 ibidem
1022 3199 1308 3255 multitudo
1345 3201 1662 3258 conﬂueret.
1702 3203 1730 3242 ι’
1761 3204 1836 3259 De
1862 3199 1908 3262 C
1938 3202 2019 3257 ria
2066 3199 2412 3256 nihilominus
2433 3199 2793 3268 appellantur,
2827 3198 2879 3251 id
2918 3207 3021 3261 est,
3053 3215 3206 3255 mare
3251 3198 3531 3267 Arctoum,

241 3303 349 3356 qua
379 3301 438 3342 re
470 3287 723 3356 quoniam
745 3303 1043 3358 repugnare
1061 3290 1274 3346 videtur
1296 3301 1493 3348 nostra:
1521 3293 1834 3350 mundilica-

242 3379 410 3434 tionis
441 3393 644 3445 sermo,
672 3372 973 3436 dieentibus
1018 3381 1379 3454 philosophis,
1409 3399 1476 3439 eo
1505 3385 1648 3455 quod
1675 3387 1834 3441 mini-

243 3487 332 3526 me
359 3471 413 3525 in
463 3487 624 3524 unam
665 3472 1158 3541 congregationem,
1207 3475 1344 3530 sicut
1390 3476 1599 3546 experti
1627 3492 1832 3547 sumus,

243 3579 383 3633 aqua
414 3563 643 3620 collecta
689 3571 794 3631 est,
830 3564 1012 3621 dicere
1038 3566 1254 3634 quidem
1297 3567 1463 3622 multa
1493 3576 1548 3624 et
1585 3570 1834 3626 omnibus

244 3662 375 3709 nota
402 3668 682 3724 possemus
713 3673 726 3706 :
763 3664 785 3692 ε
808 3654 902 3710 sed
932 3669 999 3710 ne
1029 3656 1355 3712 contendere
1383 3674 1507 3712 cum
1535 3659 1730 3715 talibus
1759 3661 1834 3715 ri-

241 3744 479 3800 diculum
533 3744 798 3811 videatur,
824 3761 1127 3816 quanquam
1169 3747 1333 3802 etiam
1383 3749 1625 3820 objicere
1681 3752 1836 3807 nobis

244 3835 508 3890 deberent
528 3834 748 3905 paludes
775 3843 830 3890 et
857 3845 1065 3906 stagna,
1096 3852 1197 3893 nec
1225 3854 1334 3894 non
1372 3855 1466 3896 eas
1507 3856 1678 3912 aquas
1717 3858 1835 3913 qua:

241 3926 576 3995 colliguntur
601 3941 669 3981 ex
699 3926 979 3993 imbribus,
1005 3934 1066 3982 ut
1087 3942 1187 4000 per
1205 3928 1328 3984 haec
1348 3932 1701 3988 assertionem
1736 3950 1836 3989 no-

241 4019 339 4074 stri
370 4017 637 4072 sermonis
665 4017 1038 4088 infringerent,
1087 4019 1261 4074 sciant
1303 4029 1484 4077 tamen
1513 4023 1637 4092 quia
1663 4026 1836 4080 maxi-

238 4126 404 4176 mam,
430 4107 830 4180 perfectamque
853 4124 1109 4198 aquarum
1137 4113 1375 4167 omnium
1395 4115 1831 4182 concursionem,

236 4202 384 4256 Deus
394 4201 608 4256 vocavit
630 4202 1099 4272 congregationem.
1117 4201 1253 4257 Nam
1271 4211 1530 4274 etputeus
1551 4222 1704 4277 aqure
1716 4208 1833 4263 col-

235 4293 402 4348 lectio
415 4300 499 4347 est
521 4291 844 4358 manufacta,
869 4294 923 4347 in
943 4293 1260 4363 profundam
1275 4298 1610 4354 cavationem
1629 4299 1834 4368 liquore

234 4389 486 4458 delapso.
540 4385 656 4441 Non
686 4400 814 4455 ergo
846 4388 1096 4456 quaelibet
1137 4404 1394 4458 aquarum
1449 4393 1833 4462 conceptacula

236 4479 677 4550 congregationis
703 4479 845 4533 illius
875 4480 1193 4535 vocabulum
1222 4481 1586 4552 manifestam,
1619 4484 1712 4540 sed
1742 4485 1831 4540 illa

1937 3309 2088 3350 mare
2104 3292 2375 3356 Australe,
2412 3305 2562 3344 mare
2603 3288 2794 3354 Eoum,
2826 3304 2977 3345 mare
3005 3287 3319 3356 Occiduum,
3352 3303 3407 3348 et
3428 3296 3530 3349 ite-

1937 3399 2055 3439 rum
2076 3381 2498 3451 uniuscujusque
2522 3379 2696 3450 pelagi
2722 3380 2941 3449 propria
2969 3381 3188 3434 nomina
3205 3391 3350 3446 sunt,
3366 3382 3530 3438 Euxi-

1939 3489 2097 3539 num,
2154 3471 2592 3542 Hellespontum,
2640 3468 2917 3538 Egaaum,
2961 3469 3208 3540 lenium,
3263 3471 3526 3537 Siculum,

1937 3559 2295 3638 Tyrrhenum,
2328 3571 2386 3618 et
2411 3562 2517 3618 alia
2548 3561 2800 3633 plurima,
2850 3576 3083 3632 quorum
3129 3562 3367 3618 oumium
3417 3565 3529 3619 siu-

1935 3660 2161 3730 gillatim
2182 3659 2444 3716 vocabula
2470 3673 2790 3730 percurrere
2819 3659 3034 3728 longum
3058 3659 3217 3715 nimis
3246 3668 3301 3715 et
3329 3676 3526 3731 opero-

1936 3766 2054 3806 sum
2085 3759 2169 3805 est
2198 3767 2211 3803 :
2243 3758 2533 3820 propterea
2580 3731 3032 3818 congregationes
3079 3767 3343 3821 aquarum
3387 3751 3529 3809 Deus

1935 3842 2106 3895 maria
2131 3841 2450 3896 nominavit.
2476 3839 2584 3894 Sed
2615 3855 2714 3894 nos
2751 3840 2968 3909 quidem
3003 3856 3143 3896 nunc
3165 3842 3233 3897 ad
3259 3845 3362 3899 hoc
3387 3859 3528 3914 plu:-

1935 3931 2203 3988 tereuntis
2228 3931 2364 3986 ordo
2394 3931 2663 3986 sermonis
2683 3930 2908 3986 adduxit
2939 3949 2952 3984 :
2983 3931 3050 3987 ad
3081 3932 3207 3989 illud
3231 3947 3358 3990 vero
3382 3935 3528 4005 quod

1936 4023 2135 4079 dudum
2159 4021 2421 4092 coepimus
2443 4030 2800 4076 revertamur.

2010 4112 2059 4167 5.
2102 4112 2173 4166 Et
2199 4113 2334 4166 dixit
2363 4110 2502 4166 Deus
2531 4129 2549 4166 :
2580 4110 2965 4185 Congregentur
2992 4129 3142 4185 aqua:
3168 4118 3220 4170 in
3249 4133 3528 4190 congrega-

1938 4209 2126 4262 tionem
2165 4221 2344 4271 unam,
2373 4212 2421 4258 et
2461 4214 2712 4274 appareat
2740 4205 2912 4257 arida.
2965 4203 3078 4259 Non
3109 4205 3241 4260 dixit
3270 4219 3528 4278 appareat

1939 4309 2100 4363 terra,
2133 4288 2440 4353 ne'iterum
2487 4311 2604 4350 eam
2651 4296 3061 4366 incompositam
3110 4298 3525 4365 demonstraret,

1955 4397 2142 4461 utpote
2165 4389 2407 4444 limosam
2432 4395 2488 4442 et
2511 4387 2686 4442 adhuc
2706 4402 2771 4442 ex
2795 4403 3052 4456 aquarum
3079 4389 3426 4447 inundatione
3442 4392 3528 4447 de-

1937 4483 2186 4548 formem,
2211 4490 2370 4549 atque
2401 4479 2685 4534 invalidam
2711 4495 2724 4542 ;
2756 4479 3019 4551 simulque
3038 4497 3109 4565 pe
3134 4482 3234 4537 soli
3263 4482 3527 4555 quispiam

237 4573 478 4628 maxima
508 4571 884 4640 excellensque
896 4573 1167 4642 susceptio
1186 4616 1199 4637 ,
1233 4574 1284 4628 in
1307 4590 1465 4644 quem
1484 4574 1509 4613 ά
1533 4585 1704 4631 totum
1729 4578 1834 4633 ele-
1861 4579 1911 4639 Β
1935 4590 2151 4631 causam
2185 4584 2413 4629 terrenae
2441 4573 2748 4628 siccatiouis
2777 4572 3087 4636 ascriberet,
3112 4575 3305 4631 merito
3329 4577 3525 4632 nativi-

236 4673 482 4722 mentum
509 4673 730 4733 repente
757 4664 1010 4719 collatum
1038 4673 1138 4719 est.
1167 4665 1297 4719 Nam
1319 4667 1459 4722 sicut
1480 4668 1616 4736 ignis
1639 4669 1692 4723 in
1713 4685 1832 4740 par-

235 4757 378 4810 vulis
426 4770 492 4809 ac
520 4755 745 4809 diversis
792 4754 1094 4826 quibusque
1134 4757 1375 4810 materiis
1414 4766 1499 4814 est
1534 4758 1826 4829 dispersus,

234 4844 530 4916 perlubens
574 4844 826 4900 omnibus
864 4860 1017 4898 usum
1047 4847 1406 4902 necessarium
1427 4889 1442 4912 ,
1475 4856 1620 4904 totus
1648 4859 1828 4905 tamen

234 4935 288 4990 in
311 4934 519 4989 aethere
564 4934 889 5000 continetur,
922 4934 1273 5004 similiterque
1301 4952 1413 5002 aer,
1458 4938 1584 4993 licet
1610 4940 1831 5009 singulis

307 5149 332 5175 ἰ
364 5136 510 5190 Libri
541 5136 804 5206 impressi,
859 5137 1098 5191 docemur
1126 5137 1188 5190 ab
1214 5139 1314 5204 liis,
1344 5140 1482 5206 quia.
1506 5140 1689 5195 Codex
1719 5158 1819 5197 no-

235 5217 348 5264 ster
371 5218 426 5263 et
444 5207 606 5278 golb.
655 5207 938 5278 secundus,
968 5207 1208 5261 docemur
1220 5213 1298 5278 ρο
1347 5207 1426 5262 his
1444 5251 1456 5270 ,
1483 5213 1588 5278 qui.
1622 5211 1822 5267 Ibidem

233 5279 389 5344 editi,
414 5275 729 5350 .ﬂggptnm._
752 5276 900 5331 Colb.
930 5279 1156 5350 primus,
1186 5276 1259 5330 1E
1266 5275 1693 5350 ggptiumwene.
1720 5281 1825 5337 Ali-

232 5356 440 5417 quanto
469 5346 591 5417 post
616 5346 772 5401 Colb.
804 5346 1089 5413 secundus,
1132 5349 1241 5402 lateo
1268 5346 1403 5403 idco.
1430 5349 1530 5403 Alii
1560 5349 1668 5405 duo
1690 5367 1818 5406 mss.

233 5419 468 5540 etlediti,
501 5418 609 5472 [uec
635 5435 712 5472 eo.
742 5417 861 5471 Mox
913 5435 1051 5473 unus
1101 5434 1226 5484 ms.,
1277 5421 1332 5472 in
1379 5420 1544 5488 primo
1593 5431 1822 5491 recepta-

234 5505 372 5540 cna.

234 5505 584 5680 “Eokntiqui
608 5557 713 5612 duo
743 5557 884 5624 libri,
919 5557 993 5611 De
1019 5577 1118 5630 qua
1146 5577 1217 5613 re.
1245 5560 1360 5614 Vox
1384 5560 1568 5614 ultima
1595 5561 1745 5616 deest
1767 5564 1820 5617 in

241 5646 309 5680 νυ
333 5637 488 5680 antis.

333 5643 466 5664 "ull:

333 5643 378 5678 πε
429 5637 488 5681 ‘5.

241 5637 530 5756 vuiollﬂtditi,
565 5697 653 5750 sed
696 5713 784 5750 nec
839 5699 1142 5753 contendere
1172 5700 1380 5755 talibus.
1435 5700 1598 5757 Vetus
1643 5703 1818 5758 codex

238 5781 444 5839 noster,
467 5768 558 5823 sed
586 5784 648 5820 ne
667 5769 974 5822 contendere
992 5787 1108 5825 enm
1129 5771 1333 5826 talibus.
1360 5771 1475 5827 Vox
1505 5789 1617 5828 cum
1640 5773 1820 5828 addita

525 5866 792 5925 l’nuoc.
844 5861 1002 5923 Llll.

1937 4673 2051 4720 tate
2089 4666 2216 4720 solis
2260 4666 2583 4720 anteriorem
2627 4664 2833 4718 telluris
2862 4663 3160 4720 ariditatcm
3192 4665 3419 4724 Creator
3447 4669 3527 4726 in.

1943 4759 2135 4814 stituit.
2168 4758 2401 4814 Advorte
2427 4771 2663 4826 namque
2701 4771 2861 4812 sensu
2907 4755 3232 4825 diligentius,
3264 4761 3388 4829 quia
3418 4778 3526 4819 non

1937 4851 2109 4906 solum
2161 4865 2319 4918 aqua,
2347 4863 2466 4917 qua:
2512 4846 2852 4916 superfuerat
2905 4855 3078 4913 terrae,
3113 4849 3207 4904 sed
3237 4852 3399 4907 etiam
3431 4854 3524 4910 illa

1935 4955 2056 5010 qua:
2104 4941 2158 4995 in
2207 4938 2643 5010 profundioribus
2681 4937 2924 5008 partibus
2963 4939 3228 5010 latitahat,
3270 4942 3524 5001 famulata

1935 5149 2019 5222 est
2037 5140 2252 5222 quidem
2277 5141 2336 5222 in.
2359 5140 2462 5222 hoc
2484 5150 2673 5221 nostro
2701 5139 2858 5206 libro,
2883 5139 2975 5196 sed
3005 5150 3099 5196 aut
3119 5143 3304 5198 eadem
3334 5159 3519 5214 manu,

1933 5219 2026 5265 aut
2048 5218 2196 5265 certe
2225 5218 2615 5280 antiquissima.

2005 5280 2028 5318 ά
2062 5280 2154 5335 Sic
2199 5280 2351 5335 Colb.
2406 5281 2824 5337 secundus.~Alii
2882 5281 2989 5336 duo
3019 5297 3145 5337 mss.
3197 5291 3254 5338 et
3280 5283 3521 5348 editi,in

1929 5368 2100 5422 quam.
2137 5350 2288 5405 Haud
2319 5349 2474 5419 longe
2495 5349 2648 5407 Colb.
2675 5351 2962 5418 secundus,
2991 5351 3262 5418 providens
3285 5353 3518 5410 omnibus

1927 5438 2095 5475 usum.

2007 5501 2029 5527 θ
2062 5491 2288 5564 Veteres
2313 5489 2420 5544 duo
2461 5490 2583 5546 libri
2610 5501 2664 5548 et
2684 5493 2834 5561 editi,
2865 5503 2914 5548 et
2930 5492 3181 5564 quidquid
3213 5493 3267 5546 in
3297 5495 3517 5550 minori-

1932 5561 2041 5642 bus.
2061 5560 2236 5642 ﬁlius,
2259 5570 2307 5642 et
2326 5577 2617 5642 quanquam
2646 5565 2700 5616 in
2731 5560 3028 5642 minorique.

2005 5578 2041 5615 ς.
2070 5578 2236 5642 Anus,
2259 5578 2307 5614 et
2360 5578 2617 5642 nunquam
2646 5581 2700 5616 in
2731 5578 3028 5640 inmoratus.

2005 5630 2023 5668 ί
2059 5630 2220 5697 Editi,
2243 5578 2528 5698 Aslliaatitts.
2548 5631 2713 5689 Vetus
2735 5634 2821 5688 ille
2844 5639 3028 5688 noster
3049 5631 3204 5699 liber,
3235 5634 3514 5704 Asfaltitis.

1930 5701 2137 5768 Graece,
2170 5703 2500 5770 negarim.

3193 5868 3274 5928 29
