3964 6198
479 299 593 361 De?

1951 296 2309 373 EUSTATllll
3286 320 3294 325 ’
3582 319 3661 384 θω

1951 414 2058 473 Suf-
2096 420 2141 479 Α
2170 418 2331 511 gitur,
2437 431 2537 489 est,
2572 440 2669 494 per
2692 422 3036 496 frigiditatem
3061 438 3226 501 terrae,
3257 446 3345 502 per
3366 428 3667 496 humilitatem

1951 511 2075 549 γης-ἲς
2182 515 2292 549 σιονί
2412 531 2669 549 IIl-alienun
2719 532 2812 549 Ann
2868 520 3242 549 :n\lnnnnnr~:nn.\
3286 538 3369 549 -..η
3418 528 3665 549 ..ηηειςηκμ

493 427 756 489 praerepto
777 419 1098 473 don'iinautis
1126 416 1348 474 eilluxit.
1386 416 1453 471 Et
1491 391 1684 489 factum
1704 425 1778 470 est
1806 418 1899 471 sic.
1934 414 2058 473 Suf-
2096 420 2141 479 Α
2170 418 2330 502 gitur,
2356 420 2406 477 id
2437 431 2537 489 est,
2572 440 2669 494 per
2692 422 3036 496 frigiditatem
3061 438 3226 501 terrai,
3257 446 3345 502 per
3366 428 3667 496 buuiiditateui

493 511 603 565 ticit
639 511 796 579 igitur
824 510 1056 579 adjectio
1087 512 1212 581 ista,
1241 510 1526 567 declarans
1550 525 1739 566 vocem
1764 508 2075 566 Conditoris

494 601 705 658 effectui
735 603 1120 673 mancipatam;
1154 603 1278 665 licet
1307 604 1535 657 relatum
1559 603 1629 657 sit
1658 603 1710 657 in
1740 602 1924 658 multis
1947 617 2073 657 cos-

493 693 818 763 mngraphiae
836 693 1141 749 codicibus:
1162 693 1285 762 quia
1313 693 1524 747 collecta
1551 702 1628 748 est
1655 710 1809 766 aqua,
1828 708 1940 764 quae
1963 694 2074 764 fue-

494 796 574 839 rat
601 785 773 840 subter
799 784 923 840 caelo
952 786 1004 840 in
1030 786 1450 856 congregatioues
1469 800 1612 852 suas,
1640 792 1688 837 et
1709 784 1951 854 apparuit
1970 784 2077 837 ari-

493 880 597 942 da;
633 879 778 948 quod
801 886 949 934 certe
972 892 1072 933 nec
1104 878 1434 949 reliquorum
1470 878 1976 947 commentariorum
2002 876 2075 931 ita

492 987 616 1028 esse
637 970 942 1027 manifestat
963 971 1147 1035 editio,
1172 986 1271 1027 nec
1290 987 1416 1025 usus
1436 970 1687 1041 exprimit
1709 969 2074 1035 Hebraeorum.

502 1062 638 1118 Nam
685 1078 873 1118 revera
917 1061 1182 1133 superﬂua
1229 1061 1500 1117 videretur
1547 1071 1669 1131 post
1713 1061 2076 1116 testimonium

497 1171 604 1225 quo
649 1156 924 1221 asseritur,
949 1157 1070 1226 quia
1100 1157 1290 1227 factum
1318 1161 1393 1206 est
1437 1155 1530 1219 sic,
1562 1166 1747 1206 rursus
1789 1151 1857 1206 de
1885 1150 2074 1205 iisdem

497 1247 727 1316 repetita
755 1247 1010 1303 narratio.
1046 1246 1113 1302 Et
1153 1248 1344 1301 vocavit
1385 1245 1520 1299 Deus
1550 1244 1755 1298 aridam
1790 1252 1998 1311 terram,
2027 1251 2077 1296 et

491 1341 739 1397 stationes
785 1354 1036 1409 aquarum
1070 1346 1094 1373 ι
1123 1339 1318 1411 vacavit
1345 1338 1531 1390 maria.
1561 1333 1670 1389 Cur
1708 1342 1764 1389 et
1792 1334 1843 1388 in
1873 1348 2076 1403 praece-

492 1429 747 1486 dentibus
781 1427 986 1487 dictum
1015 1436 1116 1494 est,
1145 1435 1517 1499 congregantur
1542 1441 1688 1496 aqua:
1712 1425 1765 1478 in
1788 1440 2074 1493 congrega-

496 1523 687 1577 tionem
715 1536 891 1583 unam,
923 1526 971 1573 et
1000 1526 1250 1588 appareat
1278 1516 1452 1587 arida,
1482 1532 1606 1571 cum
1632 1513 1803 1581 magis
1830 1512 1935 1569 dici
1976 1511 2076 1567 dc-

496 1612 717 1674 buisset,
749 1617 998 1685 appareat
1021 1617 1190 1672 terra;
1217 1616 1272 1661 et
1292 1608 1486 1661 iterum
1519 1623 1530 1659 :
1563 1606 1808 1676 apparuit
1831 1603 2002 1667 arida,
2029 1610 2078 1655 et

496 1703 689 1769 aptarit
719 1700 858 1755 Deus
887 1700 1088 1757 aridam
1118 1699 1340 1752 terram?
1368 1696 1629 1763 Quoniam
1652 1695 1800 1767 arida
1832 1694 2075 1749 videlicet

2180 500 2331 568 aeri.'
2363 513 2670 585 Rursusque
2718 532 2812 573 aer
2867 500 3373 577 intercc55ione—sua
3414 528 3669 586 conciliator

2179 614 2385 662 naturae
2414 611 2763 679 repugnantis
2805 610 3050 677 efﬁcitur,
3095 614 3146 668 id
3177 624 3274 683 est,
3302 616 3424 684 ignis
3448 626 3495 671 et
3514 634 3668 687 aque:

2179 697 2287 768 igni
2337 700 2552 769 quidem
2599 701 2840 757 sociatus
2890 718 2986 773 per
3031 704 3278 772 calorem,
3308 722 3444 774 aqua:
3470 725 3576 763 vero
3600 726 3673 780 per

2179 789 2484 846 humorem.
2514 792 2657 862 Ignis
2701 801 2882 848 autem
2921 796 3172 863 quoniam
3210 795 3424 851 fervidus
3445 799 3674 868 aridasque

2167 887 2371 969 natura
2415 889 2516 946 est,
2548 883 2662 937 aeri
2692 883 2909 953 quidem
2938 885 3136 940 caloris
3169 885 3449 941 interventu
3471 890 3672 955 cohaeret,

2178 987 2278 1042 per
2306 972 2606 1028 siceitatem
2630 989 2760 1028 vero
2800 982 2956 1030 terra:
2983 977 3364 1043 communicat;
3384 986 3431 1031 et
3451 978 3539 1033 hoc
3554 979 3674 1034 modo

2187 1062 2205 1100 τ
2234 1064 2391 1133 quasi
2418 1064 2648 1121 circulus
2677 1066 2893 1134 quidam
2922 1075 2975 1120 et
3005 1067 3203 1122 chorus
3234 1070 3601 1138 compaginatus,
3619 1071 3673 1123 al-

2180 1162 2444 1211 terutrum
2482 1156 2696 1210 sibimet
2736 1158 3182 1213 convenientibus
3220 1158 3477 1213 elementis
3515 1158 3675 1214 videtur

2178 1260 2297 1300 esse
2323 1245 2611 1315 perlectus.
2646 1246 2770 1301 llmc
2802 1246 2925 1302 ideo
2953 1246 3204 1315 disserui,
3232 1255 3289 1302 ut
3316 1248 3440 1302 ordo
3469 1248 3675 1303 claresce-

2176 1344 2283 1405 ret,
2324 1345 2546 1407 propter
2573 1352 2732 1405 quem
2770 1337 2974 1391 aridam
3000 1337 3257 1391 Dominus
3279 1320 3461 1393 terram
3487 1337 3678 1392 nomina-

2180 1428 2286 1494 vit;
2317 1436 2501 1485 etnon
2524 1428 2703 1498 potius
2726 1428 2971 1487 tellurem
2998 1429 3255 1484 vocitavit
3282 1427 3489 1483 aridam.
3508 1414 3679 1481 Siccius

2176 1519 2317 1581 enim
2348 1534 2457 1577 non
2496 1518 2836 1587 postmodum
2878 1527 3059 1573 secuta
3090 1527 3195 1585 est,
3228 1518 3319 1574 sed
3347 1527 3453 1573 erat
3471 1518 3679 1580 anterior;

2174 1608 2371 1683 quippe
2393 1623 2511 1677 qua:
2533 1608 2601 1662 sit
2628 1608 3079 1675 consummatoria
3102 1610 3403 1669 substantiae
3428 1607 3542 1675 ejus,
3563 1616 3684 1674 atque

2177 1700 2298 1755 ideo
2315 1702 2436 1768 jure
2466 1700 2709 1755 vocabuli
2739 1698 2898 1768 hujus
2931 1698 3227 1769 privilegiis
3254 1698 3543 1753 honoratur.
3572 1694 3685 1750 Unde

3861 1634 3863 1784 γ

497 1791 841 1863 proprietatis
867 1798 948 1844 est
972 1789 1198 1858 species,
1229 1787 1515 1861 designans
1542 1784 1666 1839 illud
1697 1782 1840 1852 quod
1870 1792 2071 1837 naturae

2181 1782 2343 1844 etiam
2367 1791 2546 1855 tellus,
2572 1798 2630 1844 ut
2654 1797 2782 1860 pote
2810 1788 3136 1859 principalis,
3169 1803 3355 1843 causas
3384 1802 3483 1843 sum
3507 1785 3686 1841 notionis

498 1880 797 1949 subjectum
842 1884 958 1943 est;
992 1885 1133 1949 terra
1175 1890 1307 1929 vero
1348 1874 1488 1928 nuda
1531 1888 1707 1929 causa:
1752 1872 2077 1941 nuncupatio

498 1948 603 2029 est.
631 1970 777 2027 Sicut
802 1970 945 2025 enim
969 1948 1353 2022 ratiobabilitas
1381 1964 1596 2035 prOpria
1619 1963 1946 2031 estbomini,
1980 1963 2079 2016 ho-

498 2082 587 2121 mo
616 2072 795 2119 autem
826 2063 959 2132 ipse,
989 2075 1095 2114 vox
1122 2066 1205 2113 est
1233 2056 1609 2124 signiticatoria
1636 2055 1775 2110 illius
1811 2055 2072 2121 animalis,

496 2157 650 2227 cujus
684 2164 768 2212 est
794 2153 1112 2225 proprietas,
1146 2152 1217 2205 ita
1256 2158 1411 2204 terra:
1457 2148 1671 2219 prepria
1702 2149 2079 2219 principesque

496 2246 993 2319 ariditashabetur.
1027 2242 1167 2313 Ergo
1198 2241 1521 2296 elementum
1549 2240 1691 2309 quod
1720 2239 1934 2310 preprie
1961 2254 2078 2294 sor—

500 2341 656 2395 titum
676 2347 759 2394 est
786 2337 1104 2402 siccitatem,
1131 2341 1273 2388 terra
1303 2348 1409 2387 non
1438 2331 1706 2386 immerito
1736 2330 2075 2394 nominatur;

495 2432 557 2497 si.
577 2437 635 2484 ut
654 2428 853 2483 animal
881 2427 970 2482 cui
998 2425 1246 2497 proprius
1275 2432 1357 2479 est
1386 2424 1626 2481 hinnitus
1646 2437 1813 2492 equus
1843 2421 2079 2492 appella-

497 2531 602 2575 tur.
634 2519 751 2573 Non
779 2518 957 2573 solum
986 2525 1167 2571 autem
1194 2516 1298 2570 hoc
1326 2513 1393 2569 de
1421 2514 1611 2569 tellure
1653 2512 1944 2567 notandum
1973 2518 2077 2580 est,

495 2611 588 2667 sed
619 2611 782 2666 etiam
810 2610 865 2664 in
892 2608 1011 2663 aliis
1058 2606 1341 2663 elementis
1369 2605 1585 2675 propria
1618 2605 1811 2673 cuique
1849 2604 2080 2672 qualitas

417 2768 422 2773 ,
494 2711 579 2758 est
606 2703 841 2767 decreta,
868 2716 966 2779 per
992 2698 1020 2738 ι’
1050 2714 1212 2770 quam
1238 2714 1266 2752 a
1298 2698 1507 2753 caeteris
1536 2695 1742 2764 singula
1765 2695 2077 2753 discernun-

495 2803 601 2862 tur,
632 2800 688 2849 et
714 2793 875 2862 quale
900 2794 973 2867 sit
1000 2793 1175 2873 ipsum
1204 2789 1487 2845 manifeste
1515 2789 1862 2858 dignoscitur,
1887 2788 1937 2841 id
1969 2796 2072 2855 est,

494 2901 633 2961 aqua
679 2900 833 2940 suam
880 2883 1118 2943 retinens
1165 2882 1502 2952 qualitatem,
1552 2894 1649 2950 per
1692 2894 1854 2949 quam
1882 2878 2077 2949 [rigida

492 2977 910 3049 demonstratur,
937 2991 1030 3043 aer
1053 2975 1216 3041 habet
1242 2973 1619 3037 humiditatem,
1650 2971 1785 3039 ignis
1815 2970 2072 3031 ardorem.

492 3069 601 3126 Sed
628 3085 692 3125 ea
720 3067 933 3139 quidem
966 3076 1022 3122 ut
1043 3076 1170 3138 pote
1192 3066 1505 3137 principalia
1536 3065 1951 3136 compositarum
1985 3080 2074 3121 re-

492 3176 611 3215 rum
657 3160 944 3226 elementa,
992 3158 1285 3217 secundum
1325 3158 1592 3213 rationem
1619 3172 1739 3226 quae
1779 3156 1921 3212 dicta
1969 3164 2069 3225 est,
2103 3153 2150 3217 C
2180 3161 2346 3217 moris
2383 3159 2474 3228 qui
2506 3167 2702 3213 terram
2746 3157 2883 3225 rigat
2912 3163 2994 3210 est
3033 3169 3185 3208 mare
3220 3173 3233 3207 :
3267 3152 3406 3222 quod
3448 3151 3495 3204 in
3520 3144 3696 3203 occultis

493 3258 681 3306 mente.
719 3251 832 3307 sola
861 3266 1147 3322 possumus
1175 3248 1548 3319 contemplari.
1596 3248 1673 3302 Ea
1702 3266 1832 3304 vero
1871 3264 1988 3319 quae
2017 3249 2070 3302 in

492 3344 811 3416 corporibus
841 3353 861 3381 ο
895 3342 1083 3417 illapsa
1121 3348 1266 3403 sunt,
1300 3348 1355 3395 et
1381 3340 1518 3397 visui
1543 3338 1913 3409 subjiciuntur,
1943 3355 2072 3399 con-

490 3434 701 3504 junctas
729 3434 943 3515 sibimet
971 3431 1249 3507 possident.
1288 3431 1599 3500 qualitates,
1636 3430 1946 3503 nullumque
1974 3446 2070 3486 eo-

490 3542 606 3581 rum
635 3510 940 3582 absolutum
968 3531 1147 3596 potest
1173 3520 1292 3599 esse
1334 3522 1422 3578 vel
1449 3512 1696 3592 simplex,
1726 3526 1924 3593 quippe
1942 3510 2073 3592 quae

490 3620 659 3681 oculis
697 3615 1246 3687 comprehenduntur,
1297 3621 1353 3670 et
1398 3629 1578 3670 sensu.
1612 3614 1742 3675 Nam
1788 3614 1944 3669 tellus
1991 3622 2074 3670 est

490 3709 639 3781 arida
680 3716 734 3764 et
773 3707 982 3776 frigida,
1010 3722 1150 3776 aqua
1178 3704 1400 3761 humida
1428 3711 1484 3760 et
1513 3704 1725 3773 frigida,
1750 3721 1845 3765 acr
1871 3706 2073 3762 calidus

489 3807 543 3851 et
584 3796 852 3863 humidus,
883 3796 1020 3866 ignis
1046 3796 1252 3883 calidus
1293 3802 1350 3850 et
1397 3795 1606 3861 aridus;
1637 3793 1660 3830 ά
1694 3804 1855 3865 atque
1883 3798 1952 3851 ita
1978 3815 2074 3868 per

489 3887 603 3941 haec
631 3895 837 3942 natura:
858 3886 1097 3957 potentia
1119 3892 1411 3957 provocata
1432 3884 1578 3952 facit,
1604 3894 1662 3941 ut
1687 3894 2074 3957 temperamen-

489 3978 559 4031 tis
593 3977 969 4047 permixtionis
1012 3960 1234 4032 alterna:
1270 3976 1484 4047 sibimet
1520 3978 1703 4033 omnia
1731 3980 2069 4051 copulentur,

488 4069 773 4141 vicinoque
821 4069 1091 4126 elemento
1138 4053 1239 4140 per
1271 4070 1474 4126 sociam
1513 4071 1828 4140 qualitatem
1874 4088 2070 4127 unum-

488 4161 741 4231 quodque
769 4162 1062 4230 cobatreat,
1092 4171 1148 4217 et
1172 4171 1395 4233 prepter
1422 4163 1638 4225 insitam
1668 4164 1889 4233 singulis
1917 4181 2069 4221 com-

488 4253 824 4321 nnmitatem,
867 4255 1153 4309 contrariis
1197 4255 1545 4325 misceantur,
1586 4255 1723 4310 sicut
1768 4266 1910 4312 terra
1951 4272 2072 4327 qua:

488 4327 639 4415 arida
679 4350 762 4397 est
790 4350 845 4398 et
872 4342 1086 4411 frigida,
1133 4345 1474 4400 connectitur
1500 4346 1652 4413 aquis
1673 4360 1771 4414 per
1796 4348 2072 4415 cognatio-

488 4450 612 4489 nem
658 4434 993 4503 frigiditatis;
1036 4436 1148 4490 aeri
1176 4443 1354 4490 autem
1386 4452 1481 4506 per
1513 4445 1535 4473 ε
1575 4451 1768 4505 aquam
1811 4440 2066 4495 sociatur.

2179 1883 2484 1951 aSSUIllpSlL

2250 1974 2301 2029 6.
2343 1972 2411 2026 Et
2432 1973 2556 2028 vidit
2586 1971 2727 2026 Deus
2753 1971 2872 2041 quia
2901 1968 3033 2025 bona
3061 1979 3137 2025 est
3161 1986 3314 2042 aqua.
3343 1967 3449 2033 Non
3476 1967 3686 2023 omnimo-

2178 2067 2260 2121 dis
2302 2065 2705 2135 speciositatem
2743 2077 3010 2131 eamque:
3039 2077 3107 2121 ex
3142 2062 3296 2115 vultu
3322 2060 3470 2113 maris
3502 2057 3689 2123 emicuit,

2176 2160 2374 2223 bonam
2403 2158 2631 2212 Domino
2680 2155 2843 2211 fuisse
2886 2156 3078 2221 visam,
3121 2151 3302 2208 εἰη-ιιιο
3343 2149 3690 2219 signiticatpul-

2183 2251 2487 2307 cliritudine
2533 2256 2821 2314 creaturze;
2872 2247 2970 2304 sed
3017 2244 3273 2301 ineffabili
3311 2243 3568 2314 sapientia,
3603 2253 3691 2308 qua

2186 2350 2311 2398 sunt
2338 2341 2477 2396 facta
2519 2341 2776 2397 intuetur.
2807 2339 2969 2395 Nobis
2996 2337 3141 2392 enim
3164 2334 3691 2409 revera‘voluptuos'um

2185 2440 2268 2503 est
2297 2448 2465 2497 mare,
2510 2446 2630 2486 cum
2674 2429 2851 2484 stabili
2881 2428 3107 2497 cmperit
3145 2426 3512 2495 tranquillitate
3536 2420 3690 2476 cande-

2184 2540 2355 2590 scere,
2379 2532 2469 2579 aut
2491 2538 2610 2578 cum
2632 2522 2842 2577 lenibus
2871 2530 3176 2590 asperatum
3208 2518 3400 2582 flabris,
3423 2527 3692 2585 purpureum

2179 2616 2417 2671 colorem
2444 2612 2786 2668 cernentibus
2819 2622 2843 2660 8
2873 2618 3136 2675 ostentat;
3169 2617 3227 2664 et
3259 2606 3462 2688 quando
3487 2619 3576 2658 non
3603 2602 3691 2654 vio-

2179 2706 2339 2767 lentis
2365 2706 2604 2765 tellurem
2636 2703 2884 2757 verberat
2913 2700 3178 2762 ﬂuctihus,
3212 2700 3306 2754 sed
3348 2697 3483 2752 velut
3508 2690 3693 2765 pacificis

2179 2814 2298 2859 eam
2341 2795 2708 2866 complexibus
2754 2793 3048 2855 osculatur.
3092 2790 3471 2845 Verumtamen
3511 2800 3599 2838 non
3637 2782 3693 2833 ita

2179 2873 2293 2953 Deo.
2330 2887 2498 2942 videri
2542 2888 2743 2941 bonum
2783 2899 2930 2939 mare
2969 2881 3305 2951 Scripturam
3336 2879 3518 2934 dixisse
3542 2885 3695 2945 putan-

2178 2978 2305 3047 dum
2332 2988 2445 3043 est;
2493 2977 2564 3032 ibi
2603 2977 2743 3031 enim
2775 2974 2984 3042 bonum,
3015 2988 3120 3027 non
3151 2980 3392 3042 aspectu,
3415 2969 3498 3025 sed
3524 2966 3695 3020 factum

2178 3071 2389 3125 ratione
2418 3076 2687 3124 censetur.
2719 3060 2898 3120 Primo
2925 3067 3045 3135 quia
3079 3062 3198 3119 fons
3226 3062 3437 3131 quidam
3459 3056 3601 3113 totius
3621 3054 3696 3106 liu-

2175 3251 2421 3308 dill‘usum
2448 3250 2620 3317 venis,
2652 3249 2793 3311 sicut
2833 3245 3136 3316 approbant
3173 3257 3399 3312 scrupea
3435 3237 3697 3303 defossaque

2173 3324 2312 3411 loca,
2333 3358 2431 3413 per
2455 3356 2571 3411 qua:
2600 3352 2910 3405 commeans
2938 3352 3075 3405 aqua
3106 3335 3317 3389 marina
3342 3348 3456 3388 cum
3484 3326 3696 3396 aliquibus

2173 3414 2472 3504 montuosis
2500 3428 2789 3487 obstaculis
2808 3427 3077 3483 retardata
3102 3424 3285 3491 fuerit,
3312 3422 3523 3494 impulsa
3547 3416 3697 3488 spiritu

2174 3516 2281 3607 quo
2309 3535 2530 3595 urgetur
2560 3522 2827 3595 perruptis
2867 3520 3110 3576 obicibus
3150 3517 3403 3595 procedit
3442 3514 3502 3569 ad
3545 3513 3694 3607 lucem.

2173 3600 2425 3692 potabilis
2465 3616 2575 3686 jam
2622 3614 2835 3680 effecta,
2869 3610 2895 3648 ιι
2926 3627 3025 3683 per
3052 3609 3458 3679 defecationcm,
3488 3600 3695 3659 amaritu-

2174 3712 2300 3767 dine
2329 3707 2571 3780 deposita
2602 3705 2857 3771 naturali;
2890 3704 3125 3773 itemque
3155 3698 3413 3754 fervidam
3438 3694 3699 3771 qualitatem

2174 3804 2381 3873 recipit,
2425 3784 2547 3858 eum
2590 3814 2687 3870 per
2724 3806 2869 3852 certa
2899 3790 3143 3866 quaedam
3173 3792 3390 3859 metalla
3415 3781 3698 3873 transcurrit.

2175 3906 2230 3953 et
2261 3872 2319 3950 fit
2345 3909 2454 3956 non
2483 3891 2658 3951 solum
2695 3887 2888 3955 calida,
2919 3885 3021 3959 sed,
3059 3892 3115 3938 et
3152 3882 3370 3953 ardens.
3410 3875 3551 3944 Quod
3574 3872 3700 3959 etiarn

2175 3988 2231 4042 in
2264 3976 2454 4045 insulis
2482 3979 2726 4053 plurimis
2763 3985 2820 4034 et
2847 3975 2900 4030 in
2921 3956 3146 4033 diversis
3166 3970 3438 4026 littoribus
3464 3956 3699 4019 maritimis

2174 4077 2493 4139 invenimus,
2521 4070 2784 4143 siquidem
2805 4076 2859 4133 et
2891 4067 2943 4121 in
2975 4062 3382 4135 mediterraneis
3408 4061 3476 4113 ita
3506 4053 3602 4109 ﬁeri
3632 4063 3704 4104 re-

2173 4168 2419 4240 gionibus
2440 4171 2674 4222 constat.
2698 4159 2805 4238 cur
2827 4168 3006 4215 autem
3031 4157 3136 4212 hoc
3163 4151 3488 4211 dixerimus?
3515 4155 3566 4202 ut
3589 4154 3704 4197 asse-

2173 4238 2350 4317 rerem
2391 4258 2519 4328 quia
2564 4255 2721 4310 tellus
2763 4250 2938 4308 omnis
2973 4265 3070 4321 per
3110 4245 3320 4301 abditas
3360 4238 3706 4302 invisibilesque

2173 4368 2359 4416 venas,
2391 4351 2545 4421 aquis
2574 4356 2657 4402 est
2685 4344 2890 4416 repleta
2915 4341 3258 4398 manantibus
3285 4352 3403 4409 quae
3440 4333 3635 4389 trahunt
3654 4340 3705 4379 ex

2176 4447 2308 4505 mari
2337 4442 2678 4517 principium.

2248 4539 2301 4594 7.
2332 4538 2539 4593 Bonum
2568 4534 2729 4589 etiam
2761 4545 2911 4585 mare.
2935 4527 3048 4583 Deo
3073 4525 3250 4581 visum
3296 4530 3398 4589 est,
3443 4527 3495 4574 et
3527 4518 3707 4587 proptet

2195 4633 2207 4641 ·
2580 4640 2589 4641 κ
2619 4639 2647 4641 η
2698 4639 2723 4641 --
2744 4621 2905 4641 μ-ρε-
2952 4620 3001 4641 2-
3045 4615 3307 4641 ..-λι-...ΛΑ
3366 4623 3609 4641 unum...“
3666 4609 3708 4641 ,ί

2176 4447 2308 4505 mari
2337 4442 2678 4517 principium.

489 4522 699 4579 Etenim
723 4524 899 4579 media
935 4524 1128 4580 horum
1154 4539 1292 4594 aqua
1322 4527 1516 4595 posita,
1550 4534 1804 4595 tanquam
1846 4528 2070 4586 duarum
2102 4529 2152 4589 Ι)
2248 4539 2301 4594 7.
2332 4538 2539 4593 Bonum
2568 4534 2729 4589 etiam
2761 4545 2911 4585 mare.
2935 4527 3048 4583 Deo
3073 4525 3250 4581 visum
3296 4530 3398 4589 est,
3443 4527 3495 4574 et
3527 4518 3707 4587 pI‘OP‘e’

489 4618 830 4696 porrectione
868 4632 1143 4682 manuum,
1179 4618 1393 4686 gemina
1420 4618 1524 4674 illis
1553 4619 1811 4689 qualitate
1840 4623 2069 4693 conjun-

563 4764 587 4793 ι
612 4754 779 4837 βὰἰιὶ,
825 4763 1010 4809 coeant
1034 4757 1221 4811 maria.
1255 4755 1323 4810 At
1352 4759 1518 4813 nostri
1540 4766 1649 4813 tres
1685 4774 1834 4827 mss.,
1868 4770 2064 4822 vocavit

490 4841 574 4877 ma
580 4842 657 4879 για
663 4865 676 4878 .
1187 4849 1191 4853 ’

508 4952 515 4961 ,
563 4894 587 4931 b
618 4893 777 4959 Editi,
802 4913 911 4977 per
937 4899 1342 4977 qgam_cwteris.
1383 4897 1602 4969 Antiqui
1644 4899 1748 4977 duo
1788 4902 1923 4972 libri,
1964 4892 2062 4977 per

490 4979 645 5038 quam
664 4980 696 5017 a
722 4965 1158 5038 cwteris.’S'tati_m
1182 4965 1336 5035 editi,
1360 4984 1491 5038 aqua
1519 4965 1667 5024 Suam
1690 4974 1787 5025 vim
1810 4965 2055 5031 retinens.

490 5035 675 5110 Codex
705 5043 889 5110 noster
915 5043 970 5110 et
995 5035 1148 5091 Colb.
1181 5035 1475 5110 secundus,
1484 5056 1630 5110 aqua
1658 5058 1806 5096 suam
1834 5046 2059 5101 retinens

524 5104 809 5175 uatitatem.
840 5103 899 5160 In
926 5104 1132 5172 Graeco,
1162 5110 1429 5166 ποιότητα.
1457 5103 1656 5164 [bidem
1685 5110 1837 5167 Colb.
1867 5129 2060 5170 secun-

487 5173 607 5251 dus,
640 5173 995 5251 demonstrata
1021 5185 1116 5251 est.
1149 5177 1258 5232 Nec
1284 5176 1359 5231 ita
1396 5179 1565 5247 multo
1610 5190 1736 5251 post
1780 5183 1922 5239 idem
1969 5202 2063 5241 co-

486 5244 894 5317 dex,_rationem
913 5262 1014 5317 qua
1041 5248 1232 5317 dictum
1258 5257 1352 5301 est.

508 5379 517 5391 .
564 5328 583 5394 εξ
617 5313 786 5387 Ειίὶίὶί
808 5313 977 5394 illaesa
1005 5315 1322 5394 sunt..Colb.
1362 5316 1879 5394 secundustillapsa.
1909 5338 2059 5390 sunt;

487 5382 543 5460 et
570 5387 643 5440 ita
678 5382 893 5457 quoque
924 5382 1199 5460 leg_itur_in
1229 5388 1397 5442 veteri
1426 5397 1613 5444 nostro
1632 5382 1802 5460 'libro',
1851 5382 2063 5456 sedse;

498 5454 609 5517 lum
635 5454 1074 5533 ᾳυέιιιυξεεςυιιιιθ.
1101 5454 1306 5526 Grmce,
1334 5464 1740 5533 zqrarcta'ypévat
1768 5454 1850 5533 νἀὶ
1876 5454 2064 5519 ὑπὸπὶ-

488 5530 682 5607 πλτονέα
708 5537 770 5604 τῇ
796 5528 1042 5607 ᾲίσΰῄτει,
1078 5543 1192 5598 quae
1219 5544 1331 5607 vero
1363 5528 1476 5600 jam
1507 5530 1559 5584 in
1589 5528 1885 5601 corporibus
1915 5535 2060 5607 dige-

487 5597 827 5670 stasgntpet
850 5597 941 5651 sub
969 5597 1149 5670 sensus
1178 5597 1385 5651 cadunt.
1464 5616 1469 5623 ·
1566 5662 1569 5665 _

560 5665 584 5699 ἀ
806 5663 956 5743 (itque
983 5669 1057 5720 ita
1085 5676 1271 5720 natura
1296 5685 1386 5738 per
1415 5671 1531 5738 hate.
1551 5663 1797 5741 potentia.
1837 5672 2056 5743 Antiqui

491 5731 596 5786 duo
620 5735 737 5790 libri
767 5746 820 5791 ut
850 5731 901 5789 in
928 5745 1197 5792 contextu.

2178 4633 2466 4689 decursum
2495 4639 2655 4695 quem
2698 4621 2910 4693 peragit
2952 4620 3006 4673 in
3045 4615 3310 4689 profundo
3366 4623 3628 4672 terrarum,
3666 4609 3709 4657 et

2206 4800 2209 4807 ι
2242 4778 2265 4805 ε
2291 4766 2514 4820 Veteres
2542 4761 2647 4816 duo
2672 4759 2812 4822 libri,
2843 4774 2932 4827 per
2961 4772 3148 4827 aquam
3173 4753 3463 4827 caputatur.

2242 4836 2260 4875 ί
2287 4836 2448 4902 Editi,
2464 4831 2698 4902 currulus
2723 4846 2816 4902 pro
2838 4822 3078 4902 circulus,
3099 4822 3416 4892 negligentia
3440 4824 3707 4902 ape-rarum.

2166 4880 2812 4975 Aiaqaaau'iiasmu
3174 4880 3573 4975 ξοῖτεςηιηηάτει
3598 4880 3709 4975 ξῖτῗῖ

2164 4951 2838 5034 siit-altiagubindevediti,
2877 4982 3048 5021 rerum
3079 4951 3258 5034 etiam.
3297 4961 3365 5034 At
3413 4972 3558 5019 mss.,
3598 4951 3710 5004 unde

2160 5030 2335 5106 etiam.
2367 5042 2561 5097 Ibidem
2593 5039 2745 5095 Cnlb.
2775 5030 3063 5100 secundus,
3095 5030 3426 5106 principales.
3479 5105 3484 5106 ν
3546 5091 3596 5106 m
3862 5030 3863 5043 ‘

2241 5091 2756 5180 vas—tendat.
2806 5105 2877 5160 At
2912 5091 3061 5180 iussi
3087 5091 3213 5180 duo,
3261 5091 3510 5180 ostentui;

2163 5164 2547 5242 editi—ct—Cblb.
2574 5180 2796 5250 primus,
2821 5177 3067 5247 scriptum
3101 5164 3313 5226 dixisse.
3352 5167 3455 5221 Alii
3480 5164 3580 5219 duo
3603 5172 3707 5213 mss.

2161 5258 2477 5326 scripturam
2504 5251 2718 5304 dixisse.
2799 5316 2810 5328 .
3250 5312 3262 5322 .

2240 5325 2264 5363 δ
2299 5322 2436 5387 Editj
2467 5331 2521 5377 et
2546 5320 2697 5374 Coll).
2732 5332 2933 5387 prunus
2961 5332 3057 5387 per,
3081 5314 3435 5387 defegtiqncm.
3461 5300 3605 5387 Culb.

2168 5378 2375 5451 candus
2414 5383 2508 5461 per
2555 5378 2971 5461 ludiﬁcationem
2999 5378 3157 5456 (sic).'
3190 5379 3371 5435 Codex
3414 5378 3712 5461 uestrarupr:

2168 5445 2559 5536 dae—canebam.
2593 5445 2762 5526 Quam
2792 5445 3312 5536 scripturamveratn
3354 5445 3591 5536 quidem"
3608 5446 3709 5536 eis:

2583 5513 2743 5603 pwuto;
2766 5526 2859 5603 sed
2891 5513 2995 5579 non
3024 5526 3097 5603 ita
3121 5513 3387 5603 idoneam;
3414 5513 3612 5603 Melius,

2763 5577 2951 5652 (irasci;
2967 5577 3228 5666 scriptum
3254 5589 3321 5645 sit
3365 5589 3419 5641 ἐκ
3447 5591 3533 5643 τῆς
3564 5577 3708 5635 dudu-

2169 5697 2225 5745 e;
2233 5696 2313 5734 ως.
