3964 6198
245 425 352 488 ἰ)υῦ

1205 420 1604 480 ιιΕιΑΕΜΕῐὶι
1643 411 2121 476 METAPHRASIS
2159 417 2362 472 LIBER
2403 418 2467 472 V.

3393 414 3495 465 910

249 562 274 588 ι
295 541 684 617 receptaculum
709 551 789 597 est
813 530 1090 596 lluviorum
1115 549 1534 608 cunctarumque
1558 555 1816 608 aquarum
1850 546 1892 604 Α
1925 553 2010 592 ma
2043 546 2308 591 terrarum
2351 535 2543 590 incolis
2586 535 2785 602 ignota,
2835 533 3210 604 navigantium.
3239 532 3499 585 relatione

247 653 365 709 qua:
391 638 444 692 in
465 652 522 691 se
553 635 784 702 undique
809 633 1180 696 devolvuntur,
1210 645 1435 685 manens
1463 630 1602 684 intra
1633 631 1818 684 termi-

248 746 348 786 nos
375 743 517 784 suos.
552 727 756 781 Bonum
786 739 1000 795 quoque
1043 723 1114 777 ob
1139 723 1264 788 hoc,
1295 722 1436 790 quod
1467 721 1620 790 aquis
1663 721 1822 775 aeriis

249 819 276 860 δ
302 819 423 875 fons
443 817 662 886 quidam
693 825 748 870 et
775 816 927 882 origo
957 823 1057 868 est.
1091 813 1219 879 Quae
1254 828 1372 867 eum
1404 810 1564 866 fuerit
1590 810 1698 866 fota
1730 827 1822 866 ea-

249 915 364 970 lore
410 914 618 977 solane,
651 911 872 980 deponit
915 911 1193 962 humorem
1221 907 1554 961 subtiliorem
1599 919 1698 976 per
1738 914 1822 959 te-

249 1020 383 1060 nues
403 1017 649 1073 vapores,
673 1002 762 1071 qui
789 1001 942 1054 tracti
966 1000 1016 1052 in
1048 999 1290 1052 altiorem
1318 997 1514 1062 locum,
1544 996 1825 1065 frigidique

251 1094 492 1165 perfecti,
522 1101 723 1162 utpote
747 1093 835 1162 qui
863 1090 1090 1144 nubibus
1119 1089 1525 1151 obumbrantur,
1555 1103 1706 1142 rores
1734 1102 1826 1155 ge—

251 1193 444 1238 nerant
471 1194 632 1250 atque
656 1183 870 1234 imbres.
903 1179 968 1232 Et
996 1180 1120 1234 huic
1146 1179 1228 1232 rei
1258 1178 1432 1232 nullus
1457 1178 1559 1231 erit
1581 1176 1826 1231 incredu-

250 1275 356 1340 lus,
380 1275 424 1329 si
452 1274 518 1328 ad
541 1273 770 1328 cacabos
798 1279 1112 1340 spumantes
1141 1268 1352 1322 fervore
1381 1268 1697 1336 respexerit,
1735 1265 1827 1333 qui

251 1380 377 1422 cum
405 1364 596 1434 repleti
627 1378 763 1432 aqua
794 1360 1012 1425 fuerint,
1053 1361 1172 1427 igne
1200 1359 1479 1428 supposito
1506 1357 1658 1412 vacui
1687 1373 1828 1425 εωρυ

250 1456 546 1512 redduntur
570 1472 583 1520 ;
614 1454 737 1508 licet
764 1453 876 1522 ipsa
908 1466 1122 1520 quoque
1151 1450 1312 1503 maris
1339 1463 1498 1518 aqua,
1520 1447 1649 1501 solis
1669 1447 1828 1501 deco-

250 1549 342 1619 qui
363 1548 545 1609 radiis,
577 1554 633 1600 ut
659 1545 856 1598 nautici
880 1544 1136 1606 referunt,
1169 1539 1483 1594 aliirmetur.
1510 1537 1640 1591 Nam
1665 1553 1828 1606 vapo-

251 1653 340 1692 nes
358 1636 670 1691 exhalantes
689 1633 753 1687 de
781 1633 968 1702 pelago
991 1630 1286 1698 suscipiunt
1314 1641 1333 1667 ο
1365 1628 1646 1698 penicillis,
1669 1634 1829 1696 atque

252 1727 327 1782 ita
355 1727 472 1780 sitis
495 1725 842 1781 consolantur
869 1723 1135 1776 ardorem.
1163 1720 1367 1773 Bonum
1399 1717 1742 1772 nihilominus
1763 1731 1828 1770 eo

253 1819 464 1874 videtur
504 1832 671 1882 mare,
703 1816 828 1884 quia
875 1813 1192 1880 constringit
1240 1809 1460 1876 insulas,
1510 1813 1616 1862 non
1655 1809 1831 1861 minus

1923 631 2223 695 discuntur,
2248 629 2580 696 multumque
2601 629 2813 697 penitus
2833 627 2955 680 vitm
2978 627 3251 681 hominum
3269 640 3503 679 connuo-

1923 719 2106 773 ditatis
2147 734 2213 772 ex
2243 720 2376 772 mari
2411 717 2678 772 tribuitur.
2714 717 2844 772 Nam
2877 733 2937 772 ea
2967 732 3086 786 qure
3117 717 3270 770 nobis
3297 717 3499 770 exube-

1924 817 2066 874 rant,
2097 792 2168 862 in'
2189 809 2320 864 alias
2357 808 2663 878 provincias
2705 809 3058 877 regionesque
3090 806 3499 883 transvehinms,

1924 908 1980 953 et
2003 900 2124 954 inde
2151 915 2337 957 rursus
2363 915 2481 969 quae
2510 901 2684 955 minus
2712 901 2798 954 hic
2827 899 3172 968 suppeditant
3206 906 3500 967 apportan-

1925 1001 2032 1046 tur.
2074 991 2179 1046 Sed
2208 991 2348 1046 unde
2376 993 2504 1046 mihi
2533 993 2786 1062 possibile
2815 993 2918 1046 erit
2945 991 3108 1045 maris
3149 991 3502 1060 pulchritudi-

1926 1097 2049 1136 nem
2089 1081 2392 1150 designare,
2425 1083 2496 1136 ita
2527 1090 2585 1136 ut
2623 1082 2899 1137 Conditori
2931 1082 3102 1136 visum
3130 1082 3247 1136 est?
3275 1080 3426 1148 Quod
3457 1081 3500 1134 si

1928 1185 2076 1231 mare
2103 1176 2302 1230 bonum
2331 1185 2491 1246 atque
2519 1171 2784 1229 laudabile
2813 1183 2896 1228 est
2936 1174 3075 1244 apud
3123 1174 3310 1236 Deum,
3363 1189 3502 1243 quo-

1927 1264 2086 1320 modo
2109 1281 2214 1319 non
2236 1275 2402 1320 coetus
2428 1265 2678 1320 Ecclesiae
2704 1264 2982 1319 catholica:
3007 1261 3501 1334 pulchriorjudice-

1929 1369 2036 1424 tur,
2065 1357 2117 1410 in
2161 1373 2265 1426 qua
2303 1365 2522 1410 astutum
2564 1357 2804 1410 omnium
2846 1370 3175 1424 sexuumque
3204 1354 3502 1418 diversitas,

1927 1449 2148 1502 vocibus
2174 1448 2564 1516 glorificatoriis
2593 1449 2657 1502 ad
2684 1447 2848 1502 Deum
2873 1447 3001 1502 fusis
3031 1447 3257 1501 similem
3287 1448 3507 1502 marinis

1929 1536 2177 1592 ﬂuctibus
2205 1554 2396 1594 sonum
2429 1539 2618 1604 reddit,
2649 1554 2767 1607 qua:
2790 1537 3013 1593 ﬁrmiter
3035 1539 3084 1591 in
3106 1539 3252 1606 pacis
3277 1539 3510 1592 statione

1931 1626 2166 1693 fundata,
2201 1629 2399 1684 nullius
2426 1630 2821 1699 quassationem
2852 1629 3080 1684 turbinis
3108 1637 3372 1682 sustentat
3402 1630 3506 1682 lue-

1929 1721 2122 1775 rctici?
2167 1720 2524 1787 Quamobrem
2576 1720 2814 1790 perlicite
2851 1737 2950 1776 vos
2978 1699 3507 1788 dignos‘remunera-

1932 1811 2078 1864 tione
2120 1811 2344 1874 cmlesti,
2391 1811 2555 1865 decus
2592 1811 2750 1879 hujus
2793 1811 2994 1865 ordinis
3037 1817 3419 1864 conservantes
3458 1809 3508 1861 in

253 1910 334 1963 eis
369 1909 719 1962 munitionem
759 1905 1046 1974 perhibens
1087 1917 1247 1972 quam
1294 1907 1566 1964 ornatum,
1609 1906 1664 1952 et
1701 1898 1825 1965 quia
1857 1904 1902 1963 Β
1929 1899 2142 1954 Christo
2169 1899 2318 1967 Jesu,
2341 1900 2426 1954 cui
2455 1901 2623 1966 gloria
2655 1917 2794 1954 nunc
2815 1909 2869 1954 οι
2897 1915 3127 1970 semper,
3153 1907 3206 1953 οι
3235 1900 3284 1952 in
3315 1899 3509 1953 saecula

252 1999 512 2054 classibus
533 1997 904 2052 invectabilcm
929 2003 1147 2064 praestat
1179 2006 1472 2056 accessum,
1499 1989 1830 2043 divitiarum—

254 2105 360 2160 que
386 2106 575 2146 causas
597 2089 983 2145 mercatoribus
1008 2086 1406 2148 subministrat;
1439 2091 1493 2138 et
1517 2083 1640 2152 quia
1673 2082 1835 2152 pluri-

328 2235 354 2262 ⁸
400 2224 552 2279 Colb.
595 2223 880 2285 secundus,
929 2231 978 2274 et
1024 2223 1416 2291 receptaculum.
1463 2221 1661 2276 Vocula
1699 2229 1749 2273 et
1779 2221 1834 2274 iu

255 2295 418 2351 editis
438 2295 640 2348 deerat.
668 2292 780 2347 lluc
809 2301 907 2357 est,
938 2300 984 2344 et
1009 2301 1280 2360 prepterea
1301 2291 1437 2361 quod
1463 2291 1837 2360 receptaculum

255 2375 358 2472 cui:
581 2432 696 2501 fons
719 2431 939 2501 quidem.
963 2429 1031 2503 At
1058 2445 1208 2503 mss,
1235 2433 1354 2503 fons
1379 2431 1604 2502 quidam.
1639 2428 1834 2503 Statim

254 2503 385 2557 editi
417 2509 471 2554 et
497 2500 602 2554 duo
629 2500 780 2564 mss),
803 2503 931 2570 fota.
975 2500 1127 2554 Colb.
1160 2500 1443 2566 seéundus,
1474 2513 1638 2566 cocta,
1671 2500 1830 2554 male.

255 2571 314 2626 lu
344 2575 549 2632 Graeco,
573 2572 873 2641 θαὶπομένη,
902 2571 1174 2638 calefacta.

266 2711 568 2730 #—

1935 1990 2272 2043 szcculorum.
2306 1989 2490 2043 Amen.

2018 2233 2038 2260 ο
2070 2221 2174 2276 Pro
2204 2221 2461 2291 penicillis
2491 2221 2772 2289 legendum
2805 2235 2933 2291 esse
2972 2223 3219 2291 spongiis,
3263 2221 3512 2275 discimus

1938 2306 2006 2344 ex
2035 2289 2334 2363 exemplari
2356 2289 2683 2363 Graeco,_ubi
2714 2290 2946 2363 legitur,
2975 2289 3214 2363 extr/'10.;
3232 2293 3513 2363 Abnoafzb-

1939 2383 2097 2432 μενοι.
2125 2353 2280 2432 lla-nd
2312 2360 2503 2432 longe
2523 2353 2672 2432 editi:
2714 2353 3048 2432 niltjlominus
3082 2353 3327 2432 Domino.
3359 2353 3512 2415 Colb.

1939 2429 2226 2495 Secundus,
2266 2429 2602 2484 nihilominus
2631 2429 2761 2498 Deo.
2796 2430 2853 2483 ln
2881 2429 3079 2485 Gmcis
3109 2431 3334 2500 legimus
3373 2435 3514 2506 παρά

1939 2509 2066 2555 Θεῶ.

1221 2806 1703 2913 LIBER
1764 2802 2534 2930 QUINTUS.

1329 2968 1447 3043 .De
1474 2965 1657 3026 herba
1694 2983 1797 3025 seu
1826 2965 2019 3044 lignis
2047 2965 2416 3044 disputatio.

333 3099 386 3152 1.
429 3097 496 3151 Et
537 3097 666 3150 dixit
695 3093 833 3148 Deus
883 3111 898 3147 :
943 3091 1203 3147 Cerminel
1233 3102 1373 3145 terra
1405 3090 1612 3144 herbam
1643 3089 1840 3160 pabuli,

1947 3088 2207 3144 fructibus
2235 3088 2514 3156 decorata,
2545 3091 2946 3148 considerantes
2973 3093 3116 3161 quod
3145 3095 3323 3150 herbis
3345 3105 3398 3152 et
3428 3113 3516 3167 pa-

261 3188 524 3243 seminans
561 3201 731 3240 semen
771 3184 1048 3238 secundum
1079 3200 1256 3253 genus,
1297 3192 1344 3235 et
1374 3181 1572 3252 lignum
1611 3183 1841 3251 fructuo-
1871 3190 1915 3250 ο
1947 3181 2088 3234 bulis
2113 3181 2193 3235 sol
2220 3181 2271 3234 in
2303 3180 2574 3235 nascendo
2597 3180 2622 3219 ¹ι
2653 3184 2922 3250 posterior
2946 3192 3045 3237 est.
3080 3185 3216 3254 Quid
3237 3201 3364 3256 ergo
3387 3187 3518 3243 ᾶὶρυ.

261 3295 394 3339 sum,
428 3277 622 3347 faciens
643 3260 864 3346 fructum
893 3273 1167 3326 secundum
1190 3288 1348 3341 genus
1378 3286 1396 3324 :
1423 3287 1568 3340 cujus
1594 3287 1765 3323 semen
1787 3271 1840 3322 in

260 3368 534 3437 semetipso
580 3374 674 3419 est.
705 3363 1109 3431 Consequenter
1148 3363 1327 3430 itaque
1364 3370 1646 3430 postquam
1688 3359 1844 3414 tellus

261 3459 568 3529 respiravit,
599 3458 829 3511 eluctata
855 3455 964 3524 jam
997 3453 1208 3524 pondus
1237 3467 1518 3521 aquarum,
1545 3451 1727 3506 datum
1768 3451 1845 3505 illi

261 3557 592 3619 praeceptum
635 3553 716 3601 est
745 3547 1049 3614 germinare
1082 3544 1227 3613 prius
1253 3543 1496 3610 herbam,
1527 3541 1718 3596 deinde
1745 3556 1843 3611 pa-

261 3640 451 3694 bulum
501 3656 512 3690 :
547 3636 692 3708 quod
716 3637 878 3690 etiam
907 3635 1067 3689 modo
1097 3633 1210 3688 fieri
1241 3633 1506 3689 videmus.
1559 3632 1691 3686 Nam
1741 3648 1846 3686 vox

262 3745 386 3798 qua:
413 3737 539 3783 tunc
561 3727 752 3782 emissa
783 3735 883 3791 est,
917 3734 971 3778 et
997 3725 1168 3794 prima
1197 3724 1285 3778 illa
1311 3723 1600 3793 pneceptio
1634 3733 1658 3759 ιι
1680 3723 1846 3777 veluti

263 3822 348 3876 lex
378 3819 626 3888 qumdam
668 3826 872 3872 natura:
918 3817 1035 3880 fuit,
1067 3823 1122 3870 et
1151 3815 1359 3869 inhaesit
1388 3821 1543 3868 terrae
1575 3833 1586 3867 :
1633 3813 1846 3869 creandi

262 3908 731 3977 fructiﬁcandique
776 3907 877 3960 sibi
918 3907 1201 3974 perhibens
1230 3905 1283 3959 in
1313 3913 1588 3974 posterum
1618 3904 1845 3960 faculta-

265 4010 398 4055 tem.
423 3997 686 4052 Germinet
714 4006 871 4051 terra.
907 3995 1141 4050 Primum
1171 4003 1256 4050 est
1293 3995 1345 4048 in
1375 3997 1720 4064 generatione
1750 4011 1848 4049 na-

267 4091 530 4146 scentium
561 4089 896 4157 germinatio,
924 4087 1116 4142 deinde
1166 4103 1287 4142 cum
1315 4087 1587 4158 paulisper
1614 4103 1849 4144 emerse-

269 4183 354 4245 rit,
379 4181 550 4236 herba
579 4179 657 4246 lit,
685 4187 739 4233 et
765 4195 887 4234 cum
917 4180 1166 4243 creverit,
1190 4179 1442 4248 pabulum
1475 4180 1716 4234 habetur.
1741 4179 1846 4234 Ea-

269 4274 498 4343 demque
528 4272 783 4342 paulatim
813 4271 1111 4339 pubescens
1141 4271 1483 4338 articulatur;
1513 4281 1567 4326 et
1587 4273 1658 4326 ita
1683 4288 1848 4341 usque

270 4364 332 4418 ad
365 4362 736 4431 tempestivam
768 4361 1130 4414 maturitatem
1173 4361 1392 4416 seminis
1413 4362 1687 4416 coalescit.
1716 4362 1848 4416 Nam

275 4457 506 4510 herbosa
535 4453 822 4521 viridisque
869 4453 1076 4522 species
1105 4453 1352 4508 omnibus
1401 4460 1484 4508 est
1529 4454 1846 4509 communis.

1945 3287 2084 3334 mus,
2115 3273 2236 3342 quia
2263 3273 2546 3342 pecoribus
2575 3274 2790 3342 quidem
2817 3275 3078 3330 Conditor
3098 3279 3402 3333 alimoniam
3431 3297 3519 3335 re-

1944 3362 2197 3431 ponebat,
2238 3369 2481 3416 nostrum
2518 3379 2648 3416 vero
2694 3377 2862 3430 genus
2892 3365 3088 3420 nullius
3131 3385 3257 3421 cura
3307 3370 3522 3438 dignum

1945 3451 2270 3521 provisionis
2295 3451 2578 3506 habuerit?
2599 3452 2715 3507 Non
2745 3454 2816 3506 ita
2859 3463 2960 3507 est.
2991 3454 3123 3508 Nam
3150 3457 3238 3525 qui
3269 3458 3442 3513 bubus
3474 3471 3522 3514 ct

1947 3542 2098 3610 equis
2128 3542 2232 3596 tuis
2274 3551 2485 3610 pastum
2515 3545 2850 3613 praeparavit,
2901 3545 3178 3601 uberiores
3218 3550 3400 3618 utique
3433 3552 3524 3604 tibi

1949 3635 2178 3699 divitias,
2209 3641 2261 3689 et
2291 3634 2497 3690 fruendi
2545 3637 2755 3707 copiam
2801 3638 3142 3704 ministravit,
3193 3649 3248 3695 et
3295 3626 3522 3696 subsidia

1948 3735 2054 3780 tum
2075 3727 2196 3780 vita:
2218 3743 2315 3797 per
2333 3727 2544 3782 illorum
2569 3730 2892 3785 nutrimenta
2914 3732 3227 3786 recondidit.
3253 3733 3523 3789 Seminum

1948 3833 2160 3887 quoque
2184 3819 2464 3888 productio
2491 3820 2618 3890 quid
2640 3820 2780 3875 aliud
2801 3823 2962 3878 debet
2992 3824 3212 3894 intelligi
3234 3841 3392 3894 quam
3423 3834 3524 3878 tua:

1947 3909 2357 3976 dispensationis
2400 3911 2716 3966 instructio?
2745 3913 3008 3980 siquidem
3034 3914 3179 3969 olera
3210 3917 3521 3984 radicesque

1947 3999 2242 4070 palmarum
2272 4003 2560 4070 agrestium
2602 4019 2708 4057 non
2755 4005 2823 4058 sit
2862 4004 3080 4059 dubium
3117 4007 3267 4061 cibos
3295 4007 3523 4061 homini-

1949 4090 2049 4144 bus
2078 4090 2402 4145 miuistrare.
2428 4092 2580 4158 Quod
2603 4093 2702 4147 etsi
2728 4105 2748 4131 ε
2775 4101 2857 4147 est
2885 4094 3104 4164 aliquod
3130 4110 3298 4164 genus
3326 4097 3524 4150 herba-

1948 4194 2087 4243 rum,
2112 4179 2319 4242 alicnis,
2355 4195 2460 4234 non
2487 4181 2684 4235 nostris
2711 4181 2893 4236 usibus
2923 4192 3162 4252 aptatum
3187 4202 3199 4250 ;
3247 4193 3424 4239 tamen
3457 4186 3509 4239 id

1951 4267 2125 4337 ipsum
2173 4268 2384 4322 videtur
2431 4278 2618 4325 nostro
2659 4272 3005 4328 nihilominus
3053 4275 3205 4329 lucro
3244 4273 3528 4345 prolicere,

1952 4357 2214 4425 nobisque
2266 4359 2501 4413 omnium
2558 4361 2819 4415 seminum
2871 4363 3223 4419 commoditas
3278 4365 3528 4434 deputata

1954 4449 2230 4502 sentitur:
2263 4458 2318 4503 et
2363 4452 2502 4506 hunc
2530 4466 2649 4506 esse
2689 4453 2935 4521 profecto
2983 4464 3196 4510 constat
3241 4472 3402 4526 super
3447 4457 3529 4510 his

271 4545 536 4598 Carmine!
565 4552 703 4596 terra
733 4542 940 4595 herbam
968 4541 1162 4611 pabuli.
1200 4540 1304 4596 Per
1330 4557 1388 4598 se
1415 4543 1664 4599 videlicet
1693 4544 1850 4598 tellus
1883 4552 1928 4610 ι)
1951 4554 2072 4608 quze
2099 4540 2240 4595 dicta
2281 4549 2405 4596 sunt
2435 4543 2779 4597 intellectum.

229 4684 232 4688 .
272 4637 576 4704 germinare
600 4641 867 4704 prtecepta
890 4641 994 4701 est,
1023 4633 1219 4688 nullius
1247 4635 1490 4702 indigens
1517 4635 1845 4704 adjumeuto.

273 4726 534 4792 Quoniam
563 4711 791 4793 quidam;
810 4725 1097 4794 opinantur
1124 4724 1322 4794 plantis
1350 4741 1414 4780 ac
1444 4727 1735 4782 seminibus
1763 4743 1851 4782 so-

275 4817 375 4870 lem
402 4831 594 4870 causas
622 4822 875 4884 prmstare
903 4815 1198 4880 crescendi,
1224 4815 1350 4870 dum
1372 4832 1434 4871 ea
1464 4831 1586 4886 qua!
1613 4817 1681 4871 de
1711 4825 1851 4871 terra

277 4906 553 4975 pullulant,
577 4905 779 4973 proprii
801 4904 996 4959 caloris
1024 4912 1276 4970 attractu,
1311 4906 1378 4960 ab
1405 4907 1525 4961 imis
1548 4907 1762 4962 sedibus
1784 4907 1852 4961 ad

279 5011 503 5065 superna
535 4994 799 5063 producit,
849 4994 1046 5049 idcirco
1071 4995 1186 5050 sole
1216 4995 1488 5064 antiquior
1512 5006 1742 5053 terrenae
1767 4997 1846 5054 fc-

279 5087 563 5140 cunditatis
601 5094 824 5140 ornatus
851 5086 1088 5152 emicuit,
1110 5098 1168 5140 ut
1191 5089 1407 5144 occasio
1427 5091 1718 5144 venerandi
1760 5106 1852 5146 so-

280 5178 402 5241 lem,
434 5185 492 5230 ut
518 5185 644 5245 pote
675 5182 948 5229 auctorem
977 5178 1330 5244 nascentium,
1353 5178 1436 5234 bis
1464 5181 1554 5248 qui
1585 5181 1639 5233 in
1666 5195 1852 5234 errore

281 5267 435 5335 positi
466 5273 589 5319 sunt
625 5265 945 5327 auferretur,
996 5266 1040 5319 si
1087 5273 1268 5322 tamen
1318 5269 1531 5324 suaderi
1580 5271 1852 5338 potuerint

283 5360 400 5425 quia
428 5359 734 5427 priusquam
762 5357 874 5428 ipse
897 5365 1110 5412 creatus
1139 5366 1240 5426 est,
1272 5368 1390 5414 erat
1423 5360 1534 5429 jam
1567 5371 1708 5416 terra
1742 5365 1852 5418 suis

355 5587 380 5649 ξ
408 5577 621 5649 Antiqui
651 5578 756 5632 duo
786 5578 926 5649 libri,
956 5577 1108 5632 veluti
1134 5577 1236 5632 lex.
1270 5577 1386 5633 Vox
1415 5579 1562 5649 prior
1589 5579 1772 5634 deerat
1800 5580 1851 5633 in

289 5646 528 5717 vulgatis.
553 5648 757 5713 Greece,
788 5648 884 5702 οἷον
911 5651 1078 5717 νόμος.

359 5718 382 5752 υ
417 5715 635 5771 Veteres
683 5719 787 5787 duo
827 5718 944 5770 libri
966 5715 1028 5771 et
1069 5717 1218 5780 editi,
1249 5718 1500 5787 posterius
1532 5728 1623 5772 est.
1679 5719 1848 5783 Alius,

290 5787 536 5840 posterior
561 5796 658 5842 est.
690 5786 810 5840 Mox
839 5788 992 5842 Colb.
1025 5786 1304 5845 secundus.
1333 5790 1594 5858 pecoribus
1628 5789 1849 5860 quidem.

2024 4630 2078 4684 9..
2121 4631 2380 4686 Germinet
2401 4642 2538 4686 terra
2565 4631 2774 4687 herbam
2803 4635 2980 4705 pabuli
2999 4646 3048 4690 et
3073 4653 3245 4691 semen
3271 4642 3528 4693 seminans

1954 4723 2232 4775 secimdum
2254 4739 2430 4793 genus.
2461 4722 2622 4777 Recte
2643 4723 2844 4791 inquit;
2875 4725 2953 4780 sic
2976 4727 3116 4780 enim
3139 4737 3193 4780 ct
3215 4729 3531 4783 narrationis

1957 4821 2348 4880 consequenter
2374 4811 2504 4866 ordo
2533 4813 2818 4878 constabit,
2849 4815 2938 4883 qui
2969 4832 3111 4871 nunc
3138 4817 3236 4872 sibi
3267 4818 3528 4886 quodam-

1956 4901 2117 4955 modo
2146 4901 2380 4955 creditur
2401 4916 2733 4970 repugnare;
2767 4913 2822 4958 et
2853 4907 3143 4961 necessitas
3168 4909 3423 4962 naturalis
3449 4908 3528 4962 di-

1954 4993 2314 5063 Spensationis
2342 4993 2668 5062 implebitur.
2695 4993 2875 5050 Primo
2904 5006 2985 5051 est
3012 4999 3157 5052 enim
3187 5000 3529 5067 germinatio,

1953 5085 2204 5153 deinceps
2249 5083 2434 5148 herba,
2478 5095 2601 5154 post
2637 5086 2741 5141 hoc
2788 5087 2968 5156 pabuli
3021 5090 3324 5152 successio;
3373 5105 3534 5157 quan:

1954 5192 2081 5231 mox
2126 5175 2345 5230 seminis
2401 5174 2658 5244 perfectio
2706 5178 3014 5232 comitatur.
3070 5178 3348 5245 Quomodo
3398 5191 3526 5244 ergo

1955 5277 2144 5324 cuncta
2166 5282 2286 5336 qua:
2309 5265 2598 5322 nascuntur
2626 5283 2656 5322 e
2689 5276 2850 5338 terra,
2883 5271 3169 5325 seminaria
3191 5287 3308 5325 esse
3351 5283 3530 5323 sermo

1955 5360 2212 5426 declarat,
2237 5373 2358 5412 cum
2387 5373 2487 5413 nec
2515 5359 2772 5424 calamus,
2801 5376 2902 5416 nec
2922 5376 3162 5430 gramen,
3190 5376 3286 5415 nec
3329 5366 3528 5422 menta,

1960 5580 2075 5633 Vox
2103 5581 2304 5652 quidem
2331 5579 2398 5652 ab
2431 5579 2588 5652 editis
2622 5580 2825 5635 aberat.
2859 5581 3060 5644 Graece,
3082 5591 3196 5652 τρῖς
3227 5586 3314 5652 μέν
3343 5585 3531 5640 ἔσσχὴ-

1953 5648 2128 5719 μασι-ιζ
2161 5649 2397 5703 Subinde
2440 5648 2590 5702 Colb.
2634 5651 2918 5713 secundus,
2946 5653 3031 5718 qui
3071 5648 3245 5705 bobus.
3280 5653 3382 5707 Alii
3423 5653 3530 5710 duo

1955 5736 2076 5774 mss.
2110 5727 2159 5773 et
2186 5719 2312 5772 editi
2345 5720 2538 5790 bubus;
2573 5720 2626 5773 id
2653 5721 2792 5790 quod
2820 5722 2995 5789 prisce
3019 5720 3314 5776 dicebatur.

2029 5799 2050 5827 ε
2078 5789 2205 5842 Illud
2235 5799 2309 5842 est
2338 5804 2403 5842 ex
2435 5789 2644 5844 duobus
2676 5789 2820 5847 libris
2851 5791 3116 5846 veteribus
3138 5792 3454 5850 addidimus.
