3964 6198
435 321 535 376 911

1895 307 2256 367 EUSTATHII
3148 335 3160 346 '
3572 323 3650 381 9H

441 460 538 499 nec
566 458 774 508 crocus,
807 456 906 496 nec
959 439 1061 493 alia
1101 434 1328 508 plurima
1380 423 1638 490 nascendi
1694 421 2016 502 principium
2049 431 2096 488 Α
2131 439 2230 501 tes,
2253 437 2735 507 gravissimumque
2761 449 3024 497 terrorem
3047 447 3072 480 υ
3092 442 3411 514 supplicibus
3426 443 3656 505 ferentes:

441 526 750 590 sortiuntur.
778 548 843 588 ex
891 528 1136 586 semine?
1167 525 1245 580 Ad
1273 526 1387 580 haec
1429 521 1836 594 respondemus,
1879 517 2026 588 quod

443 634 465 660 ⁸
510 622 754 692 quaedam
801 634 988 675 eorum
1037 632 1157 686 qua:
1203 624 1346 670 terra
1395 612 1664 684 producit,
1723 613 1780 666 in
1845 607 2036 664 radici.

441 717 541 770 bus
577 723 632 770 et
668 716 720 768 in
773 710 938 767 fundo
983 709 1276 766 creduntur
1321 708 1580 762 virtutem
1621 703 1841 759 seminis
1886 700 2030 756 obti-

441 822 592 870 nere,
621 805 756 859 sicut
794 803 1030 858 calamus
1075 807 1199 870 post
1232 799 1560 853 incrementa
1613 794 1874 860 recentia,
1907 807 2032 846 rur-

439 915 532 954 sus
560 899 718 952 aliam
765 896 1006 952 sobolem
1027 894 1094 949 de
1131 892 1310 948 radice
1348 890 1614 946 submittit
1640 887 2034 958 reparationem

415 989 623 1062 _stirpis
671 989 724 1042 in
771 995 1048 1057 posterum
1101 992 1492 1054 porrecturam.
1541 981 1655 1036 iloc
1699 988 1879 1034 autem
1909 977 2034 1032 facit

445 1096 550 1135 non
595 1079 770 1135 solum
814 1079 1072 1145 calamus,
1113 1076 1205 1132 sed
1241 1075 1402 1156 etiam
1445 1073 1548 1128 alia
1588 1072 1754 1139 mille,
1785 1085 1903 1140 qum
1933 1069 2032 1124 sub

444 1173 635 1226 tellure
680 1163 984 1238 nascentia,
1030 1169 1324 1224 redivivam
1360 1167 1566 1237 prolem
1607 1165 1660 1219 in
1708 1161 1892 1218 radice
1935 1177 2033 1218 cu—

444 1266 703 1320 stodiunt.
765 1261 916 1318 Unde
959 1277 1143 1316 verum
1180 1275 1299 1315 esse
1337 1259 1619 1328 probatum
1647 1264 1729 1312 est
1761 1254 1882 1324 quia
1913 1253 2034 1308 uni-

445 1359 636 1426 cuique
683 1355 1038 1421 naseentium,
1086 1361 1180 1408 aut
1220 1367 1404 1407 semen
1459 1351 1694 1420 suppetit
1738 1345 2036 1402 renovandi

444 1447 676 1515 generis,
709 1455 802 1501 aut
831 1447 910 1499 vis
938 1444 1182 1514 qumdam
1211 1441 1498 1498 seminaria
1528 1442 1600 1494 sit
1627 1439 1906 1508 adjuncta.
1957 1434 2024 1488 Et

453 1541 555 1594 hoc
585 1547 668 1592 est
695 1536 838 1606 quod
865 1536 995 1590 dicit
1029 1533 1307 1588 secundum
1338 1548 1518 1604 genus.
1553 1530 1734 1598 Neque
1764 1527 1907 1582 enim
1935 1543 2032 1581 ca-

451 1629 578 1683 lami
617 1627 903 1698 progenies
934 1633 1112 1696 potest
1147 1625 1388 1678 olearum
1427 1621 1612 1675 haberi
1641 1618 1908 1682 creatrix;
1939 1615 2034 1670 sed

418 1736 515 1778 .cx
543 1719 752 1774 calamo
795 1717 1034 1774 calamus
1070 1715 1227 1782 alter,
1269 1729 1365 1784 per
1393 1711 1797 1766 similitudinem
1826 1721 2028 1774 cogna-

2136 529 2526 618 adde’verbera
2552 572 2568 598 ,
2613 531 3038 602 proscriptiones
3057 576 3072 604 ,
3121 535 3391 591 auctiones
3410 577 3426 602 ,
3461 537 3659 606 vincula,

2135 633 2378 686 carceres
2394 659 2410 684 ,
2443 635 2509 674 ex
2537 621 2734 691 quibus
2757 623 3108 680 intolerabilis
3133 625 3452 692 glomeratur
3468 626 3662 685 formido

2134 712 2406 781 subjectis.
2449 711 2586 780 Quid
2615 715 2845 784 postea?
2875 731 2985 771 nox
3008 731 3139 783 una,
3170 724 3226 772 et
3259 714 3420 774 febris
3442 720 3662 787 accessio,

2099 797 2318 858 ‘lateris
2359 804 2533 872 dolor,
2580 805 2956 875 pulmonisque
2997 807 3315 877 suspirium,
3351 807 3588 865 divulsum
3609 826 3664 866 ex

2135 892 2442 948 hominibus
2471 893 2620 949 ducit
2643 894 2918 950 hominem
2938 937 2954 964 ,
2988 894 3007 934 ί
3043 905 3263 966 totaque
3289 897 3402 967 ejus
3426 914 3569 954 scena
3592 916 3662 954 re-

2133 991 2296 1054 pente
2343 985 2632 1055 detegitur,
2662 995 2718 1042 et
2757 987 2844 1042 illa
2888 996 3039 1044 tanta
3066 991 3307 1060 potentia
3332 992 3469 1047 velut
3493 999 3664 1048 transa-

2135 1083 2278 1130 ctum
2315 1077 2582 1132 somnium
2617 1093 2726 1132 non
2755 1079 2986 1134 videtur.
3033 1080 3371 1151 Quapropter
3395 1083 3666 1152 tempestive

2134 1167 2397 1238 pr0pheta
2445 1166 2639 1224 ﬂorum
2669 1169 3062 1238 imbecillitati,
3108 1172 3498 1229 similitudinem
3518 1175 3666 1243 gloria:

2135 1259 2470 1327 comparavit
2497 1261 2762 1316 humanm.

2205 1349 2258 1404 5.
2301 1347 2562 1404 Cmninet
2593 1359 2730 1404 terra
2765 1352 2973 1407 herbam
3000 1353 3207 1424 pabuli,
3250 1356 3502 1410 seminans
3530 1372 3666 1412 semen

2134 1439 2411 1494 secundum
2439 1457 2620 1510 genus.
2688 1441 2867 1510 Usque
2907 1458 3048 1499 nunc
3076 1444 3238 1512 igitur
3262 1446 3445 1514 prima:
3472 1445 3666 1515 disposi-

2135 1531 2267 1586 tioni
2297 1533 2447 1586 testis
2494 1540 2581 1587 est
2632 1531 2766 1588 ordo
2815 1533 3168 1588 nascentium.
3208 1533 3532 1590 Germinatio
3553 1537 3670 1590 enim

2136 1625 2315 1678 omnia
2354 1639 2473 1692 quae
2519 1633 2847 1691 generantur
2872 1627 3184 1694 antevenit,
3225 1634 3285 1682 et
3312 1628 3357 1681 si
3381 1626 3504 1695 quid
3523 1626 3580 1682 de
3601 1643 3671 1681 ra-

2137 1715 2256 1769 dice
2285 1714 2619 1784 prorumpit,
2651 1723 2710 1769 ut
2735 1731 2926 1771 crocus
2965 1724 3021 1770 et
3061 1729 3284 1784 gramen
3304 1759 3320 1784 ,
3351 1718 3490 1786 prius
3517 1717 3674 1784 idger-

451 1811 612 1865 tionis
657 1809 928 1876 exoritur,
978 1814 1038 1861 et
1080 1807 1151 1860 ita
1183 1804 1327 1874 quod
1366 1803 1434 1858 de
1473 1805 1642 1872 prima
1685 1800 2031 1868 generatione
2063 1796 2110 1854 Β
2137 1806 2341 1859 niinure
2373 1821 2594 1860 necesse
2619 1814 2738 1872 est,
2764 1813 2821 1860 et
2848 1814 2970 1876 post
2993 1807 3098 1861 hoc
3124 1806 3306 1862 fenum
3333 1807 3499 1862 viride
3517 1807 3675 1873 videri,

453 1911 594 1956 terra
625 1901 915 1969 produxit,
954 1913 1122 1966 usque
1148 1913 1290 1952 nunc
1325 1894 1657 1966 posteritatis
1694 1893 2033 1948 successione

450 2003 716 2048 servatur;
747 1991 1008 2047 Germinet
1038 1999 1197 2044 terra.
1228 1988 1456 2058 Respice
1480 1987 1749 2057 quomodo
1777 2001 1842 2040 ex
1869 2000 2031 2054 parva

447 2099 615 2152 voce,
659 2093 714 2137 et
742 2081 1102 2152 praeceptione
1141 2080 1458 2135 brevissima
1489 2078 1646 2132 tellus
1670 2075 1840 2144 arida,
1871 2076 2032 2131 steri-

455 2175 626 2245 lisque
655 2181 880 2244 repentc
906 2171 1212 2243 parturiens
1235 2213 1250 2239 ,
1293 2178 1350 2225 et
1377 2169 1444 2224 ad
1473 2168 1638 2223 fctum
1667 2167 2033 2222 fructiticatio-

452 2267 534 2321 nis
577 2265 802 2336 impulsa
832 2306 847 2331 ,
885 2264 1034 2319 velut
1067 2261 1296 2334 quodam
1343 2261 1592 2316 luctuoso
1635 2260 1835 2316 amictu
1863 2258 2032 2328 depo-

451 2357 600 2426 sito,
647 2356 982 2427 sumptisque
1035 2353 1340 2430 lmtioribus.
1377 2352 1740 2417 indumentis,
1786 2359 1842 2406 et
1888 2351 2032 2406 cultu

451 2449 655 2520 proprii
683 2447 896 2502 decoris
921 2447 1197 2502 exsultans
1213 2488 1228 2513 ,
1259 2444 1440 2498 omnia
1464 2458 1582 2513 qua:
1606 2443 1630 2480 ιι
1650 2443 1804 2512 jussu
1827 2442 2036 2498 ecclesti

451 2545 797 2609 conceperat,
820 2536 1148 2592 effundebat.
1178 2535 1350 2605 Cupio
1372 2534 1550 2603 itaque
1581 2532 1634 2586 in
1657 2532 1764 2586 tuis
1791 2530 2035 2588 sensibus

456 2633 617 2687 altius
659 2631 864 2686 hmrere
907 2641 928 2668 ο
978 2639 1239 2684 creaturae
1285 2625 1542 2681 miracula
1567 2620 1589 2678 ε’
1629 2632 1690 2678 ut
1735 2625 2035 2694 ubicunque

451 2731 700 2796 repertus
728 2723 891 2778 t.:eris
923 2729 979 2776 et
1006 2721 1226 2776 cuilibet
1252 2719 1582 2774 nascentium
1607 2716 1790 2786 generi
1818 2723 2034 2786 specta-

454 2823 542 2869 tor
561 2812 816 2880 astiteris,
849 2811 1184 2880 magnilicam
1209 2809 1474 2880 percipias
1499 2809 1808 2863 memoriam
1835 2804 2034 2862 Condi-

449 2905 624 2973 toris,
655 2913 710 2959 et
753 2911 880 2958 ante
917 2903 1098 2958 omnia
1145 2917 1267 2956 cum
1309 2899 1508 2954 videris
1535 2899 1755 2954 herbam
1779 2897 1924 2962 feni,
1949 2898 2040 2954 vel

455 2995 664 3059 liorem,
695 3009 819 3048 mox
847 3001 905 3047 te
945 2991 1012 3046 ad
1054 2992 1300 3046 humanae
1345 2999 1550 3044 natura:
1589 2999 1871 3044 convertas
1899 2989 2033 3042 ima-

455 3085 670 3154 ginem:
704 3082 1020 3138 recordatus
1047 3081 1198 3135 Isaia:
1241 3079 1499 3151 sapientis
1543 3077 1854 3148 exemplar:
1900 3077 2032 3146 Quia

2135 1905 2297 1966 atque
2327 1897 2400 1950 ita
2427 1897 2479 1950 in
2509 1897 2716 1965 frugem
2740 1904 3027 1964 maturam,
3044 1897 3240 1966 stipula
3262 1896 3374 1965 jam
3396 1896 3676 1952 ﬂavescente

2133 1985 2372 2056 perduci.
2418 1983 2677 2040 Carmine!
2707 1993 2847 2040 terra
2875 1985 3082 2039 herbam
3103 1985 3294 2056 pabuli.
3331 1983 3518 2042 Semen
3547 1987 3677 2054 igitur

2135 2091 2253 2130 cum
2283 2075 2540 2130 ceciderit
2566 2076 2619 2129 in
2650 2076 2826 2130 solum
2846 2117 2862 2144 ,
2893 2085 2948 2130 et
2975 2075 3324 2130 mediocriter
3350 2076 3560 2131 humore
3583 2074 3678 2128 fue-

2135 2167 2206 2220 rit
2234 2175 2290 2222 et
2311 2167 2494 2222 calore
2532 2165 2796 2222 mollitum
2815 2207 2830 2232 ,
2869 2182 2994 2222 mox
3023 2167 3227 2236 gremio
3253 2175 3413 2222 terrm
3438 2167 3676 2222 connecti-

2139 2265 2241 2323 tur,
2273 2258 2516 2328 quaedam
2563 2258 2796 2314 subinde
2843 2260 3078 2328 genitiva
3136 2259 3374 2316 fomenta
3423 2260 3679 2329 suscipiens

2133 2355 2190 2402 et
2217 2349 2271 2403 in
2294 2363 2456 2404 venas
2473 2348 2590 2417 ejus
2617 2349 2818 2404 sensim
2845 2349 3072 2404 labendo
3100 2349 3450 2418 demergitur,
3479 2350 3678 2419 sparsis-

2133 2455 2239 2510 que
2284 2441 2658 2496 minutissimis
2687 2439 2834 2496 iibris
2873 2450 3137 2496 tumorem
3166 2442 3479 2511 superjeette
3508 2441 3679 2494 telluris

2135 2535 2404 2588 nascendo
2441 2534 2767 2604 perrumpit,
2795 2533 3184 2602 fundatumque
3213 2532 3331 2602 jam
3368 2532 3590 2596 firmiter,
3612 2531 3680 2584 fa-

2135 2624 2238 2680 cile
2264 2625 2537 2693 consurgit
2561 2631 2642 2680 tot
2667 2639 2892 2680 numero
2921 2639 3132 2679 sursum
3161 2624 3399 2679 calamos
3423 2623 3675 2694 explicans,

2135 2726 2268 2789 quot
2294 2718 2546 2773 deorsum
2587 2717 2793 2773 radices
2821 2716 3146 2772 extenderit.
3187 2717 3367 2788 Atque
3405 2717 3474 2772 ita
3511 2715 3676 2770 teneri-

2137 2809 2267 2863 tudo
2295 2809 2550 2878 germinis
2574 2807 2868 2878 tepefacta,
2901 2807 3144 2877 suhjecto
3170 2823 3400 2878 vapore,
3425 2809 3509 2879 qui
3533 2815 3676 2860 tractu

2135 2902 2332 2956 caloris
2354 2902 2574 2971 illapsus
2603 2909 2685 2956 est
2710 2917 2810 2971 per
2836 2901 3074 2970 radices,
3114 2909 3171 2956 et
3201 2910 3361 2956 terrae
3382 2898 3678 2956 nutrimentis
3739 2924 3752 2950 κ

2136 2995 2456 3051 adhibetur:
2491 3006 2698 3065 partem
2725 2995 2808 3049 sui
2840 2993 3089 3048 diffundit
3120 2995 3172 3047 in
3205 2995 3476 3058 culmum,
3505 3001 3676 3063 partem

2135 3085 2354 3142 duciLin
2375 3086 2652 3152 corticem,
2681 3092 2890 3155 partem
2913 3083 3180 3140 ministrat
3207 3083 3262 3138 in
3292 3097 3474 3152 grana,
3505 3088 3678 3151 partem

456 3177 624 3230 omnis
666 3191 787 3228 caro
829 3183 1070 3245 tanquam
1097 3175 1268 3243 {eitum
1287 3211 1301 3238 ,
1347 3179 1397 3225 et
1435 3171 1602 3225 omnis
1623 3170 1789 3241 gloria
1812 3169 2032 3224 horninis
2062 3165 2106 3226 C
2137 3177 2360 3247 porrigit
2393 3176 2447 3231 in
2491 3177 2705 3231 aristas.
2745 3175 2811 3228 Et
2839 3175 2942 3231 hoc
2974 3175 3135 3230 modo
3161 3183 3185 3223 ε
3208 3175 3551 3231 concretione
3577 3187 3676 3240 per-

459 3279 700 3338 tanquam
739 3265 836 3334 [los
876 3264 980 3336 feni
1016 3261 1178 3334 '(Isai.
1224 3279 1310 3328 XL,
1353 3260 1428 3332 6).
1479 3261 1688 3315 Etenim
1719 3261 1840 3316 vitm
1879 3259 2034 3329 hujus

457 3359 714 3425 brevitas,
741 3367 795 3412 et
824 3357 1097 3412 minimum
1128 3353 1405 3424 gaudium,
1451 3363 1506 3408 et
1533 3368 1696 3424 super
1723 3353 1884 3407 rebus
1913 3368 2038 3422 pro-

458 3450 630 3520 speris
657 3447 946 3502 hilaritudo
973 3445 1280 3502 mortalium
1299 3486 1315 3512 ,
1343 3459 1576 3513 congrue
1603 3460 1821 3514 prorsus
1848 3459 1878 3498 a
1907 3458 2035 3514 pro-

458 3540 620 3611 pheta
662 3546 972 3608 comparata
1012 3543 1112 3592 est.
1154 3535 1378 3591 Videtur
1410 3535 1551 3590 enim
1580 3534 1740 3590 hodie
1772 3535 2038 3606 quispiam

460 3631 716 3687 membris
744 3631 1000 3695 refectus,
1045 3627 1180 3682 facie
1217 3627 1498 3694 robustus,
1546 3633 1705 3680 mtate
1731 3627 2036 3696 primmvu-s,

461 3723 693 3777 fremens
739 3720 984 3786 viribus,
1037 3727 1199 3787 atque
1238 3718 1443 3786 impetu
1488 3733 1594 3770 non
1633 3715 1899 3771 ferendus.
1941 3715 2040 3772 ilic

461 3811 707 3882 sequenti
737 3825 864 3863 mox
892 3808 980 3863 die
1007 3807 1330 3862 miserabilis
1351 3807 1619 3862 invenitur
1642 3849 1658 3873 ,
1685 3807 1810 3862 dum
1833 3813 1926 3861 aut
1951 3823 2038 3862 se-

463 3913 678 3960 ncctute
707 3901 984 3968 frangitur,
1009 3908 1102 3955 aut
1123 3898 1398 3969 languore
1415 3901 1656 3956 tabescit.
1691 3899 1841 3956 Alter
1855 3900 2040 3956 itidem

463 3991 770 4062 spectabilis
807 3991 1058 4058 habetur,
1105 3997 1163 4045 et
1206 3991 1560 4046 maxima-rum
1597 3991 1824 4047 refertus
1852 3993 2044 4062 opibus

467 4081 801 4150 facultatum,
829 4080 990 4136 fultus
1017 4079 1288 4150 obsequiis
1308 4122 1323 4149 ,
1349 4088 1722 4151 susceptorum
1749 4083 2042 4138 amicorum

467 4173 629 4229 etiam
660 4173 1028 4229 simulatorum
1057 4163 1283 4244 stipatus
1313 4175 1560 4229 examine
1579 4217 1592 4243 ,
1625 4189 1726 4229 nec
1750 4190 1856 4230 non
1887 4190 2045 4244 para-

469 4265 694 4320 sitorum
719 4305 734 4332 ,
782 4264 866 4318 vel
897 4264 1138 4343 affinium
1160 4265 1501 4321 adulatorum
1529 4266 1917 4336 circumseptus
1945 4282 2044 4322 ex-

467 4355 640 4410 cubiis
663 4395 677 4420 ,
710 4369 740 4409 a
769 4355 960 4424 qiibus
987 4357 1258 4424 omnibus,
1285 4365 1340 4410 et
1368 4357 1668 4427 procedens
1691 4399 1706 4424 ,
1739 4365 1796 4414 et
1832 4357 2046 4414 rediens

470 4449 722 4504 invidiam
756 4465 878 4505 cum
907 4450 1302 4520 vituperatione
1338 4451 1624 4520 conquirit.
1677 4451 1860 4522 Neque
1901 4455 2043 4508 enim

2137 3269 2273 3324 fet-ta
2301 3311 2316 3337 ,
2348 3269 2606 3338 paulatim
2652 3267 2720 3322 ad
2759 3268 2842 3322 sui
2888 3282 3192 3322 mensuram
3239 3266 3452 3336 singula
3491 3276 3679 3333 quaque

2138 3361 2474 3432 perveniunt.
2517 3359 2656 3429 Ergo
2687 3361 2798 3414 sive
2820 3358 3054 3414 triticum
3079 3359 3268 3426 fuerit,
3301 3360 3416 3414 sive
3437 3357 3680 3423 legumen,

2138 3455 2250 3508 sive
2279 3454 2397 3508 olus
2421 3496 2438 3521 ,
2463 3453 2580 3508 sive
2609 3453 2884 3508 arbustum
2910 3494 2925 3520 ,
2969 3451 3302 3507 suflicienter
3325 3451 3577 3505 instruere
3601 3461 3677 3515 po-

2139 3546 2268 3600 terit
2300 3553 2446 3598 tamn
2488 3558 2704 3598 sensum
2732 3585 2747 3611 ,
2795 3557 2903 3612 quo
2951 3543 3124 3612 possis
3162 3543 3364 3596 intueri
3401 3538 3678 3610 sapientiam

2139 3635 2434 3689 conditoris
2463 3631 2715 3689 artificis:
2749 3632 3020 3703 quomodo
3057 3639 3313 3701 tanquam
3355 3633 3566 3699 genibus
3586 3627 3682 3695 qui-

2141 3724 2361 3778 husiam
2386 3724 2580 3794 stipula
2613 3722 2863 3778 frumenti
2891 3721 3240 3790 succingitur,
3271 3729 3336 3774 ut
3359 3721 3551 3776 crebris
3569 3732 3680 3771 emn-

2141 3817 2366 3885 pagibus
2391 3816 2604 3882 alligata
2621 3857 2636 3882 ,
2669 3813 2876 3868 facilius
2897 3813 3075 3868 valeat
3106 3829 3244 3867 onus
3267 3815 3574 3867 subvectare
3591 3807 3681 3876 spi-

2141 3924 2350 3976 carum,
2371 3923 2490 3962 cum
2511 3907 2852 3976 gravitudine
2883 3905 3207 3961 maturitatis
3228 3904 3438 3960 inllexze
3467 3904 3682 3958 deorsum

2142 3997 2406 4067 cmperint
2459 3995 2722 4052 inclinari.
2791 3995 2860 4049 Et
2925 4003 3212 4066 pr0pterca
3255 3995 3494 4049 calamus
3533 4002 3686 4043 avena:

2144 4094 2291 4142 totus
2339 4102 2536 4141 vacuus
2580 4085 2852 4140 habetur:
2911 4085 3037 4154 quia
3084 4083 3292 4138 nullum
3339 4083 3537 4138 scilicet
3575 4077 3688 4144 gerit

2143 4181 2354 4249 pondus
2375 4179 2428 4232 in
2449 4178 2643 4247 capite.
2671 4175 2926 4230 Triticum
2950 4184 3129 4230 autem
3154 4175 3326 4240 longa:
3351 4174 3504 4226 aliter
3529 4179 3688 4223 natura

2145 4271 2406 4332 munivit,
2437 4269 2590 4338 cujus
2619 4281 2782 4336 grana
2819 4265 3170 4337 providenter
3213 4264 3496 4319 admodum
3525 4255 3692 4313 locavit

2147 4363 2200 4418 in
2229 4361 2418 4428 thecis,
2450 4369 2508 4414 ut
2535 4375 2639 4414 non
2664 4359 2984 4428 diripiantur
3004 4359 3072 4412 ab
3101 4357 3305 4411 avibus.
3354 4356 3418 4410 Et
3451 4354 3630 4409 idcirco
3652 4348 3691 4401 ei

2149 4451 2543 4506 rationabiliter
2585 4449 2779 4504 aristas
2819 4464 2982 4503 causa
3031 4447 3289 4504 custodire
3313 4489 3328 4514 ,
3361 4447 3504 4501 velut
3541 4443 3695 4498 hastas

471 4547 649 4610 potest
693 4539 836 4595 hunc
891 4540 1136 4594 morbum
1177 4539 1452 4596 declinare
1486 4541 1580 4611 qui
1607 4542 1828 4598 eminet.
1894 4543 2046 4600 Adde
2074 4537 2126 4596 D
2150 4543 2416 4614 apposuit,
2439 4557 2664 4610 quarum
2690 4539 2890 4594 aculeis
2911 4539 3148 4593 minores
3161 4538 3350 4592 bestia:
3378 4534 3694 4605 repellantur.

470 4629 669 4684 divitiis
697 4629 905 4686 civilem
932 4644 1146 4699 quoque
1170 4631 1487 4700 potentiam,
1511 4640 1566 4686 et
1592 4631 1824 4689 honores
1841 4633 2047 4692 delatos

471 4734 502 4773 a
529 4720 886 4790 principibus,
931 4721 1168 4789 gentium
1199 4721 1516 4788 regimenta,
1548 4722 1775 4776 militum
1796 4726 2049 4792 magiste-

471 4810 552 4862 ria
577 4851 592 4877 ,
621 4826 896 4880 praicones
925 4812 958 4850 (ι
985 4809 1234 4866 horriﬁca
1265 4828 1398 4867 voce
1429 4822 1782 4882 personantes
1811 4825 1935 4871 ante
1961 4833 2048 4872 se-

473 4902 669 4972 ipsum,
698 4903 1027 4973 fasciumque
1054 4912 1300 4960 vectores
1326 4905 1450 4959 hinc
1478 4912 1534 4958 et
1565 4904 1689 4960 inde
1713 4922 2047 4978 prosequen-

535 5043 570 5106 ξ·
602 5031 780 5106 austri
811 5043 918 5106 tres
945 5051 1096 5106 mss.,
1120 5037 1241 5106 quia
1269 5039 1521 5106 quadam.

545 5100 571 5141 h
611 5101 784 5177 Editi,
820 5105 928 5158 risu
959 5100 1178 5177 caelesti.
1209 5100 1360 5177 Libri
1386 5117 1626 5166 veteres.
1653 5125 1802 5177 Jassu
1829 5112 2042 5166 cales".

547 5183 572 5213 ο
611 5172 810 5228 Vocem
840 5183 1089 5228 creatura:
1121 5175 1420 5231 addidimus
1457 5193 1522 5233 ex
1567 5172 1739 5232 veteri
1771 5190 1954 5234 nostro
1985 5183 2048 5236 li-

475 5244 593 5300 bro.
626 5241 834 5310 Grmce,
867 5257 954 5304 tv};
981 5250 1193 5305 κτίσεως
1212 5250 1269 5300 τὸ
1293 5251 1484 5302 θαύυα.

548 5311 574 5352 ἀ
615 5313 786 5380 Editi,
835 5315 1120 5382 honoriﬁca
1165 5331 1299 5370 rore.
1352 5316 1535 5370 Codex
1581 5325 1766 5371 noster
1807 5327 1862 5372 et
1889 5317 2044 5374 Coih.

475 5383 774 5470 secundus,
807 5385 1064 5456 horriﬁca
1126 5401 1260 5440 rore.
1333 5385 1582 5454 Legimus
1606 5389 1746 5458 apud
1774 5387 2042 5454 Basilium,

517 5476 608 5510 ενα
637 5476 831 5510 βοωντα
839 5495 852 5508 ο

477 5457 608 5526 μέγα
637 5455 852 5536 βοῶντα.
1641 5455 1656 5458 ⁷

553 5533 576 5560 ε
615 5523 788 5606 latini.
827 5523 1148 5606 simplicibus
1180 5527 1414 5606 parentes.
1455 5525 1524 5606 _At
1563 5530 1730 5606 nostri
1760 5539 1866 5606 tres
1895 5544 2049 5595 mss.,

481 5594 788 5664 supplicibus
818 5597 1064 5664 ferentes;
1095 5604 1150 5648 et
1179 5594 1249 5649 ita
1279 5597 1554 5664 scripsisse
1597 5597 1929 5650 Eustathium
1960 5615 2049 5651 ar-

484 5662 672 5733 bitror,
703 5662 827 5729 qui,
847 5672 904 5717 ut
930 5665 1052 5718 alibi
1083 5665 1295 5731 passim,
1331 5662 1401 5718 ita
1426 5665 1512 5719 hic
1535 5682 1746 5733 quoque
1771 5669 1873 5720 vim
1897 5669 2044 5722 verbi

483 5727 653 5786 GI'IBCI
686 5727 825 5784 male
853 5727 1134 5801 eXpI-essi't.
1185 5733 1260 5788 ita
1301 5737 1479 5802 potius
1507 5727 1739 5791 scribere
1767 5737 2041 5799 debuerat,

2223 4636 2277 4688 4.
2317 4632 2456 4701 Quid
2497 4632 2709 4702 loquar;
2743 4629 2940 4700 quidve
2989 4630 3246 4684 reticeam
3335 4639 3442 4681 tam
3479 4623 3698 4692 copiosos

2151 4726 2442 4796 respiciens
2471 4723 2754 4776 thesauros
2794 4721 3093 4774 creaturae?
3119 4727 3201 4774 est
3245 4717 3463 4786 quidem
3489 4709 3698 4768 difﬁcilis

2150 4815 2416 4872 assecutio
2443 4811 2746 4876 meliorum,
2766 4807 2864 4863 sed
2881 4807 3088 4877 jactura
3112 4823 3218 4861 non
3241 4803 3535 4861 tolerabilis
3556 4797 3698 4852 omis-

2150 4922 2352 4962 surum.
2397 4901 2656 4955 Germinet
2685 4908 2821 4953 terra
2857 4898 3064 4952 herbam
3101 4896 3296 4968 pabuli.
3349 4895 3471 4950 Mox
3497 4907 3608 4948 cum
3636 4888 3700 4940 vi.

2147 5040 2365 5096 subditis
2403 5041 2619 5103 ferentes
2650 5043 2894 5103 terrorem
2920 5073 2934 5095 ,
2978 5029 3270 5103 cupvapud
3303 5028 3544 5103 Basiliam
3573 5028 3699 5103 legs-

2151 5095 2288 5171 inus,
2312 5095 2419 5167 rei}
2449 5107 2770 5173 ἀρχομένοις.
2804 5101 3000 5173 Ibidem
3027 5095 3181 5173 Colbi
3209 5098 3494 5173 secundus,
3526 5095 3702 5167 gravis-

2149 5169 2449 5248 simamque.
2481 5169 2598 5228 va:
2622 5173 2808 5248 ultima
2837 5171 3024 5226 deerat
3051 5171 3104 5224 in
3135 5169 3382 5248 vulgatis.

2235 5233 2250 5288 1
2293 5233 2442 5302 Grilli.
2470 5243 2760 5302 secundus,
2813 5251 3068 5312 totumque
3107 5241 3215 5312 ejus
3232 5233 3479 5312 iscltema.
3523 5233 3698 5312 ibidem

2155 5320 2294 5374 idem
2325 5316 2491 5372 eoiex
2513 5356 2526 5380 ,
2579 5323 2629 5366 et
2662 5320 2830 5365 tanta.
2878 5305 3077 5365 Vocula
3107 5305 3158 5362 et
3189 5310 3239 5362 in
3269 5309 3422 5362 editis
3449 5305 3699 5360 desidera—

2155 5391 2331 5443 batur.

2227 5469 2250 5504 ε
2293 5455 2429 5510 Editi
2461 5464 2516 5508 et
2543 5453 2649 5508 duo
2678 5467 2803 5506 mss.
2829 5491 2842 5515 ,
2885 5451 3282 5520 congregatione
3313 5447 3563 5518 perfecta,
3591 5455 3699 5520 cor-

2153 5536 2324 5596 rupte.
2376 5525 2528 5580 Coll).
2576 5523 2874 5596 secundus:
2928 5519 3532 5596 concretioneperfecta;
3567 5519 3614 5562 et
3641 5519 3698 5593 ita

2150 5584 2435 5662 legendum
2482 5610 2599 5647 esse
2651 5603 2801 5662 puto.
2853 5588 3099 5662 Legimus
3139 5588 3276 5662 apud
3326 5584 3565 5662 Basiliam
3617 5585 3695 5638 τιῐς

2151 5651 2346 5730 αξξεως
2389 5651 2676 5733 musaea-ra?
2728 5659 2870 5728 quod
2904 5651 3108 5733 'nielins
3150 5651 3218 5711 ita
3264 5651 3691 5724 interpretum”;

2147 5729 2436 5790 accessione
2463 5729 2624 5798 facta,
2655 5733 2881 5798 perfecto
2903 5729 3241 5782 incremento.
