3964 6198
278 335 388 398 913

1265 325 1665 384 HEXAEMERI
1704 321 2182 380 METAPHRASIS
2222 319 2424 377 LIBER
2465 320 2526 377 γ.

3448 309 3510 369 91
3530 313 3565 365 ι’

280 448 545 507 ctualibus
578 453 635 501 et
678 442 977 516 perniciosa
1016 440 1337 513 procedunt,
1375 439 1425 493 id
1450 447 1671 493 esteum
1702 445 1724 472 α
1761 438 1858 490 ιι·ἰ-
1891 441 1937 499 Α
1966 437 2144 506 ceptio
2174 435 2554 491 documentum
2578 440 2782 488 natum:
2802 427 3028 487 lieretad
3048 428 3311 484 rationem
3335 441 3566 496 sequen-

281 542 391 595 tico
418 539 588 594 cicuta
615 574 629 599 ,
680 551 802 591 cum
846 533 1075 604 reliquis
1113 530 1407 587 seminibus
1440 528 1749 582 hclleborns
1769 569 1784 595 ,
1813 535 1867 581 et

281 628 576 695 aconitum,
607 634 660 680 et
683 624 1059 692 mandragora,
1091 631 1146 677 et
1171 620 1454 692 papaveris
1480 634 1692 673 succus.
1714 616 1864 684 Quid

292 720 450 789 τι·εοῖ
496 718 797 788 postposita
845 715 1139 786 gratiarum
1182 713 1397 768 actione
1442 726 1604 781 super
1646 706 1862 763 munifi-

282 811 457 866 centia
482 808 810 875 Conditoris,
836 822 1151 862 accusemus
1178 820 1300 859 eum
1333 804 1398 859 de
1427 804 1709 860 noxiarum
1734 817 1868 871 pro-

282 902 536 957 ductione
558 899 868 955 causarum?
888 898 1136 953 Minime:
1160 895 1561 952 considerantes
1583 894 1772 963 illud,q
1783 893 1867 945 uia

285 1009 393 1048 non
422 993 602 1048 omnia
632 1001 855 1062 propter
883 998 1125 1044 nostrum
1168 987 1305 1042 facta
1329 996 1454 1041 sunt
1476 993 1747 1048 ventrem;
1777 983 1875 1038 sed

292 1088 445 1142 ::obis
473 1086 688 1158 quidem
735 1086 1001 1155 deputatm
1030 1083 1197 1152 dapes
1223 1125 1239 1150 ,
1289 1089 1397 1136 tam
1421 1088 1679 1150 prompta:
1709 1092 1875 1146 quam

285 1186 431 1234 notze
462 1184 606 1233 sunt.
650 1174 1080 1246 Unumquodque
1101 1190 1231 1227 vero
1259 1187 1445 1226 eorum
1474 1185 1593 1240 qua:
1619 1174 1875 1238 generata

289 1278 447 1336 sunt,
495 1268 695 1324 habent
732 1267 1005 1338 propriam
1036 1265 1322 1319 rationem.
1371 1261 1554 1330 Neque
1585 1261 1727 1315 enim
1751 1259 1876 1327 quia

290 1364 489 1419 taurini
534 1360 811 1431 sanguinis
853 1360 1078 1413 haustus
1129 1354 1344 1409 lethifer
1381 1353 1632 1419 habetur,
1679 1351 1878 1406 idcirco

292 1455 492 1509 animal
536 1455 710 1523 ipsum
757 1448 871 1505 fieri
917 1465 1024 1504 non
1072 1446 1354 1517 oportuit,
1396 1453 1489 1499 aut
1528 1444 1742 1514 penitus
1771 1458 1880 1496 non

295 1546 501 1610 videri,
551 1542 703 1613 cujus
748 1541 934 1611 utique
982 1539 1156 1605 labor,
1202 1536 1269 1591 ad
1316 1535 1496 1589 varios
1533 1534 1657 1586 vitm
1684 1541 1881 1586 nostra:

316 1652 424 1693 .sus
451 1633 611 1689 valde
641 1632 978 1688 necessarius
1007 1629 1318 1684 aestimatur.
1354 1624 1463 1680 Sed
1486 1623 1513 1662 δ
1541 1623 1634 1677 tibi
1662 1622 1881 1692 quidem

294 1725 525 1784 sufficiet
569 1723 965 1780 rationabilitas
1012 1719 1284 1775 familiaris
1312 1715 1641 1778 hominibus,
1689 1711 1757 1767 ad
1784 1713 1881 1767 de-

1972 528 2126 583 tium.
2173 528 2459 595 Quomodo
2489 541 2618 597 ergo
2648 526 2940 582 secundum
2966 539 3136 593 genus
3164 522 3365 579 semina
3418 533 3559 578 terra

1971 627 2249 695 producit,
2274 642 2395 681 cum
2421 625 2621 680 fulvum
2649 624 2883 680 triticum
2907 630 3168 687 serentes,
3195 631 3372 679 atrum
3395 619 3417 658 ι¹
3443 621 3560 693 ple-

1970 732 2197 784 rumque
2212 716 2548 783 colligimus?
2573 715 2727 783 Quod
2744 731 2849 771 non
2873 714 3106 786 pertinet
3121 713 3186 769 ad
3202 713 3559 768 mutationem

1956 807 2205 874 generis,
2235 806 2330 861 sed
2358 807 2720 861 inﬁrmitatem
2744 807 3031 876 quamdam
3061 816 3116 862 et
3139 808 3451 874 languorem
3476 821 3563 860 se-

1975 897 2132 951 minis
2165 897 2327 952 fuisse
2360 897 2622 952 dicemus.
2648 897 2833 966 Neque
2853 898 2997 953 enim
3013 896 3172 952 desiit
3193 911 3312 951 esse
3334 895 3565 949 frumen-

1976 996 2089 1045 tum
2110 989 2255 1058 quod
2278 990 2565 1045 adustione
2588 990 2855 1057 nigratum
2879 990 3138 1053 est,sicut
3153 1004 3220 1042 ex
3238 989 3350 1057 ipsa
3374 1003 3566 1056 possu-

1977 1096 2098 1134 mus
2122 1080 2484 1151 appellatione
2515 1094 2863 1148 cognoscere,
2888 1080 3010 1148 quia
3045 1079 3323 1133 nimietate
3354 1078 3566 1145 frigoris

1978 1180 2233 1225 excoctas
2249 1172 2455 1239 species
2472 1213 2486 1235 ,
2514 1173 2565 1225 in
2598 1172 2757 1224 alium
2772 1187 2955 1226 semen
2973 1178 3027 1223 et
3041 1171 3282 1225 colorem
3297 1169 3570 1223 transtulit

1981 1268 2035 1315 et
2063 1276 2337 1330 saporem.
2387 1260 2538 1317 Sicut
2584 1271 2838 1326 econtra,
2876 1262 2922 1316 si
2947 1276 3076 1330 ager
3114 1260 3373 1316 fecundus
3398 1261 3568 1317 exsti-

1982 1352 2141 1418 terit,
2172 1359 2224 1405 et
2247 1351 2369 1406 εαξιὶ
2399 1352 2682 1407 clementia
2711 1353 2953 1422 potiatur
2977 1392 2992 1415 ,
3027 1368 3152 1407 mox
3185 1353 3253 1406 ad
3285 1352 3574 1422 pristinum

1980 1443 2197 1498 schema
2227 1443 2540 1497 revertitur.
2588 1443 2795 1498 Lolium
2820 1460 2950 1498 vero
2980 1452 3032 1498 et
3053 1452 3246 1498 CtL‘lCI‘a
3271 1443 3576 1502 adulterina

1982 1548 2177 1603 genera
2197 1577 2211 1601 ,
2242 1549 2362 1603 qua:
2395 1535 2596 1588 zizania
2633 1536 2772 1591 solet
2814 1550 3121 1605 nuncupare
3154 1534 3460 1604 Scriptura,
3494 1532 3573 1588 vi-

1983 1628 2249 1682 ctualibus
2295 1627 2532 1683 admixta
2576 1629 2882 1696 segetibus,
2919 1645 3028 1683 non
3056 1643 3125 1682 ex
3180 1628 3340 1682 tritici
3385 1643 3573 1682 eorru-

1984 1718 2169 1788 ptione
2196 1721 2514 1788 gignuntur,
2545 1719 2637 1774 sed
2666 1735 2734 1774 ex
2769 1735 2864 1774 sua
2888 1720 3104 1789 propria
3139 1731 3433 1774 nascuntur
3460 1719 3573 1774 ori-

296 1819 545 1878 clinanda
575 1834 693 1889 quae
724 1818 884 1873 noxia
916 1822 1059 1870 sunt.
1102 1810 1311 1866 Etenim
1338 1810 1383 1866 si
1413 1807 1605 1863 ovibus
1626 1813 1681 1860 et
1704 1806 1880 1874 eapris
1916 1818 1956 1874 ιι
1986 1810 2130 1875 gine.
2176 1810 2378 1864 llorum
2423 1810 2788 1866 consideratio
2839 1811 2942 1865 illis
2983 1809 3308 1866 conferenda
3334 1819 3448 1872 est,
3482 1810 3575 1879 qui

297 1927 486 1967 sensus
512 1895 751 1979 suppetit
791 1904 1051 1962 naturalis
1074 1900 1297 1958 cavendi
1326 1897 1622 1964 contraria,
1653 1896 1771 1950 solo
1802 1895 1886 1948 in-

298 2002 515 2056 tellectu
544 1998 970 2055 discernentibus
1004 1993 1275 2061 laesionem
1302 2010 1314 2044 :
1346 1998 1400 2044 tu
1432 1989 1519 2044 cui
1546 1996 1602 2045 et
1624 1985 1891 2043 sermonis

298 2091 528 2147 facultas
574 2097 771 2160 praasto
800 2096 884 2143 est
902 2130 917 2155 ,
945 2094 1001 2141 et
1042 2085 1172 2139 artis
1212 2081 1491 2137 medicinae
1519 2078 1739 2134 solertia
1762 2094 1890 2147 sup-

299 2181 460 2251 petit,
492 2178 726 2235 remedia
751 2176 998 2231 sanitatis
1027 2175 1336 2244 explorans,
1360 2179 1413 2226 et
1434 2185 1615 2224 rerum
1638 2168 1891 2238 frequens

302 2270 658 2341 experientia,
684 2269 945 2323 malorum
962 2267 1116 2322 nobis
1128 2264 1323 2333 effugia
1337 2259 1890 2329 demonstrando,dif—

302 2362 565 2425 tit-ile,dic
592 2362 741 2426 mibi,
756 2361 959 2430 poteris
974 2357 1274 2429 periculosa
1294 2357 1487 2423 vitare,
1510 2369 1737 2423 quorum
1761 2352 1893 2406 nihil

304 2464 387 2509 est
400 2454 572 2508 otiose
587 2453 670 2507 vel
695 2451 952 2505 inutiliter
971 2448 1359 2505 constitutum?
1380 2445 1486 2500 Aut
1508 2445 1652 2501 enim
1682 2447 1893 2514 pastdm

304 2547 611 2600 ministrant
630 2544 791 2599 certis
812 2541 1111 2611 quibusque
1127 2539 1437 2610 pecudibus,
1456 2535 1895 2601 autnobismgro—

303 2639 543 2692 tantibus
571 2636 759 2692 solatia
781 2633 1063 2690 conferunt
1090 2630 1155 2686 ad
1186 2631 1435 2686 salutem.
1485 2628 1618 2682 Nam
1663 2627 1892 2682 cicutam

304 2728 474 2784 S'urni
492 2726 663 2781 solent
687 2726 877 2780 edere:
912 2724 1063 2793 cujus
1092 2736 1359 2777 venenum
1392 2736 1491 2791 pro
1522 2719 1783 2791 qualitate
1812 2716 1894 2772 sui

304 2820 548 2890 corporis
560 2817 811 2871 dicuntur
822 2815 1078 2884 effugere.
1095 2812 1428 2869 Tenuissima
1440 2812 1583 2866 enim
1606 2818 1732 2865 sunt
1745 2807 1894 2878 adja-

304 2911 483 2966 centia
509 2924 696 2964 eorum
718 2907 865 2962 cordi
888 2906 1202 2977 spiramina,
1226 2904 1477 2973 priusque
1499 2902 1602 2960 illis
1627 2900 1807 2956 evenit
1834 2906 1896 2953 ut

306 3000 551 3069 digerant
577 3013 695 3069 quze
724 3003 1097 3068 sumpserunt,
1128 3010 1289 3064 quam
1321 2993 1581 3061 frigiditas
1610 2991 1677 3046 ad
1705 2990 1893 3047 intima

305 3106 493 3147 eorum
517 3090 767 3144 intestina
790 3088 1087 3158 perveniat.
1119 3085 1496 3144 Coturnicibus
1516 3086 1676 3140 etiam
1707 3084 1762 3138 in
1789 3097 1891 3139 usu

1990 1892 2203 1956 Domini
2230 1901 2485 1955 mandata
2513 1898 2861 1967 subvertunt,
2894 1912 2948 1955 et
2974 1918 3085 1955 non
3113 1901 3321 1956 sincere
3350 1902 3575 1957 verbum

1990 1991 2307 2046 monitionis
2364 1993 2672 2062 accipiunt;
2720 1991 2816 2046 sed
2862 1991 3099 2061 maligno
3139 1991 3453 2060 magisterio
3482 1991 3577 2046 de-

1990 2083 2229 2152 pravati,
2267 2082 2471 2137 audent
2502 2098 2561 2138 se
2586 2083 2842 2138 membris
2870 2081 3455 2145 E’eclesitesalubribus
3484 2082 3576 2138 ad-

1991 2174 2238 2239 miscere,
2265 2182 2325 2227 ut
2362 2175 2537 2228 morbi
2563 2174 2644 2228 sui
2676 2174 3061 2229 clandestinam
3092 2174 3387 2244 perniciem
3413 2174 3576 2229 laten-

1992 2272 2076 2320 ter
2105 2267 2372 2321 menlibus
2399 2267 2620 2335 integris
2649 2267 2979 2333 inolescaut;
3014 2268 3138 2322 licet
3168 2266 3426 2328 Dominus
3457 2282 3577 2336 per-

1993 2357 2281 2412 fectionem
2309 2367 2330 2394 ε
2356 2358 2694 2413 credentium
2726 2358 2778 2412 in
2808 2374 2931 2413 eum
2962 2361 3157 2414 merito
3185 2358 3404 2413 seminis
3432 2375 3579 2413 comv

1992 2457 2148 2517 parat
2187 2448 2571 2512 incrementis,
2621 2449 2697 2504 ita
2742 2449 2922 2504 dicens
2962 2468 2974 2502 :
3032 2448 3050 2486 ί
3100 2447 3168 2504 Ut
3212 2450 3361 2503 homo
3404 2449 3574 2501 mittat

1993 2549 2268 2592 sementem
2291 2556 2444 2609 super
2473 2548 2751 2607 terram,_et
2772 2540 2865 2595 ille
2879 2540 3128 2607 dormiat,
3151 2550 3199 2593 et
3224 2548 3402 2609 surgat
3432 2551 3580 2599 nocte

1995 2646 2057 2687 ac
2078 2631 2190 2695 die,
2220 2632 2399 2685 messis
2432 2640 2603 2685 autem
2635 2632 2832 2685 levatur
2861 2633 3137 2696 ct‘crescit,
3160 2632 3270 2701 ipso
3303 2632 3577 2684 nesciente.

1997 2720 2193 2790 Sponte
2221 2724 2358 2779 enim
2405 2732 2541 2776 terra
2590 2724 2886 2796 fructiferat
2927 2740 2944 2777 :
2989 2725 3156 2792 primo
3181 2724 3376 2793 fenum,
3401 2730 3582 2792 postea

1995 2816 2211 2886 spicam.
2254 2812 2518 2869 Germinet
2546 2825 2683 2869 terra
2712 2813 2925 2868 herbam
2950 2813 3142 2885 (Marc.
3170 2829 3244 2880 tv,
3270 2812 3382 2880 26).
3416 2811 3583 2877 Igitur

1996 2907 2049 2961 iu
2080 2907 2403 2963 brevissimo
2452 2906 2711 2976 temporis
2753 2912 3029 2960 momento
3054 2944 3069 2969 ,
3117 2918 3147 2957 a
3191 2902 3582 2970 germinatione

1996 2999 2155 3057 tellus
2205 2998 2504 3068 incipiens,
2555 3006 2617 3052 ut
2665 2998 2837 3066 legem
2884 2994 3157 3051 Creatoris
3186 2993 3454 3063 impleret,
3485 3007 3583 3062 per

1996 3104 2185 3143 omnes
2207 3089 2489 3144 crescendi
2521 3087 2761 3158 profecta
2791 3087 3020 3155 gradus,
3048 3101 3175 3140 mox
3207 3084 3273 3139 ad
3303 3084 3583 3152 maturita-

308 3199 446 3240 esca:
474 3183 702 3237 habetur
725 3180 1035 3235 belleborus
1055 3219 1069 3244 ,
1103 3177 1262 3246 hujus
1289 3178 1435 3231 virus
1459 3174 1775 3246 pestiferum
1805 3188 1890 3243 na-

2000 3191 2111 3243 tem
2142 3198 2261 3252 quae
2298 3183 2660 3237 nascebantur
2687 3183 2887 3238 evexit.
2924 3181 3189 3238 Cerneres
3217 3197 3297 3237 eo'
3317 3189 3583 3252 tempore,

308 3284 442 3327 tunc
470 3288 579 3328 sua:
601 3271 830 3342 quadam
859 3269 1251 3339 temperatione
1275 3267 1545 3331 devitant;
1574 3267 1688 3321 hinc
1713 3274 1894 3319 autem

308 3365 489 3418 omnia
518 3380 616 3419 nos
647 3364 794 3432 ipsos
821 3377 1038 3431 quoque
1058 3361 1251 3431 juvare
1281 3359 1598 3415 creduntur.
1635 3358 1715 3412 Ex
1744 3374 1898 3414 man-

309 3452 535 3521 dragora
573 3452 716 3507 enim
761 3449 1052 3507 somnifera
1102 3450 1456 3507 medicamina
1504 3459 1901 3519 componuntur

309 3557 358 3613 gi
372 3545 636 3602 avissimis
652 3544 1018 3599 membrorum
1041 3541 1321 3601 doloribus
1342 3539 1641 3612 profutura.
1667 3540 1900 3608 Quidam

311 3643 492 3689 autem
521 3651 617 3705 per
643 3636 875 3692 cicutam
924 3633 1357 3691 molestissimam
1392 3632 1646 3687 vescendi
1692 3634 1899 3688 rabiem

310 3723 656 3793 mitigaruut;
687 3725 930 3781 nonnulli
967 3741 1063 3795 per
1098 3724 1432 3780 helleborum
1478 3725 1728 3781 diuturna
1773 3727 1900 3783 vitia

313 3818 558 3886 corporis
585 3819 981 3874 exstinxerunt.
1024 3817 1166 3885 Ergo
1196 3817 1338 3873 unde
1363 3820 1593 3889 putabas
1620 3819 1900 3877 Couditori

311 3907 516 3962 crimen
548 3908 810 3976 objieere,
844 3908 973 3965 inde
1008 3909 1187 3980 potius
1222 3908 1531 3965 referendze-
1552 3911 1654 3967 sibi
1681 3923 1703 3952 ε
1727 3911 1900 3968 laudis

313 4007 603 4066 augmenta
629 4000 862 4066 sortiris.

386 4088 436 4145 5.
481 4089 741 4147 (iet-minet
765 4100 922 4148 terra.
956 4092 1220 4159 Quantam
1250 4093 1413 4162 igitur
1439 4092 1569 4149 dicit
1589 4094 1898 4151 alimoniam

312 4188 507 4252 sponte
536 4183 590 4235 in
616 4181 763 4237 foliis
779 4184 1069 4239 herbarum
1087 4224 1102 4249 ,
1136 4192 1191 4239 et
1219 4183 1495 4239 radicibus
1523 4196 1580 4240 et
1608 4187 1902 4244 seminibus

314 4271 573 4337 inveniri,
602 4272 686 4326 vel
714 4282 973 4342 quantum
1003 4288 1068 4328 ex
1096 4274 1249 4328 cultu
1264 4283 1321 4328 et
1348 4259 1621 4342 diligentia
1643 4275 1899 4347 conferri,

313 4378 620 4431 quanquam
649 4380 757 4418 non
792 4365 1050 4419 continuo
1074 4366 1331 4435 praecepit
1355 4366 1586 4421 fructum
1609 4383 1901 4437 semenque

316 4454 539 4523 produci
564 4494 581 4521 ,
628 4454 725 4510 sed
751 4455 1055 4524 germinare
1079 4456 1226 4526 prius
1250 4458 1466 4525 statuit,
1509 4464 1565 4512 et
1605 4458 1778 4515 virere
1801 4461 1900 4516 tel-

2002 3275 2174 3328 saltus
2227 3289 2416 3328 omnes
2472 3274 2766 3329 herbarum
2821 3274 3094 3329 viriditate
3158 3274 3580 3344 splendescere:

2001 3380 2220 3434 campos
2242 3365 2402 3419 etiam
2429 3365 2654 3432 turgidis
2675 3365 2940 3420 messibus
2960 3374 3272 3431 exornatos,
3297 3367 3584 3436 imaginem

1999 3454 2402 3523 quodammodo
2451 3456 2628 3526 pelagi
2674 3455 2983 3511 fluctuantis
3033 3456 3305 3526 spicarmn
3346 3459 3584 3514 motibus

2000 3546 2261 3601 :emulari.
2304 3544 2473 3602 Omne
2522 3554 2651 3603 tunc
2694 3546 2875 3603 fenum
2918 3556 2975 3602 et
3020 3563 3184 3603 omne
3224 3561 3395 3617 genus
3425 3549 3585 3604 olito-

2000 3638 2174 3703 rium;
2205 3639 2328 3693 etsi
2357 3638 2487 3707 quid
2517 3639 2847 3695 arbustivum
2876 3640 2962 3696 vel
2987 3641 3329 3695 seminarium
3354 3649 3467 3705 est,
3499 3656 3587 3696 co-

2000 3730 2167 3800 piosis
2193 3746 2356 3801 super
2389 3740 2589 3787 terram
2628 3731 2890 3789 fructibus
2927 3733 3221 3789 eminebat.
3273 3732 3426 3788 Nulla
3458 3741 3588 3789 tunc

2000 3832 2120 3880 erat
2162 3825 2470 3895 desperatio
2520 3825 2806 3881 metuenda
2848 3826 3183 3882 seminibus:
3227 3841 3336 3880 non
3374 3826 3586 3894 ignavia

2000 3916 2264 3984 culpanda
2293 3917 2580 3982 cultorum,
2613 3932 2720 3972 non
2745 3928 2770 3966 ε
2798 3932 2984 3972 aerum
3012 3916 3448 3987 intemperantia,
3477 3932 3587 3971 non

2006 4008 2162 4063 ullius
2207 4023 2383 4063 causae
2428 4008 2648 4078 querela
2694 4009 3054 4078 corruptelam
3100 4008 3340 4076 frugibus
3386 4023 3586 4079 appor-

2001 4101 2183 4166 tantis,
2215 4117 2323 4156 non
2353 4100 2749 4164 condemnatio,
2782 4115 2901 4168 quae
2925 4098 3255 4157 fertilitatem
3283 4108 3467 4170 posset
3496 4100 3588 4154 im-

2001 4191 2188 4262 pedire
2215 4201 2503 4249 terrarum.
2544 4190 2740 4247 Postea
2769 4191 2912 4247 enim
2938 4190 3187 4247 delictum
3218 4193 3455 4258 exstitit;
3487 4208 3588 4262 pro

2002 4298 2112 4352 quo
2159 4297 2344 4339 sumus
2387 4281 2626 4348 addicti,
2679 4288 2737 4335 ut
2766 4282 2817 4338 in
2848 4280 3046 4337 sudore
3086 4283 3255 4338 nostri
3287 4282 3465 4337 vultus
3493 4298 3589 4352 pa-

2005 4388 2129 4428 nem
2156 4372 2625 4430 manducaremus.

2076 4463 2129 4522 6.
2168 4463 2315 4519 Inter
2358 4463 2476 4519 hinc
2520 4463 2774 4534 prmccpit
2812 4478 3027 4534 quoque
3068 4468 3267 4536 lignum
3299 4468 3443 4519 nasci
3474 4466 3590 4536 fru-

314 4545 514 4611 lurem.
540 4555 595 4601 et
635 4553 762 4603 tunc
802 4555 1077 4605 maturare
1101 4562 1313 4615 semen,
1358 4556 1419 4602 ut
1444 4548 1615 4619 prima
1646 4549 1734 4604 illa
1766 4566 1901 4621 prae-
1929 4548 1983 4608 D
2006 4564 2240 4617 ctuosum
2288 4556 2486 4627 faciens
2524 4556 2777 4627 fructum;
2817 4556 2962 4626 cujus
3000 4571 3172 4610 semen
3216 4558 3272 4609 in
3317 4556 3484 4625 seipse
3514 4565 3617 4611 est.

391 4712 416 4740 ι
456 4703 592 4759 Editi
614 4746 630 4770 ,
659 4705 794 4777 idem
814 4722 929 4759 cum
957 4707 1144 4761 tritico.
1179 4706 1395 4776 Antiqui
1423 4706 1531 4761 duo
1560 4708 1712 4777 libri,
1744 4709 1801 4763 id
1823 4720 1900 4766 est

315 4791 431 4831 cum
461 4776 648 4850 tritico.
699 4776 987 4850 Aliquanto
1024 4785 1147 4845 post
1185 4777 1311 4831 editi
1337 4818 1352 4838 .
1392 4780 1662 4850 proposita
1699 4783 1900 4850 gratia—

315 4861 431 4917 rum
461 4847 676 4900 actione.
717 4846 787 4899 At
811 4847 979 4900 nostri
1008 4856 1117 4902 tres
1145 4862 1295 4913 mss.,
1326 4846 1633 4917 postposita,
1654 4846 1807 4904 bene.
1842 4849 1900 4906 ln

315 4916 529 4991 Graeco,
559 4919 782 4991 ᾁῖιέντες.
834 4916 1252 4991 Subindeediti,
1283 4916 1549 4991 sednebis
1575 4919 1711 4988 quod
1732 4919 1900 4991 depu-

317 4984 642 5058 tat_aa._Colb.
674 4987 964 5058 secundus,
996 4987 1087 5058 sed
1107 4987 1251 5058 nobis
1273 4987 1474 5058 quidem
1495 4984 1773 5058 deputatte.

388 5056 414 5093 δ
453 5054 613 5129 Editi,
647 5055 901 5129 ubiquod
928 5057 1159 5129 sufﬁciet.
1183 5054 1333 5129 Colb.
1358 5054 1647 5129 secundus,
1676 5058 1764 5112 tibi
1786 5060 1900 5129 qui—

316 5126 433 5178 dem
453 5126 685 5193 sufﬁciet.
729 5124 932 5179 Ibidem
954 5124 1080 5180 editi
1105 5166 1120 5187 ,
1153 5126 1589 5181 ad’declarauda.
1625 5129 1694 5181 At
1723 5124 1893 5185 nostri

318 5204 429 5274 Les
456 5212 580 5248 mss.
602 5235 617 5258 ,
650 5194 1089 5277 ιιίρᾶιξειξηιιηάιιἒ
1108 5197 1437 5277 Basilianunr
1461 5198 1619 5277 illud,
1653 5203 1773 5277 πρὸς
1793 5209 1895 5277 ’τήν

317 5268 534 5344 esteem
576 5273 675 5344 se?
707 5267 961 5338 ὀλεθρίων,
1012 5267 1313 5335 exprimere
1354 5268 1521 5322 voluit
1558 5267 1892 5339 Eustathius,

319 5349 419 5388 nec
447 5342 621 5402 inepte
653 5342 1029 5402 interpretatus
1059 5347 1160 5390 est.

395 5415 415 5441 °
459 5403 592 5456 E-liti
619 5443 631 5467 ,
658 5405 853 5477 plaudis
891 5417 1210 5477 argumenta.
1259 5405 1400 5461 Libri
1438 5414 1678 5475 veteres,
1728 5411 1896 5468 laudis

321 5485 622 5555 augmenta,
657 5474 725 5555 ita
756 5474 1060 5555 postulante
1090 5477 1295 5555 Grmco,
1324 5481 1709 5555 signfies-{trium
1738 5486 1898 5552 εὐχα-

358 5553 536 5604 εστὶας.
587 5544 785 5597 lbnlcm
837 5547 963 5601 editi
989 5588 1005 5614 ,
1056 5556 1104 5599 et
1147 5548 1201 5601 in
1238 5544 1517 5603 radicibus.
1548 5549 1765 5619 Antiqui
1792 5544 1899 5608 duo

320 5565 460 5673 fibri,
487 5624 534 5666 et
558 5614 834 5669 radicibus.

344 5615 460 5677 ibri,
487 5624 534 5666 et
558 5614 834 5669 radicibus.

393 5685 418 5721 d
458 5685 608 5759 ρυιι).
637 5685 917 5759 secundus,
951 5696 1133 5739 tetrum
1159 5688 1471 5759 plerumque.

396 5763 418 5795 ο
462 5754 680 5808 Veteres
725 5755 829 5809 duo
876 5759 996 5812 libri
1037 5766 1090 5813 et
1137 5754 1263 5813 editi
1292 5801 1307 5825 ,
1358 5754 1668 5817 credentium
1710 5767 1905 5820 ntcrite.

2009 4715 2165 4771 Colb.
2211 4715 2516 4781 secundus,
2566 4716 2881 4770 credentium
2922 4717 2976 4770 in
3024 4732 3137 4769 eum
3164 4755 3178 4781 ,
3225 4717 3430 4785 merito,
3480 4728 3609 4779 ctc._

2008 4785 2212 4848 Griece.
2245 4795 2343 4841 τῶν
2372 4791 2442 4846 εἰς
2468 4790 2617 4843 αὐτὸν
2646 4789 3075 4842 πεπιστευκότων.

2086 4856 2103 4894 ί
2146 4855 2287 4909 Editi
2318 4867 2372 4911 et
2401 4857 2552 4912 Colb.
2584 4858 2822 4927 primus,
2852 4867 2909 4910 ut
2937 4858 3097 4915 homo
3119 4858 3308 4916 mittat.
3351 4857 3450 4912 Alii
3480 4857 3589 4915 duo

2005 4941 2173 4991 mss.,
2224 4927 2356 4980 sicut
2393 4928 2544 4985 homo
2582 4929 2772 4985 mittat.
2838 4927 2973 4982 Puto
3019 4935 3199 4989 autem
3252 4927 3586 4982 Eustathinm

2006 4998 2285 5067 scripsisse
2318 5004 2430 5061 aut,
2460 5010 2514 5050 ut
2543 5000 2587 5051 si
2629 5000 2779 5053 homo
2828 4999 3023 5061 mittat,
3057 5007 3167 5063 aut,
3203 4999 3335 5055 sicut
3362 5001 3407 5052 si
3438 4999 3587 5053 Immo

2007 5069 2217 5120 mittat:
2267 5068 2357 5123 sed
2408 5069 2651 5122 voculam
2700 5069 2745 5121 si
2790 5085 2819 5122 a
2862 5069 3096 5124 librariis
3124 5070 3376 5123 omissam
3405 5068 3587 5124 fuisse.

2001 5134 2181 5209 Locus
2209 5146 2291 5191 est
2318 5137 2487 5209 Marci
2512 5154 2595 5209 iv,
2626 5136 2696 5189 26
2721 5155 2733 5189 :
2782 5136 3220 5209 Quemadmodum
3247 5142 3291 5193 si
3320 5141 3469 5193 homo
3491 5141 3587 5209 jac

2002 5208 2106 5260 ciat
2125 5218 2418 5289 sementem.
2472 5206 2637 5263 Paulo
2674 5216 2796 5277 post
2820 5208 2972 5265 Colb.
3004 5214 3299 5275 secundus,
3345 5206 3592 5276 temporis

2002 5289 2190 5345 spatio.

2078 5357 2102 5394 ε
2142 5347 2293 5402 Colb.
2344 5348 2797 5412 secundus,p‘non
2841 5350 2979 5405 aeris
3026 5349 3443 5419 intemperantia.
3486 5349 3589 5404 Alii

2004 5416 2113 5470 duo
2162 5434 2309 5478 mss,
2342 5428 2396 5471 et
2435 5419 2567 5472 editi
2596 5436 2698 5474 non
2735 5437 2912 5474 aerum
2939 5416 3355 5487 intemperantia.
3390 5418 3587 5473 Eusta-

2005 5488 2149 5541 thius
2190 5504 2377 5542 vocem
2422 5487 2663 5546 Gmeam
2699 5494 2860 5565 ἀέρων
2888 5490 3051 5565 paulo
3087 5489 3387 5557 religiosius
3418 5490 3588 5565 inter-

2005 5566 2246 5631 pt'etnt-‘zs
2273 5566 2354 5612 est
2378 5599 2408 5631 ,γ
2428 5575 2561 5631 cum
2598 5577 2717 5617 eam
2748 5560 2938 5631 plurali
2968 5574 3184 5631 quoque
3215 5574 3439 5631 numero
3470 5560 3592 5615 red.

2001 5628 2153 5709 didit,
2174 5644 2369 5681 aerum.
2400 5628 2507 5684 Nec
2550 5630 2621 5685 ita
2650 5627 2815 5687 multo
2849 5627 2998 5686 infra
3025 5627 3177 5684 Colb.
3212 5629 3500 5701 secundus,
3534 5631 3587 5688 in

1997 5716 2049 5749 se
2075 5716 2183 5769 Ipso
2215 5710 2367 5753 esset.
